<!DOCTYPE html>
<meta charset="utf-8" />
<meta name="viewport" content="width=device-width" />

<title>[Gen 3] OU: EhtishamEX vs. Figull400 - Replays - Pok&eacute;mon Showdown!</title>

<meta name="description" content="Watch a replay of a Pok&eacute;mon battle between EhtishamEX and Figull400! Format: [Gen 3] OU; Date: Oct 18, 2024" />
<!--

Hey, you! Looking in the source for the replay log?

You can find them in JSON format, just add `.json` at the end of a replay URL.

https://replay.pokemonshowdown.com/gen7randomdoublesbattle-865046831.json

Or, if you only need the log itself, add `.log` instead:

https://replay.pokemonshowdown.com/gen7randomdoublesbattle-865046831.log

-->

<link rel="stylesheet" href="//pokemonshowdown.com/style/global.css?0.023195364461161105" />
<link rel="stylesheet" href="//play.pokemonshowdown.com/style/font-awesome.css?0.13261647063804238" />
<link rel="stylesheet" href="//play.pokemonshowdown.com/style/battle.css?0.8753245789963631" />
<link rel="stylesheet" href="//play.pokemonshowdown.com/style/utilichart.css?0.8627959624976733" />

<!-- Global site tag (gtag.js) - Google Analytics -->
<script async src="https://www.googletagmanager.com/gtag/js?id=UA-26211653-1"></script>
<script>
  window.dataLayer = window.dataLayer || [];
  function gtag(){dataLayer.push(arguments);}
  gtag('js', new Date());

  gtag('config', 'UA-26211653-1');
</script>
<!-- End Google Analytics -->
<!-- Venatus Ad Manager - Install in <HEAD> of page -->
	<script src="https://hb.vntsm.com/v3/live/ad-manager.min.js" type="text/javascript" data-site-id="642aba63ec9a7b11c3c9c1be" data-mode="scan" async></script>
<!-- / Venatus Ad Manager -->

<style>
	@media (max-width:820px) {
		.battle {
			margin: 0 auto;
		}
		.battle-log {
			margin: 7px auto 0;
			max-width: 640px;
			height: 300px;
			position: static;
		}
	}
	.optgroup {
		display: inline-block;
		line-height: 22px;
		font-size: 10pt;
	}
	.optgroup .button {
		height: 25px;
		padding-top: 0;
		padding-bottom: 0;
	}
	.optgroup button.button {
		padding-left: 12px;
		padding-right: 12px;
	}
	.linklist {
		list-style: none;
		margin: 0.5em 0;
		padding: 0;
	}
	.linklist li {
		padding: 2px 0;
	}
	.sidebar {
		float: left;
		width: 320px;
	}
	.bar-wrapper {
		max-width: 1100px;
		margin: 0 auto;
	}
	.bar-wrapper.has-sidebar {
		max-width: 1430px;
	}
	.mainbar {
		margin: 0;
		padding-right: 1px;
	}
	.mainbar.has-sidebar {
		margin-left: 330px;
	}
	@media (min-width: 1511px) {
		.sidebar {
			width: 400px;
		}
		.bar-wrapper.has-sidebar {
			max-width: 1510px;
		}
		.mainbar.has-sidebar {
			margin-left: 410px;
		}
	}
	.section.first-section {
		margin-top: 9px;
	}
	.blocklink small {
		white-space: normal;
	}
	.button {
		vertical-align: middle;
	}
	.replay-controls {
		padding-top: 10px;
	}
	.replay-controls h1 {
		font-size: 16pt;
		font-weight: normal;
		color: #CCC;
	}
	.pagelink {
		text-align: center;
	}
	.pagelink a {
		width: 150px;
	}
	.textbox, .button {
		font-size: 11pt;
		vertical-align: middle;
	}
	@media (max-width: 450px) {
		.button {
			font-size: 9pt;
		}
	}
</style>

<div>

	<header>
		<div class="nav-wrapper"><ul class="nav">
			<li><a class="button nav-first" href="//pokemonshowdown.com/"><img src="//pokemonshowdown.com/images/pokemonshowdownbeta.png" srcset="//pokemonshowdown.com/images/pokemonshowdownbeta.png 1x, //pokemonshowdown.com/images/pokemonshowdownbeta@2x.png 2x" alt="Pok&eacute;mon Showdown" width="146" height="44" /> Home</a></li>
			<li><a class="button" href="//pokemonshowdown.com/dex/">Pok&eacute;dex</a></li>
			<li><a class="button cur" href="/">Replays</a></li>
			<li><a class="button" href="//pokemonshowdown.com/ladder/">Ladder</a></li>
			<li><a class="button nav-last" href="//pokemonshowdown.com/forums/">Forum</a></li>
			<li><a class="button greenbutton nav-first nav-last" href="//play.pokemonshowdown.com/">Play</a></li>
		</ul></div>
	</header>

	<div class="main" id="main">

		<noscript><section class="section">You need to enable JavaScript to use this page; sorry!</section></noscript>

	</div>

</div>

<script defer nomodule src="//play.pokemonshowdown.com/js/lib/ps-polyfill.js"></script>
<script defer src="//play.pokemonshowdown.com/js/lib/preact.min.js"></script>

<script defer src="//play.pokemonshowdown.com/config/config.js?2bddbc15"></script>
<script defer src="//play.pokemonshowdown.com/js/lib/jquery-1.11.0.min.js"></script>
<script defer src="//play.pokemonshowdown.com/js/lib/html-sanitizer-minified.js"></script>
<script defer src="//play.pokemonshowdown.com/js/battle-sound.js"></script>
<script defer src="//play.pokemonshowdown.com/js/battledata.js?0.7209276989879541"></script>
<script defer src="//play.pokemonshowdown.com/data/pokedex-mini.js?0.6111056340867951"></script>
<script defer src="//play.pokemonshowdown.com/data/pokedex-mini-bw.js?0.3532142036491459"></script>
<script defer src="//play.pokemonshowdown.com/data/graphics.js?0.24223875632456182"></script>
<script defer src="//play.pokemonshowdown.com/data/pokedex.js?0.38839984266356864"></script>
<script defer src="//play.pokemonshowdown.com/data/moves.js?0.21866028504024015"></script>
<script defer src="//play.pokemonshowdown.com/data/abilities.js?0.2005157953846628"></script>
<script defer src="//play.pokemonshowdown.com/data/items.js?0.9894211263848525"></script>
<script defer src="//play.pokemonshowdown.com/data/teambuilder-tables.js?0.6008791140282215"></script>
<script defer src="//play.pokemonshowdown.com/js/battle-tooltips.js?0.7580118955022959"></script>
<script defer src="//play.pokemonshowdown.com/js/battle.js?0.6057722274234274"></script>

<script defer src="js/utils.js?e31f9a17"></script>
<script defer src="js/replays-battle.js?7008c182"></script>

<!-- don't scrape this data! just add .json or .log after the URL!
Full API docs: https://github.com/smogon/pokemon-showdown-client/blob/master/WEB-API.md -->
<script type="text/plain" class="log" id="replaylog-smogtours-gen3ou-799676">
|inactive|Battle timer is ON: inactive players will automatically lose when time's up.
|t:|1729282282
|gametype|singles
|player|p1|EhtishamEX|az|
|player|p2|Figull400|gambler|
|teamsize|p1|6
|teamsize|p2|6
|gen|3
|tier|[Gen 3] OU
|rule|Sleep Clause Mod: Limit one foe put to sleep
|rule|Switch Priority Clause Mod: Faster Pokémon switch first
|rule|Species Clause: Limit one of each Pokémon
|rule|OHKO Clause: OHKO moves are banned
|rule|Evasion Items Clause: Evasion items are banned
|rule|Evasion Moves Clause: Evasion moves are banned
|rule|Endless Battle Clause: Forcing endless battles is banned
|rule|HP Percentage Mod: HP is shown in percentages
|rule|One Boost Passer Clause: Limit one Baton Passer that has a way to boost its stats
|rule|Freeze Clause Mod: Limit one foe frozen
|
|t:|1729282282
|start
|switch|p1a: Pink Dress|Jynx, F, shiny|100/100
|switch|p2a: Zapdos|Zapdos|100/100
|turn|1
|c|☆Figull400|hf
|c|☆EhtishamEX|u2
|
|t:|1729282305
|switch|p2a: Starmie|Starmie|100/100
|move|p1a: Pink Dress|Substitute|p1a: Pink Dress
|-start|p1a: Pink Dress|Substitute
|-damage|p1a: Pink Dress|76/100
|
|-heal|p1a: Pink Dress|82/100|[from] item: Leftovers
|upkeep
|turn|2
|
|t:|1729282308
|move|p2a: Starmie|Thunderbolt|p1a: Pink Dress
|-crit|p1a: Pink Dress
|-end|p1a: Pink Dress|Substitute
|move|p1a: Pink Dress|Lovely Kiss|p2a: Starmie
|-status|p2a: Starmie|slp|[from] move: Lovely Kiss
|
|-heal|p1a: Pink Dress|88/100|[from] item: Leftovers
|upkeep
|turn|3
|
|t:|1729282315
|-curestatus|p2a: Starmie|slp|[from] ability: Natural Cure
|switch|p2a: Blissey|Blissey, F|100/100
|switch|p1a: Gegnar|Gengar, F|100/100
|
|upkeep
|turn|4
|
|t:|1729282318
|move|p1a: Gegnar|Mean Look|p2a: Blissey
|-activate|p2a: Blissey|trapped
|move|p2a: Blissey|Thunder Wave|p1a: Gegnar
|-status|p1a: Gegnar|par
|
|upkeep
|turn|5
|
|t:|1729282323
|move|p2a: Blissey|Ice Beam|p1a: Gegnar
|-damage|p1a: Gegnar|68/100 par
|move|p1a: Gegnar|Perish Song|p1a: Gegnar
|-start|p1a: Gegnar|perish3|[silent]
|-start|p2a: Blissey|perish3|[silent]
|-fieldactivate|move: Perish Song
|
|-heal|p1a: Gegnar|74/100 par|[from] item: Leftovers
|-start|p2a: Blissey|perish3
|-start|p1a: Gegnar|perish3
|upkeep
|turn|6
|
|t:|1729282329
|move|p2a: Blissey|Ice Beam|p1a: Gegnar
|-damage|p1a: Gegnar|42/100 par
|move|p1a: Gegnar|Taunt|p2a: Blissey
|-start|p2a: Blissey|move: Taunt
|
|-heal|p1a: Gegnar|48/100 par|[from] item: Leftovers
|-start|p2a: Blissey|perish2
|-start|p1a: Gegnar|perish2
|upkeep
|turn|7
|
|t:|1729282337
|move|p2a: Blissey|Ice Beam|p1a: Gegnar
|-crit|p1a: Gegnar
|-damage|p1a: Gegnar|0 fnt
|faint|p1a: Gegnar
|c|☆Figull400|mb
|c|☆EhtishamEX|damn
|inactive|EhtishamEX has 270 seconds left.
|
|t:|1729282369
|switch|p1a: Pink Dress|Jynx, F, shiny|88/100
|
|-heal|p1a: Pink Dress|93/100|[from] item: Leftovers
|-end|p2a: Blissey|move: Taunt|[silent]
|-start|p2a: Blissey|perish1
|upkeep
|turn|8
|
|t:|1729282372
|switch|p2a: Starmie|Starmie|100/100
|move|p1a: Pink Dress|Substitute|p1a: Pink Dress
|-start|p1a: Pink Dress|Substitute
|-damage|p1a: Pink Dress|69/100
|
|-heal|p1a: Pink Dress|75/100|[from] item: Leftovers
|upkeep
|turn|9
|
|t:|1729282376
|move|p2a: Starmie|Thunderbolt|p1a: Pink Dress
|-crit|p1a: Pink Dress
|-end|p1a: Pink Dress|Substitute
|move|p1a: Pink Dress|Lovely Kiss|p2a: Starmie
|-status|p2a: Starmie|slp|[from] move: Lovely Kiss
|
|-heal|p1a: Pink Dress|81/100|[from] item: Leftovers
|upkeep
|turn|10
|
|t:|1729282379
|-curestatus|p2a: Starmie|slp|[from] ability: Natural Cure
|switch|p2a: Blissey|Blissey, F|100/100
|move|p1a: Pink Dress|Calm Mind|p1a: Pink Dress
|-boost|p1a: Pink Dress|spa|1
|-boost|p1a: Pink Dress|spd|1
|
|-heal|p1a: Pink Dress|86/100|[from] item: Leftovers
|upkeep
|turn|11
|
|t:|1729282381
|move|p1a: Pink Dress|Lovely Kiss|p2a: Blissey
|-status|p2a: Blissey|slp|[from] move: Lovely Kiss
|cant|p2a: Blissey|slp
|
|-heal|p1a: Pink Dress|92/100|[from] item: Leftovers
|upkeep
|turn|12
|
|t:|1729282387
|-curestatus|p2a: Blissey|slp|[from] ability: Natural Cure
|switch|p2a: Starmie|Starmie|100/100
|move|p1a: Pink Dress|Substitute|p1a: Pink Dress
|-start|p1a: Pink Dress|Substitute
|-damage|p1a: Pink Dress|68/100
|
|-heal|p1a: Pink Dress|74/100|[from] item: Leftovers
|upkeep
|turn|13
|
|t:|1729282389
|move|p2a: Starmie|Thunderbolt|p1a: Pink Dress
|-activate|p1a: Pink Dress|Substitute|[damage]
|move|p1a: Pink Dress|Lovely Kiss|p2a: Starmie
|-status|p2a: Starmie|slp|[from] move: Lovely Kiss
|
|-heal|p1a: Pink Dress|79/100|[from] item: Leftovers
|upkeep
|turn|14
|
|t:|1729282391
|-curestatus|p2a: Starmie|slp|[from] ability: Natural Cure
|switch|p2a: Blissey|Blissey, F|100/100
|move|p1a: Pink Dress|Calm Mind|p1a: Pink Dress
|-boost|p1a: Pink Dress|spa|1
|-boost|p1a: Pink Dress|spd|1
|
|-heal|p1a: Pink Dress|85/100|[from] item: Leftovers
|upkeep
|turn|15
|
|t:|1729282393
|switch|p2a: Skarmory|Skarmory, F|100/100
|move|p1a: Pink Dress|Lovely Kiss|p2a: Skarmory
|-status|p2a: Skarmory|slp|[from] move: Lovely Kiss
|
|-heal|p1a: Pink Dress|91/100|[from] item: Leftovers
|upkeep
|turn|16
|
|t:|1729282396
|switch|p2a: Blissey|Blissey, F|100/100
|move|p1a: Pink Dress|Ice Beam|p2a: Blissey
|-damage|p2a: Blissey|62/100
|
|-heal|p1a: Pink Dress|97/100|[from] item: Leftovers
|-heal|p2a: Blissey|68/100|[from] item: Leftovers
|upkeep
|turn|17
|
|t:|1729282400
|move|p1a: Pink Dress|Ice Beam|p2a: Blissey
|-damage|p2a: Blissey|32/100
|move|p2a: Blissey|Soft-Boiled|p2a: Blissey
|-heal|p2a: Blissey|82/100
|
|-heal|p1a: Pink Dress|100/100|[from] item: Leftovers
|-heal|p2a: Blissey|88/100|[from] item: Leftovers
|upkeep
|turn|18
|
|t:|1729282405
|move|p1a: Pink Dress|Calm Mind|p1a: Pink Dress
|-boost|p1a: Pink Dress|spa|1
|-boost|p1a: Pink Dress|spd|1
|move|p2a: Blissey|Seismic Toss|p1a: Pink Dress
|-end|p1a: Pink Dress|Substitute
|
|-heal|p2a: Blissey|95/100|[from] item: Leftovers
|upkeep
|turn|19
|
|t:|1729282409
|move|p1a: Pink Dress|Substitute|p1a: Pink Dress
|-start|p1a: Pink Dress|Substitute
|-damage|p1a: Pink Dress|76/100
|move|p2a: Blissey|Seismic Toss|p1a: Pink Dress
|-end|p1a: Pink Dress|Substitute
|
|-heal|p1a: Pink Dress|82/100|[from] item: Leftovers
|-heal|p2a: Blissey|100/100|[from] item: Leftovers
|upkeep
|turn|20
|
|t:|1729282411
|move|p1a: Pink Dress|Ice Beam|p2a: Blissey
|-damage|p2a: Blissey|56/100
|move|p2a: Blissey|Seismic Toss|p1a: Pink Dress
|-damage|p1a: Pink Dress|45/100
|
|-heal|p1a: Pink Dress|51/100|[from] item: Leftovers
|-heal|p2a: Blissey|62/100|[from] item: Leftovers
|upkeep
|turn|21
|
|t:|1729282415
|move|p1a: Pink Dress|Substitute|p1a: Pink Dress
|-start|p1a: Pink Dress|Substitute
|-damage|p1a: Pink Dress|26/100
|move|p2a: Blissey|Seismic Toss|p1a: Pink Dress
|-end|p1a: Pink Dress|Substitute
|
|-heal|p1a: Pink Dress|32/100|[from] item: Leftovers
|-heal|p2a: Blissey|68/100|[from] item: Leftovers
|upkeep
|turn|22
|
|t:|1729282417
|move|p1a: Pink Dress|Ice Beam|p2a: Blissey
|-damage|p2a: Blissey|25/100
|move|p2a: Blissey|Seismic Toss|p1a: Pink Dress
|-damage|p1a: Pink Dress|0 fnt
|faint|p1a: Pink Dress
|
|t:|1729282435
|switch|p1a: Fils-Aimé|Regirock, shiny|100/100
|
|-heal|p2a: Blissey|32/100|[from] item: Leftovers
|upkeep
|turn|23
|
|t:|1729282439
|switch|p2a: Swampert|Swampert, M|100/100
|move|p1a: Fils-Aimé|Rock Slide|p2a: Swampert
|-resisted|p2a: Swampert
|-damage|p2a: Swampert|89/100
|
|-heal|p2a: Swampert|95/100|[from] item: Leftovers
|upkeep
|turn|24
|
|t:|1729282445
|switch|p1a: Serebii|Celebi|100/100
|move|p2a: Swampert|Protect||[still]
|-fail|p2a: Swampert
|
|-heal|p2a: Swampert|100/100|[from] item: Leftovers
|upkeep
|turn|25
|
|t:|1729282450
|switch|p2a: Blissey|Blissey, F|32/100
|move|p1a: Serebii|Calm Mind|p1a: Serebii
|-boost|p1a: Serebii|spa|1
|-boost|p1a: Serebii|spd|1
|
|-heal|p2a: Blissey|38/100|[from] item: Leftovers
|upkeep
|turn|26
|
|t:|1729282459
|move|p1a: Serebii|Calm Mind|p1a: Serebii
|-boost|p1a: Serebii|spa|1
|-boost|p1a: Serebii|spd|1
|move|p2a: Blissey|Soft-Boiled|p2a: Blissey
|-heal|p2a: Blissey|88/100
|
|-heal|p2a: Blissey|94/100|[from] item: Leftovers
|upkeep
|turn|27
|
|t:|1729282462
|switch|p2a: Zapdos|Zapdos|100/100
|move|p1a: Serebii|Calm Mind|p1a: Serebii
|-boost|p1a: Serebii|spa|1
|-boost|p1a: Serebii|spd|1
|
|upkeep
|turn|28
|
|t:|1729282465
|move|p1a: Serebii|Giga Drain|p2a: Zapdos
|-resisted|p2a: Zapdos
|-damage|p2a: Zapdos|72/100
|move|p2a: Zapdos|Roar|p1a: Serebii
|drag|p1a: Fils-Aimé|Regirock, shiny|100/100
|
|-heal|p2a: Zapdos|78/100|[from] item: Leftovers
|upkeep
|turn|29
|
|t:|1729282469
|-singleturn|p1a: Fils-Aimé|move: Focus Punch
|switch|p2a: Starmie|Starmie|100/100
|move|p1a: Fils-Aimé|Focus Punch|p2a: Starmie
|-resisted|p2a: Starmie
|-damage|p2a: Starmie|63/100
|
|-heal|p2a: Starmie|69/100|[from] item: Leftovers
|upkeep
|turn|30
|
|t:|1729282474
|switch|p1a: Serebii|Celebi|100/100
|move|p2a: Starmie|Hydro Pump|p1a: Serebii
|-resisted|p1a: Serebii
|-damage|p1a: Serebii|78/100
|
|-heal|p2a: Starmie|75/100|[from] item: Leftovers
|-heal|p1a: Serebii|85/100|[from] item: Leftovers
|upkeep
|turn|31
|
|t:|1729282480
|switch|p2a: Zapdos|Zapdos|78/100
|move|p1a: Serebii|Baton Pass|p1a: Serebii
|
|t:|1729282483
|switch|p1a: Fils-Aimé|Regirock, shiny|100/100|[from] Baton Pass
|
|-heal|p2a: Zapdos|85/100|[from] item: Leftovers
|upkeep
|turn|32
|
|t:|1729282485
|-singleturn|p1a: Fils-Aimé|move: Focus Punch
|switch|p2a: Swampert|Swampert, M|100/100
|move|p1a: Fils-Aimé|Focus Punch|p2a: Swampert
|-damage|p2a: Swampert|68/100
|
|-heal|p2a: Swampert|74/100|[from] item: Leftovers
|upkeep
|turn|33
|
|t:|1729282489
|move|p2a: Swampert|Toxic|p1a: Fils-Aimé|[miss]
|-miss|p2a: Swampert|p1a: Fils-Aimé
|move|p1a: Fils-Aimé|Explosion|p2a: Swampert
|-damage|p2a: Swampert|0 fnt
|faint|p1a: Fils-Aimé
|faint|p2a: Swampert
|
|t:|1729282492
|switch|p2a: Heracross|Heracross, F|100/100
|switch|p1a: Serebii|Celebi|85/100
|
|-heal|p1a: Serebii|91/100|[from] item: Leftovers
|upkeep
|turn|34
|
|t:|1729282517
|move|p2a: Heracross|Megahorn|p1a: Serebii
|-supereffective|p1a: Serebii
|-damage|p1a: Serebii|0 fnt
|faint|p1a: Serebii
|
|t:|1729282519
|switch|p1a: Megagross|Metagross|100/100
|
|upkeep
|turn|35
|
|t:|1729282525
|move|p2a: Heracross|Megahorn|p1a: Megagross
|-damage|p1a: Megagross|49/100
|move|p1a: Megagross|Meteor Mash|p2a: Heracross|[miss]
|-miss|p1a: Megagross|p2a: Heracross
|
|upkeep
|turn|36
|
|t:|1729282528
|move|p2a: Heracross|Megahorn|p1a: Megagross
|-damage|p1a: Megagross|0 fnt
|faint|p1a: Megagross
|
|t:|1729282530
|switch|p1a: Peacemaker|Suicune|100/100
|
|upkeep
|turn|37
|
|t:|1729282532
|switch|p2a: Zapdos|Zapdos|85/100
|move|p1a: Peacemaker|Calm Mind|p1a: Peacemaker
|-boost|p1a: Peacemaker|spa|1
|-boost|p1a: Peacemaker|spd|1
|
|-heal|p2a: Zapdos|91/100|[from] item: Leftovers
|upkeep
|turn|38
|
|t:|1729282535
|move|p2a: Zapdos|Thunderbolt|p1a: Peacemaker
|-supereffective|p1a: Peacemaker
|-damage|p1a: Peacemaker|42/100
|move|p1a: Peacemaker|Surf|p2a: Zapdos
|-damage|p2a: Zapdos|13/100
|
|-heal|p2a: Zapdos|19/100|[from] item: Leftovers
|-heal|p1a: Peacemaker|48/100|[from] item: Leftovers
|upkeep
|turn|39
|
|t:|1729282539
|move|p2a: Zapdos|Thunderbolt|p1a: Peacemaker
|-supereffective|p1a: Peacemaker
|-damage|p1a: Peacemaker|0 fnt
|faint|p1a: Peacemaker
|
|win|Figull400
|c|☆EhtishamEX|ggwp
|c|☆Figull400|gg, sorry for the crit on gar

</script>
<script type="application/json" class="data" id="replaydata-smogtours-gen3ou-799676">
{"id":"smogtours-gen3ou-799676","format":"[Gen 3] OU","players":["EhtishamEX","Figull400"],"uploadtime":1729282539,"views":106,"formatid":"gen3ou","rating":null,"private":0,"password":null}
</script>

<script defer src="js/replays.js?9d40a366"></script>
