<!DOCTYPE html>
<meta charset="utf-8" />
<meta name="viewport" content="width=device-width" />

<title>[Gen 3] OU: GreenCatKid vs. thestonewallsmith - Replays - Pok&eacute;mon Showdown!</title>

<meta name="description" content="Watch a replay of a Pok&eacute;mon battle between GreenCatKid and thestonewallsmith! Format: [Gen 3] OU; Date: Oct 22, 2024" />
<!--

Hey, you! Looking in the source for the replay log?

You can find them in JSON format, just add `.json` at the end of a replay URL.

https://replay.pokemonshowdown.com/gen7randomdoublesbattle-865046831.json

Or, if you only need the log itself, add `.log` instead:

https://replay.pokemonshowdown.com/gen7randomdoublesbattle-865046831.log

-->

<link rel="stylesheet" href="//pokemonshowdown.com/style/global.css?0.023195364461161105" />
<link rel="stylesheet" href="//play.pokemonshowdown.com/style/font-awesome.css?0.13261647063804238" />
<link rel="stylesheet" href="//play.pokemonshowdown.com/style/battle.css?0.8753245789963631" />
<link rel="stylesheet" href="//play.pokemonshowdown.com/style/utilichart.css?0.8627959624976733" />

<!-- Global site tag (gtag.js) - Google Analytics -->
<script async src="https://www.googletagmanager.com/gtag/js?id=UA-26211653-1"></script>
<script>
  window.dataLayer = window.dataLayer || [];
  function gtag(){dataLayer.push(arguments);}
  gtag('js', new Date());

  gtag('config', 'UA-26211653-1');
</script>
<!-- End Google Analytics -->
<!-- Venatus Ad Manager - Install in <HEAD> of page -->
	<script src="https://hb.vntsm.com/v3/live/ad-manager.min.js" type="text/javascript" data-site-id="642aba63ec9a7b11c3c9c1be" data-mode="scan" async></script>
<!-- / Venatus Ad Manager -->

<style>
	@media (max-width:820px) {
		.battle {
			margin: 0 auto;
		}
		.battle-log {
			margin: 7px auto 0;
			max-width: 640px;
			height: 300px;
			position: static;
		}
	}
	.optgroup {
		display: inline-block;
		line-height: 22px;
		font-size: 10pt;
	}
	.optgroup .button {
		height: 25px;
		padding-top: 0;
		padding-bottom: 0;
	}
	.optgroup button.button {
		padding-left: 12px;
		padding-right: 12px;
	}
	.linklist {
		list-style: none;
		margin: 0.5em 0;
		padding: 0;
	}
	.linklist li {
		padding: 2px 0;
	}
	.sidebar {
		float: left;
		width: 320px;
	}
	.bar-wrapper {
		max-width: 1100px;
		margin: 0 auto;
	}
	.bar-wrapper.has-sidebar {
		max-width: 1430px;
	}
	.mainbar {
		margin: 0;
		padding-right: 1px;
	}
	.mainbar.has-sidebar {
		margin-left: 330px;
	}
	@media (min-width: 1511px) {
		.sidebar {
			width: 400px;
		}
		.bar-wrapper.has-sidebar {
			max-width: 1510px;
		}
		.mainbar.has-sidebar {
			margin-left: 410px;
		}
	}
	.section.first-section {
		margin-top: 9px;
	}
	.blocklink small {
		white-space: normal;
	}
	.button {
		vertical-align: middle;
	}
	.replay-controls {
		padding-top: 10px;
	}
	.replay-controls h1 {
		font-size: 16pt;
		font-weight: normal;
		color: #CCC;
	}
	.pagelink {
		text-align: center;
	}
	.pagelink a {
		width: 150px;
	}
	.textbox, .button {
		font-size: 11pt;
		vertical-align: middle;
	}
	@media (max-width: 450px) {
		.button {
			font-size: 9pt;
		}
	}
</style>

<div>

	<header>
		<div class="nav-wrapper"><ul class="nav">
			<li><a class="button nav-first" href="//pokemonshowdown.com/"><img src="//pokemonshowdown.com/images/pokemonshowdownbeta.png" srcset="//pokemonshowdown.com/images/pokemonshowdownbeta.png 1x, //pokemonshowdown.com/images/pokemonshowdownbeta@2x.png 2x" alt="Pok&eacute;mon Showdown" width="146" height="44" /> Home</a></li>
			<li><a class="button" href="//pokemonshowdown.com/dex/">Pok&eacute;dex</a></li>
			<li><a class="button cur" href="/">Replays</a></li>
			<li><a class="button" href="//pokemonshowdown.com/ladder/">Ladder</a></li>
			<li><a class="button nav-last" href="//pokemonshowdown.com/forums/">Forum</a></li>
			<li><a class="button greenbutton nav-first nav-last" href="//play.pokemonshowdown.com/">Play</a></li>
		</ul></div>
	</header>

	<div class="main" id="main">

		<noscript><section class="section">You need to enable JavaScript to use this page; sorry!</section></noscript>

	</div>

</div>

<script defer nomodule src="//play.pokemonshowdown.com/js/lib/ps-polyfill.js"></script>
<script defer src="//play.pokemonshowdown.com/js/lib/preact.min.js"></script>

<script defer src="//play.pokemonshowdown.com/config/config.js?2bddbc15"></script>
<script defer src="//play.pokemonshowdown.com/js/lib/jquery-1.11.0.min.js"></script>
<script defer src="//play.pokemonshowdown.com/js/lib/html-sanitizer-minified.js"></script>
<script defer src="//play.pokemonshowdown.com/js/battle-sound.js"></script>
<script defer src="//play.pokemonshowdown.com/js/battledata.js?0.7209276989879541"></script>
<script defer src="//play.pokemonshowdown.com/data/pokedex-mini.js?0.6111056340867951"></script>
<script defer src="//play.pokemonshowdown.com/data/pokedex-mini-bw.js?0.3532142036491459"></script>
<script defer src="//play.pokemonshowdown.com/data/graphics.js?0.24223875632456182"></script>
<script defer src="//play.pokemonshowdown.com/data/pokedex.js?0.38839984266356864"></script>
<script defer src="//play.pokemonshowdown.com/data/moves.js?0.21866028504024015"></script>
<script defer src="//play.pokemonshowdown.com/data/abilities.js?0.2005157953846628"></script>
<script defer src="//play.pokemonshowdown.com/data/items.js?0.9894211263848525"></script>
<script defer src="//play.pokemonshowdown.com/data/teambuilder-tables.js?0.6008791140282215"></script>
<script defer src="//play.pokemonshowdown.com/js/battle-tooltips.js?0.7580118955022959"></script>
<script defer src="//play.pokemonshowdown.com/js/battle.js?0.6057722274234274"></script>

<script defer src="js/utils.js?e31f9a17"></script>
<script defer src="js/replays-battle.js?7008c182"></script>

<!-- don't scrape this data! just add .json or .log after the URL!
Full API docs: https://github.com/smogon/pokemon-showdown-client/blob/master/WEB-API.md -->
<script type="text/plain" class="log" id="replaylog-smogtours-gen3ou-801237">
|inactive|Battle timer is ON: inactive players will automatically lose when time's up.
|t:|1729623951
|gametype|singles
|player|p1|GreenCatKid|fisherman-gen4|
|player|p2|thestonewallsmith|artist|
|teamsize|p1|6
|teamsize|p2|6
|gen|3
|tier|[Gen 3] OU
|rule|Sleep Clause Mod: Limit one foe put to sleep
|rule|Switch Priority Clause Mod: Faster Pokémon switch first
|rule|Species Clause: Limit one of each Pokémon
|rule|OHKO Clause: OHKO moves are banned
|rule|Evasion Items Clause: Evasion items are banned
|rule|Evasion Moves Clause: Evasion moves are banned
|rule|Endless Battle Clause: Forcing endless battles is banned
|rule|HP Percentage Mod: HP is shown in percentages
|rule|One Boost Passer Clause: Limit one Baton Passer that has a way to boost its stats
|rule|Freeze Clause Mod: Limit one foe frozen
|
|t:|1729623951
|start
|switch|p1a: Serious Sam 2 HD|Skarmory, F|100/100
|switch|p2a: Metagross|Metagross|100/100
|turn|1
|inactive|GreenCatKid also wants the timer to be on.
|c|☆thestonewallsmith|gl hf
|
|t:|1729623961
|switch|p2a: Magneton|Magneton|100/100
|move|p1a: Serious Sam 2 HD|Spikes|p2a: Magneton
|-sidestart|p2: thestonewallsmith|Spikes
|
|upkeep
|turn|2
|
|t:|1729623964
|move|p2a: Magneton|Thunderbolt|p1a: Serious Sam 2 HD
|-supereffective|p1a: Serious Sam 2 HD
|-damage|p1a: Serious Sam 2 HD|2/100
|move|p1a: Serious Sam 2 HD|Roar|p2a: Magneton
|drag|p2a: Blissey|Blissey, F|100/100
|-damage|p2a: Blissey|88/100|[from] Spikes
|
|-heal|p1a: Serious Sam 2 HD|8/100|[from] item: Leftovers
|-heal|p2a: Blissey|94/100|[from] item: Leftovers
|upkeep
|turn|3
|inactive|GreenCatKid has 270 seconds left.
|inactive|thestonewallsmith has 270 seconds left.
|
|t:|1729624015
|switch|p1a: Momo|Blissey, F|100/100
|move|p2a: Blissey|Seismic Toss|p1a: Momo
|-damage|p1a: Momo|85/100
|
|-heal|p1a: Momo|91/100|[from] item: Leftovers
|-heal|p2a: Blissey|99/100|[from] item: Leftovers
|upkeep
|turn|4
|inactive|thestonewallsmith has 270 seconds left.
|
|t:|1729624021
|switch|p2a: Metagross|Metagross|100/100
|-damage|p2a: Metagross|88/100|[from] Spikes
|move|p1a: Momo|Toxic|p2a: Metagross|[miss]
|-miss|p1a: Momo|p2a: Metagross
|
|-heal|p2a: Metagross|94/100|[from] item: Leftovers
|-heal|p1a: Momo|97/100|[from] item: Leftovers
|upkeep
|turn|5
|inactive|GreenCatKid has 270 seconds left.
|
|t:|1729624052
|switch|p1a: Serious Sam 2 HD|Skarmory, F|8/100
|move|p2a: Metagross|Meteor Mash|p1a: Serious Sam 2 HD|[miss]
|-miss|p2a: Metagross|p1a: Serious Sam 2 HD
|
|-heal|p1a: Serious Sam 2 HD|14/100|[from] item: Leftovers
|-heal|p2a: Metagross|99/100|[from] item: Leftovers
|upkeep
|turn|6
|
|t:|1729624058
|move|p1a: Serious Sam 2 HD|Spikes|p2a: Metagross
|-sidestart|p2: thestonewallsmith|Spikes
|move|p2a: Metagross|Meteor Mash|p1a: Serious Sam 2 HD
|-resisted|p1a: Serious Sam 2 HD
|-damage|p1a: Serious Sam 2 HD|0 fnt
|-boost|p2a: Metagross|atk|1
|faint|p1a: Serious Sam 2 HD
|inactive|GreenCatKid has 240 seconds left.
|
|t:|1729624084
|switch|p1a: Big Green|Flygon, M|100/100
|
|-heal|p2a: Metagross|100/100|[from] item: Leftovers
|upkeep
|turn|7
|
|t:|1729624093
|switch|p2a: Claydol|Claydol|100/100
|move|p1a: Big Green|Earthquake|p2a: Claydol
|-immune|p2a: Claydol
|
|upkeep
|turn|8
|inactive|GreenCatKid has 240 seconds left.
|
|t:|1729624105
|switch|p1a: Casper|Gengar, F|100/100
|move|p2a: Claydol|Rapid Spin|p1a: Casper
|-immune|p1a: Casper
|
|upkeep
|turn|9
|inactive|GreenCatKid has 240 seconds left.
|inactive|thestonewallsmith has 270 seconds left.
|
|t:|1729624150
|switch|p2a: Magneton|Magneton|100/100
|-damage|p2a: Magneton|84/100|[from] Spikes
|move|p1a: Casper|Will-O-Wisp|p2a: Magneton
|-status|p2a: Magneton|brn
|
|-damage|p2a: Magneton|71/100 brn|[from] brn
|upkeep
|turn|10
|inactive|GreenCatKid has 210 seconds left.
|inactive|thestonewallsmith has 240 seconds left.
|
|t:|1729624184
|switch|p1a: Momo|Blissey, F|97/100
|switch|p2a: Suicune|Suicune|100/100
|-damage|p2a: Suicune|84/100|[from] Spikes
|
|-heal|p2a: Suicune|90/100|[from] item: Leftovers
|-heal|p1a: Momo|100/100|[from] item: Leftovers
|upkeep
|turn|11
|inactive|GreenCatKid has 210 seconds left.
|inactive|thestonewallsmith has 240 seconds left.
|
|t:|1729624196
|switch|p2a: Metagross|Metagross|100/100
|-damage|p2a: Metagross|84/100|[from] Spikes
|move|p1a: Momo|Toxic|p2a: Metagross
|-immune|p2a: Metagross
|
|-heal|p2a: Metagross|90/100|[from] item: Leftovers
|upkeep
|turn|12
|
|t:|1729624204
|switch|p1a: Big Green|Flygon, M|100/100
|move|p2a: Metagross|Meteor Mash|p1a: Big Green
|-damage|p1a: Big Green|54/100
|
|-heal|p1a: Big Green|60/100|[from] item: Leftovers
|-heal|p2a: Metagross|96/100|[from] item: Leftovers
|upkeep
|turn|13
|inactive|GreenCatKid has 210 seconds left.
|
|t:|1729624220
|switch|p2a: Salamence|Salamence, F|100/100
|-ability|p2a: Salamence|Intimidate|boost
|-unboost|p1a: Big Green|atk|1
|move|p1a: Big Green|Earthquake|p2a: Salamence
|-immune|p2a: Salamence
|
|-heal|p1a: Big Green|66/100|[from] item: Leftovers
|upkeep
|turn|14
|inactive|GreenCatKid has 210 seconds left.
|
|t:|1729624240
|move|p2a: Salamence|Hidden Power|p1a: Big Green
|-damage|p1a: Big Green|23/100
|move|p1a: Big Green|Toxic|p2a: Salamence
|-status|p2a: Salamence|tox
|
|-damage|p2a: Salamence|94/100 tox|[from] psn
|-heal|p1a: Big Green|29/100|[from] item: Leftovers
|upkeep
|turn|15
|
|t:|1729624247
|move|p1a: Big Green|Protect|p1a: Big Green
|-singleturn|p1a: Big Green|Protect
|move|p2a: Salamence|Hidden Power|p1a: Big Green
|-activate|p1a: Big Green|Protect
|
|-damage|p2a: Salamence|82/100 tox|[from] psn
|-heal|p1a: Big Green|35/100|[from] item: Leftovers
|upkeep
|turn|16
|inactive|GreenCatKid has 210 seconds left.
|inactive|GreenCatKid has 180 seconds left.
|
|t:|1729624286
|switch|p1a: Gojeera|Tyranitar, M|100/100
|-weather|Sandstorm|[from] ability: Sand Stream|[of] p1a: Gojeera
|move|p2a: Salamence|Hidden Power|p1a: Gojeera
|-resisted|p1a: Gojeera
|-damage|p1a: Gojeera|79/100
|
|-weather|Sandstorm|[upkeep]
|-damage|p2a: Salamence|76/100 tox|[from] Sandstorm
|-damage|p2a: Salamence|58/100 tox|[from] psn
|-heal|p1a: Gojeera|85/100|[from] item: Leftovers
|upkeep
|turn|17
|inactive|GreenCatKid has 180 seconds left.
|inactive|thestonewallsmith has 270 seconds left.
|
|t:|1729624301
|-activate|p2a: Salamence|move: Pursuit
|move|p1a: Gojeera|Pursuit|p2a: Salamence|[from]Pursuit
|-damage|p2a: Salamence|10/100 tox
|switch|p2a: Claydol|Claydol|100/100
|
|-weather|Sandstorm|[upkeep]
|-heal|p1a: Gojeera|91/100|[from] item: Leftovers
|upkeep
|turn|18
|inactive|GreenCatKid has 180 seconds left.
|inactive|thestonewallsmith has 270 seconds left.
|inactive|GreenCatKid has 150 seconds left.
|inactive|thestonewallsmith has 240 seconds left.
|
|t:|1729624374
|switch|p2a: Salamence|Salamence, F|10/100 tox
|-ability|p2a: Salamence|Intimidate|boost
|-unboost|p1a: Gojeera|atk|1
|move|p1a: Gojeera|Crunch|p2a: Salamence
|-damage|p2a: Salamence|0 fnt
|faint|p2a: Salamence
|
|t:|1729624377
|switch|p2a: Suicune|Suicune|90/100
|-damage|p2a: Suicune|74/100|[from] Spikes
|
|-weather|Sandstorm|[upkeep]
|-damage|p2a: Suicune|67/100|[from] Sandstorm
|-heal|p2a: Suicune|74/100|[from] item: Leftovers
|-heal|p1a: Gojeera|97/100|[from] item: Leftovers
|upkeep
|turn|19
|inactive|GreenCatKid has 150 seconds left.
|
|t:|1729624405
|switch|p1a: Soos|Zapdos|100/100
|move|p2a: Suicune|Calm Mind|p2a: Suicune
|-boost|p2a: Suicune|spa|1
|-boost|p2a: Suicune|spd|1
|
|-weather|Sandstorm|[upkeep]
|-damage|p1a: Soos|94/100|[from] Sandstorm
|-damage|p2a: Suicune|67/100|[from] Sandstorm
|-heal|p1a: Soos|100/100|[from] item: Leftovers
|-heal|p2a: Suicune|74/100|[from] item: Leftovers
|upkeep
|turn|20
|inactive|thestonewallsmith has 240 seconds left.
|
|t:|1729624410
|switch|p2a: Blissey|Blissey, F|99/100
|-damage|p2a: Blissey|84/100|[from] Spikes
|move|p1a: Soos|Roar|p2a: Blissey
|drag|p2a: Magneton|Magneton|71/100 brn
|-damage|p2a: Magneton|55/100 brn|[from] Spikes
|
|-weather|Sandstorm|[upkeep]
|-damage|p1a: Soos|94/100|[from] Sandstorm
|-heal|p1a: Soos|100/100|[from] item: Leftovers
|-damage|p2a: Magneton|42/100 brn|[from] brn
|upkeep
|turn|21
|inactive|GreenCatKid has 150 seconds left.
|inactive|thestonewallsmith has 240 seconds left.
|
|t:|1729624422
|move|p1a: Soos|Thunderbolt|p2a: Magneton
|-resisted|p2a: Magneton
|-damage|p2a: Magneton|7/100 brn
|move|p2a: Magneton|Toxic|p1a: Soos
|-status|p1a: Soos|tox
|
|-weather|Sandstorm|[upkeep]
|-damage|p1a: Soos|94/100 tox|[from] Sandstorm
|-heal|p1a: Soos|100/100 tox|[from] item: Leftovers
|-damage|p1a: Soos|94/100 tox|[from] psn
|-damage|p2a: Magneton|0 fnt|[from] brn
|faint|p2a: Magneton
|upkeep
|inactive|thestonewallsmith has 240 seconds left.
|
|t:|1729624431
|switch|p2a: Blissey|Blissey, F|84/100
|-damage|p2a: Blissey|67/100|[from] Spikes
|turn|22
|
|t:|1729624444
|move|p1a: Soos|Rest|p1a: Soos
|-status|p1a: Soos|slp|[from] move: Rest
|-heal|p1a: Soos|100/100 slp|[silent]
|move|p2a: Blissey|Wish|p2a: Blissey
|
|-weather|Sandstorm|[upkeep]
|-damage|p1a: Soos|94/100 slp|[from] Sandstorm
|-damage|p2a: Blissey|61/100|[from] Sandstorm
|-heal|p1a: Soos|100/100 slp|[from] item: Leftovers
|-heal|p2a: Blissey|67/100|[from] item: Leftovers
|upkeep
|turn|23
|
|t:|1729624454
|cant|p1a: Soos|slp
|move|p1a: Soos|Sleep Talk|p1a: Soos
|move|p1a: Soos|Rest|p1a: Soos|[from]Sleep Talk
|move|p2a: Blissey|Ice Beam|p1a: Soos
|-supereffective|p1a: Soos
|-damage|p1a: Soos|78/100 slp
|
|-heal|p2a: Blissey|100/100|[from] move: Wish|[wisher] Blissey
|-weather|Sandstorm|[upkeep]
|-damage|p1a: Soos|72/100 slp|[from] Sandstorm
|-damage|p2a: Blissey|94/100|[from] Sandstorm
|-heal|p1a: Soos|78/100 slp|[from] item: Leftovers
|-heal|p2a: Blissey|100/100|[from] item: Leftovers
|upkeep
|turn|24
|
|t:|1729624465
|cant|p1a: Soos|slp
|move|p1a: Soos|Sleep Talk|p1a: Soos
|move|p1a: Soos|Thunderbolt|p2a: Blissey|[from]Sleep Talk
|-damage|p2a: Blissey|85/100
|move|p2a: Blissey|Seismic Toss|p1a: Soos
|-damage|p1a: Soos|52/100 slp
|
|-weather|Sandstorm|[upkeep]
|-damage|p1a: Soos|46/100 slp|[from] Sandstorm
|-damage|p2a: Blissey|78/100|[from] Sandstorm
|-heal|p1a: Soos|52/100 slp|[from] item: Leftovers
|-heal|p2a: Blissey|85/100|[from] item: Leftovers
|upkeep
|turn|25
|
|t:|1729624481
|-curestatus|p1a: Soos|slp|[msg]
|move|p1a: Soos|Rest|p1a: Soos
|-status|p1a: Soos|slp|[from] move: Rest
|-heal|p1a: Soos|100/100 slp|[silent]
|move|p2a: Blissey|Seismic Toss|p1a: Soos
|-damage|p1a: Soos|74/100 slp
|
|-weather|Sandstorm|[upkeep]
|-damage|p1a: Soos|68/100 slp|[from] Sandstorm
|-damage|p2a: Blissey|78/100|[from] Sandstorm
|-heal|p1a: Soos|74/100 slp|[from] item: Leftovers
|-heal|p2a: Blissey|85/100|[from] item: Leftovers
|upkeep
|turn|26
|
|t:|1729624486
|switch|p1a: Momo|Blissey, F|100/100
|move|p2a: Blissey|Seismic Toss|p1a: Momo
|-damage|p1a: Momo|85/100
|
|-weather|Sandstorm|[upkeep]
|-damage|p1a: Momo|79/100|[from] Sandstorm
|-damage|p2a: Blissey|78/100|[from] Sandstorm
|-heal|p1a: Momo|85/100|[from] item: Leftovers
|-heal|p2a: Blissey|85/100|[from] item: Leftovers
|upkeep
|turn|27
|
|t:|1729624489
|move|p1a: Momo|Toxic|p2a: Blissey
|-status|p2a: Blissey|tox
|move|p2a: Blissey|Wish|p2a: Blissey
|
|-weather|Sandstorm|[upkeep]
|-damage|p1a: Momo|79/100|[from] Sandstorm
|-damage|p2a: Blissey|78/100 tox|[from] Sandstorm
|-heal|p1a: Momo|85/100|[from] item: Leftovers
|-heal|p2a: Blissey|85/100 tox|[from] item: Leftovers
|-damage|p2a: Blissey|78/100 tox|[from] psn
|upkeep
|turn|28
|inactive|GreenCatKid has 180 seconds left.
|
|t:|1729624509
|switch|p1a: Soos|Zapdos|74/100 slp
|-curestatus|p2a: Blissey|tox|[from] ability: Natural Cure
|switch|p2a: Metagross|Metagross|96/100
|-damage|p2a: Metagross|80/100|[from] Spikes
|
|-heal|p2a: Metagross|100/100|[from] move: Wish|[wisher] Blissey
|-weather|Sandstorm|[upkeep]
|-damage|p1a: Soos|68/100 slp|[from] Sandstorm
|-heal|p1a: Soos|74/100 slp|[from] item: Leftovers
|upkeep
|turn|29
|
|t:|1729624518
|switch|p1a: Gojeera|Tyranitar, M|97/100
|move|p2a: Metagross|Meteor Mash|p1a: Gojeera
|-supereffective|p1a: Gojeera
|-damage|p1a: Gojeera|3/100
|
|-weather|Sandstorm|[upkeep]
|-heal|p1a: Gojeera|9/100|[from] item: Leftovers
|upkeep
|turn|30
|inactive|GreenCatKid has 180 seconds left.
|
|t:|1729624541
|move|p2a: Metagross|Earthquake|p1a: Gojeera
|-supereffective|p1a: Gojeera
|-damage|p1a: Gojeera|0 fnt
|faint|p1a: Gojeera
|
|t:|1729624544
|switch|p1a: Big Green|Flygon, M|35/100
|
|-weather|Sandstorm|[upkeep]
|-heal|p1a: Big Green|41/100|[from] item: Leftovers
|upkeep
|turn|31
|inactive|GreenCatKid has 180 seconds left.
|
|t:|1729624566
|move|p1a: Big Green|Protect|p1a: Big Green
|-singleturn|p1a: Big Green|Protect
|move|p2a: Metagross|Meteor Mash|p1a: Big Green
|-activate|p1a: Big Green|Protect
|
|-weather|Sandstorm|[upkeep]
|-heal|p1a: Big Green|47/100|[from] item: Leftovers
|upkeep
|turn|32
|
|t:|1729624582
|switch|p2a: Blissey|Blissey, F|78/100
|-damage|p2a: Blissey|62/100|[from] Spikes
|move|p1a: Big Green|Earthquake|p2a: Blissey
|-damage|p2a: Blissey|31/100
|
|-weather|Sandstorm|[upkeep]
|-damage|p2a: Blissey|25/100|[from] Sandstorm
|-heal|p1a: Big Green|54/100|[from] item: Leftovers
|-heal|p2a: Blissey|31/100|[from] item: Leftovers
|upkeep
|turn|33
|
|t:|1729624590
|move|p1a: Big Green|Earthquake|p2a: Blissey
|-damage|p2a: Blissey|0 fnt
|faint|p2a: Blissey
|
|t:|1729624597
|switch|p2a: Suicune|Suicune|74/100
|-damage|p2a: Suicune|57/100|[from] Spikes
|
|-weather|Sandstorm|[upkeep]
|-damage|p2a: Suicune|51/100|[from] Sandstorm
|-heal|p1a: Big Green|60/100|[from] item: Leftovers
|-heal|p2a: Suicune|57/100|[from] item: Leftovers
|upkeep
|turn|34
|inactive|GreenCatKid has 180 seconds left.
|
|t:|1729624623
|switch|p1a: Momo|Blissey, F|85/100
|move|p2a: Suicune|Surf|p1a: Momo
|-damage|p1a: Momo|73/100
|
|-weather|Sandstorm|[upkeep]
|-damage|p2a: Suicune|51/100|[from] Sandstorm
|-damage|p1a: Momo|67/100|[from] Sandstorm
|-heal|p2a: Suicune|57/100|[from] item: Leftovers
|-heal|p1a: Momo|73/100|[from] item: Leftovers
|upkeep
|turn|35
|
|t:|1729624627
|move|p2a: Suicune|Calm Mind|p2a: Suicune
|-boost|p2a: Suicune|spa|1
|-boost|p2a: Suicune|spd|1
|move|p1a: Momo|Toxic|p2a: Suicune|[miss]
|-miss|p1a: Momo|p2a: Suicune
|
|-weather|Sandstorm|[upkeep]
|-damage|p2a: Suicune|51/100|[from] Sandstorm
|-damage|p1a: Momo|67/100|[from] Sandstorm
|-heal|p2a: Suicune|57/100|[from] item: Leftovers
|-heal|p1a: Momo|73/100|[from] item: Leftovers
|upkeep
|turn|36
|
|t:|1729624632
|move|p2a: Suicune|Calm Mind|p2a: Suicune
|-boost|p2a: Suicune|spa|1
|-boost|p2a: Suicune|spd|1
|move|p1a: Momo|Toxic|p2a: Suicune|[miss]
|-miss|p1a: Momo|p2a: Suicune
|
|-weather|Sandstorm|[upkeep]
|-damage|p2a: Suicune|51/100|[from] Sandstorm
|-damage|p1a: Momo|67/100|[from] Sandstorm
|-heal|p2a: Suicune|57/100|[from] item: Leftovers
|-heal|p1a: Momo|73/100|[from] item: Leftovers
|upkeep
|turn|37
|
|t:|1729624636
|move|p2a: Suicune|Calm Mind|p2a: Suicune
|-boost|p2a: Suicune|spa|1
|-boost|p2a: Suicune|spd|1
|move|p1a: Momo|Toxic|p2a: Suicune
|-status|p2a: Suicune|tox
|
|-weather|Sandstorm|[upkeep]
|-damage|p2a: Suicune|51/100 tox|[from] Sandstorm
|-damage|p1a: Momo|67/100|[from] Sandstorm
|-heal|p2a: Suicune|57/100 tox|[from] item: Leftovers
|-damage|p2a: Suicune|51/100 tox|[from] psn
|-heal|p1a: Momo|73/100|[from] item: Leftovers
|upkeep
|turn|38
|
|t:|1729624642
|move|p2a: Suicune|Calm Mind|p2a: Suicune
|-boost|p2a: Suicune|spa|1
|-boost|p2a: Suicune|spd|1
|move|p1a: Momo|Seismic Toss|p2a: Suicune
|-damage|p2a: Suicune|26/100 tox
|
|-weather|Sandstorm|[upkeep]
|-damage|p2a: Suicune|20/100 tox|[from] Sandstorm
|-damage|p1a: Momo|67/100|[from] Sandstorm
|-heal|p2a: Suicune|26/100 tox|[from] item: Leftovers
|-damage|p2a: Suicune|14/100 tox|[from] psn
|-heal|p1a: Momo|73/100|[from] item: Leftovers
|upkeep
|turn|39
|inactive|GreenCatKid has 210 seconds left.
|
|t:|1729624647
|switch|p1a: Soos|Zapdos|74/100 slp
|move|p2a: Suicune|Rest|p2a: Suicune
|-status|p2a: Suicune|slp|[from] move: Rest
|-heal|p2a: Suicune|100/100 slp|[silent]
|
|-weather|Sandstorm|[upkeep]
|-damage|p1a: Soos|68/100 slp|[from] Sandstorm
|-damage|p2a: Suicune|94/100 slp|[from] Sandstorm
|-heal|p1a: Soos|74/100 slp|[from] item: Leftovers
|-heal|p2a: Suicune|100/100 slp|[from] item: Leftovers
|upkeep
|turn|40
|
|t:|1729624653
|cant|p1a: Soos|slp
|move|p1a: Soos|Sleep Talk|p1a: Soos
|move|p1a: Soos|Roar|p2a: Suicune|[from]Sleep Talk
|drag|p2a: Claydol|Claydol|100/100
|
|-weather|Sandstorm|[upkeep]
|-damage|p1a: Soos|68/100 slp|[from] Sandstorm
|-heal|p1a: Soos|74/100 slp|[from] item: Leftovers
|upkeep
|turn|41
|
|t:|1729624660
|switch|p1a: Casper|Gengar, F|100/100
|move|p2a: Claydol|Rapid Spin|p1a: Casper
|-immune|p1a: Casper
|
|-weather|Sandstorm|[upkeep]
|-damage|p1a: Casper|95/100|[from] Sandstorm
|-heal|p1a: Casper|100/100|[from] item: Leftovers
|upkeep
|turn|42
|
|t:|1729624671
|switch|p2a: Suicune|Suicune|100/100 slp
|-damage|p2a: Suicune|84/100 slp|[from] Spikes
|move|p1a: Casper|Will-O-Wisp||[still]
|-fail|p1a: Casper
|
|-weather|Sandstorm|[upkeep]
|-damage|p1a: Casper|95/100|[from] Sandstorm
|-damage|p2a: Suicune|78/100 slp|[from] Sandstorm
|-heal|p1a: Casper|100/100|[from] item: Leftovers
|-heal|p2a: Suicune|84/100 slp|[from] item: Leftovers
|upkeep
|turn|43
|
|t:|1729624678
|move|p1a: Casper|Thunderbolt|p2a: Suicune
|-supereffective|p2a: Suicune
|-damage|p2a: Suicune|42/100 slp
|cant|p2a: Suicune|slp
|
|-weather|Sandstorm|[upkeep]
|-damage|p1a: Casper|95/100|[from] Sandstorm
|-damage|p2a: Suicune|35/100 slp|[from] Sandstorm
|-heal|p1a: Casper|100/100|[from] item: Leftovers
|-heal|p2a: Suicune|42/100 slp|[from] item: Leftovers
|upkeep
|turn|44
|
|t:|1729624686
|switch|p2a: Metagross|Metagross|100/100
|-damage|p2a: Metagross|84/100|[from] Spikes
|move|p1a: Casper|Thunderbolt|p2a: Metagross
|-damage|p2a: Metagross|56/100
|
|-weather|Sandstorm|[upkeep]
|-damage|p1a: Casper|95/100|[from] Sandstorm
|-heal|p1a: Casper|100/100|[from] item: Leftovers
|-heal|p2a: Metagross|62/100|[from] item: Leftovers
|upkeep
|turn|45
|
|t:|1729624703
|move|p1a: Casper|Will-O-Wisp|p2a: Metagross
|-status|p2a: Metagross|brn
|move|p2a: Metagross|Meteor Mash|p1a: Casper|[miss]
|-miss|p2a: Metagross|p1a: Casper
|
|-weather|Sandstorm|[upkeep]
|-damage|p1a: Casper|95/100|[from] Sandstorm
|-heal|p1a: Casper|100/100|[from] item: Leftovers
|-heal|p2a: Metagross|68/100 brn|[from] item: Leftovers
|-damage|p2a: Metagross|55/100 brn|[from] brn
|upkeep
|turn|46
|
|t:|1729624711
|switch|p1a: Big Green|Flygon, M|60/100
|move|p2a: Metagross|Meteor Mash|p1a: Big Green
|-damage|p1a: Big Green|36/100
|-boost|p2a: Metagross|atk|1
|
|-weather|Sandstorm|[upkeep]
|-heal|p1a: Big Green|42/100|[from] item: Leftovers
|-heal|p2a: Metagross|61/100 brn|[from] item: Leftovers
|-damage|p2a: Metagross|49/100 brn|[from] brn
|upkeep
|turn|47
|
|t:|1729624719
|move|p1a: Big Green|Earthquake|p2a: Metagross
|-supereffective|p2a: Metagross
|-damage|p2a: Metagross|0 fnt
|faint|p2a: Metagross
|c|☆thestonewallsmith|gg wp goof luck with the rest of swiss
|-message|thestonewallsmith forfeited.
|
|win|GreenCatKid
|player|p2|
|c|☆GreenCatKid|u2

</script>
<script type="application/json" class="data" id="replaydata-smogtours-gen3ou-801237">
{"id":"smogtours-gen3ou-801237","format":"[Gen 3] OU","players":["GreenCatKid","thestonewallsmith"],"uploadtime":1729624746,"views":134,"formatid":"gen3ou","rating":null,"private":0,"password":null}
</script>

<script defer src="js/replays.js?9d40a366"></script>
