<!DOCTYPE html>
<meta charset="utf-8" />
<meta name="viewport" content="width=device-width" />

<title>[Gen 3] OU: RetiredBohrier vs. xXEricXx - Replays - Pok&eacute;mon Showdown!</title>

<meta name="description" content="Watch a replay of a Pok&eacute;mon battle between RetiredBohrier and xXEricXx! Format: [Gen 3] OU; Date: Oct 10, 2024" />
<!--

Hey, you! Looking in the source for the replay log?

You can find them in JSON format, just add `.json` at the end of a replay URL.

https://replay.pokemonshowdown.com/gen7randomdoublesbattle-865046831.json

Or, if you only need the log itself, add `.log` instead:

https://replay.pokemonshowdown.com/gen7randomdoublesbattle-865046831.log

-->

<link rel="stylesheet" href="//pokemonshowdown.com/style/global.css?0.767286132409787" />
<link rel="stylesheet" href="//play.pokemonshowdown.com/style/font-awesome.css?0.9266228007934947" />
<link rel="stylesheet" href="//play.pokemonshowdown.com/style/battle.css?0.7924700842790926" />
<link rel="stylesheet" href="//play.pokemonshowdown.com/style/utilichart.css?0.8777417872839479" />

<!-- Global site tag (gtag.js) - Google Analytics -->
<script async src="https://www.googletagmanager.com/gtag/js?id=UA-26211653-1"></script>
<script>
  window.dataLayer = window.dataLayer || [];
  function gtag(){dataLayer.push(arguments);}
  gtag('js', new Date());

  gtag('config', 'UA-26211653-1');
</script>
<!-- End Google Analytics -->
<!-- Venatus Ad Manager - Install in <HEAD> of page -->
	<script src="https://hb.vntsm.com/v3/live/ad-manager.min.js" type="text/javascript" data-site-id="642aba63ec9a7b11c3c9c1be" data-mode="scan" async></script>
<!-- / Venatus Ad Manager -->

<style>
	@media (max-width:820px) {
		.battle {
			margin: 0 auto;
		}
		.battle-log {
			margin: 7px auto 0;
			max-width: 640px;
			height: 300px;
			position: static;
		}
	}
	.optgroup {
		display: inline-block;
		line-height: 22px;
		font-size: 10pt;
	}
	.optgroup .button {
		height: 25px;
		padding-top: 0;
		padding-bottom: 0;
	}
	.optgroup button.button {
		padding-left: 12px;
		padding-right: 12px;
	}
	.linklist {
		list-style: none;
		margin: 0.5em 0;
		padding: 0;
	}
	.linklist li {
		padding: 2px 0;
	}
	.sidebar {
		float: left;
		width: 320px;
	}
	.bar-wrapper {
		max-width: 1100px;
		margin: 0 auto;
	}
	.bar-wrapper.has-sidebar {
		max-width: 1430px;
	}
	.mainbar {
		margin: 0;
		padding-right: 1px;
	}
	.mainbar.has-sidebar {
		margin-left: 330px;
	}
	@media (min-width: 1511px) {
		.sidebar {
			width: 400px;
		}
		.bar-wrapper.has-sidebar {
			max-width: 1510px;
		}
		.mainbar.has-sidebar {
			margin-left: 410px;
		}
	}
	.section.first-section {
		margin-top: 9px;
	}
	.blocklink small {
		white-space: normal;
	}
	.button {
		vertical-align: middle;
	}
	.replay-controls {
		padding-top: 10px;
	}
	.replay-controls h1 {
		font-size: 16pt;
		font-weight: normal;
		color: #CCC;
	}
	.pagelink {
		text-align: center;
	}
	.pagelink a {
		width: 150px;
	}
	.textbox, .button {
		font-size: 11pt;
		vertical-align: middle;
	}
	@media (max-width: 450px) {
		.button {
			font-size: 9pt;
		}
	}
</style>

<div>

	<header>
		<div class="nav-wrapper"><ul class="nav">
			<li><a class="button nav-first" href="//pokemonshowdown.com/"><img src="//pokemonshowdown.com/images/pokemonshowdownbeta.png" srcset="//pokemonshowdown.com/images/pokemonshowdownbeta.png 1x, //pokemonshowdown.com/images/pokemonshowdownbeta@2x.png 2x" alt="Pok&eacute;mon Showdown" width="146" height="44" /> Home</a></li>
			<li><a class="button" href="//pokemonshowdown.com/dex/">Pok&eacute;dex</a></li>
			<li><a class="button cur" href="/">Replays</a></li>
			<li><a class="button" href="//pokemonshowdown.com/ladder/">Ladder</a></li>
			<li><a class="button nav-last" href="//pokemonshowdown.com/forums/">Forum</a></li>
			<li><a class="button greenbutton nav-first nav-last" href="//play.pokemonshowdown.com/">Play</a></li>
		</ul></div>
	</header>

	<div class="main" id="main">

		<noscript><section class="section">You need to enable JavaScript to use this page; sorry!</section></noscript>

	</div>

</div>

<script defer nomodule src="//play.pokemonshowdown.com/js/lib/ps-polyfill.js"></script>
<script defer src="//play.pokemonshowdown.com/js/lib/preact.min.js"></script>

<script defer src="//play.pokemonshowdown.com/config/config.js?6dec07f6"></script>
<script defer src="//play.pokemonshowdown.com/js/lib/jquery-1.11.0.min.js"></script>
<script defer src="//play.pokemonshowdown.com/js/lib/html-sanitizer-minified.js"></script>
<script defer src="//play.pokemonshowdown.com/js/battle-sound.js"></script>
<script defer src="//play.pokemonshowdown.com/js/battledata.js?0.6315294753075389"></script>
<script defer src="//play.pokemonshowdown.com/data/pokedex-mini.js?0.7603743185311358"></script>
<script defer src="//play.pokemonshowdown.com/data/pokedex-mini-bw.js?0.030888842834281283"></script>
<script defer src="//play.pokemonshowdown.com/data/graphics.js?0.05593094747507488"></script>
<script defer src="//play.pokemonshowdown.com/data/pokedex.js?0.47064822249611904"></script>
<script defer src="//play.pokemonshowdown.com/data/moves.js?0.8583693120512459"></script>
<script defer src="//play.pokemonshowdown.com/data/abilities.js?0.16017181182386842"></script>
<script defer src="//play.pokemonshowdown.com/data/items.js?0.4163379185673943"></script>
<script defer src="//play.pokemonshowdown.com/data/teambuilder-tables.js?0.31075597372830477"></script>
<script defer src="//play.pokemonshowdown.com/js/battle-tooltips.js?0.6536193500708172"></script>
<script defer src="//play.pokemonshowdown.com/js/battle.js?0.1916591943277901"></script>

<script defer src="js/utils.js?e31f9a17"></script>
<script defer src="js/replays-battle.js?7008c182"></script>

<!-- don't scrape this data! just add .json or .log after the URL!
Full API docs: https://github.com/smogon/pokemon-showdown-client/blob/master/WEB-API.md -->
<script type="text/plain" class="log" id="replaylog-smogtours-gen3ou-796869">
|inactive|Battle timer is ON: inactive players will automatically lose when time's up.
|t:|1728538417
|gametype|singles
|player|p1|RetiredBohrier|2|
|player|p2|xXEricXx|red|
|teamsize|p1|6
|teamsize|p2|6
|gen|3
|tier|[Gen 3] OU
|rule|Sleep Clause Mod: Limit one foe put to sleep
|rule|Switch Priority Clause Mod: Faster Pokémon switch first
|rule|Species Clause: Limit one of each Pokémon
|rule|OHKO Clause: OHKO moves are banned
|rule|Evasion Items Clause: Evasion items are banned
|rule|Evasion Moves Clause: Evasion moves are banned
|rule|Endless Battle Clause: Forcing endless battles is banned
|rule|HP Percentage Mod: HP is shown in percentages
|rule|One Boost Passer Clause: Limit one Baton Passer that has a way to boost its stats
|rule|Freeze Clause Mod: Limit one foe frozen
|
|t:|1728538417
|start
|switch|p1a: Tyranitar|Tyranitar, F|100/100
|switch|p2a: Tyranitar|Tyranitar, F|100/100
|-weather|Sandstorm|[from] ability: Sand Stream|[of] p1a: Tyranitar
|turn|1
|c|☆xXEricXx|hf
|
|t:|1728538428
|switch|p2a: Swampert|Swampert, F, shiny|100/100
|move|p1a: Tyranitar|Brick Break|p2a: Swampert
|-damage|p2a: Swampert|74/100
|
|-weather|Sandstorm|[upkeep]
|-heal|p2a: Swampert|80/100|[from] item: Leftovers
|upkeep
|turn|2
|inactive|RetiredBohrier has 270 seconds left.
|inactive|xXEricXx has 270 seconds left.
|c|☆RetiredBohrier|Hf
|inactive|xXEricXx has 240 seconds left.
|
|t:|1728538514
|switch|p1a: Skarmory|Skarmory, F|100/100
|move|p2a: Swampert|Ice Beam|p1a: Skarmory
|-damage|p1a: Skarmory|79/100
|
|-weather|Sandstorm|[upkeep]
|-heal|p1a: Skarmory|85/100|[from] item: Leftovers
|-heal|p2a: Swampert|86/100|[from] item: Leftovers
|upkeep
|turn|3
|
|t:|1728538521
|switch|p2a: Starmie|Starmie, shiny|100/100
|move|p1a: Skarmory|Spikes|p2a: Starmie
|-sidestart|p2: xXEricXx|Spikes
|
|-weather|Sandstorm|[upkeep]
|-damage|p2a: Starmie|94/100|[from] Sandstorm
|-heal|p2a: Starmie|100/100|[from] item: Leftovers
|-heal|p1a: Skarmory|91/100|[from] item: Leftovers
|upkeep
|turn|4
|
|t:|1728538526
|switch|p1a: Blissey|Blissey, F|100/100
|move|p2a: Starmie|Thunder Wave|p1a: Blissey
|-status|p1a: Blissey|par
|
|-weather|Sandstorm|[upkeep]
|-damage|p2a: Starmie|94/100|[from] Sandstorm
|-damage|p1a: Blissey|94/100 par|[from] Sandstorm
|-heal|p2a: Starmie|100/100|[from] item: Leftovers
|-heal|p1a: Blissey|100/100 par|[from] item: Leftovers
|upkeep
|turn|5
|
|t:|1728538529
|move|p2a: Starmie|Rapid Spin|p1a: Blissey
|-damage|p1a: Blissey|97/100 par
|-sideend|p2: xXEricXx|Spikes|[from] move: Rapid Spin|[of] p2a: Starmie
|move|p1a: Blissey|Seismic Toss|p2a: Starmie
|-damage|p2a: Starmie|70/100
|
|-weather|Sandstorm|[upkeep]
|-damage|p2a: Starmie|63/100|[from] Sandstorm
|-damage|p1a: Blissey|91/100 par|[from] Sandstorm
|-heal|p2a: Starmie|70/100|[from] item: Leftovers
|-heal|p1a: Blissey|97/100 par|[from] item: Leftovers
|upkeep
|turn|6
|inactive|RetiredBohrier has 270 seconds left.
|
|t:|1728538543
|switch|p2a: Celebi|Celebi|100/100
|move|p1a: Blissey|Seismic Toss|p2a: Celebi
|-damage|p2a: Celebi|76/100
|
|-weather|Sandstorm|[upkeep]
|-damage|p2a: Celebi|69/100|[from] Sandstorm
|-damage|p1a: Blissey|91/100 par|[from] Sandstorm
|-heal|p2a: Celebi|76/100|[from] item: Leftovers
|-heal|p1a: Blissey|97/100 par|[from] item: Leftovers
|upkeep
|turn|7
|inactive|xXEricXx has 240 seconds left.
|
|t:|1728538571
|move|p2a: Celebi|Leech Seed|p1a: Blissey
|-start|p1a: Blissey|move: Leech Seed
|move|p1a: Blissey|Ice Beam|p2a: Celebi
|-supereffective|p2a: Celebi
|-damage|p2a: Celebi|38/100
|
|-weather|Sandstorm|[upkeep]
|-damage|p2a: Celebi|32/100|[from] Sandstorm
|-damage|p1a: Blissey|91/100 par|[from] Sandstorm
|-heal|p2a: Celebi|38/100|[from] item: Leftovers
|-heal|p1a: Blissey|97/100 par|[from] item: Leftovers
|-damage|p1a: Blissey|85/100 par|[from] Leech Seed|[of] p2a: Celebi
|-heal|p2a: Celebi|59/100|[silent]
|upkeep
|turn|8
|
|t:|1728538575
|move|p2a: Celebi|Recover|p2a: Celebi
|-heal|p2a: Celebi|100/100
|move|p1a: Blissey|Ice Beam|p2a: Celebi
|-supereffective|p2a: Celebi
|-damage|p2a: Celebi|62/100
|
|-weather|Sandstorm|[upkeep]
|-damage|p2a: Celebi|55/100|[from] Sandstorm
|-damage|p1a: Blissey|79/100 par|[from] Sandstorm
|-heal|p2a: Celebi|62/100|[from] item: Leftovers
|-heal|p1a: Blissey|85/100 par|[from] item: Leftovers
|-damage|p1a: Blissey|73/100 par|[from] Leech Seed|[of] p2a: Celebi
|-heal|p2a: Celebi|82/100|[silent]
|upkeep
|turn|9
|inactive|xXEricXx has 240 seconds left.
|
|t:|1728538597
|-curestatus|p1a: Blissey|par|[from] ability: Natural Cure
|switch|p1a: Skarmory|Skarmory, F|91/100
|move|p2a: Celebi|Psychic|p1a: Skarmory
|-resisted|p1a: Skarmory
|-damage|p1a: Skarmory|76/100
|
|-weather|Sandstorm|[upkeep]
|-damage|p2a: Celebi|75/100|[from] Sandstorm
|-heal|p2a: Celebi|82/100|[from] item: Leftovers
|-heal|p1a: Skarmory|82/100|[from] item: Leftovers
|upkeep
|turn|10
|inactive|xXEricXx has 240 seconds left.
|
|t:|1728538605
|move|p2a: Celebi|Leech Seed|p1a: Skarmory
|-start|p1a: Skarmory|move: Leech Seed
|move|p1a: Skarmory|Toxic|p2a: Celebi
|-status|p2a: Celebi|tox
|
|-weather|Sandstorm|[upkeep]
|-damage|p2a: Celebi|75/100 tox|[from] Sandstorm
|-heal|p2a: Celebi|82/100 tox|[from] item: Leftovers
|-damage|p2a: Celebi|75/100 tox|[from] psn
|-heal|p1a: Skarmory|88/100|[from] item: Leftovers
|-damage|p1a: Skarmory|76/100|[from] Leech Seed|[of] p2a: Celebi
|-heal|p2a: Celebi|86/100 tox|[silent]
|upkeep
|turn|11
|
|t:|1728538610
|-curestatus|p2a: Celebi|tox|[from] ability: Natural Cure
|switch|p2a: Starmie|Starmie, shiny|70/100
|move|p1a: Skarmory|Spikes|p2a: Starmie
|-sidestart|p2: xXEricXx|Spikes
|
|-weather|Sandstorm|[upkeep]
|-damage|p2a: Starmie|63/100|[from] Sandstorm
|-heal|p2a: Starmie|70/100|[from] item: Leftovers
|-heal|p1a: Skarmory|82/100|[from] item: Leftovers
|-damage|p1a: Skarmory|69/100|[from] Leech Seed|[of] p2a: Starmie
|-heal|p2a: Starmie|82/100|[silent]
|upkeep
|turn|12
|
|t:|1728538615
|switch|p1a: Gengar|Gengar, F|100/100
|move|p2a: Starmie|Rapid Spin|p1a: Gengar
|-immune|p1a: Gengar
|
|-weather|Sandstorm|[upkeep]
|-damage|p2a: Starmie|76/100|[from] Sandstorm
|-damage|p1a: Gengar|94/100|[from] Sandstorm
|-heal|p2a: Starmie|82/100|[from] item: Leftovers
|-heal|p1a: Gengar|100/100|[from] item: Leftovers
|upkeep
|turn|13
|inactive|xXEricXx has 240 seconds left.
|inactive|RetiredBohrier has 270 seconds left.
|inactive|xXEricXx has 210 seconds left.
|
|t:|1728538672
|move|p2a: Starmie|Thunder Wave|p1a: Gengar
|-status|p1a: Gengar|par
|cant|p1a: Gengar|par
|
|-weather|Sandstorm|[upkeep]
|-damage|p2a: Starmie|76/100|[from] Sandstorm
|-damage|p1a: Gengar|94/100 par|[from] Sandstorm
|-heal|p2a: Starmie|82/100|[from] item: Leftovers
|-heal|p1a: Gengar|100/100 par|[from] item: Leftovers
|upkeep
|turn|14
|
|t:|1728538680
|switch|p2a: Celebi|Celebi|86/100
|-damage|p2a: Celebi|73/100|[from] Spikes
|cant|p1a: Gengar|par
|
|-weather|Sandstorm|[upkeep]
|-damage|p2a: Celebi|67/100|[from] Sandstorm
|-damage|p1a: Gengar|94/100 par|[from] Sandstorm
|-heal|p2a: Celebi|73/100|[from] item: Leftovers
|-heal|p1a: Gengar|100/100 par|[from] item: Leftovers
|upkeep
|turn|15
|
|t:|1728538689
|switch|p1a: Blissey|Blissey, F|73/100
|move|p2a: Celebi|Leech Seed|p1a: Blissey
|-start|p1a: Blissey|move: Leech Seed
|
|-weather|Sandstorm|[upkeep]
|-damage|p2a: Celebi|67/100|[from] Sandstorm
|-damage|p1a: Blissey|66/100|[from] Sandstorm
|-heal|p2a: Celebi|73/100|[from] item: Leftovers
|-heal|p1a: Blissey|73/100|[from] item: Leftovers
|-damage|p1a: Blissey|60/100|[from] Leech Seed|[of] p2a: Celebi
|-heal|p2a: Celebi|93/100|[silent]
|upkeep
|turn|16
|
|t:|1728538696
|switch|p2a: Starmie|Starmie, shiny|82/100
|-damage|p2a: Starmie|70/100|[from] Spikes
|move|p1a: Blissey|Wish|p1a: Blissey
|
|-weather|Sandstorm|[upkeep]
|-damage|p2a: Starmie|64/100|[from] Sandstorm
|-damage|p1a: Blissey|54/100|[from] Sandstorm
|-heal|p2a: Starmie|70/100|[from] item: Leftovers
|-heal|p1a: Blissey|60/100|[from] item: Leftovers
|-damage|p1a: Blissey|48/100|[from] Leech Seed|[of] p2a: Starmie
|-heal|p2a: Starmie|95/100|[silent]
|upkeep
|turn|17
|
|t:|1728538704
|move|p2a: Starmie|Rapid Spin|p1a: Blissey
|-damage|p1a: Blissey|44/100
|-sideend|p2: xXEricXx|Spikes|[from] move: Rapid Spin|[of] p2a: Starmie
|move|p1a: Blissey|Seismic Toss|p2a: Starmie
|-damage|p2a: Starmie|64/100
|
|-heal|p1a: Blissey|94/100|[from] move: Wish|[wisher] Blissey
|-weather|Sandstorm|[upkeep]
|-damage|p2a: Starmie|58/100|[from] Sandstorm
|-damage|p1a: Blissey|88/100|[from] Sandstorm
|-heal|p2a: Starmie|64/100|[from] item: Leftovers
|-heal|p1a: Blissey|94/100|[from] item: Leftovers
|-damage|p1a: Blissey|82/100|[from] Leech Seed|[of] p2a: Starmie
|-heal|p2a: Starmie|89/100|[silent]
|upkeep
|turn|18
|
|t:|1728538711
|move|p2a: Starmie|Surf|p1a: Blissey
|-damage|p1a: Blissey|68/100
|move|p1a: Blissey|Wish|p1a: Blissey
|
|-weather|Sandstorm|[upkeep]
|-damage|p2a: Starmie|83/100|[from] Sandstorm
|-damage|p1a: Blissey|62/100|[from] Sandstorm
|-heal|p2a: Starmie|89/100|[from] item: Leftovers
|-heal|p1a: Blissey|68/100|[from] item: Leftovers
|-damage|p1a: Blissey|56/100|[from] Leech Seed|[of] p2a: Starmie
|-heal|p2a: Starmie|100/100|[silent]
|upkeep
|turn|19
|inactive|xXEricXx has 240 seconds left.
|
|t:|1728538727
|switch|p1a: Skarmory|Skarmory, F|69/100
|move|p2a: Starmie|Surf|p1a: Skarmory
|-damage|p1a: Skarmory|36/100
|
|-heal|p1a: Skarmory|86/100|[from] move: Wish|[wisher] Blissey
|-weather|Sandstorm|[upkeep]
|-damage|p2a: Starmie|94/100|[from] Sandstorm
|-heal|p2a: Starmie|100/100|[from] item: Leftovers
|-heal|p1a: Skarmory|92/100|[from] item: Leftovers
|upkeep
|turn|20
|
|t:|1728538733
|switch|p1a: Blissey|Blissey, F|56/100
|move|p2a: Starmie|Thunder Wave|p1a: Blissey
|-status|p1a: Blissey|par
|
|-weather|Sandstorm|[upkeep]
|-damage|p2a: Starmie|94/100|[from] Sandstorm
|-damage|p1a: Blissey|50/100 par|[from] Sandstorm
|-heal|p2a: Starmie|100/100|[from] item: Leftovers
|-heal|p1a: Blissey|56/100 par|[from] item: Leftovers
|upkeep
|turn|21
|
|t:|1728538744
|switch|p2a: Tyranitar|Tyranitar, F|100/100
|cant|p1a: Blissey|par
|
|-weather|Sandstorm|[upkeep]
|-damage|p1a: Blissey|50/100 par|[from] Sandstorm
|-heal|p1a: Blissey|56/100 par|[from] item: Leftovers
|upkeep
|turn|22
|
|t:|1728538749
|-curestatus|p1a: Blissey|par|[from] ability: Natural Cure
|switch|p1a: Flygon|Flygon, F|100/100
|move|p2a: Tyranitar|Rock Slide|p1a: Flygon
|-resisted|p1a: Flygon
|-damage|p1a: Flygon|85/100
|
|-weather|Sandstorm|[upkeep]
|-heal|p1a: Flygon|91/100|[from] item: Leftovers
|upkeep
|turn|23
|inactive|xXEricXx has 240 seconds left.
|
|t:|1728538776
|switch|p2a: Skarmory|Skarmory, F|100/100
|move|p1a: Flygon|Toxic|p2a: Skarmory
|-immune|p2a: Skarmory
|
|-weather|Sandstorm|[upkeep]
|-heal|p1a: Flygon|97/100|[from] item: Leftovers
|upkeep
|turn|24
|
|t:|1728538783
|switch|p1a: Blissey|Blissey, F|56/100
|move|p2a: Skarmory|Spikes|p1a: Blissey
|-sidestart|p1: RetiredBohrier|Spikes
|
|-weather|Sandstorm|[upkeep]
|-damage|p1a: Blissey|50/100|[from] Sandstorm
|-heal|p1a: Blissey|56/100|[from] item: Leftovers
|upkeep
|turn|25
|
|t:|1728538789
|move|p2a: Skarmory|Spikes|p1a: Blissey
|-sidestart|p1: RetiredBohrier|Spikes
|move|p1a: Blissey|Soft-Boiled|p1a: Blissey
|-heal|p1a: Blissey|100/100
|
|-weather|Sandstorm|[upkeep]
|-damage|p1a: Blissey|94/100|[from] Sandstorm
|-heal|p1a: Blissey|100/100|[from] item: Leftovers
|upkeep
|turn|26
|
|t:|1728538793
|move|p2a: Skarmory|Spikes|p1a: Blissey
|-sidestart|p1: RetiredBohrier|Spikes
|move|p1a: Blissey|Seismic Toss|p2a: Skarmory
|-damage|p2a: Skarmory|70/100
|
|-weather|Sandstorm|[upkeep]
|-damage|p1a: Blissey|94/100|[from] Sandstorm
|-heal|p2a: Skarmory|76/100|[from] item: Leftovers
|-heal|p1a: Blissey|100/100|[from] item: Leftovers
|upkeep
|turn|27
|
|t:|1728538813
|move|p2a: Skarmory|Protect|p2a: Skarmory
|-singleturn|p2a: Skarmory|Protect
|move|p1a: Blissey|Seismic Toss|p2a: Skarmory
|-activate|p2a: Skarmory|Protect
|
|-weather|Sandstorm|[upkeep]
|-damage|p1a: Blissey|94/100|[from] Sandstorm
|-heal|p2a: Skarmory|82/100|[from] item: Leftovers
|-heal|p1a: Blissey|100/100|[from] item: Leftovers
|upkeep
|turn|28
|inactive|xXEricXx has 270 seconds left.
|
|t:|1728538834
|switch|p2a: Tyranitar|Tyranitar, F|100/100
|move|p1a: Blissey|Seismic Toss|p2a: Tyranitar
|-damage|p2a: Tyranitar|76/100
|
|-weather|Sandstorm|[upkeep]
|-damage|p1a: Blissey|94/100|[from] Sandstorm
|-heal|p2a: Tyranitar|82/100|[from] item: Leftovers
|-heal|p1a: Blissey|100/100|[from] item: Leftovers
|upkeep
|turn|29
|
|t:|1728538840
|move|p2a: Tyranitar|Hidden Power|p1a: Blissey
|-damage|p1a: Blissey|77/100
|move|p1a: Blissey|Wish|p1a: Blissey
|
|-weather|Sandstorm|[upkeep]
|-damage|p1a: Blissey|71/100|[from] Sandstorm
|-heal|p2a: Tyranitar|88/100|[from] item: Leftovers
|-heal|p1a: Blissey|77/100|[from] item: Leftovers
|upkeep
|turn|30
|inactive|xXEricXx has 270 seconds left.
|
|t:|1728538851
|switch|p2a: Swampert|Swampert, F, shiny|86/100
|move|p1a: Blissey|Seismic Toss|p2a: Swampert
|-damage|p2a: Swampert|61/100
|
|-heal|p1a: Blissey|100/100|[from] move: Wish|[wisher] Blissey
|-weather|Sandstorm|[upkeep]
|-damage|p1a: Blissey|94/100|[from] Sandstorm
|-heal|p1a: Blissey|100/100|[from] item: Leftovers
|-heal|p2a: Swampert|67/100|[from] item: Leftovers
|upkeep
|turn|31
|inactive|xXEricXx has 270 seconds left.
|
|t:|1728538858
|move|p2a: Swampert|Protect|p2a: Swampert
|-singleturn|p2a: Swampert|Protect
|move|p1a: Blissey|Seismic Toss|p2a: Swampert
|-activate|p2a: Swampert|Protect
|
|-weather|Sandstorm|[upkeep]
|-damage|p1a: Blissey|94/100|[from] Sandstorm
|-heal|p1a: Blissey|100/100|[from] item: Leftovers
|-heal|p2a: Swampert|74/100|[from] item: Leftovers
|upkeep
|turn|32
|
|t:|1728538864
|switch|p2a: Celebi|Celebi|93/100
|move|p1a: Blissey|Seismic Toss|p2a: Celebi
|-damage|p2a: Celebi|68/100
|
|-weather|Sandstorm|[upkeep]
|-damage|p2a: Celebi|62/100|[from] Sandstorm
|-damage|p1a: Blissey|94/100|[from] Sandstorm
|-heal|p2a: Celebi|68/100|[from] item: Leftovers
|-heal|p1a: Blissey|100/100|[from] item: Leftovers
|upkeep
|turn|33
|
|t:|1728538871
|move|p2a: Celebi|Recover|p2a: Celebi
|-heal|p2a: Celebi|100/100
|move|p1a: Blissey|Ice Beam|p2a: Celebi
|-supereffective|p2a: Celebi
|-damage|p2a: Celebi|62/100
|
|-weather|Sandstorm|[upkeep]
|-damage|p2a: Celebi|55/100|[from] Sandstorm
|-damage|p1a: Blissey|94/100|[from] Sandstorm
|-heal|p2a: Celebi|62/100|[from] item: Leftovers
|-heal|p1a: Blissey|100/100|[from] item: Leftovers
|upkeep
|turn|34
|
|t:|1728538880
|move|p2a: Celebi|Recover|p2a: Celebi
|-heal|p2a: Celebi|100/100
|move|p1a: Blissey|Ice Beam|p2a: Celebi
|-supereffective|p2a: Celebi
|-damage|p2a: Celebi|65/100
|-status|p2a: Celebi|frz
|
|-weather|Sandstorm|[upkeep]
|-damage|p2a: Celebi|59/100 frz|[from] Sandstorm
|-damage|p1a: Blissey|94/100|[from] Sandstorm
|-heal|p2a: Celebi|65/100 frz|[from] item: Leftovers
|-heal|p1a: Blissey|100/100|[from] item: Leftovers
|upkeep
|turn|35
|
|t:|1728538885
|-curestatus|p2a: Celebi|frz|[from] ability: Natural Cure
|switch|p2a: Starmie|Starmie, shiny|100/100
|move|p1a: Blissey|Seismic Toss|p2a: Starmie
|-damage|p2a: Starmie|70/100
|
|-weather|Sandstorm|[upkeep]
|-damage|p2a: Starmie|63/100|[from] Sandstorm
|-damage|p1a: Blissey|94/100|[from] Sandstorm
|-heal|p2a: Starmie|70/100|[from] item: Leftovers
|-heal|p1a: Blissey|100/100|[from] item: Leftovers
|upkeep
|turn|36
|
|t:|1728538892
|move|p2a: Starmie|Thunder Wave|p1a: Blissey
|-status|p1a: Blissey|par
|cant|p1a: Blissey|par
|
|-weather|Sandstorm|[upkeep]
|-damage|p2a: Starmie|63/100|[from] Sandstorm
|-damage|p1a: Blissey|94/100 par|[from] Sandstorm
|-heal|p2a: Starmie|70/100|[from] item: Leftovers
|-heal|p1a: Blissey|100/100 par|[from] item: Leftovers
|upkeep
|turn|37
|
|t:|1728538901
|switch|p2a: Tyranitar|Tyranitar, F|88/100
|cant|p1a: Blissey|par
|
|-weather|Sandstorm|[upkeep]
|-damage|p1a: Blissey|94/100 par|[from] Sandstorm
|-heal|p2a: Tyranitar|94/100|[from] item: Leftovers
|-heal|p1a: Blissey|100/100 par|[from] item: Leftovers
|upkeep
|turn|38
|
|t:|1728538905
|-curestatus|p1a: Blissey|par|[from] ability: Natural Cure
|switch|p1a: Flygon|Flygon, F|97/100
|move|p2a: Tyranitar|Hidden Power|p1a: Flygon
|-damage|p1a: Flygon|78/100
|
|-weather|Sandstorm|[upkeep]
|-heal|p1a: Flygon|84/100|[from] item: Leftovers
|-heal|p2a: Tyranitar|100/100|[from] item: Leftovers
|upkeep
|turn|39
|
|t:|1728538912
|switch|p1a: Zapdos|Zapdos|100/100
|switch|p2a: Skarmory|Skarmory, F|82/100
|
|-weather|Sandstorm|[upkeep]
|-damage|p1a: Zapdos|94/100|[from] Sandstorm
|-heal|p1a: Zapdos|100/100|[from] item: Leftovers
|-heal|p2a: Skarmory|88/100|[from] item: Leftovers
|upkeep
|turn|40
|
|t:|1728538921
|switch|p2a: Celebi|Celebi|65/100
|move|p1a: Zapdos|Light Screen|p1a: Zapdos
|-sidestart|p1: RetiredBohrier|Light Screen
|
|-weather|Sandstorm|[upkeep]
|-damage|p1a: Zapdos|94/100|[from] Sandstorm
|-damage|p2a: Celebi|59/100|[from] Sandstorm
|-heal|p1a: Zapdos|100/100|[from] item: Leftovers
|-heal|p2a: Celebi|65/100|[from] item: Leftovers
|upkeep
|turn|41
|
|t:|1728538927
|move|p1a: Zapdos|Hidden Power|p2a: Celebi
|-supereffective|p2a: Celebi
|-damage|p2a: Celebi|30/100
|move|p2a: Celebi|Recover|p2a: Celebi
|-heal|p2a: Celebi|79/100
|
|-weather|Sandstorm|[upkeep]
|-damage|p1a: Zapdos|94/100|[from] Sandstorm
|-damage|p2a: Celebi|73/100|[from] Sandstorm
|-heal|p1a: Zapdos|100/100|[from] item: Leftovers
|-heal|p2a: Celebi|79/100|[from] item: Leftovers
|upkeep
|turn|42
|
|t:|1728538936
|move|p1a: Zapdos|Metal Sound|p2a: Celebi
|-unboost|p2a: Celebi|spd|2
|move|p2a: Celebi|Recover|p2a: Celebi
|-heal|p2a: Celebi|100/100
|
|-weather|Sandstorm|[upkeep]
|-damage|p1a: Zapdos|94/100|[from] Sandstorm
|-damage|p2a: Celebi|94/100|[from] Sandstorm
|-heal|p1a: Zapdos|100/100|[from] item: Leftovers
|-heal|p2a: Celebi|100/100|[from] item: Leftovers
|upkeep
|turn|43
|
|t:|1728538950
|switch|p2a: Tyranitar|Tyranitar, F|100/100
|move|p1a: Zapdos|Thunderbolt|p2a: Tyranitar
|-damage|p2a: Tyranitar|60/100
|-status|p2a: Tyranitar|par
|
|-weather|Sandstorm|[upkeep]
|-damage|p1a: Zapdos|94/100|[from] Sandstorm
|-heal|p1a: Zapdos|100/100|[from] item: Leftovers
|-heal|p2a: Tyranitar|66/100 par|[from] item: Leftovers
|upkeep
|turn|44
|
|t:|1728538960
|switch|p1a: Flygon|Flygon, F|84/100
|cant|p2a: Tyranitar|par
|
|-sideend|p1: RetiredBohrier|Light Screen
|-weather|Sandstorm|[upkeep]
|-heal|p1a: Flygon|90/100|[from] item: Leftovers
|-heal|p2a: Tyranitar|72/100 par|[from] item: Leftovers
|upkeep
|turn|45
|
|t:|1728538971
|switch|p2a: Skarmory|Skarmory, F|88/100
|move|p1a: Flygon|Rock Slide|p2a: Skarmory
|-damage|p2a: Skarmory|77/100
|
|-weather|Sandstorm|[upkeep]
|-heal|p1a: Flygon|96/100|[from] item: Leftovers
|-heal|p2a: Skarmory|83/100|[from] item: Leftovers
|upkeep
|turn|46
|
|t:|1728538981
|switch|p1a: Gengar|Gengar, F|100/100 par
|move|p2a: Skarmory|Roar|p1a: Gengar
|drag|p1a: Skarmory|Skarmory, F|92/100
|
|-weather|Sandstorm|[upkeep]
|-heal|p1a: Skarmory|98/100|[from] item: Leftovers
|-heal|p2a: Skarmory|89/100|[from] item: Leftovers
|upkeep
|turn|47
|
|t:|1728538994
|switch|p2a: Tyranitar|Tyranitar, F|72/100 par
|move|p1a: Skarmory|Taunt|p2a: Tyranitar
|-start|p2a: Tyranitar|move: Taunt
|
|-weather|Sandstorm|[upkeep]
|-heal|p1a: Skarmory|100/100|[from] item: Leftovers
|-heal|p2a: Tyranitar|78/100 par|[from] item: Leftovers
|upkeep
|turn|48
|
|t:|1728539012
|switch|p2a: Starmie|Starmie, shiny|70/100
|move|p1a: Skarmory|Spikes|p2a: Starmie
|-sidestart|p2: xXEricXx|Spikes
|
|-weather|Sandstorm|[upkeep]
|-damage|p2a: Starmie|63/100|[from] Sandstorm
|-heal|p2a: Starmie|70/100|[from] item: Leftovers
|upkeep
|turn|49
|
|t:|1728539020
|move|p2a: Starmie|Surf|p1a: Skarmory
|-damage|p1a: Skarmory|69/100
|move|p1a: Skarmory|Roar|p2a: Starmie
|drag|p2a: Swampert|Swampert, F, shiny|74/100
|-damage|p2a: Swampert|61/100|[from] Spikes
|
|-weather|Sandstorm|[upkeep]
|-heal|p1a: Skarmory|75/100|[from] item: Leftovers
|-heal|p2a: Swampert|67/100|[from] item: Leftovers
|upkeep
|turn|50
|
|t:|1728539030
|switch|p2a: Starmie|Starmie, shiny|70/100
|-damage|p2a: Starmie|57/100|[from] Spikes
|move|p1a: Skarmory|Toxic|p2a: Starmie
|-status|p2a: Starmie|tox
|
|-weather|Sandstorm|[upkeep]
|-damage|p2a: Starmie|51/100 tox|[from] Sandstorm
|-heal|p2a: Starmie|57/100 tox|[from] item: Leftovers
|-damage|p2a: Starmie|51/100 tox|[from] psn
|-heal|p1a: Skarmory|81/100|[from] item: Leftovers
|upkeep
|turn|51
|
|t:|1728539037
|switch|p1a: Gengar|Gengar, F|100/100 par
|move|p2a: Starmie|Recover|p2a: Starmie
|-heal|p2a: Starmie|100/100 tox
|
|-weather|Sandstorm|[upkeep]
|-damage|p2a: Starmie|94/100 tox|[from] Sandstorm
|-damage|p1a: Gengar|94/100 par|[from] Sandstorm
|-heal|p2a: Starmie|100/100 tox|[from] item: Leftovers
|-damage|p2a: Starmie|88/100 tox|[from] psn
|-heal|p1a: Gengar|100/100 par|[from] item: Leftovers
|upkeep
|turn|52
|
|t:|1728539044
|-curestatus|p2a: Starmie|tox|[from] ability: Natural Cure
|switch|p2a: Celebi|Celebi|100/100
|-damage|p2a: Celebi|88/100|[from] Spikes
|move|p1a: Gengar|Will-O-Wisp|p2a: Celebi
|-status|p2a: Celebi|brn
|
|-weather|Sandstorm|[upkeep]
|-damage|p2a: Celebi|82/100 brn|[from] Sandstorm
|-damage|p1a: Gengar|94/100 par|[from] Sandstorm
|-heal|p2a: Celebi|88/100 brn|[from] item: Leftovers
|-damage|p2a: Celebi|76/100 brn|[from] brn
|-heal|p1a: Gengar|100/100 par|[from] item: Leftovers
|upkeep
|turn|53
|
|t:|1728539058
|switch|p1a: Blissey|Blissey, F|100/100
|-damage|p1a: Blissey|76/100|[from] Spikes
|move|p2a: Celebi|Leech Seed|p1a: Blissey
|-start|p1a: Blissey|move: Leech Seed
|
|-weather|Sandstorm|[upkeep]
|-damage|p2a: Celebi|69/100 brn|[from] Sandstorm
|-damage|p1a: Blissey|69/100|[from] Sandstorm
|-heal|p2a: Celebi|76/100 brn|[from] item: Leftovers
|-damage|p2a: Celebi|63/100 brn|[from] brn
|-heal|p1a: Blissey|76/100|[from] item: Leftovers
|-damage|p1a: Blissey|63/100|[from] Leech Seed|[of] p2a: Celebi
|-heal|p2a: Celebi|83/100 brn|[silent]
|upkeep
|turn|54
|
|t:|1728539065
|-curestatus|p2a: Celebi|brn|[from] ability: Natural Cure
|switch|p2a: Starmie|Starmie, shiny|88/100
|-damage|p2a: Starmie|76/100|[from] Spikes
|move|p1a: Blissey|Wish|p1a: Blissey
|
|-weather|Sandstorm|[upkeep]
|-damage|p2a: Starmie|70/100|[from] Sandstorm
|-damage|p1a: Blissey|57/100|[from] Sandstorm
|-heal|p2a: Starmie|76/100|[from] item: Leftovers
|-heal|p1a: Blissey|63/100|[from] item: Leftovers
|-damage|p1a: Blissey|51/100|[from] Leech Seed|[of] p2a: Starmie
|-heal|p2a: Starmie|100/100|[silent]
|upkeep
|turn|55
|
|t:|1728539075
|move|p2a: Starmie|Rapid Spin|p1a: Blissey
|-damage|p1a: Blissey|48/100
|-sideend|p2: xXEricXx|Spikes|[from] move: Rapid Spin|[of] p2a: Starmie
|move|p1a: Blissey|Seismic Toss|p2a: Starmie
|-damage|p2a: Starmie|70/100
|
|-heal|p1a: Blissey|98/100|[from] move: Wish|[wisher] Blissey
|-weather|Sandstorm|[upkeep]
|-damage|p2a: Starmie|63/100|[from] Sandstorm
|-damage|p1a: Blissey|92/100|[from] Sandstorm
|-heal|p2a: Starmie|70/100|[from] item: Leftovers
|-heal|p1a: Blissey|98/100|[from] item: Leftovers
|-damage|p1a: Blissey|85/100|[from] Leech Seed|[of] p2a: Starmie
|-heal|p2a: Starmie|95/100|[silent]
|upkeep
|turn|56
|
|t:|1728539090
|switch|p2a: Swampert|Swampert, F, shiny|67/100
|switch|p1a: Gengar|Gengar, F|100/100 par
|
|-weather|Sandstorm|[upkeep]
|-damage|p1a: Gengar|94/100 par|[from] Sandstorm
|-heal|p2a: Swampert|74/100|[from] item: Leftovers
|-heal|p1a: Gengar|100/100 par|[from] item: Leftovers
|upkeep
|turn|57
|
|t:|1728539098
|move|p2a: Swampert|Protect|p2a: Swampert
|-singleturn|p2a: Swampert|Protect
|move|p1a: Gengar|Giga Drain|p2a: Swampert
|-activate|p2a: Swampert|Protect
|
|-weather|Sandstorm|[upkeep]
|-damage|p1a: Gengar|94/100 par|[from] Sandstorm
|-heal|p2a: Swampert|80/100|[from] item: Leftovers
|-heal|p1a: Gengar|100/100 par|[from] item: Leftovers
|upkeep
|turn|58
|
|t:|1728539106
|switch|p2a: Celebi|Celebi|83/100
|cant|p1a: Gengar|par
|
|-weather|Sandstorm|[upkeep]
|-damage|p2a: Celebi|77/100|[from] Sandstorm
|-damage|p1a: Gengar|94/100 par|[from] Sandstorm
|-heal|p2a: Celebi|83/100|[from] item: Leftovers
|-heal|p1a: Gengar|100/100 par|[from] item: Leftovers
|upkeep
|turn|59
|
|t:|1728539131
|move|p2a: Celebi|Leech Seed|p1a: Gengar
|-start|p1a: Gengar|move: Leech Seed
|move|p1a: Gengar|Will-O-Wisp|p2a: Celebi
|-status|p2a: Celebi|brn
|
|-weather|Sandstorm|[upkeep]
|-damage|p2a: Celebi|77/100 brn|[from] Sandstorm
|-damage|p1a: Gengar|94/100 par|[from] Sandstorm
|-heal|p2a: Celebi|83/100 brn|[from] item: Leftovers
|-damage|p2a: Celebi|71/100 brn|[from] brn
|-heal|p1a: Gengar|100/100 par|[from] item: Leftovers
|-damage|p1a: Gengar|88/100 par|[from] Leech Seed|[of] p2a: Celebi
|-heal|p2a: Celebi|79/100 brn|[silent]
|upkeep
|turn|60
|inactive|xXEricXx has 270 seconds left.
|inactive|RetiredBohrier disconnected and has 300 seconds to reconnect!
|player|p1|
|inactive|RetiredBohrier reconnected.
|player|p1|RetiredBohrier|2|
|
|t:|1728539171
|-curestatus|p2a: Celebi|brn|[from] ability: Natural Cure
|switch|p2a: Aerodactyl|Aerodactyl, F|100/100
|switch|p1a: Blissey|Blissey, F|85/100
|-damage|p1a: Blissey|61/100|[from] Spikes
|
|-weather|Sandstorm|[upkeep]
|-damage|p1a: Blissey|54/100|[from] Sandstorm
|-heal|p1a: Blissey|61/100|[from] item: Leftovers
|upkeep
|turn|61
|
|t:|1728539184
|move|p2a: Aerodactyl|Rock Slide|p1a: Blissey
|-damage|p1a: Blissey|10/100
|cant|p1a: Blissey|flinch
|
|-weather|Sandstorm|[upkeep]
|-damage|p1a: Blissey|4/100|[from] Sandstorm
|-heal|p1a: Blissey|10/100|[from] item: Leftovers
|upkeep
|turn|62
|c|☆RetiredBohrier|Come on bro
|c|☆RetiredBohrier|Every risk I've taken I've gotten parad or flinched
|
|t:|1728539202
|switch|p1a: Flygon|Flygon, F|96/100
|move|p2a: Aerodactyl|Rock Slide|p1a: Flygon
|-resisted|p1a: Flygon
|-damage|p1a: Flygon|75/100
|
|-weather|Sandstorm|[upkeep]
|-heal|p1a: Flygon|82/100|[from] item: Leftovers
|upkeep
|turn|63
|
|t:|1728539214
|switch|p2a: Skarmory|Skarmory, F|89/100
|switch|p1a: Gengar|Gengar, F|88/100 par
|
|-weather|Sandstorm|[upkeep]
|-damage|p1a: Gengar|82/100 par|[from] Sandstorm
|-heal|p2a: Skarmory|95/100|[from] item: Leftovers
|-heal|p1a: Gengar|88/100 par|[from] item: Leftovers
|upkeep
|turn|64
|c|☆RetiredBohrier|Legit every risk
|c|☆RetiredBohrier|I lose now 
|c|☆RetiredBohrier|I don't have my blissey
|c|☆RetiredBohrier|And I got nothing in compensaton
|
|t:|1728539232
|move|p2a: Skarmory|Protect|p2a: Skarmory
|-singleturn|p2a: Skarmory|Protect
|cant|p1a: Gengar|par
|
|-weather|Sandstorm|[upkeep]
|-damage|p1a: Gengar|82/100 par|[from] Sandstorm
|-heal|p2a: Skarmory|100/100|[from] item: Leftovers
|-heal|p1a: Gengar|88/100 par|[from] item: Leftovers
|upkeep
|turn|65
|inactive|xXEricXx has 270 seconds left.
|
|t:|1728539244
|switch|p2a: Celebi|Celebi|79/100
|move|p1a: Gengar|Will-O-Wisp|p2a: Celebi
|-status|p2a: Celebi|brn
|
|-weather|Sandstorm|[upkeep]
|-damage|p2a: Celebi|73/100 brn|[from] Sandstorm
|-damage|p1a: Gengar|82/100 par|[from] Sandstorm
|-heal|p2a: Celebi|79/100 brn|[from] item: Leftovers
|-damage|p2a: Celebi|67/100 brn|[from] brn
|-heal|p1a: Gengar|88/100 par|[from] item: Leftovers
|upkeep
|turn|66
|inactive|xXEricXx has 270 seconds left.
|
|t:|1728539252
|switch|p1a: Skarmory|Skarmory, F|81/100
|move|p2a: Celebi|Psychic|p1a: Skarmory
|-resisted|p1a: Skarmory
|-damage|p1a: Skarmory|66/100
|-unboost|p1a: Skarmory|spd|1
|
|-weather|Sandstorm|[upkeep]
|-damage|p2a: Celebi|61/100 brn|[from] Sandstorm
|-heal|p2a: Celebi|67/100 brn|[from] item: Leftovers
|-damage|p2a: Celebi|55/100 brn|[from] brn
|-heal|p1a: Skarmory|72/100|[from] item: Leftovers
|upkeep
|turn|67
|
|t:|1728539258
|switch|p1a: Blissey|Blissey, F|10/100
|-damage|p1a: Blissey|0 fnt|[from] Spikes
|faint|p1a: Blissey
|
|t:|1728539262
|switch|p1a: Zapdos|Zapdos|100/100
|
|-weather|Sandstorm|[upkeep]
|-damage|p1a: Zapdos|94/100|[from] Sandstorm
|-damage|p2a: Celebi|48/100 brn|[from] Sandstorm
|-heal|p1a: Zapdos|100/100|[from] item: Leftovers
|-heal|p2a: Celebi|55/100 brn|[from] item: Leftovers
|-damage|p2a: Celebi|42/100 brn|[from] brn
|upkeep
|turn|68
|inactive|xXEricXx has 270 seconds left.
|
|t:|1728539298
|-curestatus|p2a: Celebi|brn|[from] ability: Natural Cure
|switch|p2a: Swampert|Swampert, F, shiny|80/100
|move|p1a: Zapdos|Metal Sound|p2a: Swampert
|-unboost|p2a: Swampert|spd|2
|
|-weather|Sandstorm|[upkeep]
|-damage|p1a: Zapdos|94/100|[from] Sandstorm
|-heal|p1a: Zapdos|100/100|[from] item: Leftovers
|-heal|p2a: Swampert|86/100|[from] item: Leftovers
|upkeep
|turn|69
|
|t:|1728539308
|move|p1a: Zapdos|Hidden Power|p2a: Swampert
|-damage|p2a: Swampert|48/100
|move|p2a: Swampert|Ice Beam|p1a: Zapdos
|-supereffective|p1a: Zapdos
|-damage|p1a: Zapdos|61/100
|
|-weather|Sandstorm|[upkeep]
|-damage|p1a: Zapdos|55/100|[from] Sandstorm
|-heal|p1a: Zapdos|61/100|[from] item: Leftovers
|-heal|p2a: Swampert|54/100|[from] item: Leftovers
|upkeep
|turn|70
|
|t:|1728539315
|move|p2a: Swampert|Protect|p2a: Swampert
|-singleturn|p2a: Swampert|Protect
|move|p1a: Zapdos|Hidden Power|p2a: Swampert
|-activate|p2a: Swampert|Protect
|
|-weather|Sandstorm|[upkeep]
|-damage|p1a: Zapdos|55/100|[from] Sandstorm
|-heal|p1a: Zapdos|61/100|[from] item: Leftovers
|-heal|p2a: Swampert|60/100|[from] item: Leftovers
|upkeep
|turn|71
|
|t:|1728539324
|move|p1a: Zapdos|Hidden Power|p2a: Swampert
|-damage|p2a: Swampert|23/100
|move|p2a: Swampert|Ice Beam|p1a: Zapdos
|-supereffective|p1a: Zapdos
|-damage|p1a: Zapdos|20/100
|-status|p1a: Zapdos|frz
|
|-weather|Sandstorm|[upkeep]
|-damage|p1a: Zapdos|14/100 frz|[from] Sandstorm
|-heal|p1a: Zapdos|20/100 frz|[from] item: Leftovers
|-heal|p2a: Swampert|29/100|[from] item: Leftovers
|upkeep
|turn|72
|inactive|xXEricXx has 270 seconds left.
|
|t:|1728539335
|move|p2a: Swampert|Protect|p2a: Swampert
|-singleturn|p2a: Swampert|Protect
|-curestatus|p1a: Zapdos|frz|[msg]
|move|p1a: Zapdos|Hidden Power|p2a: Swampert
|-activate|p2a: Swampert|Protect
|
|-weather|Sandstorm|[upkeep]
|-damage|p1a: Zapdos|14/100|[from] Sandstorm
|-heal|p1a: Zapdos|20/100|[from] item: Leftovers
|-heal|p2a: Swampert|35/100|[from] item: Leftovers
|upkeep
|turn|73
|inactive|xXEricXx has 270 seconds left.
|
|t:|1728539345
|switch|p2a: Tyranitar|Tyranitar, F|78/100 par
|move|p1a: Zapdos|Hidden Power|p2a: Tyranitar
|-crit|p2a: Tyranitar
|-damage|p2a: Tyranitar|43/100 par
|
|-weather|Sandstorm|[upkeep]
|-damage|p1a: Zapdos|14/100|[from] Sandstorm
|-heal|p1a: Zapdos|20/100|[from] item: Leftovers
|-heal|p2a: Tyranitar|49/100 par|[from] item: Leftovers
|upkeep
|turn|74
|
|t:|1728539352
|move|p1a: Zapdos|Thunderbolt|p2a: Tyranitar
|-crit|p2a: Tyranitar
|-damage|p2a: Tyranitar|0 fnt
|faint|p2a: Tyranitar
|
|t:|1728539361
|switch|p2a: Starmie|Starmie, shiny|95/100
|
|-weather|Sandstorm|[upkeep]
|-damage|p2a: Starmie|88/100|[from] Sandstorm
|-damage|p1a: Zapdos|14/100|[from] Sandstorm
|-heal|p2a: Starmie|95/100|[from] item: Leftovers
|-heal|p1a: Zapdos|20/100|[from] item: Leftovers
|upkeep
|turn|75
|
|t:|1728539365
|move|p2a: Starmie|Surf|p1a: Zapdos
|-damage|p1a: Zapdos|0 fnt
|faint|p1a: Zapdos
|
|t:|1728539371
|switch|p1a: Tyranitar|Tyranitar, F|100/100
|-damage|p1a: Tyranitar|76/100|[from] Spikes
|
|-weather|Sandstorm|[upkeep]
|-damage|p2a: Starmie|88/100|[from] Sandstorm
|-heal|p2a: Starmie|95/100|[from] item: Leftovers
|upkeep
|turn|76
|
|t:|1728539397
|switch|p2a: Celebi|Celebi|42/100
|move|p1a: Tyranitar|Hidden Power|p2a: Celebi
|-supereffective|p2a: Celebi
|-damage|p2a: Celebi|0 fnt
|faint|p2a: Celebi
|inactive|xXEricXx has 270 seconds left.
|
|t:|1728539423
|switch|p2a: Aerodactyl|Aerodactyl, F|100/100
|
|-weather|Sandstorm|[upkeep]
|upkeep
|turn|77
|
|t:|1728539436
|switch|p1a: Gengar|Gengar, F|88/100 par
|move|p2a: Aerodactyl|Rock Slide|p1a: Gengar
|-damage|p1a: Gengar|0 fnt
|faint|p1a: Gengar
|
|t:|1728539444
|switch|p1a: Skarmory|Skarmory, F|72/100
|
|-weather|Sandstorm|[upkeep]
|-heal|p1a: Skarmory|78/100|[from] item: Leftovers
|upkeep
|turn|78
|
|t:|1728539452
|switch|p2a: Skarmory|Skarmory, F|100/100
|move|p1a: Skarmory|Toxic|p2a: Skarmory
|-immune|p2a: Skarmory
|
|-weather|Sandstorm|[upkeep]
|-heal|p1a: Skarmory|84/100|[from] item: Leftovers
|upkeep
|turn|79
|
|t:|1728539456
|move|p1a: Skarmory|Taunt|p2a: Skarmory
|-start|p2a: Skarmory|move: Taunt
|move|p2a: Skarmory|Drill Peck|p1a: Skarmory
|-resisted|p1a: Skarmory
|-damage|p1a: Skarmory|75/100
|
|-weather|Sandstorm|[upkeep]
|-heal|p1a: Skarmory|81/100|[from] item: Leftovers
|upkeep
|turn|80
|
|t:|1728539460
|move|p1a: Skarmory|Spikes|p2a: Skarmory
|-sidestart|p2: xXEricXx|Spikes
|move|p2a: Skarmory|Drill Peck|p1a: Skarmory
|-resisted|p1a: Skarmory
|-damage|p1a: Skarmory|72/100
|
|-weather|Sandstorm|[upkeep]
|-heal|p1a: Skarmory|78/100|[from] item: Leftovers
|-end|p2a: Skarmory|move: Taunt|[silent]
|upkeep
|turn|81
|
|t:|1728539465
|move|p2a: Skarmory|Drill Peck|p1a: Skarmory
|-resisted|p1a: Skarmory
|-damage|p1a: Skarmory|70/100
|move|p1a: Skarmory|Roar|p2a: Skarmory
|drag|p2a: Swampert|Swampert, F, shiny|35/100
|-damage|p2a: Swampert|23/100|[from] Spikes
|
|-weather|Sandstorm|[upkeep]
|-heal|p1a: Skarmory|76/100|[from] item: Leftovers
|-heal|p2a: Swampert|29/100|[from] item: Leftovers
|upkeep
|turn|82
|
|t:|1728539476
|switch|p2a: Starmie|Starmie, shiny|95/100
|-damage|p2a: Starmie|82/100|[from] Spikes
|move|p1a: Skarmory|Spikes|p2a: Starmie
|-sidestart|p2: xXEricXx|Spikes
|
|-weather|Sandstorm|[upkeep]
|-damage|p2a: Starmie|76/100|[from] Sandstorm
|-heal|p2a: Starmie|82/100|[from] item: Leftovers
|-heal|p1a: Skarmory|82/100|[from] item: Leftovers
|upkeep
|turn|83
|
|t:|1728539484
|move|p2a: Starmie|Thunder Wave|p1a: Skarmory
|-status|p1a: Skarmory|par
|cant|p1a: Skarmory|par
|
|-weather|Sandstorm|[upkeep]
|-damage|p2a: Starmie|76/100|[from] Sandstorm
|-heal|p2a: Starmie|82/100|[from] item: Leftovers
|-heal|p1a: Skarmory|88/100 par|[from] item: Leftovers
|upkeep
|turn|84
|
|t:|1728539495
|move|p2a: Starmie|Rapid Spin|p1a: Skarmory
|-resisted|p1a: Skarmory
|-damage|p1a: Skarmory|87/100 par
|-sideend|p2: xXEricXx|Spikes|[from] move: Rapid Spin|[of] p2a: Starmie
|move|p1a: Skarmory|Roar|p2a: Starmie
|drag|p2a: Skarmory|Skarmory, F|100/100
|
|-weather|Sandstorm|[upkeep]
|-heal|p1a: Skarmory|93/100 par|[from] item: Leftovers
|upkeep
|turn|85
|
|t:|1728539504
|move|p1a: Skarmory|Spikes|p2a: Skarmory
|-sidestart|p2: xXEricXx|Spikes
|move|p2a: Skarmory|Roar|p1a: Skarmory
|drag|p1a: Tyranitar|Tyranitar, F|76/100
|-damage|p1a: Tyranitar|51/100|[from] Spikes
|
|-weather|Sandstorm|[upkeep]
|upkeep
|turn|86
|
|t:|1728539509
|move|p2a: Skarmory|Protect|p2a: Skarmory
|-singleturn|p2a: Skarmory|Protect
|move|p1a: Tyranitar|Brick Break|p2a: Skarmory
|-activate|p2a: Skarmory|Protect
|
|-weather|Sandstorm|[upkeep]
|upkeep
|turn|87
|
|t:|1728539515
|move|p1a: Tyranitar|Brick Break|p2a: Skarmory
|-damage|p2a: Skarmory|74/100
|move|p2a: Skarmory|Drill Peck|p1a: Tyranitar
|-resisted|p1a: Tyranitar
|-damage|p1a: Tyranitar|42/100
|
|-weather|Sandstorm|[upkeep]
|-heal|p2a: Skarmory|80/100|[from] item: Leftovers
|upkeep
|turn|88
|
|t:|1728539519
|move|p2a: Skarmory|Protect|p2a: Skarmory
|-singleturn|p2a: Skarmory|Protect
|move|p1a: Tyranitar|Brick Break|p2a: Skarmory
|-activate|p2a: Skarmory|Protect
|
|-weather|Sandstorm|[upkeep]
|-heal|p2a: Skarmory|86/100|[from] item: Leftovers
|upkeep
|turn|89
|
|t:|1728539522
|move|p1a: Tyranitar|Brick Break|p2a: Skarmory
|-damage|p2a: Skarmory|57/100
|move|p2a: Skarmory|Roar|p1a: Tyranitar
|drag|p1a: Flygon|Flygon, F|82/100
|
|-weather|Sandstorm|[upkeep]
|-heal|p1a: Flygon|88/100|[from] item: Leftovers
|-heal|p2a: Skarmory|63/100|[from] item: Leftovers
|upkeep
|turn|90
|
|t:|1728539529
|move|p1a: Flygon|Rock Slide|p2a: Skarmory
|-damage|p2a: Skarmory|50/100
|move|p2a: Skarmory|Drill Peck|p1a: Flygon
|-damage|p1a: Flygon|69/100
|
|-weather|Sandstorm|[upkeep]
|-heal|p1a: Flygon|75/100|[from] item: Leftovers
|-heal|p2a: Skarmory|56/100|[from] item: Leftovers
|upkeep
|turn|91
|
|t:|1728539536
|move|p2a: Skarmory|Protect|p2a: Skarmory
|-singleturn|p2a: Skarmory|Protect
|move|p1a: Flygon|Rock Slide|p2a: Skarmory|[miss]
|-miss|p1a: Flygon|p2a: Skarmory
|
|-weather|Sandstorm|[upkeep]
|-heal|p1a: Flygon|82/100|[from] item: Leftovers
|-heal|p2a: Skarmory|62/100|[from] item: Leftovers
|upkeep
|turn|92
|
|t:|1728539537
|move|p1a: Flygon|Protect|p1a: Flygon
|-singleturn|p1a: Flygon|Protect
|move|p2a: Skarmory|Drill Peck|p1a: Flygon
|-activate|p1a: Flygon|Protect
|
|-weather|Sandstorm|[upkeep]
|-heal|p1a: Flygon|88/100|[from] item: Leftovers
|-heal|p2a: Skarmory|68/100|[from] item: Leftovers
|upkeep
|turn|93
|
|t:|1728539541
|move|p1a: Flygon|Rock Slide|p2a: Skarmory|[miss]
|-miss|p1a: Flygon|p2a: Skarmory
|move|p2a: Skarmory|Drill Peck|p1a: Flygon
|-damage|p1a: Flygon|70/100
|
|-weather|Sandstorm|[upkeep]
|-heal|p1a: Flygon|76/100|[from] item: Leftovers
|-heal|p2a: Skarmory|74/100|[from] item: Leftovers
|upkeep
|turn|94
|
|t:|1728539546
|move|p1a: Flygon|Protect|p1a: Flygon
|-singleturn|p1a: Flygon|Protect
|move|p2a: Skarmory|Drill Peck|p1a: Flygon
|-activate|p1a: Flygon|Protect
|
|-weather|Sandstorm|[upkeep]
|-heal|p1a: Flygon|82/100|[from] item: Leftovers
|-heal|p2a: Skarmory|80/100|[from] item: Leftovers
|upkeep
|turn|95
|
|t:|1728539552
|switch|p1a: Skarmory|Skarmory, F|93/100 par
|move|p2a: Skarmory|Drill Peck|p1a: Skarmory
|-resisted|p1a: Skarmory
|-damage|p1a: Skarmory|85/100 par
|
|-weather|Sandstorm|[upkeep]
|-heal|p2a: Skarmory|86/100|[from] item: Leftovers
|-heal|p1a: Skarmory|91/100 par|[from] item: Leftovers
|upkeep
|turn|96
|
|t:|1728539558
|move|p2a: Skarmory|Drill Peck|p1a: Skarmory
|-resisted|p1a: Skarmory
|-damage|p1a: Skarmory|81/100 par
|cant|p1a: Skarmory|par
|
|-weather|Sandstorm|[upkeep]
|-heal|p2a: Skarmory|92/100|[from] item: Leftovers
|-heal|p1a: Skarmory|87/100 par|[from] item: Leftovers
|upkeep
|turn|97
|
|t:|1728539563
|move|p2a: Skarmory|Drill Peck|p1a: Skarmory
|-resisted|p1a: Skarmory
|-damage|p1a: Skarmory|79/100 par
|move|p1a: Skarmory|Spikes|p2a: Skarmory
|-sidestart|p2: xXEricXx|Spikes
|
|-weather|Sandstorm|[upkeep]
|-heal|p2a: Skarmory|98/100|[from] item: Leftovers
|-heal|p1a: Skarmory|85/100 par|[from] item: Leftovers
|upkeep
|turn|98
|
|t:|1728539569
|move|p2a: Skarmory|Drill Peck|p1a: Skarmory
|-resisted|p1a: Skarmory
|-damage|p1a: Skarmory|76/100 par
|cant|p1a: Skarmory|par
|
|-weather|Sandstorm|[upkeep]
|-heal|p2a: Skarmory|100/100|[from] item: Leftovers
|-heal|p1a: Skarmory|82/100 par|[from] item: Leftovers
|upkeep
|turn|99
|
|t:|1728539573
|move|p2a: Skarmory|Drill Peck|p1a: Skarmory
|-resisted|p1a: Skarmory
|-damage|p1a: Skarmory|73/100 par
|move|p1a: Skarmory|Spikes|p2a: Skarmory
|-sidestart|p2: xXEricXx|Spikes
|
|-weather|Sandstorm|[upkeep]
|-heal|p1a: Skarmory|79/100 par|[from] item: Leftovers
|upkeep
|turn|100
|
|t:|1728539577
|move|p2a: Skarmory|Drill Peck|p1a: Skarmory
|-resisted|p1a: Skarmory
|-damage|p1a: Skarmory|71/100 par
|cant|p1a: Skarmory|par
|
|-weather|Sandstorm|[upkeep]
|-heal|p1a: Skarmory|77/100 par|[from] item: Leftovers
|upkeep
|turn|101
|
|t:|1728539588
|move|p2a: Skarmory|Drill Peck|p1a: Skarmory
|-resisted|p1a: Skarmory
|-damage|p1a: Skarmory|67/100 par
|move|p1a: Skarmory|Roar|p2a: Skarmory
|drag|p2a: Starmie|Starmie, shiny|82/100
|-damage|p2a: Starmie|57/100|[from] Spikes
|
|-weather|Sandstorm|[upkeep]
|-damage|p2a: Starmie|51/100|[from] Sandstorm
|-heal|p2a: Starmie|57/100|[from] item: Leftovers
|-heal|p1a: Skarmory|73/100 par|[from] item: Leftovers
|upkeep
|turn|102
|
|t:|1728539594
|move|p2a: Starmie|Rapid Spin|p1a: Skarmory
|-resisted|p1a: Skarmory
|-damage|p1a: Skarmory|72/100 par
|-sideend|p2: xXEricXx|Spikes|[from] move: Rapid Spin|[of] p2a: Starmie
|move|p1a: Skarmory|Roar|p2a: Starmie
|drag|p2a: Skarmory|Skarmory, F|100/100
|
|-weather|Sandstorm|[upkeep]
|-heal|p1a: Skarmory|78/100 par|[from] item: Leftovers
|upkeep
|turn|103
|
|t:|1728539603
|switch|p2a: Starmie|Starmie, shiny|57/100
|move|p1a: Skarmory|Spikes|p2a: Starmie
|-sidestart|p2: xXEricXx|Spikes
|
|-weather|Sandstorm|[upkeep]
|-damage|p2a: Starmie|51/100|[from] Sandstorm
|-heal|p2a: Starmie|57/100|[from] item: Leftovers
|-heal|p1a: Skarmory|84/100 par|[from] item: Leftovers
|upkeep
|turn|104
|
|t:|1728539607
|move|p2a: Starmie|Surf|p1a: Skarmory
|-damage|p1a: Skarmory|51/100 par
|move|p1a: Skarmory|Roar|p2a: Starmie
|drag|p2a: Skarmory|Skarmory, F|100/100
|
|-weather|Sandstorm|[upkeep]
|-heal|p1a: Skarmory|57/100 par|[from] item: Leftovers
|upkeep
|turn|105
|
|t:|1728539615
|move|p2a: Skarmory|Roar|p1a: Skarmory
|drag|p1a: Flygon|Flygon, F|82/100
|
|-weather|Sandstorm|[upkeep]
|-heal|p1a: Flygon|88/100|[from] item: Leftovers
|upkeep
|turn|106
|
|t:|1728539621
|move|p1a: Flygon|Rock Slide|p2a: Skarmory
|-damage|p2a: Skarmory|88/100
|cant|p2a: Skarmory|flinch
|
|-weather|Sandstorm|[upkeep]
|-heal|p1a: Flygon|94/100|[from] item: Leftovers
|-heal|p2a: Skarmory|94/100|[from] item: Leftovers
|upkeep
|turn|107
|
|t:|1728539630
|move|p1a: Flygon|Rock Slide|p2a: Skarmory
|-damage|p2a: Skarmory|82/100
|move|p2a: Skarmory|Roar|p1a: Flygon
|drag|p1a: Tyranitar|Tyranitar, F|42/100
|-damage|p1a: Tyranitar|18/100|[from] Spikes
|
|-weather|Sandstorm|[upkeep]
|-heal|p2a: Skarmory|88/100|[from] item: Leftovers
|upkeep
|turn|108
|
|t:|1728539636
|move|p2a: Skarmory|Protect|p2a: Skarmory
|-singleturn|p2a: Skarmory|Protect
|move|p1a: Tyranitar|Rock Slide|p2a: Skarmory
|-activate|p2a: Skarmory|Protect
|
|-weather|Sandstorm|[upkeep]
|-heal|p2a: Skarmory|94/100|[from] item: Leftovers
|upkeep
|turn|109
|
|t:|1728539665
|move|p1a: Tyranitar|Rock Slide|p2a: Skarmory
|-damage|p2a: Skarmory|52/100
|move|p2a: Skarmory|Drill Peck|p1a: Tyranitar
|-resisted|p1a: Tyranitar
|-damage|p1a: Tyranitar|8/100
|
|-weather|Sandstorm|[upkeep]
|-heal|p2a: Skarmory|58/100|[from] item: Leftovers
|upkeep
|turn|110
|
|t:|1728539679
|move|p2a: Skarmory|Protect|p2a: Skarmory
|-singleturn|p2a: Skarmory|Protect
|move|p1a: Tyranitar|Rock Slide|p2a: Skarmory
|-activate|p2a: Skarmory|Protect
|
|-weather|Sandstorm|[upkeep]
|-heal|p2a: Skarmory|64/100|[from] item: Leftovers
|upkeep
|turn|111
|
|t:|1728539684
|move|p1a: Tyranitar|Rock Slide|p2a: Skarmory
|-damage|p2a: Skarmory|25/100
|move|p2a: Skarmory|Drill Peck|p1a: Tyranitar
|-resisted|p1a: Tyranitar
|-damage|p1a: Tyranitar|0 fnt
|faint|p1a: Tyranitar
|
|t:|1728539689
|switch|p1a: Flygon|Flygon, F|94/100
|
|-weather|Sandstorm|[upkeep]
|-heal|p1a: Flygon|99/100|[from] item: Leftovers
|-heal|p2a: Skarmory|31/100|[from] item: Leftovers
|upkeep
|turn|112
|
|t:|1728539692
|move|p2a: Skarmory|Protect|p2a: Skarmory
|-singleturn|p2a: Skarmory|Protect
|move|p1a: Flygon|Rock Slide|p2a: Skarmory
|-activate|p2a: Skarmory|Protect
|
|-weather|Sandstorm|[upkeep]
|-heal|p1a: Flygon|100/100|[from] item: Leftovers
|-heal|p2a: Skarmory|37/100|[from] item: Leftovers
|upkeep
|turn|113
|
|t:|1728539703
|move|p1a: Flygon|Rock Slide|p2a: Skarmory
|-crit|p2a: Skarmory
|-damage|p2a: Skarmory|11/100
|move|p2a: Skarmory|Drill Peck|p1a: Flygon
|-damage|p1a: Flygon|82/100
|
|-weather|Sandstorm|[upkeep]
|-heal|p1a: Flygon|88/100|[from] item: Leftovers
|-heal|p2a: Skarmory|17/100|[from] item: Leftovers
|upkeep
|turn|114
|
|t:|1728539711
|move|p2a: Skarmory|Protect|p2a: Skarmory
|-singleturn|p2a: Skarmory|Protect
|move|p1a: Flygon|Rock Slide|p2a: Skarmory
|-activate|p2a: Skarmory|Protect
|
|-weather|Sandstorm|[upkeep]
|-heal|p1a: Flygon|94/100|[from] item: Leftovers
|-heal|p2a: Skarmory|23/100|[from] item: Leftovers
|upkeep
|turn|115
|
|t:|1728539741
|move|p1a: Flygon|Rock Slide|p2a: Skarmory
|-damage|p2a: Skarmory|10/100
|move|p2a: Skarmory|Drill Peck|p1a: Flygon
|-damage|p1a: Flygon|76/100
|
|-weather|Sandstorm|[upkeep]
|-heal|p1a: Flygon|82/100|[from] item: Leftovers
|-heal|p2a: Skarmory|16/100|[from] item: Leftovers
|upkeep
|turn|116
|
|t:|1728539748
|move|p2a: Skarmory|Protect|p2a: Skarmory
|-singleturn|p2a: Skarmory|Protect
|move|p1a: Flygon|Earthquake|p2a: Skarmory
|-activate|p2a: Skarmory|Protect
|
|-weather|Sandstorm|[upkeep]
|-heal|p1a: Flygon|88/100|[from] item: Leftovers
|-heal|p2a: Skarmory|22/100|[from] item: Leftovers
|upkeep
|turn|117
|
|t:|1728539752
|move|p1a: Flygon|Rock Slide|p2a: Skarmory
|-damage|p2a: Skarmory|10/100
|move|p2a: Skarmory|Drill Peck|p1a: Flygon
|-damage|p1a: Flygon|70/100
|
|-weather|Sandstorm|[upkeep]
|-heal|p1a: Flygon|76/100|[from] item: Leftovers
|-heal|p2a: Skarmory|16/100|[from] item: Leftovers
|upkeep
|turn|118
|
|t:|1728539757
|move|p1a: Flygon|Protect|p1a: Flygon
|-singleturn|p1a: Flygon|Protect
|move|p2a: Skarmory|Protect||[still]
|-fail|p2a: Skarmory
|
|-weather|Sandstorm|[upkeep]
|-heal|p1a: Flygon|82/100|[from] item: Leftovers
|-heal|p2a: Skarmory|22/100|[from] item: Leftovers
|upkeep
|turn|119
|
|t:|1728539761
|switch|p1a: Skarmory|Skarmory, F|57/100 par
|move|p2a: Skarmory|Protect||[still]
|-fail|p2a: Skarmory
|
|-weather|Sandstorm|[upkeep]
|-heal|p2a: Skarmory|28/100|[from] item: Leftovers
|-heal|p1a: Skarmory|63/100 par|[from] item: Leftovers
|upkeep
|turn|120
|
|t:|1728539766
|switch|p2a: Starmie|Starmie, shiny|57/100
|-damage|p2a: Starmie|45/100|[from] Spikes
|move|p1a: Skarmory|Roar|p2a: Starmie
|drag|p2a: Swampert|Swampert, F, shiny|29/100
|-damage|p2a: Swampert|17/100|[from] Spikes
|
|-weather|Sandstorm|[upkeep]
|-heal|p2a: Swampert|23/100|[from] item: Leftovers
|-heal|p1a: Skarmory|69/100 par|[from] item: Leftovers
|upkeep
|turn|121
|
|t:|1728539782
|move|p2a: Swampert|Ice Beam|p1a: Skarmory
|-damage|p1a: Skarmory|50/100 par
|move|p1a: Skarmory|Toxic|p2a: Swampert
|-status|p2a: Swampert|tox
|
|-weather|Sandstorm|[upkeep]
|-heal|p2a: Swampert|29/100 tox|[from] item: Leftovers
|-damage|p2a: Swampert|23/100 tox|[from] psn
|-heal|p1a: Skarmory|56/100 par|[from] item: Leftovers
|upkeep
|turn|122
|
|t:|1728539787
|move|p2a: Swampert|Ice Beam|p1a: Skarmory
|-damage|p1a: Skarmory|36/100 par
|move|p1a: Skarmory|Spikes|p2a: Swampert
|-sidestart|p2: xXEricXx|Spikes
|
|-weather|Sandstorm|[upkeep]
|-heal|p2a: Swampert|29/100 tox|[from] item: Leftovers
|-damage|p2a: Swampert|17/100 tox|[from] psn
|-heal|p1a: Skarmory|42/100 par|[from] item: Leftovers
|upkeep
|turn|123
|
|t:|1728539794
|move|p2a: Swampert|Ice Beam|p1a: Skarmory
|-damage|p1a: Skarmory|22/100 par
|move|p1a: Skarmory|Roar|p2a: Swampert
|drag|p2a: Starmie|Starmie, shiny|45/100
|-damage|p2a: Starmie|29/100|[from] Spikes
|
|-weather|Sandstorm|[upkeep]
|-damage|p2a: Starmie|22/100|[from] Sandstorm
|-heal|p2a: Starmie|29/100|[from] item: Leftovers
|-heal|p1a: Skarmory|28/100 par|[from] item: Leftovers
|upkeep
|turn|124
|
|t:|1728539799
|move|p2a: Starmie|Surf|p1a: Skarmory
|-damage|p1a: Skarmory|0 fnt
|faint|p1a: Skarmory
|
|t:|1728539801
|switch|p1a: Flygon|Flygon, F|82/100
|
|-weather|Sandstorm|[upkeep]
|-damage|p2a: Starmie|22/100|[from] Sandstorm
|-heal|p2a: Starmie|29/100|[from] item: Leftovers
|-heal|p1a: Flygon|88/100|[from] item: Leftovers
|upkeep
|turn|125
|
|t:|1728539805
|move|p1a: Flygon|Protect|p1a: Flygon
|-singleturn|p1a: Flygon|Protect
|move|p2a: Starmie|Recover|p2a: Starmie
|-heal|p2a: Starmie|79/100
|
|-weather|Sandstorm|[upkeep]
|-damage|p2a: Starmie|72/100|[from] Sandstorm
|-heal|p2a: Starmie|79/100|[from] item: Leftovers
|-heal|p1a: Flygon|94/100|[from] item: Leftovers
|upkeep
|turn|126
|
|t:|1728539808
|move|p2a: Starmie|Rapid Spin|p1a: Flygon
|-damage|p1a: Flygon|92/100
|-sideend|p2: xXEricXx|Spikes|[from] move: Rapid Spin|[of] p2a: Starmie
|move|p1a: Flygon|Earthquake|p2a: Starmie
|-damage|p2a: Starmie|41/100
|
|-weather|Sandstorm|[upkeep]
|-damage|p2a: Starmie|35/100|[from] Sandstorm
|-heal|p2a: Starmie|41/100|[from] item: Leftovers
|-heal|p1a: Flygon|98/100|[from] item: Leftovers
|upkeep
|turn|127
|c|☆RetiredBohrier|Gg
|-message|RetiredBohrier forfeited.
|
|win|xXEricXx
|player|p1|
|c|☆xXEricXx|gg

</script>
<script type="application/json" class="data" id="replaydata-smogtours-gen3ou-796869">
{"id":"smogtours-gen3ou-796869","format":"[Gen 3] OU","players":["RetiredBohrier","xXEricXx"],"uploadtime":1728539813,"views":120,"formatid":"gen3ou","rating":null,"private":0,"password":null}
</script>

<script defer src="js/replays.js?9d40a366"></script>
