<!DOCTYPE html>
<meta charset="utf-8" />
<meta name="viewport" content="width=device-width" />

<title>[Gen 3] OU: lraven17 vs. smollest brian - Replays - Pok&eacute;mon Showdown!</title>

<meta name="description" content="Watch a replay of a Pok&eacute;mon battle between lraven17 and smollest brian! Format: [Gen 3] OU; Date: Oct 11, 2024" />
<!--

Hey, you! Looking in the source for the replay log?

You can find them in JSON format, just add `.json` at the end of a replay URL.

https://replay.pokemonshowdown.com/gen7randomdoublesbattle-865046831.json

Or, if you only need the log itself, add `.log` instead:

https://replay.pokemonshowdown.com/gen7randomdoublesbattle-865046831.log

-->

<link rel="stylesheet" href="//pokemonshowdown.com/style/global.css?0.023195364461161105" />
<link rel="stylesheet" href="//play.pokemonshowdown.com/style/font-awesome.css?0.13261647063804238" />
<link rel="stylesheet" href="//play.pokemonshowdown.com/style/battle.css?0.8753245789963631" />
<link rel="stylesheet" href="//play.pokemonshowdown.com/style/utilichart.css?0.8627959624976733" />

<!-- Global site tag (gtag.js) - Google Analytics -->
<script async src="https://www.googletagmanager.com/gtag/js?id=UA-26211653-1"></script>
<script>
  window.dataLayer = window.dataLayer || [];
  function gtag(){dataLayer.push(arguments);}
  gtag('js', new Date());

  gtag('config', 'UA-26211653-1');
</script>
<!-- End Google Analytics -->
<!-- Venatus Ad Manager - Install in <HEAD> of page -->
	<script src="https://hb.vntsm.com/v3/live/ad-manager.min.js" type="text/javascript" data-site-id="642aba63ec9a7b11c3c9c1be" data-mode="scan" async></script>
<!-- / Venatus Ad Manager -->

<style>
	@media (max-width:820px) {
		.battle {
			margin: 0 auto;
		}
		.battle-log {
			margin: 7px auto 0;
			max-width: 640px;
			height: 300px;
			position: static;
		}
	}
	.optgroup {
		display: inline-block;
		line-height: 22px;
		font-size: 10pt;
	}
	.optgroup .button {
		height: 25px;
		padding-top: 0;
		padding-bottom: 0;
	}
	.optgroup button.button {
		padding-left: 12px;
		padding-right: 12px;
	}
	.linklist {
		list-style: none;
		margin: 0.5em 0;
		padding: 0;
	}
	.linklist li {
		padding: 2px 0;
	}
	.sidebar {
		float: left;
		width: 320px;
	}
	.bar-wrapper {
		max-width: 1100px;
		margin: 0 auto;
	}
	.bar-wrapper.has-sidebar {
		max-width: 1430px;
	}
	.mainbar {
		margin: 0;
		padding-right: 1px;
	}
	.mainbar.has-sidebar {
		margin-left: 330px;
	}
	@media (min-width: 1511px) {
		.sidebar {
			width: 400px;
		}
		.bar-wrapper.has-sidebar {
			max-width: 1510px;
		}
		.mainbar.has-sidebar {
			margin-left: 410px;
		}
	}
	.section.first-section {
		margin-top: 9px;
	}
	.blocklink small {
		white-space: normal;
	}
	.button {
		vertical-align: middle;
	}
	.replay-controls {
		padding-top: 10px;
	}
	.replay-controls h1 {
		font-size: 16pt;
		font-weight: normal;
		color: #CCC;
	}
	.pagelink {
		text-align: center;
	}
	.pagelink a {
		width: 150px;
	}
	.textbox, .button {
		font-size: 11pt;
		vertical-align: middle;
	}
	@media (max-width: 450px) {
		.button {
			font-size: 9pt;
		}
	}
</style>

<div>

	<header>
		<div class="nav-wrapper"><ul class="nav">
			<li><a class="button nav-first" href="//pokemonshowdown.com/"><img src="//pokemonshowdown.com/images/pokemonshowdownbeta.png" srcset="//pokemonshowdown.com/images/pokemonshowdownbeta.png 1x, //pokemonshowdown.com/images/pokemonshowdownbeta@2x.png 2x" alt="Pok&eacute;mon Showdown" width="146" height="44" /> Home</a></li>
			<li><a class="button" href="//pokemonshowdown.com/dex/">Pok&eacute;dex</a></li>
			<li><a class="button cur" href="/">Replays</a></li>
			<li><a class="button" href="//pokemonshowdown.com/ladder/">Ladder</a></li>
			<li><a class="button nav-last" href="//pokemonshowdown.com/forums/">Forum</a></li>
			<li><a class="button greenbutton nav-first nav-last" href="//play.pokemonshowdown.com/">Play</a></li>
		</ul></div>
	</header>

	<div class="main" id="main">

		<noscript><section class="section">You need to enable JavaScript to use this page; sorry!</section></noscript>

	</div>

</div>

<script defer nomodule src="//play.pokemonshowdown.com/js/lib/ps-polyfill.js"></script>
<script defer src="//play.pokemonshowdown.com/js/lib/preact.min.js"></script>

<script defer src="//play.pokemonshowdown.com/config/config.js?2bddbc15"></script>
<script defer src="//play.pokemonshowdown.com/js/lib/jquery-1.11.0.min.js"></script>
<script defer src="//play.pokemonshowdown.com/js/lib/html-sanitizer-minified.js"></script>
<script defer src="//play.pokemonshowdown.com/js/battle-sound.js"></script>
<script defer src="//play.pokemonshowdown.com/js/battledata.js?0.7209276989879541"></script>
<script defer src="//play.pokemonshowdown.com/data/pokedex-mini.js?0.6111056340867951"></script>
<script defer src="//play.pokemonshowdown.com/data/pokedex-mini-bw.js?0.3532142036491459"></script>
<script defer src="//play.pokemonshowdown.com/data/graphics.js?0.24223875632456182"></script>
<script defer src="//play.pokemonshowdown.com/data/pokedex.js?0.38839984266356864"></script>
<script defer src="//play.pokemonshowdown.com/data/moves.js?0.21866028504024015"></script>
<script defer src="//play.pokemonshowdown.com/data/abilities.js?0.2005157953846628"></script>
<script defer src="//play.pokemonshowdown.com/data/items.js?0.9894211263848525"></script>
<script defer src="//play.pokemonshowdown.com/data/teambuilder-tables.js?0.6008791140282215"></script>
<script defer src="//play.pokemonshowdown.com/js/battle-tooltips.js?0.7580118955022959"></script>
<script defer src="//play.pokemonshowdown.com/js/battle.js?0.6057722274234274"></script>

<script defer src="js/utils.js?e31f9a17"></script>
<script defer src="js/replays-battle.js?7008c182"></script>

<!-- don't scrape this data! just add .json or .log after the URL!
Full API docs: https://github.com/smogon/pokemon-showdown-client/blob/master/WEB-API.md -->
<script type="text/plain" class="log" id="replaylog-smogtours-gen3ou-797094">
|inactive|Battle timer is ON: inactive players will automatically lose when time's up.
|t:|1728606848
|gametype|singles
|player|p1|lraven17|2|
|player|p2|smollest brian|miku-ground|
|teamsize|p1|6
|teamsize|p2|6
|gen|3
|tier|[Gen 3] OU
|rule|Sleep Clause Mod: Limit one foe put to sleep
|rule|Switch Priority Clause Mod: Faster Pokémon switch first
|rule|Species Clause: Limit one of each Pokémon
|rule|OHKO Clause: OHKO moves are banned
|rule|Evasion Items Clause: Evasion items are banned
|rule|Evasion Moves Clause: Evasion moves are banned
|rule|Endless Battle Clause: Forcing endless battles is banned
|rule|HP Percentage Mod: HP is shown in percentages
|rule|One Boost Passer Clause: Limit one Baton Passer that has a way to boost its stats
|rule|Freeze Clause Mod: Limit one foe frozen
|
|t:|1728606848
|start
|switch|p1a: Tyranitar|Tyranitar, M|100/100
|switch|p2a: Gengar|Gengar, F|100/100
|-weather|Sandstorm|[from] ability: Sand Stream|[of] p1a: Tyranitar
|turn|1
|c|☆smollest brian|hf
|
|t:|1728606859
|switch|p1a: Green Tar|Celebi|100/100
|move|p2a: Gengar|Will-O-Wisp|p1a: Green Tar
|-status|p1a: Green Tar|brn
|
|-weather|Sandstorm|[upkeep]
|-damage|p2a: Gengar|95/100|[from] Sandstorm
|-damage|p1a: Green Tar|94/100 brn|[from] Sandstorm
|-heal|p2a: Gengar|100/100|[from] item: Leftovers
|-heal|p1a: Green Tar|100/100 brn|[from] item: Leftovers
|-damage|p1a: Green Tar|88/100 brn|[from] brn
|upkeep
|turn|2
|
|t:|1728606863
|move|p2a: Gengar|Ice Punch|p1a: Green Tar
|-supereffective|p1a: Green Tar
|-damage|p1a: Green Tar|57/100 brn
|move|p1a: Green Tar|Leech Seed|p2a: Gengar
|-start|p2a: Gengar|move: Leech Seed
|
|-weather|Sandstorm|[upkeep]
|-damage|p2a: Gengar|95/100|[from] Sandstorm
|-damage|p1a: Green Tar|50/100 brn|[from] Sandstorm
|-heal|p2a: Gengar|100/100|[from] item: Leftovers
|-damage|p2a: Gengar|88/100|[from] Leech Seed|[of] p1a: Green Tar
|-heal|p1a: Green Tar|60/100 brn|[silent]
|-heal|p1a: Green Tar|66/100 brn|[from] item: Leftovers
|-damage|p1a: Green Tar|53/100 brn|[from] brn
|upkeep
|turn|3
|
|t:|1728606875
|move|p2a: Gengar|Hypnosis|p1a: Green Tar|[miss]
|-miss|p2a: Gengar|p1a: Green Tar
|move|p1a: Green Tar|Psychic|p2a: Gengar
|-supereffective|p2a: Gengar
|-damage|p2a: Gengar|11/100
|
|-weather|Sandstorm|[upkeep]
|-damage|p2a: Gengar|5/100|[from] Sandstorm
|-damage|p1a: Green Tar|47/100 brn|[from] Sandstorm
|-heal|p2a: Gengar|11/100|[from] item: Leftovers
|-damage|p2a: Gengar|0 fnt|[from] Leech Seed|[of] p1a: Green Tar
|-heal|p1a: Green Tar|55/100 brn|[silent]
|faint|p2a: Gengar
|-heal|p1a: Green Tar|61/100 brn|[from] item: Leftovers
|-damage|p1a: Green Tar|49/100 brn|[from] brn
|upkeep
|
|t:|1728606880
|switch|p2a: Dugtrio|Dugtrio, F|100/100
|turn|4
|
|t:|1728606885
|move|p2a: Dugtrio|Hidden Power|p1a: Green Tar
|-supereffective|p1a: Green Tar
|-damage|p1a: Green Tar|0 fnt
|faint|p1a: Green Tar
|
|t:|1728606888
|switch|p1a: BluesTar|Starmie|100/100
|
|-weather|Sandstorm|[upkeep]
|-damage|p1a: BluesTar|94/100|[from] Sandstorm
|-heal|p1a: BluesTar|100/100|[from] item: Leftovers
|upkeep
|turn|5
|
|t:|1728606892
|switch|p2a: Celebi|Celebi|100/100
|move|p1a: BluesTar|Hydro Pump|p2a: Celebi
|-resisted|p2a: Celebi
|-crit|p2a: Celebi
|-damage|p2a: Celebi|63/100
|
|-weather|Sandstorm|[upkeep]
|-damage|p1a: BluesTar|94/100|[from] Sandstorm
|-damage|p2a: Celebi|57/100|[from] Sandstorm
|-heal|p1a: BluesTar|100/100|[from] item: Leftovers
|-heal|p2a: Celebi|63/100|[from] item: Leftovers
|upkeep
|turn|6
|
|t:|1728606901
|move|p1a: BluesTar|Ice Beam|p2a: Celebi
|-supereffective|p2a: Celebi
|-damage|p2a: Celebi|22/100
|move|p2a: Celebi|Giga Drain|p1a: BluesTar
|-supereffective|p1a: BluesTar
|-damage|p1a: BluesTar|41/100
|-heal|p2a: Celebi|48/100|[from] drain|[of] p1a: BluesTar
|
|-weather|Sandstorm|[upkeep]
|-damage|p1a: BluesTar|35/100|[from] Sandstorm
|-damage|p2a: Celebi|42/100|[from] Sandstorm
|-heal|p1a: BluesTar|41/100|[from] item: Leftovers
|-heal|p2a: Celebi|48/100|[from] item: Leftovers
|upkeep
|turn|7
|
|t:|1728606905
|move|p1a: BluesTar|Ice Beam|p2a: Celebi
|-supereffective|p2a: Celebi
|-damage|p2a: Celebi|11/100
|-status|p2a: Celebi|frz
|-curestatus|p2a: Celebi|frz|[msg]
|move|p2a: Celebi|Giga Drain|p1a: BluesTar
|-supereffective|p1a: BluesTar
|-damage|p1a: BluesTar|0 fnt
|-heal|p2a: Celebi|28/100|[from] drain|[of] p1a: BluesTar
|faint|p1a: BluesTar
|
|t:|1728606916
|switch|p1a: Yellow Tar|Zapdos|100/100
|
|-weather|Sandstorm|[upkeep]
|-damage|p2a: Celebi|22/100|[from] Sandstorm
|-damage|p1a: Yellow Tar|94/100|[from] Sandstorm
|-heal|p2a: Celebi|28/100|[from] item: Leftovers
|-heal|p1a: Yellow Tar|100/100|[from] item: Leftovers
|upkeep
|turn|8
|
|t:|1728606930
|move|p2a: Celebi|Psychic|p1a: Yellow Tar
|-damage|p1a: Yellow Tar|65/100
|-unboost|p1a: Yellow Tar|spd|1
|move|p1a: Yellow Tar|Thunder Wave|p2a: Celebi
|-status|p2a: Celebi|par
|
|-weather|Sandstorm|[upkeep]
|-damage|p1a: Yellow Tar|59/100|[from] Sandstorm
|-damage|p2a: Celebi|22/100 par|[from] Sandstorm
|-heal|p1a: Yellow Tar|65/100|[from] item: Leftovers
|-heal|p2a: Celebi|28/100 par|[from] item: Leftovers
|upkeep
|turn|9
|
|t:|1728606941
|switch|p1a: Steely Tar|Skarmory, M|100/100
|-curestatus|p2a: Celebi|par|[from] ability: Natural Cure
|switch|p2a: Jirachi|Jirachi|100/100
|
|-weather|Sandstorm|[upkeep]
|upkeep
|turn|10
|
|t:|1728606945
|move|p2a: Jirachi|Calm Mind|p2a: Jirachi
|-boost|p2a: Jirachi|spa|1
|-boost|p2a: Jirachi|spd|1
|move|p1a: Steely Tar|Roar|p2a: Jirachi
|drag|p2a: Celebi|Celebi|28/100
|
|-weather|Sandstorm|[upkeep]
|-damage|p2a: Celebi|22/100|[from] Sandstorm
|-heal|p2a: Celebi|28/100|[from] item: Leftovers
|upkeep
|turn|11
|
|t:|1728606947
|move|p2a: Celebi|Hidden Power|p1a: Steely Tar
|-supereffective|p1a: Steely Tar
|-damage|p1a: Steely Tar|44/100
|move|p1a: Steely Tar|Spikes|p2a: Celebi
|-sidestart|p2: smollest brian|Spikes
|
|-weather|Sandstorm|[upkeep]
|-damage|p2a: Celebi|22/100|[from] Sandstorm
|-heal|p2a: Celebi|28/100|[from] item: Leftovers
|-heal|p1a: Steely Tar|50/100|[from] item: Leftovers
|upkeep
|turn|12
|
|t:|1728606951
|move|p1a: Steely Tar|Protect|p1a: Steely Tar
|-singleturn|p1a: Steely Tar|Protect
|move|p2a: Celebi|Calm Mind|p2a: Celebi
|-boost|p2a: Celebi|spa|1
|-boost|p2a: Celebi|spd|1
|
|-weather|Sandstorm|[upkeep]
|-damage|p2a: Celebi|22/100|[from] Sandstorm
|-heal|p2a: Celebi|28/100|[from] item: Leftovers
|-heal|p1a: Steely Tar|56/100|[from] item: Leftovers
|upkeep
|turn|13
|
|t:|1728606956
|move|p2a: Celebi|Hidden Power|p1a: Steely Tar
|-supereffective|p1a: Steely Tar
|-damage|p1a: Steely Tar|0 fnt
|faint|p1a: Steely Tar
|
|t:|1728606958
|switch|p1a: Yellow Tar|Zapdos|65/100
|
|-weather|Sandstorm|[upkeep]
|-damage|p2a: Celebi|22/100|[from] Sandstorm
|-damage|p1a: Yellow Tar|59/100|[from] Sandstorm
|-heal|p2a: Celebi|28/100|[from] item: Leftovers
|-heal|p1a: Yellow Tar|65/100|[from] item: Leftovers
|upkeep
|turn|14
|
|t:|1728606960
|move|p2a: Celebi|Psychic|p1a: Yellow Tar
|-damage|p1a: Yellow Tar|4/100
|-unboost|p1a: Yellow Tar|spd|1
|move|p1a: Yellow Tar|Thunder Wave|p2a: Celebi
|-status|p2a: Celebi|par
|
|-weather|Sandstorm|[upkeep]
|-damage|p1a: Yellow Tar|0 fnt|[from] Sandstorm
|-damage|p2a: Celebi|22/100 par|[from] Sandstorm
|faint|p1a: Yellow Tar
|-heal|p2a: Celebi|28/100 par|[from] item: Leftovers
|upkeep
|
|t:|1728606962
|switch|p1a: Tyranitar|Tyranitar, M|100/100
|turn|15
|
|t:|1728606965
|move|p1a: Tyranitar|Substitute|p1a: Tyranitar
|-start|p1a: Tyranitar|Substitute
|-damage|p1a: Tyranitar|75/100
|move|p2a: Celebi|Giga Drain|p1a: Tyranitar
|-supereffective|p1a: Tyranitar
|-end|p1a: Tyranitar|Substitute
|-heal|p2a: Celebi|42/100 par|[from] drain|[of] p1a: Tyranitar
|
|-weather|Sandstorm|[upkeep]
|-damage|p2a: Celebi|36/100 par|[from] Sandstorm
|-heal|p1a: Tyranitar|82/100|[from] item: Leftovers
|-heal|p2a: Celebi|42/100 par|[from] item: Leftovers
|upkeep
|turn|16
|
|t:|1728606967
|move|p1a: Tyranitar|Substitute|p1a: Tyranitar
|-start|p1a: Tyranitar|Substitute
|-damage|p1a: Tyranitar|57/100
|move|p2a: Celebi|Giga Drain|p1a: Tyranitar
|-supereffective|p1a: Tyranitar
|-end|p1a: Tyranitar|Substitute
|-heal|p2a: Celebi|56/100 par|[from] drain|[of] p1a: Tyranitar
|
|-weather|Sandstorm|[upkeep]
|-damage|p2a: Celebi|50/100 par|[from] Sandstorm
|-heal|p1a: Tyranitar|63/100|[from] item: Leftovers
|-heal|p2a: Celebi|56/100 par|[from] item: Leftovers
|upkeep
|turn|17
|
|t:|1728606970
|move|p1a: Tyranitar|Substitute|p1a: Tyranitar
|-start|p1a: Tyranitar|Substitute
|-damage|p1a: Tyranitar|38/100
|move|p2a: Celebi|Giga Drain|p1a: Tyranitar
|-supereffective|p1a: Tyranitar
|-end|p1a: Tyranitar|Substitute
|-heal|p2a: Celebi|70/100 par|[from] drain|[of] p1a: Tyranitar
|
|-weather|Sandstorm|[upkeep]
|-damage|p2a: Celebi|64/100 par|[from] Sandstorm
|-heal|p1a: Tyranitar|44/100|[from] item: Leftovers
|-heal|p2a: Celebi|70/100 par|[from] item: Leftovers
|upkeep
|turn|18
|
|t:|1728606972
|move|p1a: Tyranitar|Substitute|p1a: Tyranitar
|-start|p1a: Tyranitar|Substitute
|-damage|p1a: Tyranitar|19/100
|move|p2a: Celebi|Giga Drain|p1a: Tyranitar
|-supereffective|p1a: Tyranitar
|-end|p1a: Tyranitar|Substitute
|-heal|p2a: Celebi|84/100 par|[from] drain|[of] p1a: Tyranitar
|
|-weather|Sandstorm|[upkeep]
|-damage|p2a: Celebi|78/100 par|[from] Sandstorm
|-heal|p1a: Tyranitar|25/100|[from] item: Leftovers
|-heal|p2a: Celebi|84/100 par|[from] item: Leftovers
|upkeep
|turn|19
|
|t:|1728606975
|move|p1a: Tyranitar|Dragon Dance|p1a: Tyranitar
|-boost|p1a: Tyranitar|atk|1
|-boost|p1a: Tyranitar|spe|1
|move|p2a: Celebi|Giga Drain|p1a: Tyranitar
|-supereffective|p1a: Tyranitar
|-damage|p1a: Tyranitar|0 fnt
|-heal|p2a: Celebi|98/100 par|[from] drain|[of] p1a: Tyranitar
|faint|p1a: Tyranitar
|
|t:|1728606977
|switch|p1a: Freddie|Swampert, F|100/100
|
|-weather|Sandstorm|[upkeep]
|-damage|p2a: Celebi|92/100 par|[from] Sandstorm
|-heal|p2a: Celebi|98/100 par|[from] item: Leftovers
|upkeep
|turn|20
|c|☆lraven17|gg
|c|☆smollest brian|gg
|-message|lraven17 forfeited.
|
|win|smollest brian
|player|p2|
|player|p2|smollest brian|miku-ground|
|player|p1|

</script>
<script type="application/json" class="data" id="replaydata-smogtours-gen3ou-797094">
{"id":"smogtours-gen3ou-797094","format":"[Gen 3] OU","players":["lraven17","smollest brian"],"uploadtime":1728606989,"views":89,"formatid":"gen3ou","rating":null,"private":0,"password":null}
</script>

<script defer src="js/replays.js?9d40a366"></script>
