<!DOCTYPE html>
<meta charset="utf-8" />
<meta name="viewport" content="width=device-width" />

<title>[Gen 3] OU: WW_FortniteGamR vs. MCJD931 - Replays - Pok&eacute;mon Showdown!</title>

<meta name="description" content="Watch a replay of a Pok&eacute;mon battle between WW_FortniteGamR and MCJD931! Format: [Gen 3] OU; Date: Oct 2, 2024" />
<!--

Hey, you! Looking in the source for the replay log?

You can find them in JSON format, just add `.json` at the end of a replay URL.

https://replay.pokemonshowdown.com/gen7randomdoublesbattle-865046831.json

Or, if you only need the log itself, add `.log` instead:

https://replay.pokemonshowdown.com/gen7randomdoublesbattle-865046831.log

-->

<link rel="stylesheet" href="//pokemonshowdown.com/style/global.css?0.767286132409787" />
<link rel="stylesheet" href="//play.pokemonshowdown.com/style/font-awesome.css?0.9266228007934947" />
<link rel="stylesheet" href="//play.pokemonshowdown.com/style/battle.css?0.7924700842790926" />
<link rel="stylesheet" href="//play.pokemonshowdown.com/style/utilichart.css?0.8777417872839479" />

<!-- Global site tag (gtag.js) - Google Analytics -->
<script async src="https://www.googletagmanager.com/gtag/js?id=UA-26211653-1"></script>
<script>
  window.dataLayer = window.dataLayer || [];
  function gtag(){dataLayer.push(arguments);}
  gtag('js', new Date());

  gtag('config', 'UA-26211653-1');
</script>
<!-- End Google Analytics -->
<!-- Venatus Ad Manager - Install in <HEAD> of page -->
	<script src="https://hb.vntsm.com/v3/live/ad-manager.min.js" type="text/javascript" data-site-id="642aba63ec9a7b11c3c9c1be" data-mode="scan" async></script>
<!-- / Venatus Ad Manager -->

<style>
	@media (max-width:820px) {
		.battle {
			margin: 0 auto;
		}
		.battle-log {
			margin: 7px auto 0;
			max-width: 640px;
			height: 300px;
			position: static;
		}
	}
	.optgroup {
		display: inline-block;
		line-height: 22px;
		font-size: 10pt;
	}
	.optgroup .button {
		height: 25px;
		padding-top: 0;
		padding-bottom: 0;
	}
	.optgroup button.button {
		padding-left: 12px;
		padding-right: 12px;
	}
	.linklist {
		list-style: none;
		margin: 0.5em 0;
		padding: 0;
	}
	.linklist li {
		padding: 2px 0;
	}
	.sidebar {
		float: left;
		width: 320px;
	}
	.bar-wrapper {
		max-width: 1100px;
		margin: 0 auto;
	}
	.bar-wrapper.has-sidebar {
		max-width: 1430px;
	}
	.mainbar {
		margin: 0;
		padding-right: 1px;
	}
	.mainbar.has-sidebar {
		margin-left: 330px;
	}
	@media (min-width: 1511px) {
		.sidebar {
			width: 400px;
		}
		.bar-wrapper.has-sidebar {
			max-width: 1510px;
		}
		.mainbar.has-sidebar {
			margin-left: 410px;
		}
	}
	.section.first-section {
		margin-top: 9px;
	}
	.blocklink small {
		white-space: normal;
	}
	.button {
		vertical-align: middle;
	}
	.replay-controls {
		padding-top: 10px;
	}
	.replay-controls h1 {
		font-size: 16pt;
		font-weight: normal;
		color: #CCC;
	}
	.pagelink {
		text-align: center;
	}
	.pagelink a {
		width: 150px;
	}
	.textbox, .button {
		font-size: 11pt;
		vertical-align: middle;
	}
	@media (max-width: 450px) {
		.button {
			font-size: 9pt;
		}
	}
</style>

<div>

	<header>
		<div class="nav-wrapper"><ul class="nav">
			<li><a class="button nav-first" href="//pokemonshowdown.com/"><img src="//pokemonshowdown.com/images/pokemonshowdownbeta.png" srcset="//pokemonshowdown.com/images/pokemonshowdownbeta.png 1x, //pokemonshowdown.com/images/pokemonshowdownbeta@2x.png 2x" alt="Pok&eacute;mon Showdown" width="146" height="44" /> Home</a></li>
			<li><a class="button" href="//pokemonshowdown.com/dex/">Pok&eacute;dex</a></li>
			<li><a class="button cur" href="/">Replays</a></li>
			<li><a class="button" href="//pokemonshowdown.com/ladder/">Ladder</a></li>
			<li><a class="button nav-last" href="//pokemonshowdown.com/forums/">Forum</a></li>
			<li><a class="button greenbutton nav-first nav-last" href="//play.pokemonshowdown.com/">Play</a></li>
		</ul></div>
	</header>

	<div class="main" id="main">

		<noscript><section class="section">You need to enable JavaScript to use this page; sorry!</section></noscript>

	</div>

</div>

<script defer nomodule src="//play.pokemonshowdown.com/js/lib/ps-polyfill.js"></script>
<script defer src="//play.pokemonshowdown.com/js/lib/preact.min.js"></script>

<script defer src="//play.pokemonshowdown.com/config/config.js?6dec07f6"></script>
<script defer src="//play.pokemonshowdown.com/js/lib/jquery-1.11.0.min.js"></script>
<script defer src="//play.pokemonshowdown.com/js/lib/html-sanitizer-minified.js"></script>
<script defer src="//play.pokemonshowdown.com/js/battle-sound.js"></script>
<script defer src="//play.pokemonshowdown.com/js/battledata.js?0.6315294753075389"></script>
<script defer src="//play.pokemonshowdown.com/data/pokedex-mini.js?0.7603743185311358"></script>
<script defer src="//play.pokemonshowdown.com/data/pokedex-mini-bw.js?0.030888842834281283"></script>
<script defer src="//play.pokemonshowdown.com/data/graphics.js?0.05593094747507488"></script>
<script defer src="//play.pokemonshowdown.com/data/pokedex.js?0.47064822249611904"></script>
<script defer src="//play.pokemonshowdown.com/data/moves.js?0.8583693120512459"></script>
<script defer src="//play.pokemonshowdown.com/data/abilities.js?0.16017181182386842"></script>
<script defer src="//play.pokemonshowdown.com/data/items.js?0.4163379185673943"></script>
<script defer src="//play.pokemonshowdown.com/data/teambuilder-tables.js?0.31075597372830477"></script>
<script defer src="//play.pokemonshowdown.com/js/battle-tooltips.js?0.6536193500708172"></script>
<script defer src="//play.pokemonshowdown.com/js/battle.js?0.1916591943277901"></script>

<script defer src="js/utils.js?e31f9a17"></script>
<script defer src="js/replays-battle.js?7008c182"></script>

<!-- don't scrape this data! just add .json or .log after the URL!
Full API docs: https://github.com/smogon/pokemon-showdown-client/blob/master/WEB-API.md -->
<script type="text/plain" class="log" id="replaylog-smogtours-gen3ou-794130">
|inactive|Battle timer is ON: inactive players will automatically lose when time's up.
|t:|1727912171
|gametype|singles
|player|p1|WW_FortniteGamR|169|
|player|p2|MCJD931|102|
|teamsize|p1|6
|teamsize|p2|6
|gen|3
|tier|[Gen 3] OU
|rule|Sleep Clause Mod: Limit one foe put to sleep
|rule|Switch Priority Clause Mod: Faster Pokémon switch first
|rule|Species Clause: Limit one of each Pokémon
|rule|OHKO Clause: OHKO moves are banned
|rule|Evasion Items Clause: Evasion items are banned
|rule|Evasion Moves Clause: Evasion moves are banned
|rule|Endless Battle Clause: Forcing endless battles is banned
|rule|HP Percentage Mod: HP is shown in percentages
|rule|One Boost Passer Clause: Limit one Baton Passer that has a way to boost its stats
|rule|Freeze Clause Mod: Limit one foe frozen
|
|t:|1727912171
|start
|switch|p1a: Zapdos|Zapdos|100/100
|switch|p2a: Tyranitar|Tyranitar, F|100/100
|-weather|Sandstorm|[from] ability: Sand Stream|[of] p2a: Tyranitar
|turn|1
|
|t:|1727912185
|move|p1a: Zapdos|Baton Pass|p1a: Zapdos
|
|t:|1727912192
|switch|p1a: Swampert|Swampert, F|100/100|[from] Baton Pass
|move|p2a: Tyranitar|Rock Slide|p1a: Swampert|[miss]
|-miss|p2a: Tyranitar|p1a: Swampert
|
|-weather|Sandstorm|[upkeep]
|upkeep
|turn|2
|
|t:|1727912211
|switch|p2a: Skarmory|Skarmory, F|100/100
|move|p1a: Swampert|Hydro Pump|p2a: Skarmory
|-damage|p2a: Skarmory|64/100
|
|-weather|Sandstorm|[upkeep]
|-heal|p2a: Skarmory|70/100|[from] item: Leftovers
|upkeep
|turn|3
|
|t:|1727912227
|move|p2a: Skarmory|Spikes|p1a: Swampert
|-sidestart|p1: WW_FortniteGamR|Spikes
|move|p1a: Swampert|Hydro Pump|p2a: Skarmory|[miss]
|-miss|p1a: Swampert|p2a: Skarmory
|
|-weather|Sandstorm|[upkeep]
|-heal|p2a: Skarmory|76/100|[from] item: Leftovers
|upkeep
|turn|4
|
|t:|1727912243
|switch|p2a: Blissey|Blissey, F|100/100
|switch|p1a: Starmie|Starmie|100/100
|-damage|p1a: Starmie|88/100|[from] Spikes
|
|-weather|Sandstorm|[upkeep]
|-damage|p1a: Starmie|82/100|[from] Sandstorm
|-damage|p2a: Blissey|94/100|[from] Sandstorm
|-heal|p1a: Starmie|88/100|[from] item: Leftovers
|-heal|p2a: Blissey|100/100|[from] item: Leftovers
|upkeep
|turn|5
|inactive|WW_FortniteGamR has 270 seconds left.
|
|t:|1727912276
|switch|p1a: Swampert|Swampert, F|100/100
|-damage|p1a: Swampert|88/100|[from] Spikes
|move|p2a: Blissey|Seismic Toss|p1a: Swampert
|-damage|p1a: Swampert|63/100
|
|-weather|Sandstorm|[upkeep]
|-damage|p2a: Blissey|94/100|[from] Sandstorm
|-heal|p2a: Blissey|100/100|[from] item: Leftovers
|-heal|p1a: Swampert|70/100|[from] item: Leftovers
|upkeep
|turn|6
|inactive|WW_FortniteGamR has 270 seconds left.
|
|t:|1727912289
|switch|p1a: Zapdos|Zapdos|100/100
|move|p2a: Blissey|Seismic Toss|p1a: Zapdos
|-damage|p1a: Zapdos|69/100
|
|-weather|Sandstorm|[upkeep]
|-damage|p1a: Zapdos|63/100|[from] Sandstorm
|-damage|p2a: Blissey|94/100|[from] Sandstorm
|-heal|p1a: Zapdos|69/100|[from] item: Leftovers
|-heal|p2a: Blissey|100/100|[from] item: Leftovers
|upkeep
|turn|7
|
|t:|1727912293
|move|p1a: Zapdos|Thunder Wave|p2a: Blissey
|-status|p2a: Blissey|par
|move|p2a: Blissey|Ice Beam|p1a: Zapdos
|-supereffective|p1a: Zapdos
|-damage|p1a: Zapdos|22/100
|
|-weather|Sandstorm|[upkeep]
|-damage|p1a: Zapdos|15/100|[from] Sandstorm
|-damage|p2a: Blissey|94/100 par|[from] Sandstorm
|-heal|p1a: Zapdos|22/100|[from] item: Leftovers
|-heal|p2a: Blissey|100/100 par|[from] item: Leftovers
|upkeep
|turn|8
|
|t:|1727912308
|-curestatus|p2a: Blissey|par|[from] ability: Natural Cure
|switch|p2a: Dugtrio|Dugtrio, M|100/100
|move|p1a: Zapdos|Baton Pass|p1a: Zapdos
|
|t:|1727912316
|switch|p1a: Starmie|Starmie|88/100|[from] Baton Pass
|-damage|p1a: Starmie|76/100|[from] Spikes
|
|-weather|Sandstorm|[upkeep]
|-damage|p1a: Starmie|70/100|[from] Sandstorm
|-heal|p1a: Starmie|76/100|[from] item: Leftovers
|upkeep
|turn|9
|
|t:|1727912322
|move|p2a: Dugtrio|Hidden Power|p1a: Starmie
|-supereffective|p1a: Starmie
|-damage|p1a: Starmie|4/100
|move|p1a: Starmie|Hydro Pump|p2a: Dugtrio
|-supereffective|p2a: Dugtrio
|-damage|p2a: Dugtrio|0 fnt
|faint|p2a: Dugtrio
|
|t:|1727912333
|switch|p2a: Skarmory|Skarmory, F|76/100
|
|-weather|Sandstorm|[upkeep]
|-damage|p1a: Starmie|0 fnt|[from] Sandstorm
|faint|p1a: Starmie
|-heal|p2a: Skarmory|82/100|[from] item: Leftovers
|upkeep
|
|t:|1727912339
|switch|p1a: Zapdos|Zapdos|22/100
|turn|10
|
|t:|1727912342
|move|p1a: Zapdos|Thunder Wave|p2a: Skarmory
|-status|p2a: Skarmory|par
|move|p2a: Skarmory|Spikes|p1a: Zapdos
|-sidestart|p1: WW_FortniteGamR|Spikes
|
|-weather|Sandstorm|[upkeep]
|-damage|p1a: Zapdos|15/100|[from] Sandstorm
|-heal|p1a: Zapdos|22/100|[from] item: Leftovers
|-heal|p2a: Skarmory|88/100 par|[from] item: Leftovers
|upkeep
|turn|11
|
|t:|1727912347
|move|p1a: Zapdos|Thunderbolt|p2a: Skarmory
|-supereffective|p2a: Skarmory
|-damage|p2a: Skarmory|0 fnt
|faint|p2a: Skarmory
|
|t:|1727912357
|switch|p2a: Tyranitar|Tyranitar, F|100/100
|
|-weather|Sandstorm|[upkeep]
|-damage|p1a: Zapdos|15/100|[from] Sandstorm
|-heal|p1a: Zapdos|22/100|[from] item: Leftovers
|upkeep
|turn|12
|
|t:|1727912368
|move|p1a: Zapdos|Hidden Power|p2a: Tyranitar
|-supereffective|p2a: Tyranitar
|-damage|p2a: Tyranitar|55/100
|move|p2a: Tyranitar|Rock Slide|p1a: Zapdos
|-supereffective|p1a: Zapdos
|-damage|p1a: Zapdos|0 fnt
|faint|p1a: Zapdos
|
|t:|1727912372
|switch|p1a: Tyranitar|Tyranitar, F|100/100
|-damage|p1a: Tyranitar|84/100|[from] Spikes
|
|-weather|Sandstorm|[upkeep]
|-heal|p2a: Tyranitar|61/100|[from] item: Leftovers
|-heal|p1a: Tyranitar|90/100|[from] item: Leftovers
|upkeep
|turn|13
|
|t:|1727912378
|-singleturn|p1a: Tyranitar|move: Focus Punch
|move|p1a: Tyranitar|Focus Punch|p2a: Tyranitar
|-supereffective|p2a: Tyranitar
|-damage|p2a: Tyranitar|0 fnt
|faint|p2a: Tyranitar
|
|t:|1727912382
|switch|p2a: Milotic|Milotic, F|100/100
|
|-weather|Sandstorm|[upkeep]
|-damage|p2a: Milotic|94/100|[from] Sandstorm
|-heal|p2a: Milotic|100/100|[from] item: Leftovers
|-heal|p1a: Tyranitar|96/100|[from] item: Leftovers
|upkeep
|turn|14
|
|t:|1727912397
|switch|p1a: Swampert|Swampert, F|70/100
|-damage|p1a: Swampert|53/100|[from] Spikes
|move|p2a: Milotic|Surf|p1a: Swampert
|-damage|p1a: Swampert|26/100
|
|-weather|Sandstorm|[upkeep]
|-damage|p2a: Milotic|94/100|[from] Sandstorm
|-heal|p2a: Milotic|100/100|[from] item: Leftovers
|-heal|p1a: Swampert|32/100|[from] item: Leftovers
|upkeep
|turn|15
|
|t:|1727912404
|move|p1a: Swampert|Protect|p1a: Swampert
|-singleturn|p1a: Swampert|Protect
|move|p2a: Milotic|Toxic|p1a: Swampert
|-activate|p1a: Swampert|Protect
|
|-weather|Sandstorm|[upkeep]
|-damage|p2a: Milotic|94/100|[from] Sandstorm
|-heal|p2a: Milotic|100/100|[from] item: Leftovers
|-heal|p1a: Swampert|39/100|[from] item: Leftovers
|upkeep
|turn|16
|
|t:|1727912419
|switch|p1a: Celebi|Celebi|100/100
|-damage|p1a: Celebi|84/100|[from] Spikes
|move|p2a: Milotic|Toxic|p1a: Celebi|[miss]
|-miss|p2a: Milotic|p1a: Celebi
|
|-weather|Sandstorm|[upkeep]
|-damage|p1a: Celebi|78/100|[from] Sandstorm
|-damage|p2a: Milotic|94/100|[from] Sandstorm
|-heal|p1a: Celebi|84/100|[from] item: Leftovers
|-heal|p2a: Milotic|100/100|[from] item: Leftovers
|upkeep
|turn|17
|
|t:|1727912425
|switch|p2a: Blissey|Blissey, F|100/100
|move|p1a: Celebi|Leech Seed|p2a: Blissey
|-start|p2a: Blissey|move: Leech Seed
|
|-weather|Sandstorm|[upkeep]
|-damage|p1a: Celebi|78/100|[from] Sandstorm
|-damage|p2a: Blissey|94/100|[from] Sandstorm
|-heal|p1a: Celebi|84/100|[from] item: Leftovers
|-heal|p2a: Blissey|100/100|[from] item: Leftovers
|-damage|p2a: Blissey|88/100|[from] Leech Seed|[of] p1a: Celebi
|-heal|p1a: Celebi|100/100|[silent]
|upkeep
|turn|18
|
|t:|1727912430
|move|p1a: Celebi|Baton Pass|p1a: Celebi
|
|t:|1727912433
|switch|p1a: Dugtrio|Dugtrio, M|100/100|[from] Baton Pass
|-damage|p1a: Dugtrio|84/100|[from] Spikes
|move|p2a: Blissey|Ice Beam|p1a: Dugtrio
|-supereffective|p1a: Dugtrio
|-damage|p1a: Dugtrio|5/100
|
|-weather|Sandstorm|[upkeep]
|-damage|p2a: Blissey|82/100|[from] Sandstorm
|-heal|p2a: Blissey|88/100|[from] item: Leftovers
|-damage|p2a: Blissey|76/100|[from] Leech Seed|[of] p1a: Dugtrio
|-heal|p1a: Dugtrio|38/100|[silent]
|upkeep
|turn|19
|inactive|WW_FortniteGamR has 270 seconds left.
|inactive|WW_FortniteGamR has 240 seconds left.
|
|t:|1727912499
|move|p1a: Dugtrio|Earthquake|p2a: Blissey
|-damage|p2a: Blissey|24/100
|move|p2a: Blissey|Ice Beam|p1a: Dugtrio
|-supereffective|p1a: Dugtrio
|-damage|p1a: Dugtrio|0 fnt
|faint|p1a: Dugtrio
|
|t:|1727912506
|switch|p1a: Celebi|Celebi|100/100
|-damage|p1a: Celebi|84/100|[from] Spikes
|
|-weather|Sandstorm|[upkeep]
|-damage|p1a: Celebi|78/100|[from] Sandstorm
|-damage|p2a: Blissey|18/100|[from] Sandstorm
|-heal|p1a: Celebi|84/100|[from] item: Leftovers
|-heal|p2a: Blissey|24/100|[from] item: Leftovers
|-damage|p2a: Blissey|11/100|[from] Leech Seed|[of] p1a: Celebi
|-heal|p1a: Celebi|100/100|[silent]
|upkeep
|turn|20
|
|t:|1727912511
|move|p1a: Celebi|Psychic|p2a: Blissey
|-damage|p2a: Blissey|0 fnt
|faint|p2a: Blissey
|
|t:|1727912519
|switch|p2a: Claydol|Claydol|100/100
|
|-weather|Sandstorm|[upkeep]
|-damage|p1a: Celebi|94/100|[from] Sandstorm
|-heal|p1a: Celebi|100/100|[from] item: Leftovers
|upkeep
|turn|21
|
|t:|1727912536
|move|p1a: Celebi|Leech Seed|p2a: Claydol
|-start|p2a: Claydol|move: Leech Seed
|move|p2a: Claydol|Rapid Spin|p1a: Celebi
|-damage|p1a: Celebi|96/100
|-end|p2a: Claydol|Leech Seed|[from] move: Rapid Spin|[of] p2a: Claydol
|
|-weather|Sandstorm|[upkeep]
|-damage|p1a: Celebi|90/100|[from] Sandstorm
|-heal|p1a: Celebi|96/100|[from] item: Leftovers
|upkeep
|turn|22
|
|t:|1727912544
|move|p1a: Celebi|Leech Seed|p2a: Claydol|[miss]
|-miss|p1a: Celebi|p2a: Claydol
|move|p2a: Claydol|Earthquake|p1a: Celebi
|-resisted|p1a: Celebi
|-damage|p1a: Celebi|81/100
|
|-weather|Sandstorm|[upkeep]
|-damage|p1a: Celebi|75/100|[from] Sandstorm
|-heal|p1a: Celebi|81/100|[from] item: Leftovers
|upkeep
|turn|23
|
|t:|1727912550
|move|p1a: Celebi|Leech Seed|p2a: Claydol
|-start|p2a: Claydol|move: Leech Seed
|move|p2a: Claydol|Rapid Spin|p1a: Celebi
|-damage|p1a: Celebi|77/100
|-end|p2a: Claydol|Leech Seed|[from] move: Rapid Spin|[of] p2a: Claydol
|
|-weather|Sandstorm|[upkeep]
|-damage|p1a: Celebi|71/100|[from] Sandstorm
|-heal|p1a: Celebi|77/100|[from] item: Leftovers
|upkeep
|turn|24
|
|t:|1727912558
|move|p1a: Celebi|Leech Seed|p2a: Claydol
|-start|p2a: Claydol|move: Leech Seed
|move|p2a: Claydol|Rapid Spin|p1a: Celebi
|-damage|p1a: Celebi|73/100
|-end|p2a: Claydol|Leech Seed|[from] move: Rapid Spin|[of] p2a: Claydol
|
|-weather|Sandstorm|[upkeep]
|-damage|p1a: Celebi|66/100|[from] Sandstorm
|-heal|p1a: Celebi|73/100|[from] item: Leftovers
|upkeep
|turn|25
|
|t:|1727912561
|move|p1a: Celebi|Leech Seed|p2a: Claydol
|-start|p2a: Claydol|move: Leech Seed
|move|p2a: Claydol|Rapid Spin|p1a: Celebi
|-damage|p1a: Celebi|69/100
|-end|p2a: Claydol|Leech Seed|[from] move: Rapid Spin|[of] p2a: Claydol
|
|-weather|Sandstorm|[upkeep]
|-damage|p1a: Celebi|62/100|[from] Sandstorm
|-heal|p1a: Celebi|69/100|[from] item: Leftovers
|upkeep
|turn|26
|
|t:|1727912565
|move|p1a: Celebi|Leech Seed|p2a: Claydol|[miss]
|-miss|p1a: Celebi|p2a: Claydol
|move|p2a: Claydol|Rapid Spin|p1a: Celebi
|-damage|p1a: Celebi|64/100
|
|-weather|Sandstorm|[upkeep]
|-damage|p1a: Celebi|58/100|[from] Sandstorm
|-heal|p1a: Celebi|64/100|[from] item: Leftovers
|upkeep
|turn|27
|
|t:|1727912572
|move|p1a: Celebi|Leech Seed|p2a: Claydol
|-start|p2a: Claydol|move: Leech Seed
|move|p2a: Claydol|Rapid Spin|p1a: Celebi
|-damage|p1a: Celebi|60/100
|-end|p2a: Claydol|Leech Seed|[from] move: Rapid Spin|[of] p2a: Claydol
|
|-weather|Sandstorm|[upkeep]
|-damage|p1a: Celebi|54/100|[from] Sandstorm
|-heal|p1a: Celebi|60/100|[from] item: Leftovers
|upkeep
|turn|28
|
|t:|1727912575
|move|p1a: Celebi|Leech Seed|p2a: Claydol
|-start|p2a: Claydol|move: Leech Seed
|move|p2a: Claydol|Rapid Spin|p1a: Celebi
|-damage|p1a: Celebi|55/100
|-end|p2a: Claydol|Leech Seed|[from] move: Rapid Spin|[of] p2a: Claydol
|
|-weather|Sandstorm|[upkeep]
|-damage|p1a: Celebi|49/100|[from] Sandstorm
|-heal|p1a: Celebi|55/100|[from] item: Leftovers
|upkeep
|turn|29
|
|t:|1727912579
|move|p1a: Celebi|Leech Seed|p2a: Claydol
|-start|p2a: Claydol|move: Leech Seed
|move|p2a: Claydol|Rapid Spin|p1a: Celebi
|-damage|p1a: Celebi|51/100
|-end|p2a: Claydol|Leech Seed|[from] move: Rapid Spin|[of] p2a: Claydol
|
|-weather|Sandstorm|[upkeep]
|-damage|p1a: Celebi|45/100|[from] Sandstorm
|-heal|p1a: Celebi|51/100|[from] item: Leftovers
|upkeep
|turn|30
|
|t:|1727912584
|move|p1a: Celebi|Recover|p1a: Celebi
|-heal|p1a: Celebi|100/100
|move|p2a: Claydol|Rapid Spin|p1a: Celebi
|-damage|p1a: Celebi|96/100
|
|-weather|Sandstorm|[upkeep]
|-damage|p1a: Celebi|90/100|[from] Sandstorm
|-heal|p1a: Celebi|96/100|[from] item: Leftovers
|upkeep
|turn|31
|
|t:|1727912590
|move|p1a: Celebi|Leech Seed|p2a: Claydol
|-start|p2a: Claydol|move: Leech Seed
|move|p2a: Claydol|Earthquake|p1a: Celebi
|-resisted|p1a: Celebi
|-damage|p1a: Celebi|81/100
|
|-weather|Sandstorm|[upkeep]
|-damage|p1a: Celebi|75/100|[from] Sandstorm
|-heal|p1a: Celebi|81/100|[from] item: Leftovers
|-damage|p2a: Claydol|88/100|[from] Leech Seed|[of] p1a: Celebi
|-heal|p1a: Celebi|91/100|[silent]
|upkeep
|turn|32
|
|t:|1727912598
|move|p1a: Celebi|Psychic|p2a: Claydol
|-resisted|p2a: Claydol
|-damage|p2a: Claydol|74/100
|move|p2a: Claydol|Rapid Spin|p1a: Celebi
|-damage|p1a: Celebi|87/100
|-end|p2a: Claydol|Leech Seed|[from] move: Rapid Spin|[of] p2a: Claydol
|
|-weather|Sandstorm|[upkeep]
|-damage|p1a: Celebi|81/100|[from] Sandstorm
|-heal|p1a: Celebi|87/100|[from] item: Leftovers
|-heal|p2a: Claydol|80/100|[from] item: Leftovers
|upkeep
|turn|33
|
|t:|1727912605
|move|p1a: Celebi|Leech Seed|p2a: Claydol
|-start|p2a: Claydol|move: Leech Seed
|move|p2a: Claydol|Rapid Spin|p1a: Celebi
|-damage|p1a: Celebi|83/100
|-end|p2a: Claydol|Leech Seed|[from] move: Rapid Spin|[of] p2a: Claydol
|
|-weather|Sandstorm|[upkeep]
|-damage|p1a: Celebi|77/100|[from] Sandstorm
|-heal|p1a: Celebi|83/100|[from] item: Leftovers
|-heal|p2a: Claydol|86/100|[from] item: Leftovers
|upkeep
|turn|34
|
|t:|1727912608
|move|p1a: Celebi|Leech Seed|p2a: Claydol
|-start|p2a: Claydol|move: Leech Seed
|move|p2a: Claydol|Rapid Spin|p1a: Celebi
|-damage|p1a: Celebi|78/100
|-end|p2a: Claydol|Leech Seed|[from] move: Rapid Spin|[of] p2a: Claydol
|
|-weather|Sandstorm|[upkeep]
|-damage|p1a: Celebi|72/100|[from] Sandstorm
|-heal|p1a: Celebi|78/100|[from] item: Leftovers
|-heal|p2a: Claydol|92/100|[from] item: Leftovers
|upkeep
|turn|35
|
|t:|1727912619
|move|p1a: Celebi|Psychic|p2a: Claydol
|-resisted|p2a: Claydol
|-damage|p2a: Claydol|77/100
|move|p2a: Claydol|Rapid Spin|p1a: Celebi
|-crit|p1a: Celebi
|-damage|p1a: Celebi|71/100
|
|-weather|Sandstorm|[upkeep]
|-damage|p1a: Celebi|64/100|[from] Sandstorm
|-heal|p1a: Celebi|71/100|[from] item: Leftovers
|-heal|p2a: Claydol|83/100|[from] item: Leftovers
|upkeep
|turn|36
|
|t:|1727912628
|move|p1a: Celebi|Leech Seed|p2a: Claydol
|-start|p2a: Claydol|move: Leech Seed
|move|p2a: Claydol|Earthquake|p1a: Celebi
|-resisted|p1a: Celebi
|-damage|p1a: Celebi|55/100
|
|-weather|Sandstorm|[upkeep]
|-damage|p1a: Celebi|49/100|[from] Sandstorm
|-heal|p1a: Celebi|55/100|[from] item: Leftovers
|-heal|p2a: Claydol|89/100|[from] item: Leftovers
|-damage|p2a: Claydol|77/100|[from] Leech Seed|[of] p1a: Celebi
|-heal|p1a: Celebi|65/100|[silent]
|upkeep
|turn|37
|
|t:|1727912641
|move|p1a: Celebi|Baton Pass|p1a: Celebi
|
|t:|1727912642
|switch|p1a: Swampert|Swampert, F|39/100|[from] Baton Pass
|-damage|p1a: Swampert|22/100|[from] Spikes
|move|p2a: Claydol|Rapid Spin|p1a: Swampert
|-damage|p1a: Swampert|19/100
|-end|p2a: Claydol|Leech Seed|[from] move: Rapid Spin|[of] p2a: Claydol
|
|-weather|Sandstorm|[upkeep]
|-heal|p2a: Claydol|83/100|[from] item: Leftovers
|-heal|p1a: Swampert|25/100|[from] item: Leftovers
|upkeep
|turn|38
|
|t:|1727912649
|switch|p2a: Milotic|Milotic, F|100/100
|move|p1a: Swampert|Protect||[still]
|-fail|p1a: Swampert
|
|-weather|Sandstorm|[upkeep]
|-damage|p2a: Milotic|94/100|[from] Sandstorm
|-heal|p2a: Milotic|100/100|[from] item: Leftovers
|-heal|p1a: Swampert|31/100|[from] item: Leftovers
|upkeep
|turn|39
|
|t:|1727912665
|move|p1a: Swampert|Protect|p1a: Swampert
|-singleturn|p1a: Swampert|Protect
|move|p2a: Milotic|Surf|p1a: Swampert
|-activate|p1a: Swampert|Protect
|
|-weather|Sandstorm|[upkeep]
|-damage|p2a: Milotic|94/100|[from] Sandstorm
|-heal|p2a: Milotic|100/100|[from] item: Leftovers
|-heal|p1a: Swampert|37/100|[from] item: Leftovers
|upkeep
|turn|40
|
|t:|1727912670
|switch|p1a: Celebi|Celebi|65/100
|-damage|p1a: Celebi|49/100|[from] Spikes
|move|p2a: Milotic|Toxic|p1a: Celebi
|-status|p1a: Celebi|tox
|
|-weather|Sandstorm|[upkeep]
|-damage|p1a: Celebi|42/100 tox|[from] Sandstorm
|-damage|p2a: Milotic|94/100|[from] Sandstorm
|-heal|p1a: Celebi|49/100 tox|[from] item: Leftovers
|-damage|p1a: Celebi|42/100 tox|[from] psn
|-heal|p2a: Milotic|100/100|[from] item: Leftovers
|upkeep
|turn|41
|
|t:|1727912676
|switch|p2a: Claydol|Claydol|83/100
|move|p1a: Celebi|Recover|p1a: Celebi
|-heal|p1a: Celebi|92/100 tox
|
|-weather|Sandstorm|[upkeep]
|-damage|p1a: Celebi|86/100 tox|[from] Sandstorm
|-heal|p1a: Celebi|92/100 tox|[from] item: Leftovers
|-damage|p1a: Celebi|80/100 tox|[from] psn
|-heal|p2a: Claydol|89/100|[from] item: Leftovers
|upkeep
|turn|42
|
|t:|1727912683
|-curestatus|p1a: Celebi|tox|[from] ability: Natural Cure
|switch|p1a: Tyranitar|Tyranitar, F|96/100
|-damage|p1a: Tyranitar|80/100|[from] Spikes
|move|p2a: Claydol|Rapid Spin|p1a: Tyranitar
|-resisted|p1a: Tyranitar
|-damage|p1a: Tyranitar|78/100
|
|-weather|Sandstorm|[upkeep]
|-heal|p2a: Claydol|95/100|[from] item: Leftovers
|-heal|p1a: Tyranitar|84/100|[from] item: Leftovers
|upkeep
|turn|43
|
|t:|1727912692
|move|p2a: Claydol|Earthquake|p1a: Tyranitar
|-supereffective|p1a: Tyranitar
|-damage|p1a: Tyranitar|25/100
|move|p1a: Tyranitar|Hidden Power|p2a: Claydol
|-supereffective|p2a: Claydol
|-damage|p2a: Claydol|36/100
|
|-weather|Sandstorm|[upkeep]
|-heal|p2a: Claydol|42/100|[from] item: Leftovers
|-heal|p1a: Tyranitar|31/100|[from] item: Leftovers
|upkeep
|turn|44
|
|t:|1727912708
|switch|p1a: Celebi|Celebi|80/100
|-damage|p1a: Celebi|63/100|[from] Spikes
|move|p2a: Claydol|Earthquake|p1a: Celebi
|-resisted|p1a: Celebi
|-damage|p1a: Celebi|49/100
|
|-weather|Sandstorm|[upkeep]
|-damage|p1a: Celebi|43/100|[from] Sandstorm
|-heal|p1a: Celebi|49/100|[from] item: Leftovers
|-heal|p2a: Claydol|48/100|[from] item: Leftovers
|upkeep
|turn|45
|
|t:|1727912716
|move|p1a: Celebi|Recover|p1a: Celebi
|-heal|p1a: Celebi|99/100
|move|p2a: Claydol|Rapid Spin|p1a: Celebi
|-damage|p1a: Celebi|94/100
|
|-weather|Sandstorm|[upkeep]
|-damage|p1a: Celebi|88/100|[from] Sandstorm
|-heal|p1a: Celebi|94/100|[from] item: Leftovers
|-heal|p2a: Claydol|54/100|[from] item: Leftovers
|upkeep
|turn|46
|
|t:|1727912744
|switch|p1a: Swampert|Swampert, F|37/100
|-damage|p1a: Swampert|21/100|[from] Spikes
|move|p2a: Claydol|Earthquake|p1a: Swampert
|-damage|p1a: Swampert|0 fnt
|faint|p1a: Swampert
|
|t:|1727912748
|switch|p1a: Tyranitar|Tyranitar, F|31/100
|-damage|p1a: Tyranitar|15/100|[from] Spikes
|
|-weather|Sandstorm|[upkeep]
|-heal|p2a: Claydol|60/100|[from] item: Leftovers
|-heal|p1a: Tyranitar|21/100|[from] item: Leftovers
|upkeep
|turn|47
|
|t:|1727912752
|move|p2a: Claydol|Earthquake|p1a: Tyranitar
|-supereffective|p1a: Tyranitar
|-damage|p1a: Tyranitar|0 fnt
|faint|p1a: Tyranitar
|
|t:|1727912754
|switch|p1a: Celebi|Celebi|94/100
|-damage|p1a: Celebi|78/100|[from] Spikes
|
|-weather|Sandstorm|[upkeep]
|-damage|p1a: Celebi|72/100|[from] Sandstorm
|-heal|p1a: Celebi|78/100|[from] item: Leftovers
|-heal|p2a: Claydol|66/100|[from] item: Leftovers
|upkeep
|turn|48
|
|t:|1727912764
|move|p1a: Celebi|Psychic|p2a: Claydol
|-resisted|p2a: Claydol
|-damage|p2a: Claydol|53/100
|move|p2a: Claydol|Earthquake|p1a: Celebi
|-resisted|p1a: Celebi
|-damage|p1a: Celebi|63/100
|
|-weather|Sandstorm|[upkeep]
|-damage|p1a: Celebi|56/100|[from] Sandstorm
|-heal|p1a: Celebi|63/100|[from] item: Leftovers
|-heal|p2a: Claydol|59/100|[from] item: Leftovers
|upkeep
|turn|49
|c|☆WW_FortniteGamR|ggs
|-message|WW_FortniteGamR forfeited.
|
|win|MCJD931
|player|p1|
|c|☆MCJD931|ggs
|player|p2|
|player|p1|WW_FortniteGamR|169|

</script>
<script type="application/json" class="data" id="replaydata-smogtours-gen3ou-794130">
{"id":"smogtours-gen3ou-794130","format":"[Gen 3] OU","players":["WW_FortniteGamR","MCJD931"],"uploadtime":1727912781,"views":100,"formatid":"gen3ou","rating":null,"private":0,"password":null}
</script>

<script defer src="js/replays.js?9d40a366"></script>
