<!DOCTYPE html>
<meta charset="utf-8" />
<meta name="viewport" content="width=device-width" />

<title>[Gen 3] OU: BillGatesAlt vs. TreinerOrenge - Replays - Pok&eacute;mon Showdown!</title>

<meta name="description" content="Watch a replay of a Pok&eacute;mon battle between BillGatesAlt and TreinerOrenge! Format: [Gen 3] OU; Date: Nov 3, 2024" />
<!--

Hey, you! Looking in the source for the replay log?

You can find them in JSON format, just add `.json` at the end of a replay URL.

https://replay.pokemonshowdown.com/gen7randomdoublesbattle-865046831.json

Or, if you only need the log itself, add `.log` instead:

https://replay.pokemonshowdown.com/gen7randomdoublesbattle-865046831.log

-->

<link rel="stylesheet" href="//pokemonshowdown.com/style/global.css?0.023195364461161105" />
<link rel="stylesheet" href="//play.pokemonshowdown.com/style/font-awesome.css?0.13261647063804238" />
<link rel="stylesheet" href="//play.pokemonshowdown.com/style/battle.css?0.8753245789963631" />
<link rel="stylesheet" href="//play.pokemonshowdown.com/style/utilichart.css?0.8627959624976733" />

<!-- Global site tag (gtag.js) - Google Analytics -->
<script async src="https://www.googletagmanager.com/gtag/js?id=UA-26211653-1"></script>
<script>
  window.dataLayer = window.dataLayer || [];
  function gtag(){dataLayer.push(arguments);}
  gtag('js', new Date());

  gtag('config', 'UA-26211653-1');
</script>
<!-- End Google Analytics -->
<!-- Venatus Ad Manager - Install in <HEAD> of page -->
	<script src="https://hb.vntsm.com/v3/live/ad-manager.min.js" type="text/javascript" data-site-id="642aba63ec9a7b11c3c9c1be" data-mode="scan" async></script>
<!-- / Venatus Ad Manager -->

<style>
	@media (max-width:820px) {
		.battle {
			margin: 0 auto;
		}
		.battle-log {
			margin: 7px auto 0;
			max-width: 640px;
			height: 300px;
			position: static;
		}
	}
	.optgroup {
		display: inline-block;
		line-height: 22px;
		font-size: 10pt;
	}
	.optgroup .button {
		height: 25px;
		padding-top: 0;
		padding-bottom: 0;
	}
	.optgroup button.button {
		padding-left: 12px;
		padding-right: 12px;
	}
	.linklist {
		list-style: none;
		margin: 0.5em 0;
		padding: 0;
	}
	.linklist li {
		padding: 2px 0;
	}
	.sidebar {
		float: left;
		width: 320px;
	}
	.bar-wrapper {
		max-width: 1100px;
		margin: 0 auto;
	}
	.bar-wrapper.has-sidebar {
		max-width: 1430px;
	}
	.mainbar {
		margin: 0;
		padding-right: 1px;
	}
	.mainbar.has-sidebar {
		margin-left: 330px;
	}
	@media (min-width: 1511px) {
		.sidebar {
			width: 400px;
		}
		.bar-wrapper.has-sidebar {
			max-width: 1510px;
		}
		.mainbar.has-sidebar {
			margin-left: 410px;
		}
	}
	.section.first-section {
		margin-top: 9px;
	}
	.blocklink small {
		white-space: normal;
	}
	.button {
		vertical-align: middle;
	}
	.replay-controls {
		padding-top: 10px;
	}
	.replay-controls h1 {
		font-size: 16pt;
		font-weight: normal;
		color: #CCC;
	}
	.pagelink {
		text-align: center;
	}
	.pagelink a {
		width: 150px;
	}
	.textbox, .button {
		font-size: 11pt;
		vertical-align: middle;
	}
	@media (max-width: 450px) {
		.button {
			font-size: 9pt;
		}
	}
</style>

<div>

	<header>
		<div class="nav-wrapper"><ul class="nav">
			<li><a class="button nav-first" href="//pokemonshowdown.com/"><img src="//pokemonshowdown.com/images/pokemonshowdownbeta.png" srcset="//pokemonshowdown.com/images/pokemonshowdownbeta.png 1x, //pokemonshowdown.com/images/pokemonshowdownbeta@2x.png 2x" alt="Pok&eacute;mon Showdown" width="146" height="44" /> Home</a></li>
			<li><a class="button" href="//pokemonshowdown.com/dex/">Pok&eacute;dex</a></li>
			<li><a class="button cur" href="/">Replays</a></li>
			<li><a class="button" href="//pokemonshowdown.com/ladder/">Ladder</a></li>
			<li><a class="button nav-last" href="//pokemonshowdown.com/forums/">Forum</a></li>
			<li><a class="button greenbutton nav-first nav-last" href="//play.pokemonshowdown.com/">Play</a></li>
		</ul></div>
	</header>

	<div class="main" id="main">

		<noscript><section class="section">You need to enable JavaScript to use this page; sorry!</section></noscript>

	</div>

</div>

<script defer nomodule src="//play.pokemonshowdown.com/js/lib/ps-polyfill.js"></script>
<script defer src="//play.pokemonshowdown.com/js/lib/preact.min.js"></script>

<script defer src="//play.pokemonshowdown.com/config/config.js?2bddbc15"></script>
<script defer src="//play.pokemonshowdown.com/js/lib/jquery-1.11.0.min.js"></script>
<script defer src="//play.pokemonshowdown.com/js/lib/html-sanitizer-minified.js"></script>
<script defer src="//play.pokemonshowdown.com/js/battle-sound.js"></script>
<script defer src="//play.pokemonshowdown.com/js/battledata.js?0.7209276989879541"></script>
<script defer src="//play.pokemonshowdown.com/data/pokedex-mini.js?0.6111056340867951"></script>
<script defer src="//play.pokemonshowdown.com/data/pokedex-mini-bw.js?0.3532142036491459"></script>
<script defer src="//play.pokemonshowdown.com/data/graphics.js?0.24223875632456182"></script>
<script defer src="//play.pokemonshowdown.com/data/pokedex.js?0.38839984266356864"></script>
<script defer src="//play.pokemonshowdown.com/data/moves.js?0.21866028504024015"></script>
<script defer src="//play.pokemonshowdown.com/data/abilities.js?0.2005157953846628"></script>
<script defer src="//play.pokemonshowdown.com/data/items.js?0.9894211263848525"></script>
<script defer src="//play.pokemonshowdown.com/data/teambuilder-tables.js?0.6008791140282215"></script>
<script defer src="//play.pokemonshowdown.com/js/battle-tooltips.js?0.7580118955022959"></script>
<script defer src="//play.pokemonshowdown.com/js/battle.js?0.6057722274234274"></script>

<script defer src="js/utils.js?e31f9a17"></script>
<script defer src="js/replays-battle.js?7008c182"></script>

<!-- don't scrape this data! just add .json or .log after the URL!
Full API docs: https://github.com/smogon/pokemon-showdown-client/blob/master/WEB-API.md -->
<script type="text/plain" class="log" id="replaylog-smogtours-gen3ou-804614">
|inactive|Battle timer is ON: inactive players will automatically lose when time's up.
|t:|1730669988
|gametype|singles
|player|p1|BillGatesAlt|clown|
|player|p2|TreinerOrenge|#dpppliii|
|teamsize|p1|6
|teamsize|p2|6
|gen|3
|tier|[Gen 3] OU
|rule|Sleep Clause Mod: Limit one foe put to sleep
|rule|Switch Priority Clause Mod: Faster Pokémon switch first
|rule|Species Clause: Limit one of each Pokémon
|rule|OHKO Clause: OHKO moves are banned
|rule|Evasion Items Clause: Evasion items are banned
|rule|Evasion Moves Clause: Evasion moves are banned
|rule|Endless Battle Clause: Forcing endless battles is banned
|rule|HP Percentage Mod: HP is shown in percentages
|rule|One Boost Passer Clause: Limit one Baton Passer that has a way to boost its stats
|rule|Freeze Clause Mod: Limit one foe frozen
|
|t:|1730669988
|start
|switch|p1a: Milotic|Milotic, M|100/100
|switch|p2a: Salamence|Salamence, M|100/100
|-ability|p2a: Salamence|Intimidate|boost
|-unboost|p1a: Milotic|atk|1
|turn|1
|
|t:|1730669997
|switch|p2a: Celebi|Celebi|100/100
|move|p1a: Milotic|Hypnosis|p2a: Celebi
|-status|p2a: Celebi|slp|[from] move: Hypnosis
|
|upkeep
|turn|2
|
|t:|1730670013
|-curestatus|p2a: Celebi|slp|[from] ability: Natural Cure
|switch|p2a: Starmie|Starmie|100/100
|switch|p1a: Salamence|Salamence, M|100/100
|-ability|p1a: Salamence|Intimidate|boost
|-unboost|p2a: Starmie|atk|1
|
|upkeep
|turn|3
|
|t:|1730670020
|switch|p1a: Snorlax|Snorlax, F|100/100
|move|p2a: Starmie|Thunder Wave|p1a: Snorlax
|-status|p1a: Snorlax|par
|
|upkeep
|turn|4
|
|t:|1730670029
|switch|p2a: Skarmory|Skarmory, M|100/100
|move|p1a: Snorlax|Shadow Ball|p2a: Skarmory
|-resisted|p2a: Skarmory
|-damage|p2a: Skarmory|92/100
|-unboost|p2a: Skarmory|spd|1
|
|-heal|p2a: Skarmory|98/100|[from] item: Leftovers
|upkeep
|turn|5
|
|t:|1730670038
|switch|p1a: Magneton|Magneton|100/100
|move|p2a: Skarmory|Spikes|p1a: Magneton
|-sidestart|p1: BillGatesAlt|Spikes
|
|-heal|p2a: Skarmory|100/100|[from] item: Leftovers
|upkeep
|turn|6
|
|t:|1730670046
|move|p1a: Magneton|Thunderbolt|p2a: Skarmory
|-supereffective|p2a: Skarmory
|-damage|p2a: Skarmory|0 fnt
|faint|p2a: Skarmory
|
|t:|1730670061
|switch|p2a: Celebi|Celebi|100/100
|
|upkeep
|turn|7
|
|t:|1730670071
|move|p2a: Celebi|Leech Seed|p1a: Magneton
|-start|p1a: Magneton|move: Leech Seed
|move|p1a: Magneton|Toxic|p2a: Celebi
|-status|p2a: Celebi|tox
|
|-damage|p2a: Celebi|94/100 tox|[from] psn
|-damage|p1a: Magneton|88/100|[from] Leech Seed|[of] p2a: Celebi
|-heal|p2a: Celebi|100/100 tox|[silent]
|upkeep
|turn|8
|
|t:|1730670081
|-curestatus|p2a: Celebi|tox|[from] ability: Natural Cure
|switch|p2a: Blissey|Blissey, F|100/100
|switch|p1a: Celebi|Celebi|100/100
|-damage|p1a: Celebi|88/100|[from] Spikes
|
|-heal|p1a: Celebi|94/100|[from] item: Leftovers
|upkeep
|turn|9
|
|t:|1730670095
|switch|p2a: Celebi|Celebi|100/100
|move|p1a: Celebi|Leech Seed|p2a: Celebi
|-immune|p2a: Celebi
|
|-heal|p1a: Celebi|100/100|[from] item: Leftovers
|upkeep
|turn|10
|
|t:|1730670113
|move|p1a: Celebi|Swords Dance|p1a: Celebi
|-boost|p1a: Celebi|atk|2
|move|p2a: Celebi|Perish Song|p2a: Celebi
|-start|p1a: Celebi|perish3|[silent]
|-start|p2a: Celebi|perish3|[silent]
|-fieldactivate|move: Perish Song
|
|-start|p1a: Celebi|perish3
|-start|p2a: Celebi|perish3
|upkeep
|turn|11
|
|t:|1730670123
|switch|p1a: Snorlax|Snorlax, F|100/100 par
|-damage|p1a: Snorlax|88/100 par|[from] Spikes
|switch|p2a: Salamence|Salamence, M|100/100
|-ability|p2a: Salamence|Intimidate|boost
|-unboost|p1a: Snorlax|atk|1
|
|-heal|p1a: Snorlax|94/100 par|[from] item: Leftovers
|upkeep
|turn|12
|
|t:|1730670137
|move|p2a: Salamence|Brick Break|p1a: Snorlax
|-supereffective|p1a: Snorlax
|-damage|p1a: Snorlax|55/100 par
|move|p1a: Snorlax|Curse|p1a: Snorlax
|-unboost|p1a: Snorlax|spe|1
|-boost|p1a: Snorlax|atk|1
|-boost|p1a: Snorlax|def|1
|
|-heal|p1a: Snorlax|61/100 par|[from] item: Leftovers
|upkeep
|turn|13
|
|t:|1730670149
|switch|p2a: Celebi|Celebi|100/100
|move|p1a: Snorlax|Body Slam|p2a: Celebi
|-damage|p2a: Celebi|77/100
|-status|p2a: Celebi|par
|
|-heal|p2a: Celebi|83/100 par|[from] item: Leftovers
|-heal|p1a: Snorlax|67/100 par|[from] item: Leftovers
|upkeep
|turn|14
|
|t:|1730670158
|cant|p2a: Celebi|par
|move|p1a: Snorlax|Rest|p1a: Snorlax
|-status|p1a: Snorlax|slp|[from] move: Rest
|-heal|p1a: Snorlax|100/100 slp|[silent]
|
|-heal|p2a: Celebi|89/100 par|[from] item: Leftovers
|upkeep
|turn|15
|
|t:|1730670165
|cant|p1a: Snorlax|slp
|move|p2a: Celebi|Leech Seed|p1a: Snorlax
|-start|p1a: Snorlax|move: Leech Seed
|
|-damage|p1a: Snorlax|88/100 slp|[from] Leech Seed|[of] p2a: Celebi
|-heal|p2a: Celebi|100/100 par|[silent]
|upkeep
|turn|16
|
|t:|1730670172
|switch|p1a: Celebi|Celebi|100/100
|-damage|p1a: Celebi|88/100|[from] Spikes
|-curestatus|p2a: Celebi|par|[from] ability: Natural Cure
|switch|p2a: Metagross|Metagross|100/100
|
|-heal|p1a: Celebi|94/100|[from] item: Leftovers
|upkeep
|turn|17
|
|t:|1730670182
|switch|p2a: Celebi|Celebi|100/100
|move|p1a: Celebi|Baton Pass|p1a: Celebi
|
|t:|1730670187
|switch|p1a: Snorlax|Snorlax, F|88/100 slp|[from] Baton Pass
|-damage|p1a: Snorlax|76/100 slp|[from] Spikes
|
|-heal|p1a: Snorlax|82/100 slp|[from] item: Leftovers
|upkeep
|turn|18
|
|t:|1730670193
|move|p2a: Celebi|Leech Seed|p1a: Snorlax|[miss]
|-miss|p2a: Celebi|p1a: Snorlax
|cant|p1a: Snorlax|slp
|
|-heal|p1a: Snorlax|88/100 slp|[from] item: Leftovers
|upkeep
|turn|19
|
|t:|1730670200
|move|p2a: Celebi|Leech Seed|p1a: Snorlax
|-start|p1a: Snorlax|move: Leech Seed
|-curestatus|p1a: Snorlax|slp|[msg]
|move|p1a: Snorlax|Curse|p1a: Snorlax
|-unboost|p1a: Snorlax|spe|1
|-boost|p1a: Snorlax|atk|1
|-boost|p1a: Snorlax|def|1
|
|-heal|p1a: Snorlax|94/100|[from] item: Leftovers
|-damage|p1a: Snorlax|82/100|[from] Leech Seed|[of] p2a: Celebi
|upkeep
|turn|20
|
|t:|1730670211
|move|p2a: Celebi|Perish Song|p2a: Celebi
|-start|p1a: Snorlax|perish3|[silent]
|-start|p2a: Celebi|perish3|[silent]
|-fieldactivate|move: Perish Song
|move|p1a: Snorlax|Body Slam|p2a: Celebi
|-damage|p2a: Celebi|60/100
|-status|p2a: Celebi|par
|
|-heal|p1a: Snorlax|88/100|[from] item: Leftovers
|-damage|p1a: Snorlax|76/100|[from] Leech Seed|[of] p2a: Celebi
|-heal|p2a: Celebi|75/100 par|[silent]
|-heal|p2a: Celebi|81/100 par|[from] item: Leftovers
|-start|p1a: Snorlax|perish3
|-start|p2a: Celebi|perish3
|upkeep
|turn|21
|
|t:|1730670222
|-curestatus|p2a: Celebi|par|[from] ability: Natural Cure
|switch|p2a: Metagross|Metagross|100/100
|move|p1a: Snorlax|Shadow Ball|p2a: Metagross
|-damage|p2a: Metagross|83/100
|
|-heal|p2a: Metagross|89/100|[from] item: Leftovers
|-heal|p1a: Snorlax|82/100|[from] item: Leftovers
|-damage|p1a: Snorlax|69/100|[from] Leech Seed|[of] p2a: Metagross
|-heal|p2a: Metagross|100/100|[silent]
|-start|p1a: Snorlax|perish2
|upkeep
|turn|22
|
|t:|1730670243
|move|p2a: Metagross|Earthquake|p1a: Snorlax
|-damage|p1a: Snorlax|52/100
|move|p1a: Snorlax|Body Slam|p2a: Metagross
|-resisted|p2a: Metagross
|-damage|p2a: Metagross|86/100
|
|-heal|p2a: Metagross|92/100|[from] item: Leftovers
|-heal|p1a: Snorlax|58/100|[from] item: Leftovers
|-damage|p1a: Snorlax|46/100|[from] Leech Seed|[of] p2a: Metagross
|-heal|p2a: Metagross|100/100|[silent]
|-start|p1a: Snorlax|perish1
|upkeep
|turn|23
|
|t:|1730670254
|switch|p2a: Celebi|Celebi|81/100
|switch|p1a: Milotic|Milotic, M|100/100
|-damage|p1a: Milotic|88/100|[from] Spikes
|
|-heal|p2a: Celebi|88/100|[from] item: Leftovers
|-heal|p1a: Milotic|94/100|[from] item: Leftovers
|upkeep
|turn|24
|
|t:|1730670264
|move|p2a: Celebi|Hidden Power|p1a: Milotic
|-supereffective|p1a: Milotic
|-damage|p1a: Milotic|61/100
|move|p1a: Milotic|Ice Beam|p2a: Celebi
|-supereffective|p2a: Celebi
|-damage|p2a: Celebi|54/100
|
|-heal|p2a: Celebi|60/100|[from] item: Leftovers
|-heal|p1a: Milotic|67/100|[from] item: Leftovers
|upkeep
|turn|25
|
|t:|1730670277
|switch|p1a: Magneton|Magneton|88/100
|-damage|p1a: Magneton|76/100|[from] Spikes
|move|p2a: Celebi|Recover|p2a: Celebi
|-heal|p2a: Celebi|100/100
|
|upkeep
|turn|26
|
|t:|1730670301
|switch|p2a: Blissey|Blissey, F|100/100
|move|p1a: Magneton|Thunderbolt|p2a: Blissey
|-damage|p2a: Blissey|79/100
|-status|p2a: Blissey|par
|
|-heal|p2a: Blissey|86/100 par|[from] item: Leftovers
|upkeep
|turn|27
|
|t:|1730670311
|move|p1a: Magneton|Hidden Power|p2a: Blissey
|-damage|p2a: Blissey|75/100 par
|move|p2a: Blissey|Thunderbolt|p1a: Magneton
|-resisted|p1a: Magneton
|-damage|p1a: Magneton|55/100
|
|-heal|p2a: Blissey|82/100 par|[from] item: Leftovers
|upkeep
|turn|28
|
|t:|1730670324
|switch|p1a: Celebi|Celebi|94/100
|-damage|p1a: Celebi|82/100|[from] Spikes
|move|p2a: Blissey|Ice Beam|p1a: Celebi
|-supereffective|p1a: Celebi
|-damage|p1a: Celebi|38/100
|
|-heal|p1a: Celebi|44/100|[from] item: Leftovers
|-heal|p2a: Blissey|88/100 par|[from] item: Leftovers
|upkeep
|turn|29
|
|t:|1730670336
|move|p1a: Celebi|Recover|p1a: Celebi
|-heal|p1a: Celebi|94/100
|move|p2a: Blissey|Ice Beam|p1a: Celebi
|-supereffective|p1a: Celebi
|-damage|p1a: Celebi|50/100
|
|-heal|p1a: Celebi|56/100|[from] item: Leftovers
|-heal|p2a: Blissey|94/100 par|[from] item: Leftovers
|upkeep
|turn|30
|
|t:|1730670346
|-curestatus|p2a: Blissey|par|[from] ability: Natural Cure
|switch|p2a: Celebi|Celebi|100/100
|move|p1a: Celebi|Recover|p1a: Celebi
|-heal|p1a: Celebi|100/100
|
|upkeep
|turn|31
|
|t:|1730670359
|move|p1a: Celebi|Baton Pass|p1a: Celebi
|
|t:|1730670361
|switch|p1a: Snorlax|Snorlax, F|46/100|[from] Baton Pass
|-damage|p1a: Snorlax|33/100|[from] Spikes
|move|p2a: Celebi|Perish Song|p2a: Celebi
|-start|p1a: Snorlax|perish3|[silent]
|-start|p2a: Celebi|perish3|[silent]
|-fieldactivate|move: Perish Song
|
|-heal|p1a: Snorlax|40/100|[from] item: Leftovers
|-start|p2a: Celebi|perish3
|-start|p1a: Snorlax|perish3
|upkeep
|turn|32
|
|t:|1730670379
|move|p2a: Celebi|Leech Seed|p1a: Snorlax
|-start|p1a: Snorlax|move: Leech Seed
|move|p1a: Snorlax|Rest|p1a: Snorlax
|-status|p1a: Snorlax|slp|[from] move: Rest
|-heal|p1a: Snorlax|100/100 slp|[silent]
|
|-damage|p1a: Snorlax|88/100 slp|[from] Leech Seed|[of] p2a: Celebi
|-start|p2a: Celebi|perish2
|-start|p1a: Snorlax|perish2
|upkeep
|turn|33
|
|t:|1730670389
|switch|p2a: Salamence|Salamence, M|100/100
|-ability|p2a: Salamence|Intimidate|boost
|-unboost|p1a: Snorlax|atk|1
|switch|p1a: Celebi|Celebi|100/100
|-damage|p1a: Celebi|88/100|[from] Spikes
|
|-heal|p1a: Celebi|94/100|[from] item: Leftovers
|upkeep
|turn|34
|
|t:|1730670403
|switch|p1a: Salamence|Salamence, M|100/100
|-ability|p1a: Salamence|Intimidate|boost
|-unboost|p2a: Salamence|atk|1
|move|p2a: Salamence|Flamethrower|p1a: Salamence
|-resisted|p1a: Salamence
|-damage|p1a: Salamence|84/100
|
|-heal|p1a: Salamence|90/100|[from] item: Leftovers
|upkeep
|turn|35
|
|t:|1730670422
|switch|p1a: Milotic|Milotic, M|67/100
|-damage|p1a: Milotic|54/100|[from] Spikes
|move|p2a: Salamence|Dragon Claw|p1a: Milotic
|-damage|p1a: Milotic|26/100
|
|-heal|p1a: Milotic|32/100|[from] item: Leftovers
|upkeep
|turn|36
|
|t:|1730670431
|move|p2a: Salamence|Hidden Power|p1a: Milotic
|-supereffective|p1a: Milotic
|-damage|p1a: Milotic|0 fnt
|faint|p1a: Milotic
|inactive|BillGatesAlt has 270 seconds left.
|
|t:|1730670456
|switch|p1a: Celebi|Celebi|94/100
|-damage|p1a: Celebi|82/100|[from] Spikes
|
|-heal|p1a: Celebi|88/100|[from] item: Leftovers
|upkeep
|turn|37
|
|t:|1730670461
|move|p2a: Salamence|Flamethrower|p1a: Celebi
|-supereffective|p1a: Celebi
|-damage|p1a: Celebi|29/100
|move|p1a: Celebi|Swords Dance|p1a: Celebi
|-boost|p1a: Celebi|atk|2
|
|-heal|p1a: Celebi|35/100|[from] item: Leftovers
|upkeep
|turn|38
|
|t:|1730670469
|move|p2a: Salamence|Flamethrower|p1a: Celebi
|-supereffective|p1a: Celebi
|-damage|p1a: Celebi|0 fnt
|faint|p1a: Celebi
|
|t:|1730670481
|switch|p1a: Metagross|Metagross|100/100
|-damage|p1a: Metagross|88/100|[from] Spikes
|
|-heal|p1a: Metagross|94/100|[from] item: Leftovers
|upkeep
|turn|39
|
|t:|1730670488
|switch|p2a: Starmie|Starmie|100/100
|move|p1a: Metagross|Agility|p1a: Metagross
|-boost|p1a: Metagross|spe|2
|
|-heal|p1a: Metagross|100/100|[from] item: Leftovers
|upkeep
|turn|40
|
|t:|1730670498
|move|p1a: Metagross|Meteor Mash|p2a: Starmie
|-resisted|p2a: Starmie
|-damage|p2a: Starmie|67/100
|move|p2a: Starmie|Thunder Wave|p1a: Metagross
|-status|p1a: Metagross|par
|
|-heal|p2a: Starmie|74/100|[from] item: Leftovers
|upkeep
|turn|41
|
|t:|1730670505
|move|p2a: Starmie|Surf|p1a: Metagross
|-damage|p1a: Metagross|66/100 par
|move|p1a: Metagross|Meteor Mash|p2a: Starmie
|-resisted|p2a: Starmie
|-damage|p2a: Starmie|38/100
|
|-heal|p2a: Starmie|44/100|[from] item: Leftovers
|-heal|p1a: Metagross|72/100 par|[from] item: Leftovers
|upkeep
|turn|42
|
|t:|1730670516
|move|p2a: Starmie|Recover|p2a: Starmie
|-heal|p2a: Starmie|94/100
|move|p1a: Metagross|Rock Slide|p2a: Starmie
|-damage|p2a: Starmie|62/100
|
|-heal|p2a: Starmie|68/100|[from] item: Leftovers
|-heal|p1a: Metagross|78/100 par|[from] item: Leftovers
|upkeep
|turn|43
|
|t:|1730670524
|move|p2a: Starmie|Surf|p1a: Metagross
|-damage|p1a: Metagross|42/100 par
|move|p1a: Metagross|Meteor Mash|p2a: Starmie
|-resisted|p2a: Starmie
|-damage|p2a: Starmie|35/100
|-boost|p1a: Metagross|atk|1
|
|-heal|p2a: Starmie|42/100|[from] item: Leftovers
|-heal|p1a: Metagross|48/100 par|[from] item: Leftovers
|upkeep
|turn|44
|
|t:|1730670533
|move|p2a: Starmie|Surf|p1a: Metagross
|-damage|p1a: Metagross|12/100 par
|move|p1a: Metagross|Rock Slide|p2a: Starmie
|-damage|p2a: Starmie|0 fnt
|faint|p2a: Starmie
|
|t:|1730670550
|switch|p2a: Salamence|Salamence, M|100/100
|-ability|p2a: Salamence|Intimidate|boost
|-fail|p1a: Metagross|unboost|[from] ability: Clear Body|[of] p1a: Metagross
|
|-heal|p1a: Metagross|19/100 par|[from] item: Leftovers
|upkeep
|turn|45
|
|t:|1730670555
|move|p2a: Salamence|Flamethrower|p1a: Metagross
|-supereffective|p1a: Metagross
|-damage|p1a: Metagross|0 fnt
|faint|p1a: Metagross
|
|t:|1730670561
|switch|p1a: Snorlax|Snorlax, F|88/100 slp
|-damage|p1a: Snorlax|76/100 slp|[from] Spikes
|
|-heal|p1a: Snorlax|82/100 slp|[from] item: Leftovers
|upkeep
|turn|46
|
|t:|1730670571
|move|p2a: Salamence|Brick Break|p1a: Snorlax
|-supereffective|p1a: Snorlax
|-damage|p1a: Snorlax|41/100 slp
|cant|p1a: Snorlax|slp
|
|-heal|p1a: Snorlax|47/100 slp|[from] item: Leftovers
|upkeep
|turn|47
|
|t:|1730670577
|move|p2a: Salamence|Brick Break|p1a: Snorlax
|-supereffective|p1a: Snorlax
|-damage|p1a: Snorlax|11/100 slp
|cant|p1a: Snorlax|slp
|
|-heal|p1a: Snorlax|17/100 slp|[from] item: Leftovers
|upkeep
|turn|48
|
|t:|1730670583
|move|p2a: Salamence|Brick Break|p1a: Snorlax
|-supereffective|p1a: Snorlax
|-damage|p1a: Snorlax|0 fnt
|faint|p1a: Snorlax
|
|t:|1730670587
|switch|p1a: Salamence|Salamence, M|90/100
|-ability|p1a: Salamence|Intimidate|boost
|-unboost|p2a: Salamence|atk|1
|
|-heal|p1a: Salamence|96/100|[from] item: Leftovers
|upkeep
|turn|49
|
|t:|1730670594
|move|p2a: Salamence|Dragon Claw|p1a: Salamence
|-supereffective|p1a: Salamence
|-damage|p1a: Salamence|4/100
|move|p1a: Salamence|Dragon Dance|p1a: Salamence
|-boost|p1a: Salamence|atk|1
|-boost|p1a: Salamence|spe|1
|
|-heal|p1a: Salamence|10/100|[from] item: Leftovers
|upkeep
|turn|50
|
|t:|1730670602
|switch|p2a: Metagross|Metagross|100/100
|move|p1a: Salamence|Rock Slide|p2a: Metagross
|-resisted|p2a: Metagross
|-damage|p2a: Metagross|87/100
|
|-heal|p1a: Salamence|17/100|[from] item: Leftovers
|-heal|p2a: Metagross|93/100|[from] item: Leftovers
|upkeep
|turn|51
|
|t:|1730670611
|move|p1a: Salamence|Earthquake|p2a: Metagross
|-supereffective|p2a: Metagross
|-crit|p2a: Metagross
|-damage|p2a: Metagross|0 fnt
|faint|p2a: Metagross
|
|t:|1730670614
|switch|p2a: Salamence|Salamence, M|100/100
|-ability|p2a: Salamence|Intimidate|boost
|-unboost|p1a: Salamence|atk|1
|
|-heal|p1a: Salamence|23/100|[from] item: Leftovers
|upkeep
|turn|52
|
|t:|1730670620
|move|p1a: Salamence|Rock Slide|p2a: Salamence
|-supereffective|p2a: Salamence
|-damage|p2a: Salamence|30/100
|move|p2a: Salamence|Dragon Claw|p1a: Salamence
|-supereffective|p1a: Salamence
|-damage|p1a: Salamence|0 fnt
|faint|p1a: Salamence
|
|t:|1730670629
|switch|p1a: Magneton|Magneton|55/100
|-damage|p1a: Magneton|43/100|[from] Spikes
|
|-heal|p2a: Salamence|36/100|[from] item: Leftovers
|upkeep
|turn|53
|
|t:|1730670634
|move|p2a: Salamence|Flamethrower|p1a: Magneton
|-supereffective|p1a: Magneton
|-damage|p1a: Magneton|0 fnt
|faint|p1a: Magneton
|
|win|TreinerOrenge
|c|☆BillGatesAlt|gg
|c|☆TreinerOrenge|ggs, thanks for waiting

</script>
<script type="application/json" class="data" id="replaydata-smogtours-gen3ou-804614">
{"id":"smogtours-gen3ou-804614","format":"[Gen 3] OU","players":["BillGatesAlt","TreinerOrenge"],"uploadtime":1730670634,"views":82,"formatid":"gen3ou","rating":null,"private":0,"password":null}
</script>

<script defer src="js/replays.js?9d40a366"></script>
