<!DOCTYPE html>
<meta charset="utf-8" />
<meta name="viewport" content="width=device-width" />

<title>[Gen 3] OU: Blaniom vs. javiercar - Replays - Pok&eacute;mon Showdown!</title>

<meta name="description" content="Watch a replay of a Pok&eacute;mon battle between Blaniom and javiercar! Format: [Gen 3] OU; Date: Oct 3, 2024" />
<!--

Hey, you! Looking in the source for the replay log?

You can find them in JSON format, just add `.json` at the end of a replay URL.

https://replay.pokemonshowdown.com/gen7randomdoublesbattle-865046831.json

Or, if you only need the log itself, add `.log` instead:

https://replay.pokemonshowdown.com/gen7randomdoublesbattle-865046831.log

-->

<link rel="stylesheet" href="//pokemonshowdown.com/style/global.css?0.023195364461161105" />
<link rel="stylesheet" href="//play.pokemonshowdown.com/style/font-awesome.css?0.13261647063804238" />
<link rel="stylesheet" href="//play.pokemonshowdown.com/style/battle.css?0.8753245789963631" />
<link rel="stylesheet" href="//play.pokemonshowdown.com/style/utilichart.css?0.8627959624976733" />

<!-- Global site tag (gtag.js) - Google Analytics -->
<script async src="https://www.googletagmanager.com/gtag/js?id=UA-26211653-1"></script>
<script>
  window.dataLayer = window.dataLayer || [];
  function gtag(){dataLayer.push(arguments);}
  gtag('js', new Date());

  gtag('config', 'UA-26211653-1');
</script>
<!-- End Google Analytics -->
<!-- Venatus Ad Manager - Install in <HEAD> of page -->
	<script src="https://hb.vntsm.com/v3/live/ad-manager.min.js" type="text/javascript" data-site-id="642aba63ec9a7b11c3c9c1be" data-mode="scan" async></script>
<!-- / Venatus Ad Manager -->

<style>
	@media (max-width:820px) {
		.battle {
			margin: 0 auto;
		}
		.battle-log {
			margin: 7px auto 0;
			max-width: 640px;
			height: 300px;
			position: static;
		}
	}
	.optgroup {
		display: inline-block;
		line-height: 22px;
		font-size: 10pt;
	}
	.optgroup .button {
		height: 25px;
		padding-top: 0;
		padding-bottom: 0;
	}
	.optgroup button.button {
		padding-left: 12px;
		padding-right: 12px;
	}
	.linklist {
		list-style: none;
		margin: 0.5em 0;
		padding: 0;
	}
	.linklist li {
		padding: 2px 0;
	}
	.sidebar {
		float: left;
		width: 320px;
	}
	.bar-wrapper {
		max-width: 1100px;
		margin: 0 auto;
	}
	.bar-wrapper.has-sidebar {
		max-width: 1430px;
	}
	.mainbar {
		margin: 0;
		padding-right: 1px;
	}
	.mainbar.has-sidebar {
		margin-left: 330px;
	}
	@media (min-width: 1511px) {
		.sidebar {
			width: 400px;
		}
		.bar-wrapper.has-sidebar {
			max-width: 1510px;
		}
		.mainbar.has-sidebar {
			margin-left: 410px;
		}
	}
	.section.first-section {
		margin-top: 9px;
	}
	.blocklink small {
		white-space: normal;
	}
	.button {
		vertical-align: middle;
	}
	.replay-controls {
		padding-top: 10px;
	}
	.replay-controls h1 {
		font-size: 16pt;
		font-weight: normal;
		color: #CCC;
	}
	.pagelink {
		text-align: center;
	}
	.pagelink a {
		width: 150px;
	}
	.textbox, .button {
		font-size: 11pt;
		vertical-align: middle;
	}
	@media (max-width: 450px) {
		.button {
			font-size: 9pt;
		}
	}
</style>

<div>

	<header>
		<div class="nav-wrapper"><ul class="nav">
			<li><a class="button nav-first" href="//pokemonshowdown.com/"><img src="//pokemonshowdown.com/images/pokemonshowdownbeta.png" srcset="//pokemonshowdown.com/images/pokemonshowdownbeta.png 1x, //pokemonshowdown.com/images/pokemonshowdownbeta@2x.png 2x" alt="Pok&eacute;mon Showdown" width="146" height="44" /> Home</a></li>
			<li><a class="button" href="//pokemonshowdown.com/dex/">Pok&eacute;dex</a></li>
			<li><a class="button cur" href="/">Replays</a></li>
			<li><a class="button" href="//pokemonshowdown.com/ladder/">Ladder</a></li>
			<li><a class="button nav-last" href="//pokemonshowdown.com/forums/">Forum</a></li>
			<li><a class="button greenbutton nav-first nav-last" href="//play.pokemonshowdown.com/">Play</a></li>
		</ul></div>
	</header>

	<div class="main" id="main">

		<noscript><section class="section">You need to enable JavaScript to use this page; sorry!</section></noscript>

	</div>

</div>

<script defer nomodule src="//play.pokemonshowdown.com/js/lib/ps-polyfill.js"></script>
<script defer src="//play.pokemonshowdown.com/js/lib/preact.min.js"></script>

<script defer src="//play.pokemonshowdown.com/config/config.js?2bddbc15"></script>
<script defer src="//play.pokemonshowdown.com/js/lib/jquery-1.11.0.min.js"></script>
<script defer src="//play.pokemonshowdown.com/js/lib/html-sanitizer-minified.js"></script>
<script defer src="//play.pokemonshowdown.com/js/battle-sound.js"></script>
<script defer src="//play.pokemonshowdown.com/js/battledata.js?0.7209276989879541"></script>
<script defer src="//play.pokemonshowdown.com/data/pokedex-mini.js?0.6111056340867951"></script>
<script defer src="//play.pokemonshowdown.com/data/pokedex-mini-bw.js?0.3532142036491459"></script>
<script defer src="//play.pokemonshowdown.com/data/graphics.js?0.24223875632456182"></script>
<script defer src="//play.pokemonshowdown.com/data/pokedex.js?0.38839984266356864"></script>
<script defer src="//play.pokemonshowdown.com/data/moves.js?0.21866028504024015"></script>
<script defer src="//play.pokemonshowdown.com/data/abilities.js?0.2005157953846628"></script>
<script defer src="//play.pokemonshowdown.com/data/items.js?0.9894211263848525"></script>
<script defer src="//play.pokemonshowdown.com/data/teambuilder-tables.js?0.6008791140282215"></script>
<script defer src="//play.pokemonshowdown.com/js/battle-tooltips.js?0.7580118955022959"></script>
<script defer src="//play.pokemonshowdown.com/js/battle.js?0.6057722274234274"></script>

<script defer src="js/utils.js?e31f9a17"></script>
<script defer src="js/replays-battle.js?7008c182"></script>

<!-- don't scrape this data! just add .json or .log after the URL!
Full API docs: https://github.com/smogon/pokemon-showdown-client/blob/master/WEB-API.md -->
<script type="text/plain" class="log" id="replaylog-smogtours-gen3ou-794245">
|inactive|Battle timer is ON: inactive players will automatically lose when time's up.
|t:|1727974184
|gametype|singles
|player|p1|Blaniom|265|
|player|p2|javiercar|102|
|teamsize|p1|6
|teamsize|p2|6
|gen|3
|tier|[Gen 3] OU
|rule|Sleep Clause Mod: Limit one foe put to sleep
|rule|Switch Priority Clause Mod: Faster Pokémon switch first
|rule|Species Clause: Limit one of each Pokémon
|rule|OHKO Clause: OHKO moves are banned
|rule|Evasion Items Clause: Evasion items are banned
|rule|Evasion Moves Clause: Evasion moves are banned
|rule|Endless Battle Clause: Forcing endless battles is banned
|rule|HP Percentage Mod: HP is shown in percentages
|rule|One Boost Passer Clause: Limit one Baton Passer that has a way to boost its stats
|rule|Freeze Clause Mod: Limit one foe frozen
|
|t:|1727974184
|start
|switch|p1a: Zapdos|Zapdos|100/100
|switch|p2a: Skarmory|Skarmory, F|100/100
|turn|1
|c|☆Blaniom|GL
|c|☆javiercar|gl hf!
|
|t:|1727974207
|switch|p2a: Blissey|Blissey, F, shiny|100/100
|move|p1a: Zapdos|Thunderbolt|p2a: Blissey
|-crit|p2a: Blissey
|-damage|p2a: Blissey|68/100
|
|-heal|p2a: Blissey|74/100|[from] item: Leftovers
|upkeep
|turn|2
|
|t:|1727974220
|move|p1a: Zapdos|Protect|p1a: Zapdos
|-singleturn|p1a: Zapdos|Protect
|move|p2a: Blissey|Toxic|p1a: Zapdos
|-activate|p1a: Zapdos|Protect
|
|-heal|p2a: Blissey|80/100|[from] item: Leftovers
|upkeep
|turn|3
|
|t:|1727974228
|switch|p1a: Forretress|Forretress, F|100/100
|move|p2a: Blissey|Fire Blast|p1a: Forretress
|-supereffective|p1a: Forretress
|-damage|p1a: Forretress|0 fnt
|faint|p1a: Forretress
|
|t:|1727974239
|switch|p1a: Charizard|Charizard, F|100/100
|
|-heal|p2a: Blissey|86/100|[from] item: Leftovers
|upkeep
|turn|4
|
|t:|1727974253
|switch|p2a: Starmie|Starmie|100/100
|move|p1a: Charizard|Substitute|p1a: Charizard
|-start|p1a: Charizard|Substitute
|-damage|p1a: Charizard|76/100
|
|-heal|p1a: Charizard|82/100|[from] item: Leftovers
|upkeep
|turn|5
|
|t:|1727974264
|move|p2a: Starmie|Thunderbolt|p1a: Charizard
|-supereffective|p1a: Charizard
|-end|p1a: Charizard|Substitute
|move|p1a: Charizard|Hidden Power|p2a: Starmie
|-supereffective|p2a: Starmie
|-damage|p2a: Starmie|38/100
|
|-heal|p2a: Starmie|44/100|[from] item: Leftovers
|-heal|p1a: Charizard|88/100|[from] item: Leftovers
|upkeep
|turn|6
|
|t:|1727974286
|switch|p1a: Blissey|Blissey, F|100/100
|move|p2a: Starmie|Thunderbolt|p1a: Blissey
|-damage|p1a: Blissey|90/100
|
|-heal|p2a: Starmie|50/100|[from] item: Leftovers
|-heal|p1a: Blissey|96/100|[from] item: Leftovers
|upkeep
|turn|7
|
|t:|1727974301
|switch|p2a: Blissey|Blissey, F, shiny|86/100
|switch|p1a: Charizard|Charizard, F|88/100
|
|-heal|p1a: Charizard|94/100|[from] item: Leftovers
|-heal|p2a: Blissey|92/100|[from] item: Leftovers
|upkeep
|turn|8
|
|t:|1727974308
|move|p1a: Charizard|Substitute|p1a: Charizard
|-start|p1a: Charizard|Substitute
|-damage|p1a: Charizard|69/100
|move|p2a: Blissey|Ice Beam|p1a: Charizard
|-end|p1a: Charizard|Substitute
|
|-heal|p1a: Charizard|75/100|[from] item: Leftovers
|-heal|p2a: Blissey|98/100|[from] item: Leftovers
|upkeep
|turn|9
|
|t:|1727974318
|move|p1a: Charizard|Substitute|p1a: Charizard
|-start|p1a: Charizard|Substitute
|-damage|p1a: Charizard|50/100
|move|p2a: Blissey|Toxic||[still]
|-fail|p2a: Blissey
|
|-heal|p1a: Charizard|56/100|[from] item: Leftovers
|-heal|p2a: Blissey|100/100|[from] item: Leftovers
|upkeep
|turn|10
|
|t:|1727974326
|-singleturn|p1a: Charizard|move: Focus Punch
|switch|p2a: Gengar|Gengar, F|100/100
|move|p1a: Charizard|Focus Punch|p2a: Gengar
|-immune|p2a: Gengar
|
|-heal|p1a: Charizard|62/100|[from] item: Leftovers
|upkeep
|turn|11
|
|t:|1727974338
|move|p1a: Charizard|Fire Blast|p2a: Gengar
|-damage|p2a: Gengar|38/100
|move|p2a: Gengar|Thunderbolt|p1a: Charizard
|-supereffective|p1a: Charizard
|-end|p1a: Charizard|Substitute
|
|-heal|p1a: Charizard|68/100|[from] item: Leftovers
|-heal|p2a: Gengar|44/100|[from] item: Leftovers
|upkeep
|turn|12
|
|t:|1727974356
|switch|p2a: Swampert|Swampert, F|100/100
|move|p1a: Charizard|Substitute|p1a: Charizard
|-start|p1a: Charizard|Substitute
|-damage|p1a: Charizard|43/100
|
|-heal|p1a: Charizard|49/100|[from] item: Leftovers
|upkeep
|turn|13
|
|t:|1727974366
|move|p2a: Swampert|Protect|p2a: Swampert
|-singleturn|p2a: Swampert|Protect
|move|p1a: Charizard|Hidden Power|p2a: Swampert
|-activate|p2a: Swampert|Protect
|
|-heal|p1a: Charizard|55/100|[from] item: Leftovers
|upkeep
|turn|14
|
|t:|1727974386
|switch|p2a: Blissey|Blissey, F, shiny|100/100
|move|p1a: Charizard|Hidden Power|p2a: Blissey
|-damage|p2a: Blissey|92/100
|
|-heal|p1a: Charizard|61/100|[from] item: Leftovers
|-heal|p2a: Blissey|98/100|[from] item: Leftovers
|upkeep
|turn|15
|
|t:|1727974395
|-singleturn|p1a: Charizard|move: Focus Punch
|move|p2a: Blissey|Ice Beam|p1a: Charizard
|-end|p1a: Charizard|Substitute
|move|p1a: Charizard|Focus Punch|p2a: Blissey
|-supereffective|p2a: Blissey
|-damage|p2a: Blissey|39/100
|
|-heal|p1a: Charizard|68/100|[from] item: Leftovers
|-heal|p2a: Blissey|46/100|[from] item: Leftovers
|upkeep
|turn|16
|
|t:|1727974411
|switch|p1a: Tyranitar|Tyranitar, F|100/100
|-weather|Sandstorm|[from] ability: Sand Stream|[of] p1a: Tyranitar
|move|p2a: Blissey|Ice Beam|p1a: Tyranitar
|-damage|p1a: Tyranitar|74/100
|
|-weather|Sandstorm|[upkeep]
|-damage|p2a: Blissey|39/100|[from] Sandstorm
|-heal|p2a: Blissey|46/100|[from] item: Leftovers
|upkeep
|turn|17
|
|t:|1727974427
|switch|p2a: Skarmory|Skarmory, F|100/100
|move|p1a: Tyranitar|Hidden Power|p2a: Skarmory
|-resisted|p2a: Skarmory
|-damage|p2a: Skarmory|97/100
|
|-weather|Sandstorm|[upkeep]
|-heal|p2a: Skarmory|100/100|[from] item: Leftovers
|upkeep
|turn|18
|
|t:|1727974436
|move|p1a: Tyranitar|Rock Slide|p2a: Skarmory
|-damage|p2a: Skarmory|69/100
|move|p2a: Skarmory|Toxic|p1a: Tyranitar
|-status|p1a: Tyranitar|tox
|-enditem|p1a: Tyranitar|Lum Berry|[eat]
|-curestatus|p1a: Tyranitar|tox|[msg]
|
|-weather|Sandstorm|[upkeep]
|-heal|p2a: Skarmory|75/100|[from] item: Leftovers
|upkeep
|turn|19
|
|t:|1727974450
|move|p1a: Tyranitar|Dragon Dance|p1a: Tyranitar
|-boost|p1a: Tyranitar|atk|1
|-boost|p1a: Tyranitar|spe|1
|move|p2a: Skarmory|Toxic|p1a: Tyranitar
|-status|p1a: Tyranitar|tox
|
|-weather|Sandstorm|[upkeep]
|-damage|p1a: Tyranitar|68/100 tox|[from] psn
|-heal|p2a: Skarmory|81/100|[from] item: Leftovers
|upkeep
|turn|20
|
|t:|1727974459
|move|p2a: Skarmory|Protect|p2a: Skarmory
|-singleturn|p2a: Skarmory|Protect
|move|p1a: Tyranitar|Rock Slide|p2a: Skarmory
|-activate|p2a: Skarmory|Protect
|
|-weather|Sandstorm|[upkeep]
|-damage|p1a: Tyranitar|56/100 tox|[from] psn
|-heal|p2a: Skarmory|87/100|[from] item: Leftovers
|upkeep
|turn|21
|
|t:|1727974472
|switch|p2a: Swampert|Swampert, F|100/100
|move|p1a: Tyranitar|Rock Slide|p2a: Swampert
|-resisted|p2a: Swampert
|-damage|p2a: Swampert|78/100
|
|-weather|Sandstorm|[upkeep]
|-damage|p1a: Tyranitar|37/100 tox|[from] psn
|-heal|p2a: Swampert|85/100|[from] item: Leftovers
|upkeep
|turn|22
|
|t:|1727974491
|move|p1a: Tyranitar|Dragon Dance|p1a: Tyranitar
|-boost|p1a: Tyranitar|atk|1
|-boost|p1a: Tyranitar|spe|1
|move|p2a: Swampert|Hydro Pump|p1a: Tyranitar|[miss]
|-miss|p2a: Swampert|p1a: Tyranitar
|
|-weather|Sandstorm|[upkeep]
|-damage|p1a: Tyranitar|13/100 tox|[from] psn
|-heal|p2a: Swampert|91/100|[from] item: Leftovers
|upkeep
|turn|23
|
|t:|1727974501
|switch|p1a: Blissey|Blissey, F|96/100
|move|p2a: Swampert|Protect||[still]
|-fail|p2a: Swampert
|
|-weather|Sandstorm|[upkeep]
|-damage|p1a: Blissey|90/100|[from] Sandstorm
|-heal|p2a: Swampert|97/100|[from] item: Leftovers
|-heal|p1a: Blissey|96/100|[from] item: Leftovers
|upkeep
|turn|24
|
|t:|1727974509
|switch|p1a: Zapdos|Zapdos|100/100
|move|p2a: Swampert|Earthquake|p1a: Zapdos
|-immune|p1a: Zapdos
|
|-weather|Sandstorm|[upkeep]
|-damage|p1a: Zapdos|94/100|[from] Sandstorm
|-heal|p1a: Zapdos|100/100|[from] item: Leftovers
|-heal|p2a: Swampert|100/100|[from] item: Leftovers
|upkeep
|turn|25
|
|t:|1727974524
|switch|p2a: Blissey|Blissey, F, shiny|46/100
|move|p1a: Zapdos|Toxic|p2a: Blissey
|-status|p2a: Blissey|tox
|
|-weather|Sandstorm|[upkeep]
|-damage|p1a: Zapdos|94/100|[from] Sandstorm
|-damage|p2a: Blissey|39/100 tox|[from] Sandstorm
|-heal|p1a: Zapdos|100/100|[from] item: Leftovers
|-heal|p2a: Blissey|46/100 tox|[from] item: Leftovers
|-damage|p2a: Blissey|39/100 tox|[from] psn
|upkeep
|turn|26
|
|t:|1727974535
|move|p1a: Zapdos|Thunderbolt|p2a: Blissey
|-damage|p2a: Blissey|24/100 tox
|move|p2a: Blissey|Soft-Boiled|p2a: Blissey
|-heal|p2a: Blissey|74/100 tox
|
|-weather|Sandstorm|[upkeep]
|-damage|p1a: Zapdos|94/100|[from] Sandstorm
|-damage|p2a: Blissey|68/100 tox|[from] Sandstorm
|-heal|p1a: Zapdos|100/100|[from] item: Leftovers
|-heal|p2a: Blissey|74/100 tox|[from] item: Leftovers
|-damage|p2a: Blissey|62/100 tox|[from] psn
|upkeep
|turn|27
|
|t:|1727974550
|-curestatus|p2a: Blissey|tox|[from] ability: Natural Cure
|switch|p2a: Swampert|Swampert, F|100/100
|move|p1a: Zapdos|Thunderbolt|p2a: Swampert
|-immune|p2a: Swampert
|
|-weather|Sandstorm|[upkeep]
|-damage|p1a: Zapdos|94/100|[from] Sandstorm
|-heal|p1a: Zapdos|100/100|[from] item: Leftovers
|upkeep
|turn|28
|
|t:|1727974560
|switch|p2a: Blissey|Blissey, F, shiny|62/100
|move|p1a: Zapdos|Toxic|p2a: Blissey
|-status|p2a: Blissey|tox
|
|-weather|Sandstorm|[upkeep]
|-damage|p1a: Zapdos|94/100|[from] Sandstorm
|-damage|p2a: Blissey|56/100 tox|[from] Sandstorm
|-heal|p1a: Zapdos|100/100|[from] item: Leftovers
|-heal|p2a: Blissey|62/100 tox|[from] item: Leftovers
|-damage|p2a: Blissey|56/100 tox|[from] psn
|upkeep
|turn|29
|
|t:|1727974570
|move|p1a: Zapdos|Thunderbolt|p2a: Blissey
|-damage|p2a: Blissey|39/100 tox
|move|p2a: Blissey|Ice Beam|p1a: Zapdos
|-supereffective|p1a: Zapdos
|-damage|p1a: Zapdos|65/100
|
|-weather|Sandstorm|[upkeep]
|-damage|p1a: Zapdos|59/100|[from] Sandstorm
|-damage|p2a: Blissey|32/100 tox|[from] Sandstorm
|-heal|p1a: Zapdos|65/100|[from] item: Leftovers
|-heal|p2a: Blissey|39/100 tox|[from] item: Leftovers
|-damage|p2a: Blissey|26/100 tox|[from] psn
|upkeep
|turn|30
|
|t:|1727974584
|move|p1a: Zapdos|Thunderbolt|p2a: Blissey
|-damage|p2a: Blissey|11/100 tox
|move|p2a: Blissey|Soft-Boiled|p2a: Blissey
|-heal|p2a: Blissey|61/100 tox
|
|-weather|Sandstorm|[upkeep]
|-damage|p1a: Zapdos|59/100|[from] Sandstorm
|-damage|p2a: Blissey|54/100 tox|[from] Sandstorm
|-heal|p1a: Zapdos|65/100|[from] item: Leftovers
|-heal|p2a: Blissey|61/100 tox|[from] item: Leftovers
|-damage|p2a: Blissey|42/100 tox|[from] psn
|upkeep
|turn|31
|
|t:|1727974595
|move|p1a: Zapdos|Toxic|p2a: Blissey
|-fail|p2a: Blissey|tox
|move|p2a: Blissey|Soft-Boiled|p2a: Blissey
|-heal|p2a: Blissey|92/100 tox
|
|-weather|Sandstorm|[upkeep]
|-damage|p1a: Zapdos|59/100|[from] Sandstorm
|-damage|p2a: Blissey|86/100 tox|[from] Sandstorm
|-heal|p1a: Zapdos|65/100|[from] item: Leftovers
|-heal|p2a: Blissey|92/100 tox|[from] item: Leftovers
|-damage|p2a: Blissey|67/100 tox|[from] psn
|upkeep
|turn|32
|
|t:|1727974608
|-curestatus|p2a: Blissey|tox|[from] ability: Natural Cure
|switch|p2a: Skarmory|Skarmory, F|87/100
|move|p1a: Zapdos|Thunderbolt|p2a: Skarmory
|-supereffective|p2a: Skarmory
|-damage|p2a: Skarmory|17/100
|-status|p2a: Skarmory|par
|
|-weather|Sandstorm|[upkeep]
|-damage|p1a: Zapdos|59/100|[from] Sandstorm
|-heal|p1a: Zapdos|65/100|[from] item: Leftovers
|-heal|p2a: Skarmory|23/100 par|[from] item: Leftovers
|upkeep
|turn|33
|
|t:|1727974623
|switch|p2a: Blissey|Blissey, F, shiny|67/100
|move|p1a: Zapdos|Thunderbolt|p2a: Blissey
|-damage|p2a: Blissey|50/100
|
|-weather|Sandstorm|[upkeep]
|-damage|p1a: Zapdos|59/100|[from] Sandstorm
|-damage|p2a: Blissey|44/100|[from] Sandstorm
|-heal|p1a: Zapdos|65/100|[from] item: Leftovers
|-heal|p2a: Blissey|50/100|[from] item: Leftovers
|upkeep
|turn|34
|
|t:|1727974632
|move|p1a: Zapdos|Toxic|p2a: Blissey
|-status|p2a: Blissey|tox
|move|p2a: Blissey|Ice Beam|p1a: Zapdos
|-supereffective|p1a: Zapdos
|-damage|p1a: Zapdos|30/100
|
|-weather|Sandstorm|[upkeep]
|-damage|p1a: Zapdos|24/100|[from] Sandstorm
|-damage|p2a: Blissey|44/100 tox|[from] Sandstorm
|-heal|p1a: Zapdos|30/100|[from] item: Leftovers
|-heal|p2a: Blissey|50/100 tox|[from] item: Leftovers
|-damage|p2a: Blissey|44/100 tox|[from] psn
|upkeep
|turn|35
|
|t:|1727974643
|move|p1a: Zapdos|Rest|p1a: Zapdos
|-status|p1a: Zapdos|slp|[from] move: Rest
|-heal|p1a: Zapdos|100/100 slp|[silent]
|move|p2a: Blissey|Soft-Boiled|p2a: Blissey
|-heal|p2a: Blissey|94/100 tox
|
|-weather|Sandstorm|[upkeep]
|-damage|p1a: Zapdos|94/100 slp|[from] Sandstorm
|-damage|p2a: Blissey|88/100 tox|[from] Sandstorm
|-heal|p1a: Zapdos|100/100 slp|[from] item: Leftovers
|-heal|p2a: Blissey|94/100 tox|[from] item: Leftovers
|-damage|p2a: Blissey|82/100 tox|[from] psn
|upkeep
|turn|36
|
|t:|1727974657
|switch|p1a: Blissey|Blissey, F|96/100
|-curestatus|p2a: Blissey|tox|[from] ability: Natural Cure
|switch|p2a: Swampert|Swampert, F|100/100
|
|-weather|Sandstorm|[upkeep]
|-damage|p1a: Blissey|90/100|[from] Sandstorm
|-heal|p1a: Blissey|96/100|[from] item: Leftovers
|upkeep
|turn|37
|
|t:|1727974666
|move|p2a: Swampert|Earthquake|p1a: Blissey
|-damage|p1a: Blissey|65/100
|move|p1a: Blissey|Seismic Toss|p2a: Swampert
|-damage|p2a: Swampert|76/100
|
|-weather|Sandstorm|[upkeep]
|-damage|p1a: Blissey|59/100|[from] Sandstorm
|-heal|p2a: Swampert|82/100|[from] item: Leftovers
|-heal|p1a: Blissey|65/100|[from] item: Leftovers
|upkeep
|turn|38
|
|t:|1727974677
|move|p2a: Swampert|Earthquake|p1a: Blissey
|-damage|p1a: Blissey|33/100
|move|p1a: Blissey|Soft-Boiled|p1a: Blissey
|-heal|p1a: Blissey|83/100
|
|-weather|Sandstorm|[upkeep]
|-damage|p1a: Blissey|77/100|[from] Sandstorm
|-heal|p2a: Swampert|88/100|[from] item: Leftovers
|-heal|p1a: Blissey|83/100|[from] item: Leftovers
|upkeep
|turn|39
|
|t:|1727974691
|move|p2a: Swampert|Earthquake|p1a: Blissey
|-damage|p1a: Blissey|49/100
|move|p1a: Blissey|Soft-Boiled|p1a: Blissey
|-heal|p1a: Blissey|99/100
|
|-weather|Sandstorm|[upkeep]
|-damage|p1a: Blissey|93/100|[from] Sandstorm
|-heal|p2a: Swampert|94/100|[from] item: Leftovers
|-heal|p1a: Blissey|99/100|[from] item: Leftovers
|upkeep
|turn|40
|
|t:|1727974700
|move|p2a: Swampert|Earthquake|p1a: Blissey
|-damage|p1a: Blissey|64/100
|move|p1a: Blissey|Aromatherapy|p1a: Blissey
|-cureteam|p1a: Blissey|[from] move: Aromatherapy
|
|-weather|Sandstorm|[upkeep]
|-damage|p1a: Blissey|58/100|[from] Sandstorm
|-heal|p2a: Swampert|100/100|[from] item: Leftovers
|-heal|p1a: Blissey|64/100|[from] item: Leftovers
|upkeep
|turn|41
|
|t:|1727974712
|move|p2a: Swampert|Hydro Pump|p1a: Blissey
|-damage|p1a: Blissey|49/100
|move|p1a: Blissey|Soft-Boiled|p1a: Blissey
|-heal|p1a: Blissey|99/100
|
|-weather|Sandstorm|[upkeep]
|-damage|p1a: Blissey|93/100|[from] Sandstorm
|-heal|p1a: Blissey|99/100|[from] item: Leftovers
|upkeep
|turn|42
|
|t:|1727974720
|switch|p1a: Zapdos|Zapdos|100/100
|move|p2a: Swampert|Earthquake|p1a: Zapdos
|-immune|p1a: Zapdos
|
|-weather|Sandstorm|[upkeep]
|-damage|p1a: Zapdos|94/100|[from] Sandstorm
|-heal|p1a: Zapdos|100/100|[from] item: Leftovers
|upkeep
|turn|43
|
|t:|1727974729
|switch|p2a: Gengar|Gengar, F|44/100
|move|p1a: Zapdos|Toxic|p2a: Gengar|[miss]
|-miss|p1a: Zapdos|p2a: Gengar
|
|-weather|Sandstorm|[upkeep]
|-damage|p2a: Gengar|38/100|[from] Sandstorm
|-damage|p1a: Zapdos|94/100|[from] Sandstorm
|-heal|p2a: Gengar|44/100|[from] item: Leftovers
|-heal|p1a: Zapdos|100/100|[from] item: Leftovers
|upkeep
|turn|44
|
|t:|1727974747
|move|p2a: Gengar|Thunderbolt|p1a: Zapdos
|-damage|p1a: Zapdos|79/100
|move|p1a: Zapdos|Thunderbolt|p2a: Gengar
|-damage|p2a: Gengar|0 fnt
|faint|p2a: Gengar
|
|t:|1727974758
|switch|p2a: Tyranitar|Tyranitar, F|100/100
|
|-weather|Sandstorm|[upkeep]
|-damage|p1a: Zapdos|73/100|[from] Sandstorm
|-heal|p1a: Zapdos|79/100|[from] item: Leftovers
|upkeep
|turn|45
|
|t:|1727974766
|move|p1a: Zapdos|Thunderbolt|p2a: Tyranitar
|-damage|p2a: Tyranitar|66/100
|-status|p2a: Tyranitar|par
|move|p2a: Tyranitar|Rock Slide|p1a: Zapdos|[miss]
|-miss|p2a: Tyranitar|p1a: Zapdos
|
|-weather|Sandstorm|[upkeep]
|-damage|p1a: Zapdos|73/100|[from] Sandstorm
|-heal|p1a: Zapdos|79/100|[from] item: Leftovers
|-heal|p2a: Tyranitar|72/100 par|[from] item: Leftovers
|upkeep
|turn|46
|
|t:|1727974785
|switch|p1a: Tyranitar|Tyranitar, F|13/100
|cant|p2a: Tyranitar|par
|
|-weather|Sandstorm|[upkeep]
|-heal|p2a: Tyranitar|78/100 par|[from] item: Leftovers
|upkeep
|turn|47
|
|t:|1727974803
|switch|p2a: Skarmory|Skarmory, F|23/100 par
|move|p1a: Tyranitar|Hidden Power|p2a: Skarmory
|-resisted|p2a: Skarmory
|-damage|p2a: Skarmory|19/100 par
|
|-weather|Sandstorm|[upkeep]
|-heal|p2a: Skarmory|25/100 par|[from] item: Leftovers
|upkeep
|turn|48
|
|t:|1727974811
|move|p1a: Tyranitar|Rock Slide|p2a: Skarmory|[miss]
|-miss|p1a: Tyranitar|p2a: Skarmory
|move|p2a: Skarmory|Spikes|p1a: Tyranitar
|-sidestart|p1: Blaniom|Spikes
|
|-weather|Sandstorm|[upkeep]
|-heal|p2a: Skarmory|31/100 par|[from] item: Leftovers
|upkeep
|turn|49
|
|t:|1727974820
|cant|p2a: Skarmory|par
|move|p1a: Tyranitar|Rock Slide|p2a: Skarmory
|-damage|p2a: Skarmory|0 fnt
|faint|p2a: Skarmory
|inactive|javiercar has 270 seconds left.
|
|t:|1727974848
|switch|p2a: Starmie|Starmie|50/100
|
|-weather|Sandstorm|[upkeep]
|-damage|p2a: Starmie|44/100|[from] Sandstorm
|-heal|p2a: Starmie|50/100|[from] item: Leftovers
|upkeep
|turn|50
|
|t:|1727974872
|switch|p1a: Blissey|Blissey, F|99/100
|-damage|p1a: Blissey|87/100|[from] Spikes
|move|p2a: Starmie|Thunderbolt|p1a: Blissey
|-damage|p1a: Blissey|76/100
|
|-weather|Sandstorm|[upkeep]
|-damage|p2a: Starmie|44/100|[from] Sandstorm
|-damage|p1a: Blissey|70/100|[from] Sandstorm
|-heal|p2a: Starmie|50/100|[from] item: Leftovers
|-heal|p1a: Blissey|76/100|[from] item: Leftovers
|upkeep
|turn|51
|inactive|javiercar has 270 seconds left.
|
|t:|1727974888
|switch|p2a: Swampert|Swampert, F|100/100
|move|p1a: Blissey|Seismic Toss|p2a: Swampert
|-damage|p2a: Swampert|76/100
|
|-weather|Sandstorm|[upkeep]
|-damage|p1a: Blissey|70/100|[from] Sandstorm
|-heal|p2a: Swampert|82/100|[from] item: Leftovers
|-heal|p1a: Blissey|76/100|[from] item: Leftovers
|upkeep
|turn|52
|inactive|javiercar has 270 seconds left.
|
|t:|1727974900
|move|p2a: Swampert|Earthquake|p1a: Blissey
|-damage|p1a: Blissey|42/100
|move|p1a: Blissey|Soft-Boiled|p1a: Blissey
|-heal|p1a: Blissey|92/100
|
|-weather|Sandstorm|[upkeep]
|-damage|p1a: Blissey|85/100|[from] Sandstorm
|-heal|p2a: Swampert|88/100|[from] item: Leftovers
|-heal|p1a: Blissey|92/100|[from] item: Leftovers
|upkeep
|turn|53
|
|t:|1727974909
|switch|p1a: Zapdos|Zapdos|79/100
|move|p2a: Swampert|Earthquake|p1a: Zapdos
|-immune|p1a: Zapdos
|
|-weather|Sandstorm|[upkeep]
|-damage|p1a: Zapdos|73/100|[from] Sandstorm
|-heal|p1a: Zapdos|79/100|[from] item: Leftovers
|-heal|p2a: Swampert|94/100|[from] item: Leftovers
|upkeep
|turn|54
|
|t:|1727974921
|switch|p2a: Tyranitar|Tyranitar, F|78/100 par
|move|p1a: Zapdos|Toxic||[still]
|-fail|p1a: Zapdos
|
|-weather|Sandstorm|[upkeep]
|-damage|p1a: Zapdos|73/100|[from] Sandstorm
|-heal|p1a: Zapdos|79/100|[from] item: Leftovers
|-heal|p2a: Tyranitar|84/100 par|[from] item: Leftovers
|upkeep
|turn|55
|
|t:|1727974931
|switch|p1a: Tyranitar|Tyranitar, F|13/100
|-damage|p1a: Tyranitar|0 fnt|[from] Spikes
|faint|p1a: Tyranitar
|
|t:|1727974939
|switch|p1a: Dugtrio|Dugtrio, F|100/100
|-damage|p1a: Dugtrio|88/100|[from] Spikes
|
|-weather|Sandstorm|[upkeep]
|-heal|p2a: Tyranitar|90/100 par|[from] item: Leftovers
|upkeep
|turn|56
|
|t:|1727974947
|move|p1a: Dugtrio|Earthquake|p2a: Tyranitar
|-supereffective|p2a: Tyranitar
|-crit|p2a: Tyranitar
|-damage|p2a: Tyranitar|0 fnt
|faint|p2a: Tyranitar
|
|t:|1727974958
|switch|p2a: Swampert|Swampert, F|94/100
|
|-weather|Sandstorm|[upkeep]
|-heal|p2a: Swampert|100/100|[from] item: Leftovers
|upkeep
|turn|57
|
|t:|1727974967
|switch|p1a: Zapdos|Zapdos|79/100
|move|p2a: Swampert|Earthquake|p1a: Zapdos
|-immune|p1a: Zapdos
|
|-weather|Sandstorm|[upkeep]
|-damage|p1a: Zapdos|73/100|[from] Sandstorm
|-heal|p1a: Zapdos|79/100|[from] item: Leftovers
|upkeep
|turn|58
|
|t:|1727974982
|switch|p2a: Blissey|Blissey, F, shiny|82/100
|move|p1a: Zapdos|Toxic|p2a: Blissey
|-status|p2a: Blissey|tox
|
|-weather|Sandstorm|[upkeep]
|-damage|p1a: Zapdos|73/100|[from] Sandstorm
|-damage|p2a: Blissey|76/100 tox|[from] Sandstorm
|-heal|p1a: Zapdos|79/100|[from] item: Leftovers
|-heal|p2a: Blissey|82/100 tox|[from] item: Leftovers
|-damage|p2a: Blissey|76/100 tox|[from] psn
|upkeep
|turn|59
|
|t:|1727974994
|move|p1a: Zapdos|Protect|p1a: Zapdos
|-singleturn|p1a: Zapdos|Protect
|move|p2a: Blissey|Ice Beam|p1a: Zapdos
|-activate|p1a: Zapdos|Protect
|
|-weather|Sandstorm|[upkeep]
|-damage|p1a: Zapdos|73/100|[from] Sandstorm
|-damage|p2a: Blissey|70/100 tox|[from] Sandstorm
|-heal|p1a: Zapdos|79/100|[from] item: Leftovers
|-heal|p2a: Blissey|76/100 tox|[from] item: Leftovers
|-damage|p2a: Blissey|63/100 tox|[from] psn
|upkeep
|turn|60
|
|t:|1727975006
|switch|p1a: Charizard|Charizard, F|68/100
|-curestatus|p2a: Blissey|tox|[from] ability: Natural Cure
|switch|p2a: Swampert|Swampert, F|100/100
|
|-weather|Sandstorm|[upkeep]
|-damage|p1a: Charizard|61/100|[from] Sandstorm
|-heal|p1a: Charizard|68/100|[from] item: Leftovers
|upkeep
|turn|61
|
|t:|1727975015
|move|p1a: Charizard|Hidden Power|p2a: Swampert
|-supereffective|p2a: Swampert
|-damage|p2a: Swampert|28/100
|move|p2a: Swampert|Ice Beam|p1a: Charizard
|-damage|p1a: Charizard|42/100
|
|-weather|Sandstorm|[upkeep]
|-damage|p1a: Charizard|36/100|[from] Sandstorm
|-heal|p1a: Charizard|42/100|[from] item: Leftovers
|-heal|p2a: Swampert|34/100|[from] item: Leftovers
|upkeep
|turn|62
|
|t:|1727975025
|-singleturn|p1a: Charizard|move: Focus Punch
|move|p2a: Swampert|Protect|p2a: Swampert
|-singleturn|p2a: Swampert|Protect
|move|p1a: Charizard|Focus Punch|p2a: Swampert
|-activate|p2a: Swampert|Protect
|
|-weather|Sandstorm|[upkeep]
|-damage|p1a: Charizard|36/100|[from] Sandstorm
|-heal|p1a: Charizard|42/100|[from] item: Leftovers
|-heal|p2a: Swampert|40/100|[from] item: Leftovers
|upkeep
|turn|63
|inactive|javiercar has 270 seconds left.
|
|t:|1727975074
|switch|p2a: Blissey|Blissey, F, shiny|63/100
|move|p1a: Charizard|Hidden Power|p2a: Blissey
|-damage|p2a: Blissey|55/100
|
|-weather|Sandstorm|[upkeep]
|-damage|p1a: Charizard|36/100|[from] Sandstorm
|-damage|p2a: Blissey|49/100|[from] Sandstorm
|-heal|p1a: Charizard|42/100|[from] item: Leftovers
|-heal|p2a: Blissey|55/100|[from] item: Leftovers
|upkeep
|turn|64
|
|t:|1727975086
|move|p1a: Charizard|Fire Blast|p2a: Blissey|[miss]
|-miss|p1a: Charizard|p2a: Blissey
|move|p2a: Blissey|Soft-Boiled|p2a: Blissey
|-heal|p2a: Blissey|100/100
|
|-weather|Sandstorm|[upkeep]
|-damage|p1a: Charizard|36/100|[from] Sandstorm
|-damage|p2a: Blissey|94/100|[from] Sandstorm
|-heal|p1a: Charizard|42/100|[from] item: Leftovers
|-heal|p2a: Blissey|100/100|[from] item: Leftovers
|upkeep
|turn|65
|
|t:|1727975096
|move|p1a: Charizard|Fire Blast|p2a: Blissey
|-damage|p2a: Blissey|80/100
|move|p2a: Blissey|Ice Beam|p1a: Charizard
|-damage|p1a: Charizard|12/100
|
|-weather|Sandstorm|[upkeep]
|-damage|p1a: Charizard|6/100|[from] Sandstorm
|-damage|p2a: Blissey|74/100|[from] Sandstorm
|-heal|p1a: Charizard|12/100|[from] item: Leftovers
|-heal|p2a: Blissey|80/100|[from] item: Leftovers
|upkeep
|turn|66
|
|t:|1727975118
|move|p1a: Charizard|Fire Blast|p2a: Blissey
|-damage|p2a: Blissey|45/100
|move|p2a: Blissey|Soft-Boiled|p2a: Blissey
|-heal|p2a: Blissey|95/100
|
|-weather|Sandstorm|[upkeep]
|-damage|p1a: Charizard|6/100|[from] Sandstorm
|-damage|p2a: Blissey|88/100|[from] Sandstorm
|-heal|p1a: Charizard|12/100|[from] item: Leftovers
|-heal|p2a: Blissey|95/100|[from] item: Leftovers
|upkeep
|turn|67
|inactive|javiercar has 240 seconds left.
|
|t:|1727975164
|switch|p1a: Blissey|Blissey, F|92/100
|-damage|p1a: Blissey|79/100|[from] Spikes
|move|p2a: Blissey|Ice Beam|p1a: Blissey
|-damage|p1a: Blissey|72/100
|
|-weather|Sandstorm|[upkeep]
|-damage|p2a: Blissey|88/100|[from] Sandstorm
|-damage|p1a: Blissey|65/100|[from] Sandstorm
|-heal|p2a: Blissey|95/100|[from] item: Leftovers
|-heal|p1a: Blissey|72/100|[from] item: Leftovers
|upkeep
|turn|68
|
|t:|1727975174
|move|p2a: Blissey|Toxic|p1a: Blissey
|-status|p1a: Blissey|tox
|move|p1a: Blissey|Thunder Wave|p2a: Blissey
|-status|p2a: Blissey|par
|
|-weather|Sandstorm|[upkeep]
|-damage|p1a: Blissey|65/100 tox|[from] Sandstorm
|-damage|p2a: Blissey|88/100 par|[from] Sandstorm
|-heal|p1a: Blissey|72/100 tox|[from] item: Leftovers
|-damage|p1a: Blissey|65/100 tox|[from] psn
|-heal|p2a: Blissey|95/100 par|[from] item: Leftovers
|upkeep
|turn|69
|
|t:|1727975185
|move|p1a: Blissey|Soft-Boiled|p1a: Blissey
|-heal|p1a: Blissey|100/100 tox
|cant|p2a: Blissey|par
|
|-weather|Sandstorm|[upkeep]
|-damage|p1a: Blissey|94/100 tox|[from] Sandstorm
|-damage|p2a: Blissey|88/100 par|[from] Sandstorm
|-heal|p1a: Blissey|100/100 tox|[from] item: Leftovers
|-damage|p1a: Blissey|88/100 tox|[from] psn
|-heal|p2a: Blissey|95/100 par|[from] item: Leftovers
|upkeep
|turn|70
|
|t:|1727975195
|move|p1a: Blissey|Aromatherapy|p1a: Blissey
|-cureteam|p1a: Blissey|[from] move: Aromatherapy
|move|p2a: Blissey|Ice Beam|p1a: Blissey
|-damage|p1a: Blissey|80/100
|
|-weather|Sandstorm|[upkeep]
|-damage|p1a: Blissey|74/100|[from] Sandstorm
|-damage|p2a: Blissey|88/100 par|[from] Sandstorm
|-heal|p1a: Blissey|80/100|[from] item: Leftovers
|-heal|p2a: Blissey|95/100 par|[from] item: Leftovers
|upkeep
|turn|71
|
|t:|1727975204
|move|p1a: Blissey|Seismic Toss|p2a: Blissey
|-damage|p2a: Blissey|79/100 par
|move|p2a: Blissey|Toxic|p1a: Blissey
|-status|p1a: Blissey|tox
|
|-weather|Sandstorm|[upkeep]
|-damage|p1a: Blissey|74/100 tox|[from] Sandstorm
|-damage|p2a: Blissey|73/100 par|[from] Sandstorm
|-heal|p1a: Blissey|80/100 tox|[from] item: Leftovers
|-damage|p1a: Blissey|74/100 tox|[from] psn
|-heal|p2a: Blissey|79/100 par|[from] item: Leftovers
|upkeep
|turn|72
|
|t:|1727975216
|move|p1a: Blissey|Aromatherapy|p1a: Blissey
|-cureteam|p1a: Blissey|[from] move: Aromatherapy
|move|p2a: Blissey|Fire Blast|p1a: Blissey
|-damage|p1a: Blissey|65/100
|
|-weather|Sandstorm|[upkeep]
|-damage|p1a: Blissey|58/100|[from] Sandstorm
|-damage|p2a: Blissey|73/100 par|[from] Sandstorm
|-heal|p1a: Blissey|65/100|[from] item: Leftovers
|-heal|p2a: Blissey|79/100 par|[from] item: Leftovers
|upkeep
|turn|73
|
|t:|1727975228
|move|p1a: Blissey|Seismic Toss|p2a: Blissey
|-damage|p2a: Blissey|64/100 par
|move|p2a: Blissey|Toxic|p1a: Blissey
|-status|p1a: Blissey|tox
|
|-weather|Sandstorm|[upkeep]
|-damage|p1a: Blissey|58/100 tox|[from] Sandstorm
|-damage|p2a: Blissey|58/100 par|[from] Sandstorm
|-heal|p1a: Blissey|65/100 tox|[from] item: Leftovers
|-damage|p1a: Blissey|58/100 tox|[from] psn
|-heal|p2a: Blissey|64/100 par|[from] item: Leftovers
|upkeep
|turn|74
|
|t:|1727975242
|move|p1a: Blissey|Aromatherapy|p1a: Blissey
|-cureteam|p1a: Blissey|[from] move: Aromatherapy
|move|p2a: Blissey|Fire Blast|p1a: Blissey|[miss]
|-miss|p2a: Blissey|p1a: Blissey
|
|-weather|Sandstorm|[upkeep]
|-damage|p1a: Blissey|52/100|[from] Sandstorm
|-damage|p2a: Blissey|58/100 par|[from] Sandstorm
|-heal|p1a: Blissey|58/100|[from] item: Leftovers
|-heal|p2a: Blissey|64/100 par|[from] item: Leftovers
|upkeep
|turn|75
|
|t:|1727975252
|move|p1a: Blissey|Soft-Boiled|p1a: Blissey
|-heal|p1a: Blissey|100/100
|move|p2a: Blissey|Toxic|p1a: Blissey
|-status|p1a: Blissey|tox
|
|-weather|Sandstorm|[upkeep]
|-damage|p1a: Blissey|94/100 tox|[from] Sandstorm
|-damage|p2a: Blissey|58/100 par|[from] Sandstorm
|-heal|p1a: Blissey|100/100 tox|[from] item: Leftovers
|-damage|p1a: Blissey|94/100 tox|[from] psn
|-heal|p2a: Blissey|64/100 par|[from] item: Leftovers
|upkeep
|turn|76
|
|t:|1727975262
|-curestatus|p1a: Blissey|tox|[from] ability: Natural Cure
|switch|p1a: Zapdos|Zapdos|79/100
|move|p2a: Blissey|Soft-Boiled|p2a: Blissey
|-heal|p2a: Blissey|100/100 par
|
|-weather|Sandstorm|[upkeep]
|-damage|p1a: Zapdos|73/100|[from] Sandstorm
|-damage|p2a: Blissey|94/100 par|[from] Sandstorm
|-heal|p1a: Zapdos|79/100|[from] item: Leftovers
|-heal|p2a: Blissey|100/100 par|[from] item: Leftovers
|upkeep
|turn|77
|
|t:|1727975275
|switch|p1a: Blissey|Blissey, F|94/100
|-damage|p1a: Blissey|82/100|[from] Spikes
|-curestatus|p2a: Blissey|par|[from] ability: Natural Cure
|switch|p2a: Swampert|Swampert, F|40/100
|
|-weather|Sandstorm|[upkeep]
|-damage|p1a: Blissey|76/100|[from] Sandstorm
|-heal|p2a: Swampert|46/100|[from] item: Leftovers
|-heal|p1a: Blissey|82/100|[from] item: Leftovers
|upkeep
|turn|78
|
|t:|1727975286
|switch|p2a: Blissey|Blissey, F, shiny|100/100
|move|p1a: Blissey|Seismic Toss|p2a: Blissey
|-damage|p2a: Blissey|85/100
|
|-weather|Sandstorm|[upkeep]
|-damage|p2a: Blissey|79/100|[from] Sandstorm
|-damage|p1a: Blissey|76/100|[from] Sandstorm
|-heal|p2a: Blissey|85/100|[from] item: Leftovers
|-heal|p1a: Blissey|82/100|[from] item: Leftovers
|upkeep
|turn|79
|
|t:|1727975300
|switch|p1a: Zapdos|Zapdos|79/100
|move|p2a: Blissey|Toxic|p1a: Zapdos
|-status|p1a: Zapdos|tox
|
|-weather|Sandstorm|[upkeep]
|-damage|p1a: Zapdos|73/100 tox|[from] Sandstorm
|-damage|p2a: Blissey|79/100|[from] Sandstorm
|-heal|p1a: Zapdos|79/100 tox|[from] item: Leftovers
|-damage|p1a: Zapdos|73/100 tox|[from] psn
|-heal|p2a: Blissey|85/100|[from] item: Leftovers
|upkeep
|turn|80
|
|t:|1727975326
|move|p1a: Zapdos|Toxic|p2a: Blissey
|-status|p2a: Blissey|tox
|move|p2a: Blissey|Toxic|p1a: Zapdos
|-fail|p1a: Zapdos|tox
|
|-weather|Sandstorm|[upkeep]
|-damage|p1a: Zapdos|67/100 tox|[from] Sandstorm
|-damage|p2a: Blissey|79/100 tox|[from] Sandstorm
|-heal|p1a: Zapdos|73/100 tox|[from] item: Leftovers
|-damage|p1a: Zapdos|60/100 tox|[from] psn
|-heal|p2a: Blissey|85/100 tox|[from] item: Leftovers
|-damage|p2a: Blissey|79/100 tox|[from] psn
|upkeep
|turn|81
|
|t:|1727975337
|-curestatus|p2a: Blissey|tox|[from] ability: Natural Cure
|switch|p2a: Swampert|Swampert, F|46/100
|move|p1a: Zapdos|Toxic|p2a: Swampert
|-status|p2a: Swampert|tox
|
|-weather|Sandstorm|[upkeep]
|-damage|p1a: Zapdos|54/100 tox|[from] Sandstorm
|-heal|p1a: Zapdos|60/100 tox|[from] item: Leftovers
|-damage|p1a: Zapdos|42/100 tox|[from] psn
|-heal|p2a: Swampert|53/100 tox|[from] item: Leftovers
|-damage|p2a: Swampert|46/100 tox|[from] psn
|upkeep
|turn|82
|
|t:|1727975351
|switch|p2a: Starmie|Starmie|50/100
|move|p1a: Zapdos|Rest|p1a: Zapdos
|-status|p1a: Zapdos|slp|[from] move: Rest
|-heal|p1a: Zapdos|100/100 slp|[silent]
|
|-weather|Sandstorm|[upkeep]
|-damage|p2a: Starmie|44/100|[from] Sandstorm
|-damage|p1a: Zapdos|94/100 slp|[from] Sandstorm
|-heal|p2a: Starmie|50/100|[from] item: Leftovers
|-heal|p1a: Zapdos|100/100 slp|[from] item: Leftovers
|upkeep
|turn|83
|inactive|javiercar has 210 seconds left.
|
|t:|1727975368
|switch|p1a: Blissey|Blissey, F|82/100
|-damage|p1a: Blissey|69/100|[from] Spikes
|move|p2a: Starmie|Hydro Pump|p1a: Blissey
|-damage|p1a: Blissey|50/100
|
|-weather|Sandstorm|[upkeep]
|-damage|p2a: Starmie|44/100|[from] Sandstorm
|-damage|p1a: Blissey|44/100|[from] Sandstorm
|-heal|p2a: Starmie|50/100|[from] item: Leftovers
|-heal|p1a: Blissey|50/100|[from] item: Leftovers
|upkeep
|turn|84
|inactive|javiercar has 210 seconds left.
|
|t:|1727975382
|move|p2a: Starmie|Hydro Pump|p1a: Blissey
|-damage|p1a: Blissey|31/100
|move|p1a: Blissey|Soft-Boiled|p1a: Blissey
|-heal|p1a: Blissey|81/100
|
|-weather|Sandstorm|[upkeep]
|-damage|p2a: Starmie|44/100|[from] Sandstorm
|-damage|p1a: Blissey|75/100|[from] Sandstorm
|-heal|p2a: Starmie|50/100|[from] item: Leftovers
|-heal|p1a: Blissey|81/100|[from] item: Leftovers
|upkeep
|turn|85
|inactive|javiercar has 210 seconds left.
|
|t:|1727975395
|switch|p2a: Blissey|Blissey, F, shiny|79/100
|move|p1a: Blissey|Seismic Toss|p2a: Blissey
|-damage|p2a: Blissey|64/100
|
|-weather|Sandstorm|[upkeep]
|-damage|p2a: Blissey|57/100|[from] Sandstorm
|-damage|p1a: Blissey|75/100|[from] Sandstorm
|-heal|p2a: Blissey|64/100|[from] item: Leftovers
|-heal|p1a: Blissey|81/100|[from] item: Leftovers
|upkeep
|turn|86
|inactive|javiercar has 210 seconds left.
|
|t:|1727975406
|switch|p1a: Zapdos|Zapdos|100/100 slp
|move|p2a: Blissey|Toxic|p1a: Zapdos|[miss]
|-miss|p2a: Blissey|p1a: Zapdos
|
|-weather|Sandstorm|[upkeep]
|-damage|p1a: Zapdos|94/100 slp|[from] Sandstorm
|-damage|p2a: Blissey|57/100|[from] Sandstorm
|-heal|p1a: Zapdos|100/100 slp|[from] item: Leftovers
|-heal|p2a: Blissey|64/100|[from] item: Leftovers
|upkeep
|turn|87
|inactive|javiercar has 210 seconds left.
|
|t:|1727975417
|cant|p1a: Zapdos|slp
|move|p2a: Blissey|Fire Blast|p1a: Zapdos
|-damage|p1a: Zapdos|80/100 slp
|
|-weather|Sandstorm|[upkeep]
|-damage|p1a: Zapdos|73/100 slp|[from] Sandstorm
|-damage|p2a: Blissey|57/100|[from] Sandstorm
|-heal|p1a: Zapdos|80/100 slp|[from] item: Leftovers
|-heal|p2a: Blissey|64/100|[from] item: Leftovers
|upkeep
|turn|88
|
|t:|1727975426
|switch|p1a: Blissey|Blissey, F|81/100
|-damage|p1a: Blissey|69/100|[from] Spikes
|move|p2a: Blissey|Ice Beam|p1a: Blissey
|-damage|p1a: Blissey|61/100
|
|-weather|Sandstorm|[upkeep]
|-damage|p2a: Blissey|57/100|[from] Sandstorm
|-damage|p1a: Blissey|55/100|[from] Sandstorm
|-heal|p2a: Blissey|64/100|[from] item: Leftovers
|-heal|p1a: Blissey|61/100|[from] item: Leftovers
|upkeep
|turn|89
|
|t:|1727975438
|switch|p2a: Starmie|Starmie|50/100
|switch|p1a: Zapdos|Zapdos|80/100 slp
|
|-weather|Sandstorm|[upkeep]
|-damage|p2a: Starmie|44/100|[from] Sandstorm
|-damage|p1a: Zapdos|73/100 slp|[from] Sandstorm
|-heal|p2a: Starmie|50/100|[from] item: Leftovers
|-heal|p1a: Zapdos|80/100 slp|[from] item: Leftovers
|upkeep
|turn|90
|
|t:|1727975447
|switch|p1a: Blissey|Blissey, F|61/100
|-damage|p1a: Blissey|49/100|[from] Spikes
|move|p2a: Starmie|Ice Beam|p1a: Blissey
|-damage|p1a: Blissey|38/100
|
|-weather|Sandstorm|[upkeep]
|-damage|p2a: Starmie|44/100|[from] Sandstorm
|-damage|p1a: Blissey|32/100|[from] Sandstorm
|-heal|p2a: Starmie|50/100|[from] item: Leftovers
|-heal|p1a: Blissey|38/100|[from] item: Leftovers
|upkeep
|turn|91
|
|t:|1727975458
|move|p2a: Starmie|Hydro Pump|p1a: Blissey|[miss]
|-miss|p2a: Starmie|p1a: Blissey
|move|p1a: Blissey|Soft-Boiled|p1a: Blissey
|-heal|p1a: Blissey|88/100
|
|-weather|Sandstorm|[upkeep]
|-damage|p2a: Starmie|44/100|[from] Sandstorm
|-damage|p1a: Blissey|82/100|[from] Sandstorm
|-heal|p2a: Starmie|50/100|[from] item: Leftovers
|-heal|p1a: Blissey|88/100|[from] item: Leftovers
|upkeep
|turn|92
|
|t:|1727975469
|move|p2a: Starmie|Thunderbolt|p1a: Blissey
|-damage|p1a: Blissey|78/100
|move|p1a: Blissey|Seismic Toss|p2a: Starmie
|-damage|p2a: Starmie|12/100
|
|-weather|Sandstorm|[upkeep]
|-damage|p2a: Starmie|5/100|[from] Sandstorm
|-damage|p1a: Blissey|72/100|[from] Sandstorm
|-heal|p2a: Starmie|12/100|[from] item: Leftovers
|-heal|p1a: Blissey|78/100|[from] item: Leftovers
|upkeep
|turn|93
|
|t:|1727975482
|switch|p2a: Blissey|Blissey, F, shiny|64/100
|move|p1a: Blissey|Aromatherapy|p1a: Blissey
|-cureteam|p1a: Blissey|[from] move: Aromatherapy
|
|-weather|Sandstorm|[upkeep]
|-damage|p2a: Blissey|57/100|[from] Sandstorm
|-damage|p1a: Blissey|72/100|[from] Sandstorm
|-heal|p2a: Blissey|64/100|[from] item: Leftovers
|-heal|p1a: Blissey|78/100|[from] item: Leftovers
|upkeep
|turn|94
|
|t:|1727975500
|move|p2a: Blissey|Ice Beam|p1a: Blissey
|-damage|p1a: Blissey|70/100
|move|p1a: Blissey|Thunder Wave|p2a: Blissey
|-status|p2a: Blissey|par
|
|-weather|Sandstorm|[upkeep]
|-damage|p1a: Blissey|64/100|[from] Sandstorm
|-damage|p2a: Blissey|57/100 par|[from] Sandstorm
|-heal|p1a: Blissey|70/100|[from] item: Leftovers
|-heal|p2a: Blissey|64/100 par|[from] item: Leftovers
|upkeep
|turn|95
|
|t:|1727975513
|switch|p1a: Zapdos|Zapdos|80/100
|move|p2a: Blissey|Soft-Boiled|p2a: Blissey
|-heal|p2a: Blissey|100/100 par
|
|-weather|Sandstorm|[upkeep]
|-damage|p1a: Zapdos|73/100|[from] Sandstorm
|-damage|p2a: Blissey|94/100 par|[from] Sandstorm
|-heal|p1a: Zapdos|80/100|[from] item: Leftovers
|-heal|p2a: Blissey|100/100 par|[from] item: Leftovers
|upkeep
|turn|96
|
|t:|1727975522
|move|p1a: Zapdos|Thunderbolt|p2a: Blissey
|-damage|p2a: Blissey|83/100 par
|move|p2a: Blissey|Ice Beam|p1a: Zapdos
|-supereffective|p1a: Zapdos
|-damage|p1a: Zapdos|43/100
|
|-weather|Sandstorm|[upkeep]
|-damage|p1a: Zapdos|37/100|[from] Sandstorm
|-damage|p2a: Blissey|77/100 par|[from] Sandstorm
|-heal|p1a: Zapdos|43/100|[from] item: Leftovers
|-heal|p2a: Blissey|83/100 par|[from] item: Leftovers
|upkeep
|turn|97
|
|t:|1727975533
|move|p1a: Zapdos|Thunderbolt|p2a: Blissey
|-damage|p2a: Blissey|67/100 par
|move|p2a: Blissey|Fire Blast|p1a: Zapdos
|-damage|p1a: Zapdos|23/100
|
|-weather|Sandstorm|[upkeep]
|-damage|p1a: Zapdos|17/100|[from] Sandstorm
|-damage|p2a: Blissey|61/100 par|[from] Sandstorm
|-heal|p1a: Zapdos|23/100|[from] item: Leftovers
|-heal|p2a: Blissey|67/100 par|[from] item: Leftovers
|upkeep
|turn|98
|
|t:|1727975545
|-curestatus|p2a: Blissey|par|[from] ability: Natural Cure
|switch|p2a: Starmie|Starmie|12/100
|move|p1a: Zapdos|Protect||[still]
|-fail|p1a: Zapdos
|
|-weather|Sandstorm|[upkeep]
|-damage|p2a: Starmie|5/100|[from] Sandstorm
|-damage|p1a: Zapdos|17/100|[from] Sandstorm
|-heal|p2a: Starmie|12/100|[from] item: Leftovers
|-heal|p1a: Zapdos|23/100|[from] item: Leftovers
|upkeep
|turn|99
|
|t:|1727975556
|move|p1a: Zapdos|Protect|p1a: Zapdos
|-singleturn|p1a: Zapdos|Protect
|move|p2a: Starmie|Ice Beam|p1a: Zapdos
|-activate|p1a: Zapdos|Protect
|
|-weather|Sandstorm|[upkeep]
|-damage|p2a: Starmie|5/100|[from] Sandstorm
|-damage|p1a: Zapdos|17/100|[from] Sandstorm
|-heal|p2a: Starmie|12/100|[from] item: Leftovers
|-heal|p1a: Zapdos|23/100|[from] item: Leftovers
|upkeep
|turn|100
|
|t:|1727975566
|switch|p1a: Blissey|Blissey, F|70/100
|-damage|p1a: Blissey|57/100|[from] Spikes
|move|p2a: Starmie|Ice Beam|p1a: Blissey
|-damage|p1a: Blissey|46/100
|
|-weather|Sandstorm|[upkeep]
|-damage|p2a: Starmie|5/100|[from] Sandstorm
|-damage|p1a: Blissey|40/100|[from] Sandstorm
|-heal|p2a: Starmie|12/100|[from] item: Leftovers
|-heal|p1a: Blissey|46/100|[from] item: Leftovers
|upkeep
|turn|101
|
|t:|1727975577
|move|p2a: Starmie|Hydro Pump|p1a: Blissey
|-damage|p1a: Blissey|27/100
|move|p1a: Blissey|Soft-Boiled|p1a: Blissey
|-heal|p1a: Blissey|77/100
|
|-weather|Sandstorm|[upkeep]
|-damage|p2a: Starmie|5/100|[from] Sandstorm
|-damage|p1a: Blissey|71/100|[from] Sandstorm
|-heal|p2a: Starmie|12/100|[from] item: Leftovers
|-heal|p1a: Blissey|77/100|[from] item: Leftovers
|upkeep
|turn|102
|
|t:|1727975587
|switch|p2a: Blissey|Blissey, F, shiny|67/100
|move|p1a: Blissey|Seismic Toss|p2a: Blissey
|-damage|p2a: Blissey|52/100
|
|-weather|Sandstorm|[upkeep]
|-damage|p2a: Blissey|46/100|[from] Sandstorm
|-damage|p1a: Blissey|71/100|[from] Sandstorm
|-heal|p2a: Blissey|52/100|[from] item: Leftovers
|-heal|p1a: Blissey|77/100|[from] item: Leftovers
|upkeep
|turn|103
|
|t:|1727975600
|move|p2a: Blissey|Fire Blast|p1a: Blissey
|-damage|p1a: Blissey|67/100
|move|p1a: Blissey|Seismic Toss|p2a: Blissey
|-damage|p2a: Blissey|36/100
|
|-weather|Sandstorm|[upkeep]
|-damage|p2a: Blissey|30/100|[from] Sandstorm
|-damage|p1a: Blissey|60/100|[from] Sandstorm
|-heal|p2a: Blissey|36/100|[from] item: Leftovers
|-heal|p1a: Blissey|67/100|[from] item: Leftovers
|upkeep
|turn|104
|
|t:|1727975610
|switch|p1a: Zapdos|Zapdos|23/100
|move|p2a: Blissey|Soft-Boiled|p2a: Blissey
|-heal|p2a: Blissey|86/100
|
|-weather|Sandstorm|[upkeep]
|-damage|p1a: Zapdos|17/100|[from] Sandstorm
|-damage|p2a: Blissey|80/100|[from] Sandstorm
|-heal|p1a: Zapdos|23/100|[from] item: Leftovers
|-heal|p2a: Blissey|86/100|[from] item: Leftovers
|upkeep
|turn|105
|
|t:|1727975620
|move|p1a: Zapdos|Rest|p1a: Zapdos
|-status|p1a: Zapdos|slp|[from] move: Rest
|-heal|p1a: Zapdos|100/100 slp|[silent]
|move|p2a: Blissey|Soft-Boiled|p2a: Blissey
|-heal|p2a: Blissey|100/100
|
|-weather|Sandstorm|[upkeep]
|-damage|p1a: Zapdos|94/100 slp|[from] Sandstorm
|-damage|p2a: Blissey|94/100|[from] Sandstorm
|-heal|p1a: Zapdos|100/100 slp|[from] item: Leftovers
|-heal|p2a: Blissey|100/100|[from] item: Leftovers
|upkeep
|turn|106
|inactive|javiercar has 240 seconds left.
|
|t:|1727975633
|switch|p1a: Blissey|Blissey, F|67/100
|-damage|p1a: Blissey|54/100|[from] Spikes
|switch|p2a: Starmie|Starmie|12/100
|
|-weather|Sandstorm|[upkeep]
|-damage|p2a: Starmie|5/100|[from] Sandstorm
|-damage|p1a: Blissey|48/100|[from] Sandstorm
|-heal|p2a: Starmie|12/100|[from] item: Leftovers
|-heal|p1a: Blissey|54/100|[from] item: Leftovers
|upkeep
|turn|107
|inactive|javiercar has 240 seconds left.
|
|t:|1727975644
|switch|p2a: Blissey|Blissey, F, shiny|100/100
|move|p1a: Blissey|Seismic Toss|p2a: Blissey
|-damage|p2a: Blissey|85/100
|
|-weather|Sandstorm|[upkeep]
|-damage|p2a: Blissey|79/100|[from] Sandstorm
|-damage|p1a: Blissey|48/100|[from] Sandstorm
|-heal|p2a: Blissey|85/100|[from] item: Leftovers
|-heal|p1a: Blissey|54/100|[from] item: Leftovers
|upkeep
|turn|108
|inactive|javiercar has 240 seconds left.
|
|t:|1727975664
|move|p2a: Blissey|Toxic|p1a: Blissey
|-status|p1a: Blissey|tox
|move|p1a: Blissey|Aromatherapy|p1a: Blissey
|-cureteam|p1a: Blissey|[from] move: Aromatherapy
|
|-weather|Sandstorm|[upkeep]
|-damage|p2a: Blissey|79/100|[from] Sandstorm
|-damage|p1a: Blissey|48/100|[from] Sandstorm
|-heal|p2a: Blissey|85/100|[from] item: Leftovers
|-heal|p1a: Blissey|54/100|[from] item: Leftovers
|upkeep
|turn|109
|
|t:|1727975676
|move|p2a: Blissey|Toxic|p1a: Blissey
|-status|p1a: Blissey|tox
|move|p1a: Blissey|Soft-Boiled|p1a: Blissey
|-heal|p1a: Blissey|100/100 tox
|
|-weather|Sandstorm|[upkeep]
|-damage|p2a: Blissey|79/100|[from] Sandstorm
|-damage|p1a: Blissey|94/100 tox|[from] Sandstorm
|-heal|p2a: Blissey|85/100|[from] item: Leftovers
|-heal|p1a: Blissey|100/100 tox|[from] item: Leftovers
|-damage|p1a: Blissey|94/100 tox|[from] psn
|upkeep
|turn|110
|
|t:|1727975686
|-curestatus|p1a: Blissey|tox|[from] ability: Natural Cure
|switch|p1a: Zapdos|Zapdos|100/100
|move|p2a: Blissey|Soft-Boiled|p2a: Blissey
|-heal|p2a: Blissey|100/100
|
|-weather|Sandstorm|[upkeep]
|-damage|p1a: Zapdos|94/100|[from] Sandstorm
|-damage|p2a: Blissey|94/100|[from] Sandstorm
|-heal|p1a: Zapdos|100/100|[from] item: Leftovers
|-heal|p2a: Blissey|100/100|[from] item: Leftovers
|upkeep
|turn|111
|
|t:|1727975708
|move|p1a: Zapdos|Protect|p1a: Zapdos
|-singleturn|p1a: Zapdos|Protect
|move|p2a: Blissey|Soft-Boiled||[still]
|-fail|p2a: Blissey|heal
|
|-weather|Sandstorm|[upkeep]
|-damage|p1a: Zapdos|94/100|[from] Sandstorm
|-damage|p2a: Blissey|94/100|[from] Sandstorm
|-heal|p1a: Zapdos|100/100|[from] item: Leftovers
|-heal|p2a: Blissey|100/100|[from] item: Leftovers
|upkeep
|turn|112
|
|t:|1727975718
|move|p1a: Zapdos|Protect|p1a: Zapdos
|-singleturn|p1a: Zapdos|Protect
|move|p2a: Blissey|Soft-Boiled||[still]
|-fail|p2a: Blissey|heal
|
|-weather|Sandstorm|[upkeep]
|-damage|p1a: Zapdos|94/100|[from] Sandstorm
|-damage|p2a: Blissey|94/100|[from] Sandstorm
|-heal|p1a: Zapdos|100/100|[from] item: Leftovers
|-heal|p2a: Blissey|100/100|[from] item: Leftovers
|upkeep
|turn|113
|
|t:|1727975729
|move|p1a: Zapdos|Toxic|p2a: Blissey
|-status|p2a: Blissey|tox
|move|p2a: Blissey|Soft-Boiled||[still]
|-fail|p2a: Blissey|heal
|
|-weather|Sandstorm|[upkeep]
|-damage|p1a: Zapdos|94/100|[from] Sandstorm
|-damage|p2a: Blissey|94/100 tox|[from] Sandstorm
|-heal|p1a: Zapdos|100/100|[from] item: Leftovers
|-heal|p2a: Blissey|100/100 tox|[from] item: Leftovers
|-damage|p2a: Blissey|94/100 tox|[from] psn
|upkeep
|turn|114
|
|t:|1727975741
|-curestatus|p2a: Blissey|tox|[from] ability: Natural Cure
|switch|p2a: Starmie|Starmie|12/100
|move|p1a: Zapdos|Thunderbolt|p2a: Starmie
|-supereffective|p2a: Starmie
|-damage|p2a: Starmie|0 fnt
|faint|p2a: Starmie
|
|t:|1727975748
|switch|p2a: Swampert|Swampert, F|46/100 tox
|
|-weather|Sandstorm|[upkeep]
|-damage|p1a: Zapdos|94/100|[from] Sandstorm
|-heal|p1a: Zapdos|100/100|[from] item: Leftovers
|-heal|p2a: Swampert|53/100 tox|[from] item: Leftovers
|-damage|p2a: Swampert|46/100 tox|[from] psn
|upkeep
|turn|115
|
|t:|1727975755
|move|p1a: Zapdos|Protect|p1a: Zapdos
|-singleturn|p1a: Zapdos|Protect
|move|p2a: Swampert|Earthquake|p1a: Zapdos
|-activate|p1a: Zapdos|Protect
|
|-weather|Sandstorm|[upkeep]
|-damage|p1a: Zapdos|94/100|[from] Sandstorm
|-heal|p1a: Zapdos|100/100|[from] item: Leftovers
|-heal|p2a: Swampert|53/100 tox|[from] item: Leftovers
|-damage|p2a: Swampert|40/100 tox|[from] psn
|upkeep
|turn|116
|
|t:|1727975768
|switch|p2a: Blissey|Blissey, F, shiny|94/100
|move|p1a: Zapdos|Protect||[still]
|-fail|p1a: Zapdos
|
|-weather|Sandstorm|[upkeep]
|-damage|p1a: Zapdos|94/100|[from] Sandstorm
|-damage|p2a: Blissey|88/100|[from] Sandstorm
|-heal|p1a: Zapdos|100/100|[from] item: Leftovers
|-heal|p2a: Blissey|94/100|[from] item: Leftovers
|upkeep
|turn|117
|
|t:|1727975786
|move|p1a: Zapdos|Toxic|p2a: Blissey
|-status|p2a: Blissey|tox
|move|p2a: Blissey|Toxic|p1a: Zapdos
|-status|p1a: Zapdos|tox
|
|-weather|Sandstorm|[upkeep]
|-damage|p1a: Zapdos|94/100 tox|[from] Sandstorm
|-damage|p2a: Blissey|88/100 tox|[from] Sandstorm
|-heal|p1a: Zapdos|100/100 tox|[from] item: Leftovers
|-damage|p1a: Zapdos|94/100 tox|[from] psn
|-heal|p2a: Blissey|94/100 tox|[from] item: Leftovers
|-damage|p2a: Blissey|88/100 tox|[from] psn
|upkeep
|turn|118
|inactive|javiercar has 210 seconds left.
|
|t:|1727975808
|switch|p1a: Charizard|Charizard, F|12/100
|-curestatus|p2a: Blissey|tox|[from] ability: Natural Cure
|switch|p2a: Swampert|Swampert, F|40/100 tox
|
|-weather|Sandstorm|[upkeep]
|-damage|p1a: Charizard|6/100|[from] Sandstorm
|-heal|p1a: Charizard|12/100|[from] item: Leftovers
|-heal|p2a: Swampert|46/100 tox|[from] item: Leftovers
|-damage|p2a: Swampert|40/100 tox|[from] psn
|upkeep
|turn|119
|inactive|javiercar has 210 seconds left.
|
|t:|1727975819
|switch|p2a: Blissey|Blissey, F, shiny|88/100
|move|p1a: Charizard|Hidden Power|p2a: Blissey
|-damage|p2a: Blissey|79/100
|
|-weather|Sandstorm|[upkeep]
|-damage|p1a: Charizard|6/100|[from] Sandstorm
|-damage|p2a: Blissey|73/100|[from] Sandstorm
|-heal|p1a: Charizard|12/100|[from] item: Leftovers
|-heal|p2a: Blissey|79/100|[from] item: Leftovers
|upkeep
|turn|120
|inactive|javiercar has 210 seconds left.
|
|t:|1727975829
|-singleturn|p1a: Charizard|move: Focus Punch
|move|p2a: Blissey|Soft-Boiled|p2a: Blissey
|-heal|p2a: Blissey|100/100
|move|p1a: Charizard|Focus Punch|p2a: Blissey
|-supereffective|p2a: Blissey
|-damage|p2a: Blissey|35/100
|
|-weather|Sandstorm|[upkeep]
|-damage|p1a: Charizard|6/100|[from] Sandstorm
|-damage|p2a: Blissey|29/100|[from] Sandstorm
|-heal|p1a: Charizard|12/100|[from] item: Leftovers
|-heal|p2a: Blissey|35/100|[from] item: Leftovers
|upkeep
|turn|121
|inactive|javiercar has 210 seconds left.
|
|t:|1727975841
|-singleturn|p1a: Charizard|move: Focus Punch
|move|p2a: Blissey|Soft-Boiled|p2a: Blissey
|-heal|p2a: Blissey|85/100
|move|p1a: Charizard|Focus Punch|p2a: Blissey
|-supereffective|p2a: Blissey
|-damage|p2a: Blissey|24/100
|
|-weather|Sandstorm|[upkeep]
|-damage|p1a: Charizard|6/100|[from] Sandstorm
|-damage|p2a: Blissey|18/100|[from] Sandstorm
|-heal|p1a: Charizard|12/100|[from] item: Leftovers
|-heal|p2a: Blissey|24/100|[from] item: Leftovers
|upkeep
|turn|122
|inactive|javiercar has 210 seconds left.
|
|t:|1727975856
|move|p1a: Charizard|Fire Blast|p2a: Blissey
|-damage|p2a: Blissey|0 fnt
|faint|p2a: Blissey
|inactive|javiercar has 210 seconds left.
|
|t:|1727975863
|switch|p2a: Swampert|Swampert, F|40/100 tox
|
|-weather|Sandstorm|[upkeep]
|-damage|p1a: Charizard|6/100|[from] Sandstorm
|-heal|p1a: Charizard|12/100|[from] item: Leftovers
|-heal|p2a: Swampert|46/100 tox|[from] item: Leftovers
|-damage|p2a: Swampert|40/100 tox|[from] psn
|upkeep
|turn|123
|
|t:|1727975870
|move|p1a: Charizard|Hidden Power|p2a: Swampert
|-supereffective|p2a: Swampert
|-damage|p2a: Swampert|0 fnt
|faint|p2a: Swampert
|
|win|Blaniom
|c|☆Blaniom|gg

</script>
<script type="application/json" class="data" id="replaydata-smogtours-gen3ou-794245">
{"id":"smogtours-gen3ou-794245","format":"[Gen 3] OU","players":["Blaniom","javiercar"],"uploadtime":1727975870,"views":124,"formatid":"gen3ou","rating":null,"private":0,"password":null}
</script>

<script defer src="js/replays.js?9d40a366"></script>
