<!DOCTYPE html>
<meta charset="utf-8" />
<meta name="viewport" content="width=device-width" />

<title>[Gen 3] OU: SqueamishCube vs. Zoroark Nidoking - Replays - Pok&eacute;mon Showdown!</title>

<meta name="description" content="Watch a replay of a Pok&eacute;mon battle between SqueamishCube and Zoroark Nidoking! Format: [Gen 3] OU; Date: Oct 13, 2024" />
<!--

Hey, you! Looking in the source for the replay log?

You can find them in JSON format, just add `.json` at the end of a replay URL.

https://replay.pokemonshowdown.com/gen7randomdoublesbattle-865046831.json

Or, if you only need the log itself, add `.log` instead:

https://replay.pokemonshowdown.com/gen7randomdoublesbattle-865046831.log

-->

<link rel="stylesheet" href="//pokemonshowdown.com/style/global.css?0.023195364461161105" />
<link rel="stylesheet" href="//play.pokemonshowdown.com/style/font-awesome.css?0.13261647063804238" />
<link rel="stylesheet" href="//play.pokemonshowdown.com/style/battle.css?0.8753245789963631" />
<link rel="stylesheet" href="//play.pokemonshowdown.com/style/utilichart.css?0.8627959624976733" />

<!-- Global site tag (gtag.js) - Google Analytics -->
<script async src="https://www.googletagmanager.com/gtag/js?id=UA-26211653-1"></script>
<script>
  window.dataLayer = window.dataLayer || [];
  function gtag(){dataLayer.push(arguments);}
  gtag('js', new Date());

  gtag('config', 'UA-26211653-1');
</script>
<!-- End Google Analytics -->
<!-- Venatus Ad Manager - Install in <HEAD> of page -->
	<script src="https://hb.vntsm.com/v3/live/ad-manager.min.js" type="text/javascript" data-site-id="642aba63ec9a7b11c3c9c1be" data-mode="scan" async></script>
<!-- / Venatus Ad Manager -->

<style>
	@media (max-width:820px) {
		.battle {
			margin: 0 auto;
		}
		.battle-log {
			margin: 7px auto 0;
			max-width: 640px;
			height: 300px;
			position: static;
		}
	}
	.optgroup {
		display: inline-block;
		line-height: 22px;
		font-size: 10pt;
	}
	.optgroup .button {
		height: 25px;
		padding-top: 0;
		padding-bottom: 0;
	}
	.optgroup button.button {
		padding-left: 12px;
		padding-right: 12px;
	}
	.linklist {
		list-style: none;
		margin: 0.5em 0;
		padding: 0;
	}
	.linklist li {
		padding: 2px 0;
	}
	.sidebar {
		float: left;
		width: 320px;
	}
	.bar-wrapper {
		max-width: 1100px;
		margin: 0 auto;
	}
	.bar-wrapper.has-sidebar {
		max-width: 1430px;
	}
	.mainbar {
		margin: 0;
		padding-right: 1px;
	}
	.mainbar.has-sidebar {
		margin-left: 330px;
	}
	@media (min-width: 1511px) {
		.sidebar {
			width: 400px;
		}
		.bar-wrapper.has-sidebar {
			max-width: 1510px;
		}
		.mainbar.has-sidebar {
			margin-left: 410px;
		}
	}
	.section.first-section {
		margin-top: 9px;
	}
	.blocklink small {
		white-space: normal;
	}
	.button {
		vertical-align: middle;
	}
	.replay-controls {
		padding-top: 10px;
	}
	.replay-controls h1 {
		font-size: 16pt;
		font-weight: normal;
		color: #CCC;
	}
	.pagelink {
		text-align: center;
	}
	.pagelink a {
		width: 150px;
	}
	.textbox, .button {
		font-size: 11pt;
		vertical-align: middle;
	}
	@media (max-width: 450px) {
		.button {
			font-size: 9pt;
		}
	}
</style>

<div>

	<header>
		<div class="nav-wrapper"><ul class="nav">
			<li><a class="button nav-first" href="//pokemonshowdown.com/"><img src="//pokemonshowdown.com/images/pokemonshowdownbeta.png" srcset="//pokemonshowdown.com/images/pokemonshowdownbeta.png 1x, //pokemonshowdown.com/images/pokemonshowdownbeta@2x.png 2x" alt="Pok&eacute;mon Showdown" width="146" height="44" /> Home</a></li>
			<li><a class="button" href="//pokemonshowdown.com/dex/">Pok&eacute;dex</a></li>
			<li><a class="button cur" href="/">Replays</a></li>
			<li><a class="button" href="//pokemonshowdown.com/ladder/">Ladder</a></li>
			<li><a class="button nav-last" href="//pokemonshowdown.com/forums/">Forum</a></li>
			<li><a class="button greenbutton nav-first nav-last" href="//play.pokemonshowdown.com/">Play</a></li>
		</ul></div>
	</header>

	<div class="main" id="main">

		<noscript><section class="section">You need to enable JavaScript to use this page; sorry!</section></noscript>

	</div>

</div>

<script defer nomodule src="//play.pokemonshowdown.com/js/lib/ps-polyfill.js"></script>
<script defer src="//play.pokemonshowdown.com/js/lib/preact.min.js"></script>

<script defer src="//play.pokemonshowdown.com/config/config.js?2bddbc15"></script>
<script defer src="//play.pokemonshowdown.com/js/lib/jquery-1.11.0.min.js"></script>
<script defer src="//play.pokemonshowdown.com/js/lib/html-sanitizer-minified.js"></script>
<script defer src="//play.pokemonshowdown.com/js/battle-sound.js"></script>
<script defer src="//play.pokemonshowdown.com/js/battledata.js?0.7209276989879541"></script>
<script defer src="//play.pokemonshowdown.com/data/pokedex-mini.js?0.6111056340867951"></script>
<script defer src="//play.pokemonshowdown.com/data/pokedex-mini-bw.js?0.3532142036491459"></script>
<script defer src="//play.pokemonshowdown.com/data/graphics.js?0.24223875632456182"></script>
<script defer src="//play.pokemonshowdown.com/data/pokedex.js?0.38839984266356864"></script>
<script defer src="//play.pokemonshowdown.com/data/moves.js?0.21866028504024015"></script>
<script defer src="//play.pokemonshowdown.com/data/abilities.js?0.2005157953846628"></script>
<script defer src="//play.pokemonshowdown.com/data/items.js?0.9894211263848525"></script>
<script defer src="//play.pokemonshowdown.com/data/teambuilder-tables.js?0.6008791140282215"></script>
<script defer src="//play.pokemonshowdown.com/js/battle-tooltips.js?0.7580118955022959"></script>
<script defer src="//play.pokemonshowdown.com/js/battle.js?0.6057722274234274"></script>

<script defer src="js/utils.js?e31f9a17"></script>
<script defer src="js/replays-battle.js?7008c182"></script>

<!-- don't scrape this data! just add .json or .log after the URL!
Full API docs: https://github.com/smogon/pokemon-showdown-client/blob/master/WEB-API.md -->
<script type="text/plain" class="log" id="replaylog-smogtours-gen3ou-797893">
|inactive|Battle timer is ON: inactive players will automatically lose when time's up.
|t:|1728780630
|gametype|singles
|player|p1|SqueamishCube|lyra|
|player|p2|Zoroark Nidoking|gambler|
|teamsize|p1|6
|teamsize|p2|6
|gen|3
|tier|[Gen 3] OU
|rule|Sleep Clause Mod: Limit one foe put to sleep
|rule|Switch Priority Clause Mod: Faster Pokémon switch first
|rule|Species Clause: Limit one of each Pokémon
|rule|OHKO Clause: OHKO moves are banned
|rule|Evasion Items Clause: Evasion items are banned
|rule|Evasion Moves Clause: Evasion moves are banned
|rule|Endless Battle Clause: Forcing endless battles is banned
|rule|HP Percentage Mod: HP is shown in percentages
|rule|One Boost Passer Clause: Limit one Baton Passer that has a way to boost its stats
|rule|Freeze Clause Mod: Limit one foe frozen
|
|t:|1728780630
|start
|switch|p1a: Skarmory|Skarmory, F|100/100
|switch|p2a: Rockzilla|Tyranitar, M, shiny|100/100
|-weather|Sandstorm|[from] ability: Sand Stream|[of] p2a: Rockzilla
|turn|1
|
|t:|1728780645
|move|p2a: Rockzilla|Ancient Power|p1a: Skarmory
|-damage|p1a: Skarmory|60/100
|move|p1a: Skarmory|Spikes|p2a: Rockzilla
|-sidestart|p2: Zoroark Nidoking|Spikes
|
|-weather|Sandstorm|[upkeep]
|-heal|p1a: Skarmory|66/100|[from] item: Leftovers
|upkeep
|turn|2
|
|t:|1728780655
|move|p1a: Skarmory|Protect|p1a: Skarmory
|-singleturn|p1a: Skarmory|Protect
|move|p2a: Rockzilla|Ancient Power|p1a: Skarmory
|-activate|p1a: Skarmory|Protect
|
|-weather|Sandstorm|[upkeep]
|-heal|p1a: Skarmory|72/100|[from] item: Leftovers
|upkeep
|turn|3
|
|t:|1728780673
|move|p2a: Rockzilla|Ancient Power|p1a: Skarmory
|-damage|p1a: Skarmory|31/100
|move|p1a: Skarmory|Toxic|p2a: Rockzilla
|-status|p2a: Rockzilla|tox
|
|-weather|Sandstorm|[upkeep]
|-damage|p2a: Rockzilla|94/100 tox|[from] psn
|-heal|p1a: Skarmory|37/100|[from] item: Leftovers
|upkeep
|turn|4
|
|t:|1728780682
|switch|p2a: Sturdy Bad?|Skarmory, M, shiny|100/100
|move|p1a: Skarmory|Protect||[still]
|-fail|p1a: Skarmory
|
|-weather|Sandstorm|[upkeep]
|-heal|p1a: Skarmory|43/100|[from] item: Leftovers
|upkeep
|turn|5
|
|t:|1728780700
|switch|p1a: Starmie|Starmie|100/100
|move|p2a: Sturdy Bad?|Roar|p1a: Starmie
|drag|p1a: Swampert|Swampert, F|100/100
|
|-weather|Sandstorm|[upkeep]
|upkeep
|turn|6
|
|t:|1728780707
|move|p2a: Sturdy Bad?|Spikes|p1a: Swampert
|-sidestart|p1: SqueamishCube|Spikes
|move|p1a: Swampert|Hydro Pump|p2a: Sturdy Bad?
|-damage|p2a: Sturdy Bad?|47/100
|
|-weather|Sandstorm|[upkeep]
|upkeep
|turn|7
|
|t:|1728780714
|move|p2a: Sturdy Bad?|Toxic|p1a: Swampert
|-status|p1a: Swampert|tox
|move|p1a: Swampert|Hydro Pump|p2a: Sturdy Bad?|[miss]
|-miss|p1a: Swampert|p2a: Sturdy Bad?
|
|-weather|Sandstorm|[upkeep]
|-damage|p1a: Swampert|94/100 tox|[from] psn
|upkeep
|turn|8
|
|t:|1728780718
|move|p2a: Sturdy Bad?|Spikes|p1a: Swampert
|-sidestart|p1: SqueamishCube|Spikes
|move|p1a: Swampert|Hydro Pump|p2a: Sturdy Bad?
|-damage|p2a: Sturdy Bad?|0 fnt
|faint|p2a: Sturdy Bad?
|
|t:|1728780730
|switch|p2a: What da Duck doin|Golduck, F|100/100
|-damage|p2a: What da Duck doin|88/100|[from] Spikes
|
|-weather|Sandstorm|[upkeep]
|-heal|p2a: What da Duck doin|94/100|[from] item: Leftovers
|-heal|p1a: Swampert|100/100 tox|[from] item: Leftovers
|-damage|p1a: Swampert|88/100 tox|[from] psn
|upkeep
|turn|9
|
|t:|1728780743
|switch|p1a: Starmie|Starmie|100/100
|-damage|p1a: Starmie|84/100|[from] Spikes
|move|p2a: What da Duck doin|Calm Mind|p2a: What da Duck doin
|-boost|p2a: What da Duck doin|spa|1
|-boost|p2a: What da Duck doin|spd|1
|
|-weather|Sandstorm|[upkeep]
|-heal|p1a: Starmie|90/100|[from] item: Leftovers
|-heal|p2a: What da Duck doin|99/100|[from] item: Leftovers
|upkeep
|turn|10
|
|t:|1728780749
|move|p1a: Starmie|Rapid Spin|p2a: What da Duck doin
|-damage|p2a: What da Duck doin|97/100
|-sideend|p1: SqueamishCube|Spikes|[from] move: Rapid Spin|[of] p1a: Starmie
|move|p2a: What da Duck doin|Hypnosis|p1a: Starmie
|-status|p1a: Starmie|slp|[from] move: Hypnosis
|
|-weather|Sandstorm|[upkeep]
|-heal|p1a: Starmie|96/100 slp|[from] item: Leftovers
|-heal|p2a: What da Duck doin|100/100|[from] item: Leftovers
|upkeep
|turn|11
|
|t:|1728780752
|cant|p1a: Starmie|slp
|move|p2a: What da Duck doin|Calm Mind|p2a: What da Duck doin
|-boost|p2a: What da Duck doin|spa|1
|-boost|p2a: What da Duck doin|spd|1
|
|-weather|Sandstorm|[upkeep]
|-heal|p1a: Starmie|100/100 slp|[from] item: Leftovers
|upkeep
|turn|12
|
|t:|1728780755
|cant|p1a: Starmie|slp
|move|p2a: What da Duck doin|Calm Mind|p2a: What da Duck doin
|-boost|p2a: What da Duck doin|spa|1
|-boost|p2a: What da Duck doin|spd|1
|
|-weather|Sandstorm|[upkeep]
|upkeep
|turn|13
|
|t:|1728780758
|cant|p1a: Starmie|slp
|move|p2a: What da Duck doin|Calm Mind|p2a: What da Duck doin
|-boost|p2a: What da Duck doin|spa|1
|-boost|p2a: What da Duck doin|spd|1
|
|-weather|Sandstorm|[upkeep]
|upkeep
|turn|14
|
|t:|1728780766
|cant|p1a: Starmie|slp
|move|p2a: What da Duck doin|Hypnosis|p1a: Starmie
|-fail|p1a: Starmie|slp
|
|-weather|Sandstorm|[upkeep]
|upkeep
|turn|15
|
|t:|1728780770
|-curestatus|p1a: Starmie|slp|[msg]
|move|p1a: Starmie|Thunderbolt|p2a: What da Duck doin
|-supereffective|p2a: What da Duck doin
|-damage|p2a: What da Duck doin|75/100
|move|p2a: What da Duck doin|Hypnosis|p1a: Starmie|[miss]
|-miss|p2a: What da Duck doin|p1a: Starmie
|
|-weather|Sandstorm|[upkeep]
|-heal|p2a: What da Duck doin|81/100|[from] item: Leftovers
|upkeep
|turn|16
|
|t:|1728780778
|switch|p1a: Skarmory|Skarmory, F|43/100
|move|p2a: What da Duck doin|Calm Mind|p2a: What da Duck doin
|-boost|p2a: What da Duck doin|spa|1
|-boost|p2a: What da Duck doin|spd|1
|
|-weather|Sandstorm|[upkeep]
|-heal|p2a: What da Duck doin|87/100|[from] item: Leftovers
|-heal|p1a: Skarmory|49/100|[from] item: Leftovers
|upkeep
|turn|17
|
|t:|1728780781
|move|p2a: What da Duck doin|Surf|p1a: Skarmory
|-damage|p1a: Skarmory|0 fnt
|faint|p1a: Skarmory
|
|t:|1728780787
|switch|p1a: Blissey|Blissey, F, shiny|100/100
|
|-weather|Sandstorm|[upkeep]
|-heal|p2a: What da Duck doin|93/100|[from] item: Leftovers
|upkeep
|turn|18
|
|t:|1728780796
|move|p2a: What da Duck doin|Hypnosis|p1a: Blissey|[miss]
|-miss|p2a: What da Duck doin|p1a: Blissey
|move|p1a: Blissey|Toxic|p2a: What da Duck doin
|-status|p2a: What da Duck doin|tox
|
|-weather|Sandstorm|[upkeep]
|-heal|p2a: What da Duck doin|99/100 tox|[from] item: Leftovers
|-damage|p2a: What da Duck doin|93/100 tox|[from] psn
|upkeep
|turn|19
|
|t:|1728780810
|move|p2a: What da Duck doin|Hypnosis|p1a: Blissey
|-status|p1a: Blissey|slp|[from] move: Hypnosis
|cant|p1a: Blissey|slp
|
|-weather|Sandstorm|[upkeep]
|-heal|p2a: What da Duck doin|99/100 tox|[from] item: Leftovers
|-damage|p2a: What da Duck doin|87/100 tox|[from] psn
|upkeep
|turn|20
|
|t:|1728780818
|move|p2a: What da Duck doin|Surf|p1a: Blissey
|-damage|p1a: Blissey|52/100 slp
|cant|p1a: Blissey|slp
|
|-weather|Sandstorm|[upkeep]
|-heal|p2a: What da Duck doin|93/100 tox|[from] item: Leftovers
|-damage|p2a: What da Duck doin|75/100 tox|[from] psn
|-heal|p1a: Blissey|59/100 slp|[from] item: Leftovers
|upkeep
|turn|21
|
|t:|1728780822
|move|p2a: What da Duck doin|Calm Mind|p2a: What da Duck doin
|-boost|p2a: What da Duck doin|spa|1
|-boost|p2a: What da Duck doin|spd|1
|cant|p1a: Blissey|slp
|
|-weather|Sandstorm|[upkeep]
|-heal|p2a: What da Duck doin|81/100 tox|[from] item: Leftovers
|-damage|p2a: What da Duck doin|57/100 tox|[from] psn
|-heal|p1a: Blissey|65/100 slp|[from] item: Leftovers
|upkeep
|turn|22
|
|t:|1728780825
|move|p2a: What da Duck doin|Surf|p1a: Blissey
|-damage|p1a: Blissey|8/100 slp
|-curestatus|p1a: Blissey|slp|[msg]
|move|p1a: Blissey|Soft-Boiled|p1a: Blissey
|-heal|p1a: Blissey|58/100
|
|-weather|Sandstorm|[upkeep]
|-heal|p2a: What da Duck doin|63/100 tox|[from] item: Leftovers
|-damage|p2a: What da Duck doin|33/100 tox|[from] psn
|-heal|p1a: Blissey|64/100|[from] item: Leftovers
|upkeep
|turn|23
|
|t:|1728780828
|move|p2a: What da Duck doin|Surf|p1a: Blissey
|-damage|p1a: Blissey|2/100
|move|p1a: Blissey|Soft-Boiled|p1a: Blissey
|-heal|p1a: Blissey|52/100
|
|-weather|Sandstorm|[upkeep]
|-heal|p2a: What da Duck doin|39/100 tox|[from] item: Leftovers
|-damage|p2a: What da Duck doin|3/100 tox|[from] psn
|-heal|p1a: Blissey|58/100|[from] item: Leftovers
|upkeep
|turn|24
|
|t:|1728780849
|switch|p1a: Swampert|Swampert, F|88/100 tox
|move|p2a: What da Duck doin|Ice Beam|p1a: Swampert
|-damage|p1a: Swampert|0 fnt
|faint|p1a: Swampert
|
|t:|1728780861
|switch|p1a: Tyranitar|Tyranitar, F|100/100
|
|-weather|Sandstorm|[upkeep]
|-heal|p2a: What da Duck doin|9/100 tox|[from] item: Leftovers
|-damage|p2a: What da Duck doin|0 fnt|[from] psn
|faint|p2a: What da Duck doin
|upkeep
|
|t:|1728780865
|switch|p2a: I.... AM STEVE|Metagross, shiny|100/100
|-damage|p2a: I.... AM STEVE|88/100|[from] Spikes
|turn|25
|
|t:|1728780877
|move|p2a: I.... AM STEVE|Meteor Mash|p1a: Tyranitar
|-supereffective|p1a: Tyranitar
|-damage|p1a: Tyranitar|0 fnt
|faint|p1a: Tyranitar
|
|t:|1728780880
|switch|p1a: Gengar|Gengar, F|100/100
|
|-weather|Sandstorm|[upkeep]
|-damage|p1a: Gengar|95/100|[from] Sandstorm
|-heal|p1a: Gengar|100/100|[from] item: Leftovers
|upkeep
|turn|26
|
|t:|1728780882
|move|p1a: Gengar|Will-O-Wisp|p2a: I.... AM STEVE
|-status|p2a: I.... AM STEVE|brn
|move|p2a: I.... AM STEVE|Meteor Mash|p1a: Gengar
|-damage|p1a: Gengar|27/100
|-boost|p2a: I.... AM STEVE|atk|1
|
|-weather|Sandstorm|[upkeep]
|-damage|p1a: Gengar|21/100|[from] Sandstorm
|-heal|p1a: Gengar|27/100|[from] item: Leftovers
|-damage|p2a: I.... AM STEVE|76/100 brn|[from] brn
|upkeep
|turn|27
|
|t:|1728780886
|move|p1a: Gengar|Thunderbolt|p2a: I.... AM STEVE
|-damage|p2a: I.... AM STEVE|41/100 brn
|move|p2a: I.... AM STEVE|Meteor Mash|p1a: Gengar
|-damage|p1a: Gengar|0 fnt
|faint|p1a: Gengar
|
|t:|1728780891
|switch|p1a: Starmie|Starmie|100/100
|
|-weather|Sandstorm|[upkeep]
|-damage|p1a: Starmie|94/100|[from] Sandstorm
|-heal|p1a: Starmie|100/100|[from] item: Leftovers
|-damage|p2a: I.... AM STEVE|29/100 brn|[from] brn
|upkeep
|turn|28
|
|t:|1728780895
|move|p1a: Starmie|Hydro Pump|p2a: I.... AM STEVE|[miss]
|-miss|p1a: Starmie|p2a: I.... AM STEVE
|move|p2a: I.... AM STEVE|Meteor Mash|p1a: Starmie
|-resisted|p1a: Starmie
|-damage|p1a: Starmie|47/100
|-boost|p2a: I.... AM STEVE|atk|1
|
|-weather|Sandstorm|[upkeep]
|-damage|p1a: Starmie|41/100|[from] Sandstorm
|-heal|p1a: Starmie|47/100|[from] item: Leftovers
|-damage|p2a: I.... AM STEVE|16/100 brn|[from] brn
|upkeep
|turn|29
|
|t:|1728780898
|move|p1a: Starmie|Hydro Pump|p2a: I.... AM STEVE
|-damage|p2a: I.... AM STEVE|0 fnt
|faint|p2a: I.... AM STEVE
|
|t:|1728780900
|switch|p2a: Trapin' Guy|Dugtrio, M|100/100
|-damage|p2a: Trapin' Guy|88/100|[from] Spikes
|
|-weather|Sandstorm|[upkeep]
|-damage|p1a: Starmie|41/100|[from] Sandstorm
|-heal|p1a: Starmie|47/100|[from] item: Leftovers
|upkeep
|turn|30
|
|t:|1728780909
|move|p2a: Trapin' Guy|Earthquake|p1a: Starmie
|-damage|p1a: Starmie|0 fnt
|faint|p1a: Starmie
|
|t:|1728780911
|switch|p1a: Blissey|Blissey, F, shiny|58/100
|
|-weather|Sandstorm|[upkeep]
|-damage|p1a: Blissey|52/100|[from] Sandstorm
|-heal|p1a: Blissey|58/100|[from] item: Leftovers
|upkeep
|turn|31
|
|t:|1728780913
|move|p2a: Trapin' Guy|Earthquake|p1a: Blissey
|-damage|p1a: Blissey|0 fnt
|faint|p1a: Blissey
|
|win|Zoroark Nidoking
|player|p2|

</script>
<script type="application/json" class="data" id="replaydata-smogtours-gen3ou-797893">
{"id":"smogtours-gen3ou-797893","format":"[Gen 3] OU","players":["SqueamishCube","Zoroark Nidoking"],"uploadtime":1728780913,"views":84,"formatid":"gen3ou","rating":null,"private":0,"password":null}
</script>

<script defer src="js/replays.js?9d40a366"></script>
