<!DOCTYPE html>
<meta charset="utf-8" />
<meta name="viewport" content="width=device-width" />

<title>[Gen 3] OU: dajib vs. doh5604 - Replays - Pok&eacute;mon Showdown!</title>

<meta name="description" content="Watch a replay of a Pok&eacute;mon battle between dajib and doh5604! Format: [Gen 3] OU; Date: Oct 3, 2024" />
<!--

Hey, you! Looking in the source for the replay log?

You can find them in JSON format, just add `.json` at the end of a replay URL.

https://replay.pokemonshowdown.com/gen7randomdoublesbattle-865046831.json

Or, if you only need the log itself, add `.log` instead:

https://replay.pokemonshowdown.com/gen7randomdoublesbattle-865046831.log

-->

<link rel="stylesheet" href="//pokemonshowdown.com/style/global.css?0.023195364461161105" />
<link rel="stylesheet" href="//play.pokemonshowdown.com/style/font-awesome.css?0.13261647063804238" />
<link rel="stylesheet" href="//play.pokemonshowdown.com/style/battle.css?0.8753245789963631" />
<link rel="stylesheet" href="//play.pokemonshowdown.com/style/utilichart.css?0.8627959624976733" />

<!-- Global site tag (gtag.js) - Google Analytics -->
<script async src="https://www.googletagmanager.com/gtag/js?id=UA-26211653-1"></script>
<script>
  window.dataLayer = window.dataLayer || [];
  function gtag(){dataLayer.push(arguments);}
  gtag('js', new Date());

  gtag('config', 'UA-26211653-1');
</script>
<!-- End Google Analytics -->
<!-- Venatus Ad Manager - Install in <HEAD> of page -->
	<script src="https://hb.vntsm.com/v3/live/ad-manager.min.js" type="text/javascript" data-site-id="642aba63ec9a7b11c3c9c1be" data-mode="scan" async></script>
<!-- / Venatus Ad Manager -->

<style>
	@media (max-width:820px) {
		.battle {
			margin: 0 auto;
		}
		.battle-log {
			margin: 7px auto 0;
			max-width: 640px;
			height: 300px;
			position: static;
		}
	}
	.optgroup {
		display: inline-block;
		line-height: 22px;
		font-size: 10pt;
	}
	.optgroup .button {
		height: 25px;
		padding-top: 0;
		padding-bottom: 0;
	}
	.optgroup button.button {
		padding-left: 12px;
		padding-right: 12px;
	}
	.linklist {
		list-style: none;
		margin: 0.5em 0;
		padding: 0;
	}
	.linklist li {
		padding: 2px 0;
	}
	.sidebar {
		float: left;
		width: 320px;
	}
	.bar-wrapper {
		max-width: 1100px;
		margin: 0 auto;
	}
	.bar-wrapper.has-sidebar {
		max-width: 1430px;
	}
	.mainbar {
		margin: 0;
		padding-right: 1px;
	}
	.mainbar.has-sidebar {
		margin-left: 330px;
	}
	@media (min-width: 1511px) {
		.sidebar {
			width: 400px;
		}
		.bar-wrapper.has-sidebar {
			max-width: 1510px;
		}
		.mainbar.has-sidebar {
			margin-left: 410px;
		}
	}
	.section.first-section {
		margin-top: 9px;
	}
	.blocklink small {
		white-space: normal;
	}
	.button {
		vertical-align: middle;
	}
	.replay-controls {
		padding-top: 10px;
	}
	.replay-controls h1 {
		font-size: 16pt;
		font-weight: normal;
		color: #CCC;
	}
	.pagelink {
		text-align: center;
	}
	.pagelink a {
		width: 150px;
	}
	.textbox, .button {
		font-size: 11pt;
		vertical-align: middle;
	}
	@media (max-width: 450px) {
		.button {
			font-size: 9pt;
		}
	}
</style>

<div>

	<header>
		<div class="nav-wrapper"><ul class="nav">
			<li><a class="button nav-first" href="//pokemonshowdown.com/"><img src="//pokemonshowdown.com/images/pokemonshowdownbeta.png" srcset="//pokemonshowdown.com/images/pokemonshowdownbeta.png 1x, //pokemonshowdown.com/images/pokemonshowdownbeta@2x.png 2x" alt="Pok&eacute;mon Showdown" width="146" height="44" /> Home</a></li>
			<li><a class="button" href="//pokemonshowdown.com/dex/">Pok&eacute;dex</a></li>
			<li><a class="button cur" href="/">Replays</a></li>
			<li><a class="button" href="//pokemonshowdown.com/ladder/">Ladder</a></li>
			<li><a class="button nav-last" href="//pokemonshowdown.com/forums/">Forum</a></li>
			<li><a class="button greenbutton nav-first nav-last" href="//play.pokemonshowdown.com/">Play</a></li>
		</ul></div>
	</header>

	<div class="main" id="main">

		<noscript><section class="section">You need to enable JavaScript to use this page; sorry!</section></noscript>

	</div>

</div>

<script defer nomodule src="//play.pokemonshowdown.com/js/lib/ps-polyfill.js"></script>
<script defer src="//play.pokemonshowdown.com/js/lib/preact.min.js"></script>

<script defer src="//play.pokemonshowdown.com/config/config.js?2bddbc15"></script>
<script defer src="//play.pokemonshowdown.com/js/lib/jquery-1.11.0.min.js"></script>
<script defer src="//play.pokemonshowdown.com/js/lib/html-sanitizer-minified.js"></script>
<script defer src="//play.pokemonshowdown.com/js/battle-sound.js"></script>
<script defer src="//play.pokemonshowdown.com/js/battledata.js?0.7209276989879541"></script>
<script defer src="//play.pokemonshowdown.com/data/pokedex-mini.js?0.6111056340867951"></script>
<script defer src="//play.pokemonshowdown.com/data/pokedex-mini-bw.js?0.3532142036491459"></script>
<script defer src="//play.pokemonshowdown.com/data/graphics.js?0.24223875632456182"></script>
<script defer src="//play.pokemonshowdown.com/data/pokedex.js?0.38839984266356864"></script>
<script defer src="//play.pokemonshowdown.com/data/moves.js?0.21866028504024015"></script>
<script defer src="//play.pokemonshowdown.com/data/abilities.js?0.2005157953846628"></script>
<script defer src="//play.pokemonshowdown.com/data/items.js?0.9894211263848525"></script>
<script defer src="//play.pokemonshowdown.com/data/teambuilder-tables.js?0.6008791140282215"></script>
<script defer src="//play.pokemonshowdown.com/js/battle-tooltips.js?0.7580118955022959"></script>
<script defer src="//play.pokemonshowdown.com/js/battle.js?0.6057722274234274"></script>

<script defer src="js/utils.js?e31f9a17"></script>
<script defer src="js/replays-battle.js?7008c182"></script>

<!-- don't scrape this data! just add .json or .log after the URL!
Full API docs: https://github.com/smogon/pokemon-showdown-client/blob/master/WEB-API.md -->
<script type="text/plain" class="log" id="replaylog-smogtours-gen3ou-794165">
|inactive|Battle timer is ON: inactive players will automatically lose when time's up.
|t:|1727922461
|gametype|singles
|player|p1|dajib|170|
|player|p2|doh5604|170|
|teamsize|p1|6
|teamsize|p2|6
|gen|3
|tier|[Gen 3] OU
|rule|Sleep Clause Mod: Limit one foe put to sleep
|rule|Switch Priority Clause Mod: Faster Pokémon switch first
|rule|Species Clause: Limit one of each Pokémon
|rule|OHKO Clause: OHKO moves are banned
|rule|Evasion Items Clause: Evasion items are banned
|rule|Evasion Moves Clause: Evasion moves are banned
|rule|Endless Battle Clause: Forcing endless battles is banned
|rule|HP Percentage Mod: HP is shown in percentages
|rule|One Boost Passer Clause: Limit one Baton Passer that has a way to boost its stats
|rule|Freeze Clause Mod: Limit one foe frozen
|
|t:|1727922461
|start
|switch|p1a: Tyranitar|Tyranitar, M|100/100
|switch|p2a: Zapdos|Zapdos|100/100
|-weather|Sandstorm|[from] ability: Sand Stream|[of] p1a: Tyranitar
|turn|1
|
|t:|1727922472
|move|p2a: Zapdos|Substitute|p2a: Zapdos
|-start|p2a: Zapdos|Substitute
|-damage|p2a: Zapdos|76/100
|move|p1a: Tyranitar|Rock Slide|p2a: Zapdos
|-supereffective|p2a: Zapdos
|-end|p2a: Zapdos|Substitute
|
|-weather|Sandstorm|[upkeep]
|-damage|p2a: Zapdos|70/100|[from] Sandstorm
|-heal|p2a: Zapdos|76/100|[from] item: Leftovers
|upkeep
|turn|2
|
|t:|1727922476
|move|p2a: Zapdos|Baton Pass|p2a: Zapdos
|
|t:|1727922478
|switch|p2a: Dugtrio|Dugtrio, F|100/100|[from] Baton Pass
|move|p1a: Tyranitar|Crunch|p2a: Dugtrio
|-damage|p2a: Dugtrio|34/100
|
|-weather|Sandstorm|[upkeep]
|upkeep
|turn|3
|
|t:|1727922483
|move|p2a: Dugtrio|Earthquake|p1a: Tyranitar
|-supereffective|p1a: Tyranitar
|-damage|p1a: Tyranitar|25/100
|move|p1a: Tyranitar|Crunch|p2a: Dugtrio
|-damage|p2a: Dugtrio|0 fnt
|faint|p2a: Dugtrio
|
|t:|1727922486
|switch|p2a: Zapdos|Zapdos|76/100
|
|-weather|Sandstorm|[upkeep]
|-damage|p2a: Zapdos|70/100|[from] Sandstorm
|-heal|p2a: Zapdos|76/100|[from] item: Leftovers
|-heal|p1a: Tyranitar|32/100|[from] item: Leftovers
|upkeep
|turn|4
|
|t:|1727922496
|switch|p1a: Forretress|Forretress, M|100/100
|move|p2a: Zapdos|Thunderbolt|p1a: Forretress
|-damage|p1a: Forretress|64/100
|
|-weather|Sandstorm|[upkeep]
|-damage|p2a: Zapdos|70/100|[from] Sandstorm
|-heal|p2a: Zapdos|76/100|[from] item: Leftovers
|-heal|p1a: Forretress|70/100|[from] item: Leftovers
|upkeep
|turn|5
|
|t:|1727922505
|move|p2a: Zapdos|Baton Pass|p2a: Zapdos
|
|t:|1727922506
|switch|p2a: Charizard|Charizard, M|100/100|[from] Baton Pass
|move|p1a: Forretress|Spikes|p2a: Charizard
|-sidestart|p2: doh5604|Spikes
|
|-weather|Sandstorm|[upkeep]
|-damage|p2a: Charizard|94/100|[from] Sandstorm
|-heal|p1a: Forretress|76/100|[from] item: Leftovers
|upkeep
|turn|6
|
|t:|1727922513
|move|p2a: Charizard|Fire Blast|p1a: Forretress
|-supereffective|p1a: Forretress
|-damage|p1a: Forretress|0 fnt
|faint|p1a: Forretress
|
|t:|1727922516
|switch|p1a: Aerodactyl|Aerodactyl, M|100/100
|
|-weather|Sandstorm|[upkeep]
|-damage|p2a: Charizard|88/100|[from] Sandstorm
|upkeep
|turn|7
|
|t:|1727922530
|switch|p2a: Metagross|Metagross|100/100
|-damage|p2a: Metagross|88/100|[from] Spikes
|move|p1a: Aerodactyl|Rock Slide|p2a: Metagross
|-resisted|p2a: Metagross
|-damage|p2a: Metagross|68/100
|
|-weather|Sandstorm|[upkeep]
|-heal|p2a: Metagross|75/100|[from] item: Leftovers
|upkeep
|turn|8
|
|t:|1727922536
|switch|p1a: Swampert|Swampert, M|100/100
|move|p2a: Metagross|Meteor Mash|p1a: Swampert
|-resisted|p1a: Swampert
|-damage|p1a: Swampert|78/100
|
|-weather|Sandstorm|[upkeep]
|-heal|p2a: Metagross|81/100|[from] item: Leftovers
|-heal|p1a: Swampert|84/100|[from] item: Leftovers
|upkeep
|turn|9
|inactive|dajib has 270 seconds left.
|
|t:|1727922567
|switch|p2a: Zapdos|Zapdos|76/100
|move|p1a: Swampert|Earthquake|p2a: Zapdos
|-immune|p2a: Zapdos
|
|-weather|Sandstorm|[upkeep]
|-damage|p2a: Zapdos|70/100|[from] Sandstorm
|-heal|p2a: Zapdos|76/100|[from] item: Leftovers
|-heal|p1a: Swampert|90/100|[from] item: Leftovers
|upkeep
|turn|10
|inactive|dajib has 270 seconds left.
|
|t:|1727922582
|switch|p1a: Zapdos|Zapdos|100/100
|move|p2a: Zapdos|Substitute|p2a: Zapdos
|-start|p2a: Zapdos|Substitute
|-damage|p2a: Zapdos|51/100
|
|-weather|Sandstorm|[upkeep]
|-damage|p2a: Zapdos|45/100|[from] Sandstorm
|-damage|p1a: Zapdos|94/100|[from] Sandstorm
|-heal|p2a: Zapdos|51/100|[from] item: Leftovers
|-heal|p1a: Zapdos|100/100|[from] item: Leftovers
|upkeep
|turn|11
|
|t:|1727922589
|move|p2a: Zapdos|Thunderbolt|p1a: Zapdos
|-damage|p1a: Zapdos|70/100
|move|p1a: Zapdos|Roar|p2a: Zapdos
|drag|p2a: Charizard|Charizard, M|88/100
|
|-weather|Sandstorm|[upkeep]
|-damage|p2a: Charizard|82/100|[from] Sandstorm
|-damage|p1a: Zapdos|64/100|[from] Sandstorm
|-heal|p1a: Zapdos|70/100|[from] item: Leftovers
|upkeep
|turn|12
|inactive|doh5604 has 270 seconds left.
|
|t:|1727922640
|move|p2a: Charizard|Fire Blast|p1a: Zapdos
|-damage|p1a: Zapdos|29/100
|move|p1a: Zapdos|Thunderbolt|p2a: Charizard
|-supereffective|p2a: Charizard
|-crit|p2a: Charizard
|-damage|p2a: Charizard|0 fnt
|faint|p2a: Charizard
|
|t:|1727922654
|switch|p2a: Zapdos|Zapdos|51/100
|
|-weather|Sandstorm|[upkeep]
|-damage|p2a: Zapdos|45/100|[from] Sandstorm
|-damage|p1a: Zapdos|23/100|[from] Sandstorm
|-heal|p2a: Zapdos|51/100|[from] item: Leftovers
|-heal|p1a: Zapdos|29/100|[from] item: Leftovers
|upkeep
|turn|13
|inactive|doh5604 has 240 seconds left.
|inactive|dajib has 270 seconds left.
|
|t:|1727922691
|switch|p1a: Venusaur|Venusaur, M|100/100
|move|p2a: Zapdos|Thunderbolt|p1a: Venusaur
|-resisted|p1a: Venusaur
|-damage|p1a: Venusaur|78/100
|-status|p1a: Venusaur|par
|
|-weather|Sandstorm|[upkeep]
|-damage|p2a: Zapdos|45/100|[from] Sandstorm
|-damage|p1a: Venusaur|72/100 par|[from] Sandstorm
|-heal|p2a: Zapdos|51/100|[from] item: Leftovers
|-heal|p1a: Venusaur|78/100 par|[from] item: Leftovers
|upkeep
|turn|14
|inactive|dajib has 270 seconds left.
|inactive|doh5604 has 210 seconds left.
|
|t:|1727922712
|move|p2a: Zapdos|Baton Pass|p2a: Zapdos
|
|t:|1727922715
|switch|p2a: Metagross|Metagross|81/100|[from] Baton Pass
|-damage|p2a: Metagross|68/100|[from] Spikes
|move|p1a: Venusaur|Hidden Power|p2a: Metagross
|-supereffective|p2a: Metagross
|-crit|p2a: Metagross
|-damage|p2a: Metagross|0 fnt
|faint|p2a: Metagross
|inactive|doh5604 has 210 seconds left.
|
|t:|1727922728
|switch|p2a: Lunatone|Lunatone|100/100
|
|-weather|Sandstorm|[upkeep]
|-damage|p1a: Venusaur|72/100 par|[from] Sandstorm
|-heal|p1a: Venusaur|78/100 par|[from] item: Leftovers
|upkeep
|turn|15
|inactive|doh5604 has 210 seconds left.
|inactive|dajib has 270 seconds left.
|
|t:|1727922748
|move|p2a: Lunatone|Calm Mind|p2a: Lunatone
|-boost|p2a: Lunatone|spa|1
|-boost|p2a: Lunatone|spd|1
|move|p1a: Venusaur|Giga Drain|p2a: Lunatone
|-supereffective|p2a: Lunatone
|-damage|p2a: Lunatone|59/100
|-heal|p1a: Venusaur|100/100 par|[from] drain|[of] p2a: Lunatone
|
|-weather|Sandstorm|[upkeep]
|-damage|p1a: Venusaur|95/100 par|[from] Sandstorm
|-heal|p2a: Lunatone|65/100|[from] item: Leftovers
|-heal|p1a: Venusaur|100/100 par|[from] item: Leftovers
|upkeep
|turn|16
|
|t:|1727922760
|move|p2a: Lunatone|Ice Beam|p1a: Venusaur
|-supereffective|p1a: Venusaur
|-damage|p1a: Venusaur|37/100 par
|move|p1a: Venusaur|Sleep Powder|p2a: Lunatone|[miss]
|-miss|p1a: Venusaur|p2a: Lunatone
|
|-weather|Sandstorm|[upkeep]
|-damage|p1a: Venusaur|31/100 par|[from] Sandstorm
|-heal|p2a: Lunatone|71/100|[from] item: Leftovers
|-heal|p1a: Venusaur|37/100 par|[from] item: Leftovers
|upkeep
|turn|17
|
|t:|1727922768
|move|p2a: Lunatone|Ice Beam|p1a: Venusaur
|-supereffective|p1a: Venusaur
|-damage|p1a: Venusaur|0 fnt
|faint|p1a: Venusaur
|
|t:|1727922770
|switch|p1a: Swampert|Swampert, M|90/100
|
|-weather|Sandstorm|[upkeep]
|-heal|p2a: Lunatone|77/100|[from] item: Leftovers
|-heal|p1a: Swampert|96/100|[from] item: Leftovers
|upkeep
|turn|18
|
|t:|1727922775
|move|p2a: Lunatone|Hypnosis|p1a: Swampert
|-status|p1a: Swampert|slp|[from] move: Hypnosis
|cant|p1a: Swampert|slp
|
|-weather|Sandstorm|[upkeep]
|-heal|p2a: Lunatone|83/100|[from] item: Leftovers
|-heal|p1a: Swampert|100/100 slp|[from] item: Leftovers
|upkeep
|turn|19
|inactive|doh5604 has 210 seconds left.
|
|t:|1727922802
|move|p2a: Lunatone|Baton Pass|p2a: Lunatone
|
|t:|1727922803
|switch|p2a: Zapdos|Zapdos|51/100|[from] Baton Pass
|-curestatus|p1a: Swampert|slp|[msg]
|move|p1a: Swampert|Ice Beam|p2a: Zapdos
|-supereffective|p2a: Zapdos
|-damage|p2a: Zapdos|30/100
|
|-weather|Sandstorm|[upkeep]
|-damage|p2a: Zapdos|24/100|[from] Sandstorm
|-heal|p2a: Zapdos|30/100|[from] item: Leftovers
|upkeep
|turn|20
|
|t:|1727922807
|move|p2a: Zapdos|Hidden Power|p1a: Swampert
|-supereffective|p1a: Swampert
|-damage|p1a: Swampert|0 fnt
|faint|p1a: Swampert
|
|t:|1727922809
|switch|p1a: Aerodactyl|Aerodactyl, M|100/100
|
|-weather|Sandstorm|[upkeep]
|-damage|p2a: Zapdos|24/100|[from] Sandstorm
|-heal|p2a: Zapdos|30/100|[from] item: Leftovers
|upkeep
|turn|21
|
|t:|1727922823
|move|p1a: Aerodactyl|Rock Slide|p2a: Zapdos
|-supereffective|p2a: Zapdos
|-damage|p2a: Zapdos|0 fnt
|faint|p2a: Zapdos
|
|t:|1727922829
|switch|p2a: Lunatone|Lunatone|83/100
|
|-weather|Sandstorm|[upkeep]
|-heal|p2a: Lunatone|89/100|[from] item: Leftovers
|upkeep
|turn|22
|
|t:|1727922838
|switch|p1a: Zapdos|Zapdos|29/100
|move|p2a: Lunatone|Calm Mind|p2a: Lunatone
|-boost|p2a: Lunatone|spa|1
|-boost|p2a: Lunatone|spd|1
|
|-weather|Sandstorm|[upkeep]
|-damage|p1a: Zapdos|23/100|[from] Sandstorm
|-heal|p1a: Zapdos|29/100|[from] item: Leftovers
|-heal|p2a: Lunatone|95/100|[from] item: Leftovers
|upkeep
|turn|23
|
|t:|1727922844
|move|p1a: Zapdos|Thunderbolt|p2a: Lunatone
|-damage|p2a: Lunatone|63/100
|move|p2a: Lunatone|Ice Beam|p1a: Zapdos
|-supereffective|p1a: Zapdos
|-damage|p1a: Zapdos|0 fnt
|faint|p1a: Zapdos
|
|t:|1727922848
|switch|p1a: Aerodactyl|Aerodactyl, M|100/100
|
|-weather|Sandstorm|[upkeep]
|-heal|p2a: Lunatone|69/100|[from] item: Leftovers
|upkeep
|turn|24
|
|t:|1727922853
|move|p1a: Aerodactyl|Hidden Power|p2a: Lunatone
|-supereffective|p2a: Lunatone
|-damage|p2a: Lunatone|7/100
|move|p2a: Lunatone|Ice Beam|p1a: Aerodactyl
|-supereffective|p1a: Aerodactyl
|-damage|p1a: Aerodactyl|1/100
|
|-weather|Sandstorm|[upkeep]
|-heal|p2a: Lunatone|13/100|[from] item: Leftovers
|upkeep
|turn|25
|inactive|doh5604 has 240 seconds left.
|
|t:|1727922882
|move|p1a: Aerodactyl|Hidden Power|p2a: Lunatone
|-supereffective|p2a: Lunatone
|-damage|p2a: Lunatone|0 fnt
|faint|p2a: Lunatone
|
|t:|1727922883
|switch|p2a: Exeggutor|Exeggutor, M|100/100
|-damage|p2a: Exeggutor|88/100|[from] Spikes
|
|-weather|Sandstorm|[upkeep]
|-damage|p2a: Exeggutor|82/100|[from] Sandstorm
|-heal|p2a: Exeggutor|88/100|[from] item: Leftovers
|upkeep
|turn|26
|c|☆dajib|gg
|inactive|doh5604 has 240 seconds left.
|
|t:|1727922908
|move|p1a: Aerodactyl|Hidden Power|p2a: Exeggutor
|-supereffective|p2a: Exeggutor
|-damage|p2a: Exeggutor|0 fnt
|faint|p2a: Exeggutor
|
|win|dajib
|c|☆doh5604|gg
|player|p1|
|player|p2|
|player|p1|dajib|170|

</script>
<script type="application/json" class="data" id="replaydata-smogtours-gen3ou-794165">
{"id":"smogtours-gen3ou-794165","format":"[Gen 3] OU","players":["dajib","doh5604"],"uploadtime":1727922908,"views":110,"formatid":"gen3ou","rating":null,"private":0,"password":null}
</script>

<script defer src="js/replays.js?9d40a366"></script>
