<!DOCTYPE html>
<meta charset="utf-8" />
<meta name="viewport" content="width=device-width" />

<title>[Gen 3] OU: Ghostfall22 vs. Elian - Replays - Pok&eacute;mon Showdown!</title>

<meta name="description" content="Watch a replay of a Pok&eacute;mon battle between Ghostfall22 and Elian! Format: [Gen 3] OU; Date: Nov 6, 2024" />
<!--

Hey, you! Looking in the source for the replay log?

You can find them in JSON format, just add `.json` at the end of a replay URL.

https://replay.pokemonshowdown.com/gen7randomdoublesbattle-865046831.json

Or, if you only need the log itself, add `.log` instead:

https://replay.pokemonshowdown.com/gen7randomdoublesbattle-865046831.log

-->

<link rel="stylesheet" href="//pokemonshowdown.com/style/global.css?0.023195364461161105" />
<link rel="stylesheet" href="//play.pokemonshowdown.com/style/font-awesome.css?0.13261647063804238" />
<link rel="stylesheet" href="//play.pokemonshowdown.com/style/battle.css?0.8753245789963631" />
<link rel="stylesheet" href="//play.pokemonshowdown.com/style/utilichart.css?0.8627959624976733" />

<!-- Global site tag (gtag.js) - Google Analytics -->
<script async src="https://www.googletagmanager.com/gtag/js?id=UA-26211653-1"></script>
<script>
  window.dataLayer = window.dataLayer || [];
  function gtag(){dataLayer.push(arguments);}
  gtag('js', new Date());

  gtag('config', 'UA-26211653-1');
</script>
<!-- End Google Analytics -->
<!-- Venatus Ad Manager - Install in <HEAD> of page -->
	<script src="https://hb.vntsm.com/v3/live/ad-manager.min.js" type="text/javascript" data-site-id="642aba63ec9a7b11c3c9c1be" data-mode="scan" async></script>
<!-- / Venatus Ad Manager -->

<style>
	@media (max-width:820px) {
		.battle {
			margin: 0 auto;
		}
		.battle-log {
			margin: 7px auto 0;
			max-width: 640px;
			height: 300px;
			position: static;
		}
	}
	.optgroup {
		display: inline-block;
		line-height: 22px;
		font-size: 10pt;
	}
	.optgroup .button {
		height: 25px;
		padding-top: 0;
		padding-bottom: 0;
	}
	.optgroup button.button {
		padding-left: 12px;
		padding-right: 12px;
	}
	.linklist {
		list-style: none;
		margin: 0.5em 0;
		padding: 0;
	}
	.linklist li {
		padding: 2px 0;
	}
	.sidebar {
		float: left;
		width: 320px;
	}
	.bar-wrapper {
		max-width: 1100px;
		margin: 0 auto;
	}
	.bar-wrapper.has-sidebar {
		max-width: 1430px;
	}
	.mainbar {
		margin: 0;
		padding-right: 1px;
	}
	.mainbar.has-sidebar {
		margin-left: 330px;
	}
	@media (min-width: 1511px) {
		.sidebar {
			width: 400px;
		}
		.bar-wrapper.has-sidebar {
			max-width: 1510px;
		}
		.mainbar.has-sidebar {
			margin-left: 410px;
		}
	}
	.section.first-section {
		margin-top: 9px;
	}
	.blocklink small {
		white-space: normal;
	}
	.button {
		vertical-align: middle;
	}
	.replay-controls {
		padding-top: 10px;
	}
	.replay-controls h1 {
		font-size: 16pt;
		font-weight: normal;
		color: #CCC;
	}
	.pagelink {
		text-align: center;
	}
	.pagelink a {
		width: 150px;
	}
	.textbox, .button {
		font-size: 11pt;
		vertical-align: middle;
	}
	@media (max-width: 450px) {
		.button {
			font-size: 9pt;
		}
	}
</style>

<div>

	<header>
		<div class="nav-wrapper"><ul class="nav">
			<li><a class="button nav-first" href="//pokemonshowdown.com/"><img src="//pokemonshowdown.com/images/pokemonshowdownbeta.png" srcset="//pokemonshowdown.com/images/pokemonshowdownbeta.png 1x, //pokemonshowdown.com/images/pokemonshowdownbeta@2x.png 2x" alt="Pok&eacute;mon Showdown" width="146" height="44" /> Home</a></li>
			<li><a class="button" href="//pokemonshowdown.com/dex/">Pok&eacute;dex</a></li>
			<li><a class="button cur" href="/">Replays</a></li>
			<li><a class="button" href="//pokemonshowdown.com/ladder/">Ladder</a></li>
			<li><a class="button nav-last" href="//pokemonshowdown.com/forums/">Forum</a></li>
			<li><a class="button greenbutton nav-first nav-last" href="//play.pokemonshowdown.com/">Play</a></li>
		</ul></div>
	</header>

	<div class="main" id="main">

		<noscript><section class="section">You need to enable JavaScript to use this page; sorry!</section></noscript>

	</div>

</div>

<script defer nomodule src="//play.pokemonshowdown.com/js/lib/ps-polyfill.js"></script>
<script defer src="//play.pokemonshowdown.com/js/lib/preact.min.js"></script>

<script defer src="//play.pokemonshowdown.com/config/config.js?2bddbc15"></script>
<script defer src="//play.pokemonshowdown.com/js/lib/jquery-1.11.0.min.js"></script>
<script defer src="//play.pokemonshowdown.com/js/lib/html-sanitizer-minified.js"></script>
<script defer src="//play.pokemonshowdown.com/js/battle-sound.js"></script>
<script defer src="//play.pokemonshowdown.com/js/battledata.js?0.7209276989879541"></script>
<script defer src="//play.pokemonshowdown.com/data/pokedex-mini.js?0.6111056340867951"></script>
<script defer src="//play.pokemonshowdown.com/data/pokedex-mini-bw.js?0.3532142036491459"></script>
<script defer src="//play.pokemonshowdown.com/data/graphics.js?0.24223875632456182"></script>
<script defer src="//play.pokemonshowdown.com/data/pokedex.js?0.38839984266356864"></script>
<script defer src="//play.pokemonshowdown.com/data/moves.js?0.21866028504024015"></script>
<script defer src="//play.pokemonshowdown.com/data/abilities.js?0.2005157953846628"></script>
<script defer src="//play.pokemonshowdown.com/data/items.js?0.9894211263848525"></script>
<script defer src="//play.pokemonshowdown.com/data/teambuilder-tables.js?0.6008791140282215"></script>
<script defer src="//play.pokemonshowdown.com/js/battle-tooltips.js?0.7580118955022959"></script>
<script defer src="//play.pokemonshowdown.com/js/battle.js?0.6057722274234274"></script>

<script defer src="js/utils.js?e31f9a17"></script>
<script defer src="js/replays-battle.js?7008c182"></script>

<!-- don't scrape this data! just add .json or .log after the URL!
Full API docs: https://github.com/smogon/pokemon-showdown-client/blob/master/WEB-API.md -->
<script type="text/plain" class="log" id="replaylog-smogtours-gen3ou-805051">
|inactive|Battle timer is ON: inactive players will automatically lose when time's up.
|t:|1730936980
|gametype|singles
|player|p1|Ghostfall22|266|
|player|p2|Elian|erika-gen2|
|teamsize|p1|6
|teamsize|p2|6
|gen|3
|tier|[Gen 3] OU
|rule|Sleep Clause Mod: Limit one foe put to sleep
|rule|Switch Priority Clause Mod: Faster Pokémon switch first
|rule|Species Clause: Limit one of each Pokémon
|rule|OHKO Clause: OHKO moves are banned
|rule|Evasion Items Clause: Evasion items are banned
|rule|Evasion Moves Clause: Evasion moves are banned
|rule|Endless Battle Clause: Forcing endless battles is banned
|rule|HP Percentage Mod: HP is shown in percentages
|rule|One Boost Passer Clause: Limit one Baton Passer that has a way to boost its stats
|rule|Freeze Clause Mod: Limit one foe frozen
|
|t:|1730936980
|start
|switch|p1a: Tyranitar|Tyranitar, M|100/100
|switch|p2a: Havertz|Tyranitar, F|100/100
|-weather|Sandstorm|[from] ability: Sand Stream|[of] p2a: Havertz
|turn|1
|c|☆Elian|hf
|c|☆Ghostfall22|u2
|c|☆Ghostfall22|manda link al live match
|
|t:|1730936998
|switch|p2a: Zinchenko|Salamence, F|100/100
|-ability|p2a: Zinchenko|Intimidate|boost
|-unboost|p1a: Tyranitar|atk|1
|switch|p1a: Skarmory|Skarmory, M|100/100
|
|-weather|Sandstorm|[upkeep]
|-damage|p2a: Zinchenko|94/100|[from] Sandstorm
|-heal|p2a: Zinchenko|100/100|[from] item: Leftovers
|upkeep
|turn|2
|
|t:|1730937010
|move|p2a: Zinchenko|Fire Blast|p1a: Skarmory|[miss]
|-miss|p2a: Zinchenko|p1a: Skarmory
|move|p1a: Skarmory|Toxic|p2a: Zinchenko|[miss]
|-miss|p1a: Skarmory|p2a: Zinchenko
|
|-weather|Sandstorm|[upkeep]
|-damage|p2a: Zinchenko|94/100|[from] Sandstorm
|-heal|p2a: Zinchenko|100/100|[from] item: Leftovers
|upkeep
|turn|3
|c|☆Ghostfall22|fua
|c|☆Elian|apuntele bien
|c|☆Ghostfall22|la sand ps
|
|t:|1730937036
|move|p2a: Zinchenko|Fire Blast|p1a: Skarmory
|-supereffective|p1a: Skarmory
|-damage|p1a: Skarmory|31/100
|move|p1a: Skarmory|Toxic|p2a: Zinchenko
|-status|p2a: Zinchenko|tox
|
|-weather|Sandstorm|[upkeep]
|-damage|p2a: Zinchenko|94/100 tox|[from] Sandstorm
|-heal|p2a: Zinchenko|100/100 tox|[from] item: Leftovers
|-damage|p2a: Zinchenko|94/100 tox|[from] psn
|-heal|p1a: Skarmory|37/100|[from] item: Leftovers
|upkeep
|turn|4
|c|☆Elian|es que tengo brightpowder
|
|t:|1730937051
|switch|p2a: Tomiyasu|Skarmory, M|100/100
|switch|p1a: Aerodactyl|Aerodactyl, F|100/100
|
|-weather|Sandstorm|[upkeep]
|upkeep
|turn|5
|
|t:|1730937055
|move|p1a: Aerodactyl|Rock Slide|p2a: Tomiyasu
|-damage|p2a: Tomiyasu|62/100
|move|p2a: Tomiyasu|Spikes|p1a: Aerodactyl
|-sidestart|p1: Ghostfall22|Spikes
|
|-weather|Sandstorm|[upkeep]
|-heal|p2a: Tomiyasu|68/100|[from] item: Leftovers
|upkeep
|turn|6
|
|t:|1730937060
|switch|p1a: Jirachi|Jirachi|100/100
|-damage|p1a: Jirachi|88/100|[from] Spikes
|move|p2a: Tomiyasu|Protect||[still]
|-fail|p2a: Tomiyasu
|
|-weather|Sandstorm|[upkeep]
|-heal|p1a: Jirachi|94/100|[from] item: Leftovers
|-heal|p2a: Tomiyasu|74/100|[from] item: Leftovers
|upkeep
|turn|7
|
|t:|1730937066
|switch|p2a: Saliva|Celebi|100/100
|move|p1a: Jirachi|Wish|p1a: Jirachi
|
|-weather|Sandstorm|[upkeep]
|-damage|p2a: Saliva|94/100|[from] Sandstorm
|-heal|p2a: Saliva|100/100|[from] item: Leftovers
|-heal|p1a: Jirachi|100/100|[from] item: Leftovers
|upkeep
|turn|8
|
|t:|1730937072
|switch|p1a: Skarmory|Skarmory, M|37/100
|move|p2a: Saliva|Hidden Power|p1a: Skarmory
|-supereffective|p1a: Skarmory
|-damage|p1a: Skarmory|0 fnt
|faint|p1a: Skarmory
|
|t:|1730937080
|switch|p1a: Aerodactyl|Aerodactyl, F|100/100
|
|-weather|Sandstorm|[upkeep]
|-damage|p2a: Saliva|94/100|[from] Sandstorm
|-heal|p2a: Saliva|100/100|[from] item: Leftovers
|upkeep
|turn|9
|
|t:|1730937083
|switch|p2a: Tomiyasu|Skarmory, M|74/100
|move|p1a: Aerodactyl|Rock Slide|p2a: Tomiyasu
|-damage|p2a: Tomiyasu|35/100
|
|-weather|Sandstorm|[upkeep]
|-heal|p2a: Tomiyasu|41/100|[from] item: Leftovers
|upkeep
|turn|10
|
|t:|1730937087
|switch|p2a: Trossard|Swampert, F|100/100
|move|p1a: Aerodactyl|Rock Slide|p2a: Trossard
|-resisted|p2a: Trossard
|-damage|p2a: Trossard|75/100
|
|-weather|Sandstorm|[upkeep]
|-heal|p2a: Trossard|81/100|[from] item: Leftovers
|upkeep
|turn|11
|c|+EG Sato|los goats
|
|t:|1730937091
|switch|p1a: Celebi|Celebi|100/100
|-damage|p1a: Celebi|88/100|[from] Spikes
|move|p2a: Trossard|Hydro Pump|p1a: Celebi
|-resisted|p1a: Celebi
|-damage|p1a: Celebi|68/100
|
|-weather|Sandstorm|[upkeep]
|-damage|p1a: Celebi|62/100|[from] Sandstorm
|-heal|p1a: Celebi|68/100|[from] item: Leftovers
|-heal|p2a: Trossard|87/100|[from] item: Leftovers
|upkeep
|turn|12
|c|☆Ghostfall22|eg sato
|c|+zacpz|tomiyasu <3
|
|t:|1730937102
|switch|p2a: Zinchenko|Salamence, F|94/100 tox
|-ability|p2a: Zinchenko|Intimidate|boost
|-unboost|p1a: Celebi|atk|1
|move|p1a: Celebi|Leech Seed|p2a: Zinchenko
|-start|p2a: Zinchenko|move: Leech Seed
|
|-weather|Sandstorm|[upkeep]
|-damage|p2a: Zinchenko|88/100 tox|[from] Sandstorm
|-damage|p1a: Celebi|62/100|[from] Sandstorm
|-heal|p2a: Zinchenko|94/100 tox|[from] item: Leftovers
|-damage|p2a: Zinchenko|82/100 tox|[from] Leech Seed|[of] p1a: Celebi
|-heal|p1a: Celebi|72/100|[silent]
|-damage|p2a: Zinchenko|76/100 tox|[from] psn
|-heal|p1a: Celebi|78/100|[from] item: Leftovers
|upkeep
|turn|13
|
|t:|1730937107
|switch|p2a: Rice|Jirachi|100/100
|switch|p1a: Claydol|Claydol|100/100
|
|-weather|Sandstorm|[upkeep]
|upkeep
|turn|14
|
|t:|1730937111
|switch|p2a: Tomiyasu|Skarmory, M|41/100
|move|p1a: Claydol|Earthquake|p2a: Tomiyasu
|-immune|p2a: Tomiyasu
|
|-weather|Sandstorm|[upkeep]
|-heal|p2a: Tomiyasu|47/100|[from] item: Leftovers
|upkeep
|turn|15
|
|t:|1730937116
|switch|p1a: Jirachi|Jirachi|100/100
|-damage|p1a: Jirachi|88/100|[from] Spikes
|move|p2a: Tomiyasu|Protect||[still]
|-fail|p2a: Tomiyasu
|
|-weather|Sandstorm|[upkeep]
|-heal|p1a: Jirachi|94/100|[from] item: Leftovers
|-heal|p2a: Tomiyasu|53/100|[from] item: Leftovers
|upkeep
|turn|16
|
|t:|1730937119
|move|p2a: Tomiyasu|Protect|p2a: Tomiyasu
|-singleturn|p2a: Tomiyasu|Protect
|move|p1a: Jirachi|Calm Mind|p1a: Jirachi
|-boost|p1a: Jirachi|spa|1
|-boost|p1a: Jirachi|spd|1
|
|-weather|Sandstorm|[upkeep]
|-heal|p1a: Jirachi|100/100|[from] item: Leftovers
|-heal|p2a: Tomiyasu|59/100|[from] item: Leftovers
|upkeep
|turn|17
|
|t:|1730937122
|move|p1a: Jirachi|Wish|p1a: Jirachi
|move|p2a: Tomiyasu|Roar|p1a: Jirachi
|drag|p1a: Claydol|Claydol|100/100
|
|-weather|Sandstorm|[upkeep]
|-heal|p2a: Tomiyasu|65/100|[from] item: Leftovers
|upkeep
|turn|18
|c|☆Ghostfall22|q
|c|☆Elian|rawr
|
|t:|1730937141
|switch|p1a: Jirachi|Jirachi|100/100
|-damage|p1a: Jirachi|88/100|[from] Spikes
|move|p2a: Tomiyasu|Spikes|p1a: Jirachi
|-sidestart|p1: Ghostfall22|Spikes
|
|-heal|p1a: Jirachi|100/100|[from] move: Wish|[wisher] Jirachi
|-weather|Sandstorm|[upkeep]
|-heal|p2a: Tomiyasu|71/100|[from] item: Leftovers
|upkeep
|turn|19
|
|t:|1730937145
|switch|p2a: Havertz|Tyranitar, F|100/100
|move|p1a: Jirachi|Calm Mind|p1a: Jirachi
|-boost|p1a: Jirachi|spa|1
|-boost|p1a: Jirachi|spd|1
|
|-weather|Sandstorm|[upkeep]
|upkeep
|turn|20
|
|t:|1730937148
|move|p1a: Jirachi|Thunder|p2a: Havertz
|-damage|p2a: Havertz|67/100
|-status|p2a: Havertz|par
|move|p2a: Havertz|Earthquake|p1a: Jirachi
|-supereffective|p1a: Jirachi
|-damage|p1a: Jirachi|54/100
|
|-weather|Sandstorm|[upkeep]
|-heal|p1a: Jirachi|61/100|[from] item: Leftovers
|-heal|p2a: Havertz|73/100 par|[from] item: Leftovers
|upkeep
|turn|21
|
|t:|1730937156
|switch|p1a: Claydol|Claydol|100/100
|move|p2a: Havertz|Dragon Dance|p2a: Havertz
|-boost|p2a: Havertz|atk|1
|-boost|p2a: Havertz|spe|1
|
|-weather|Sandstorm|[upkeep]
|-heal|p2a: Havertz|79/100 par|[from] item: Leftovers
|upkeep
|turn|22
|
|t:|1730937161
|switch|p2a: Tomiyasu|Skarmory, M|71/100
|move|p1a: Claydol|Rapid Spin|p2a: Tomiyasu
|-resisted|p2a: Tomiyasu
|-damage|p2a: Tomiyasu|69/100
|-sideend|p1: Ghostfall22|Spikes|[from] move: Rapid Spin|[of] p1a: Claydol
|
|-weather|Sandstorm|[upkeep]
|-heal|p2a: Tomiyasu|75/100|[from] item: Leftovers
|upkeep
|turn|23
|
|t:|1730937164
|switch|p1a: Jirachi|Jirachi|61/100
|move|p2a: Tomiyasu|Spikes|p1a: Jirachi
|-sidestart|p1: Ghostfall22|Spikes
|
|-weather|Sandstorm|[upkeep]
|-heal|p1a: Jirachi|67/100|[from] item: Leftovers
|-heal|p2a: Tomiyasu|81/100|[from] item: Leftovers
|upkeep
|turn|24
|
|t:|1730937166
|switch|p2a: Trossard|Swampert, F|87/100
|move|p1a: Jirachi|Wish|p1a: Jirachi
|
|-weather|Sandstorm|[upkeep]
|-heal|p1a: Jirachi|73/100|[from] item: Leftovers
|-heal|p2a: Trossard|93/100|[from] item: Leftovers
|upkeep
|turn|25
|
|t:|1730937171
|switch|p1a: Celebi|Celebi|78/100
|-damage|p1a: Celebi|66/100|[from] Spikes
|move|p2a: Trossard|Earthquake|p1a: Celebi
|-resisted|p1a: Celebi
|-damage|p1a: Celebi|53/100
|
|-heal|p1a: Celebi|100/100|[from] move: Wish|[wisher] Jirachi
|-weather|Sandstorm|[upkeep]
|-damage|p1a: Celebi|94/100|[from] Sandstorm
|-heal|p1a: Celebi|100/100|[from] item: Leftovers
|-heal|p2a: Trossard|99/100|[from] item: Leftovers
|upkeep
|turn|26
|
|t:|1730937176
|switch|p2a: Zinchenko|Salamence, F|76/100 tox
|-ability|p2a: Zinchenko|Intimidate|boost
|-unboost|p1a: Celebi|atk|1
|move|p1a: Celebi|Leech Seed|p2a: Zinchenko
|-start|p2a: Zinchenko|move: Leech Seed
|
|-weather|Sandstorm|[upkeep]
|-damage|p2a: Zinchenko|70/100 tox|[from] Sandstorm
|-damage|p1a: Celebi|94/100|[from] Sandstorm
|-heal|p2a: Zinchenko|76/100 tox|[from] item: Leftovers
|-damage|p2a: Zinchenko|64/100 tox|[from] Leech Seed|[of] p1a: Celebi
|-heal|p1a: Celebi|100/100|[silent]
|-damage|p2a: Zinchenko|58/100 tox|[from] psn
|upkeep
|turn|27
|
|t:|1730937180
|switch|p2a: Rice|Jirachi|100/100
|move|p1a: Celebi|Psychic|p2a: Rice
|-resisted|p2a: Rice
|-damage|p2a: Rice|94/100
|
|-weather|Sandstorm|[upkeep]
|-damage|p1a: Celebi|94/100|[from] Sandstorm
|-heal|p2a: Rice|99/100|[from] item: Leftovers
|-heal|p1a: Celebi|100/100|[from] item: Leftovers
|upkeep
|turn|28
|
|t:|1730937185
|move|p2a: Rice|Substitute|p2a: Rice
|-start|p2a: Rice|Substitute
|-damage|p2a: Rice|75/100
|move|p1a: Celebi|Leech Seed||[still]
|-fail|p1a: Celebi
|
|-weather|Sandstorm|[upkeep]
|-damage|p1a: Celebi|94/100|[from] Sandstorm
|-heal|p2a: Rice|81/100|[from] item: Leftovers
|-heal|p1a: Celebi|100/100|[from] item: Leftovers
|upkeep
|turn|29
|
|t:|1730937188
|switch|p1a: Aerodactyl|Aerodactyl, F|100/100
|move|p2a: Rice|Calm Mind|p2a: Rice
|-boost|p2a: Rice|spa|1
|-boost|p2a: Rice|spd|1
|
|-weather|Sandstorm|[upkeep]
|-heal|p2a: Rice|88/100|[from] item: Leftovers
|upkeep
|turn|30
|
|t:|1730937190
|move|p1a: Aerodactyl|Earthquake|p2a: Rice
|-supereffective|p2a: Rice
|-end|p2a: Rice|Substitute
|move|p2a: Rice|Thunder|p1a: Aerodactyl
|-supereffective|p1a: Aerodactyl
|-damage|p1a: Aerodactyl|0 fnt
|faint|p1a: Aerodactyl
|
|t:|1730937193
|switch|p1a: Tyranitar|Tyranitar, M|100/100
|-damage|p1a: Tyranitar|88/100|[from] Spikes
|
|-weather|Sandstorm|[upkeep]
|-heal|p2a: Rice|94/100|[from] item: Leftovers
|-heal|p1a: Tyranitar|94/100|[from] item: Leftovers
|upkeep
|turn|31
|
|t:|1730937198
|switch|p2a: Zinchenko|Salamence, F|58/100 tox
|-ability|p2a: Zinchenko|Intimidate|boost
|-unboost|p1a: Tyranitar|atk|1
|move|p1a: Tyranitar|Fire Blast|p2a: Zinchenko
|-resisted|p2a: Zinchenko
|-damage|p2a: Zinchenko|33/100 tox
|
|-weather|Sandstorm|[upkeep]
|-damage|p2a: Zinchenko|27/100 tox|[from] Sandstorm
|-heal|p2a: Zinchenko|33/100 tox|[from] item: Leftovers
|-damage|p2a: Zinchenko|27/100 tox|[from] psn
|-heal|p1a: Tyranitar|100/100|[from] item: Leftovers
|upkeep
|turn|32
|
|t:|1730937205
|switch|p1a: Claydol|Claydol|100/100
|move|p2a: Zinchenko|Hydro Pump|p1a: Claydol
|-supereffective|p1a: Claydol
|-damage|p1a: Claydol|35/100
|
|-weather|Sandstorm|[upkeep]
|-damage|p2a: Zinchenko|21/100 tox|[from] Sandstorm
|-heal|p2a: Zinchenko|27/100 tox|[from] item: Leftovers
|-damage|p2a: Zinchenko|15/100 tox|[from] psn
|-heal|p1a: Claydol|41/100|[from] item: Leftovers
|upkeep
|turn|33
|
|t:|1730937216
|switch|p1a: Celebi|Celebi|100/100
|-damage|p1a: Celebi|88/100|[from] Spikes
|move|p2a: Zinchenko|Fire Blast|p1a: Celebi
|-supereffective|p1a: Celebi
|-damage|p1a: Celebi|26/100
|
|-weather|Sandstorm|[upkeep]
|-damage|p2a: Zinchenko|9/100 tox|[from] Sandstorm
|-damage|p1a: Celebi|20/100|[from] Sandstorm
|-heal|p2a: Zinchenko|15/100 tox|[from] item: Leftovers
|-damage|p2a: Zinchenko|0 fnt|[from] psn
|faint|p2a: Zinchenko
|-heal|p1a: Celebi|26/100|[from] item: Leftovers
|upkeep
|
|t:|1730937218
|switch|p2a: Rice|Jirachi|94/100
|turn|34
|c|☆Ghostfall22|visionario
|c|☆Elian|me dicen
|
|t:|1730937232
|switch|p1a: Tyranitar|Tyranitar, M|100/100
|-damage|p1a: Tyranitar|88/100|[from] Spikes
|move|p2a: Rice|Substitute|p2a: Rice
|-start|p2a: Rice|Substitute
|-damage|p2a: Rice|69/100
|
|-weather|Sandstorm|[upkeep]
|-heal|p2a: Rice|75/100|[from] item: Leftovers
|-heal|p1a: Tyranitar|94/100|[from] item: Leftovers
|upkeep
|turn|35
|
|t:|1730937238
|move|p2a: Rice|Thunder|p1a: Tyranitar|[miss]
|-miss|p2a: Rice|p1a: Tyranitar
|move|p1a: Tyranitar|Fire Blast|p2a: Rice
|-supereffective|p2a: Rice
|-end|p2a: Rice|Substitute
|
|-weather|Sandstorm|[upkeep]
|-heal|p2a: Rice|81/100|[from] item: Leftovers
|-heal|p1a: Tyranitar|100/100|[from] item: Leftovers
|upkeep
|turn|36
|
|t:|1730937246
|switch|p2a: Trossard|Swampert, F|99/100
|move|p1a: Tyranitar|Fire Blast|p2a: Trossard|[miss]
|-miss|p1a: Tyranitar|p2a: Trossard
|
|-weather|Sandstorm|[upkeep]
|-heal|p2a: Trossard|100/100|[from] item: Leftovers
|upkeep
|turn|37
|
|t:|1730937251
|switch|p1a: Claydol|Claydol|41/100
|move|p2a: Trossard|Earthquake|p1a: Claydol
|-immune|p1a: Claydol
|
|-weather|Sandstorm|[upkeep]
|-heal|p1a: Claydol|47/100|[from] item: Leftovers
|upkeep
|turn|38
|
|t:|1730937254
|move|p2a: Trossard|Hydro Pump|p1a: Claydol
|-supereffective|p1a: Claydol
|-damage|p1a: Claydol|0 fnt
|faint|p1a: Claydol
|
|t:|1730937258
|switch|p1a: Celebi|Celebi|26/100
|-damage|p1a: Celebi|13/100|[from] Spikes
|
|-weather|Sandstorm|[upkeep]
|-damage|p1a: Celebi|7/100|[from] Sandstorm
|-heal|p1a: Celebi|13/100|[from] item: Leftovers
|upkeep
|turn|39
|
|t:|1730937262
|switch|p2a: Rice|Jirachi|81/100
|move|p1a: Celebi|Recover|p1a: Celebi
|-heal|p1a: Celebi|63/100
|
|-weather|Sandstorm|[upkeep]
|-damage|p1a: Celebi|57/100|[from] Sandstorm
|-heal|p2a: Rice|87/100|[from] item: Leftovers
|-heal|p1a: Celebi|63/100|[from] item: Leftovers
|upkeep
|turn|40
|
|t:|1730937268
|switch|p1a: Jirachi|Jirachi|73/100
|-damage|p1a: Jirachi|61/100|[from] Spikes
|move|p2a: Rice|Substitute|p2a: Rice
|-start|p2a: Rice|Substitute
|-damage|p2a: Rice|62/100
|
|-weather|Sandstorm|[upkeep]
|-heal|p2a: Rice|69/100|[from] item: Leftovers
|-heal|p1a: Jirachi|67/100|[from] item: Leftovers
|upkeep
|turn|41
|
|t:|1730937272
|move|p2a: Rice|Calm Mind|p2a: Rice
|-boost|p2a: Rice|spa|1
|-boost|p2a: Rice|spd|1
|move|p1a: Jirachi|Calm Mind|p1a: Jirachi
|-boost|p1a: Jirachi|spa|1
|-boost|p1a: Jirachi|spd|1
|
|-weather|Sandstorm|[upkeep]
|-heal|p2a: Rice|75/100|[from] item: Leftovers
|-heal|p1a: Jirachi|73/100|[from] item: Leftovers
|upkeep
|turn|42
|
|t:|1730937274
|move|p2a: Rice|Thunder|p1a: Jirachi
|-damage|p1a: Jirachi|45/100
|move|p1a: Jirachi|Calm Mind|p1a: Jirachi
|-boost|p1a: Jirachi|spa|1
|-boost|p1a: Jirachi|spd|1
|
|-weather|Sandstorm|[upkeep]
|-heal|p2a: Rice|81/100|[from] item: Leftovers
|-heal|p1a: Jirachi|51/100|[from] item: Leftovers
|upkeep
|turn|43
|
|t:|1730937277
|move|p2a: Rice|Thunder|p1a: Jirachi
|-damage|p1a: Jirachi|30/100
|-status|p1a: Jirachi|par
|move|p1a: Jirachi|Thunder|p2a: Rice|[miss]
|-miss|p1a: Jirachi|p2a: Rice
|
|-weather|Sandstorm|[upkeep]
|-heal|p2a: Rice|87/100|[from] item: Leftovers
|-heal|p1a: Jirachi|37/100 par|[from] item: Leftovers
|upkeep
|turn|44
|
|t:|1730937284
|switch|p2a: Trossard|Swampert, F|100/100
|move|p1a: Jirachi|Thunder|p2a: Trossard
|-immune|p2a: Trossard
|
|-weather|Sandstorm|[upkeep]
|-heal|p1a: Jirachi|43/100 par|[from] item: Leftovers
|upkeep
|turn|45
|
|t:|1730937288
|switch|p1a: Celebi|Celebi|63/100
|-damage|p1a: Celebi|51/100|[from] Spikes
|move|p2a: Trossard|Earthquake|p1a: Celebi
|-resisted|p1a: Celebi
|-damage|p1a: Celebi|39/100
|
|-weather|Sandstorm|[upkeep]
|-damage|p1a: Celebi|32/100|[from] Sandstorm
|-heal|p1a: Celebi|39/100|[from] item: Leftovers
|upkeep
|turn|46
|
|t:|1730937291
|switch|p2a: Rice|Jirachi|87/100
|move|p1a: Celebi|Leech Seed|p2a: Rice
|-start|p2a: Rice|move: Leech Seed
|
|-weather|Sandstorm|[upkeep]
|-damage|p1a: Celebi|32/100|[from] Sandstorm
|-heal|p2a: Rice|93/100|[from] item: Leftovers
|-damage|p2a: Rice|81/100|[from] Leech Seed|[of] p1a: Celebi
|-heal|p1a: Celebi|45/100|[silent]
|-heal|p1a: Celebi|51/100|[from] item: Leftovers
|upkeep
|turn|47
|
|t:|1730937296
|switch|p2a: Saliva|Celebi|100/100
|move|p1a: Celebi|Recover|p1a: Celebi
|-heal|p1a: Celebi|100/100
|
|-weather|Sandstorm|[upkeep]
|-damage|p2a: Saliva|94/100|[from] Sandstorm
|-damage|p1a: Celebi|94/100|[from] Sandstorm
|-heal|p2a: Saliva|100/100|[from] item: Leftovers
|-heal|p1a: Celebi|100/100|[from] item: Leftovers
|upkeep
|turn|48
|
|t:|1730937299
|switch|p1a: Tyranitar|Tyranitar, M|100/100
|-damage|p1a: Tyranitar|88/100|[from] Spikes
|move|p2a: Saliva|Hidden Power|p1a: Tyranitar
|-resisted|p1a: Tyranitar
|-damage|p1a: Tyranitar|80/100
|
|-weather|Sandstorm|[upkeep]
|-damage|p2a: Saliva|94/100|[from] Sandstorm
|-heal|p2a: Saliva|100/100|[from] item: Leftovers
|-heal|p1a: Tyranitar|86/100|[from] item: Leftovers
|upkeep
|turn|49
|
|t:|1730937303
|move|p2a: Saliva|Giga Drain|p1a: Tyranitar
|-supereffective|p1a: Tyranitar
|-damage|p1a: Tyranitar|38/100
|move|p1a: Tyranitar|Pursuit|p2a: Saliva
|-supereffective|p2a: Saliva
|-damage|p2a: Saliva|72/100
|
|-weather|Sandstorm|[upkeep]
|-damage|p2a: Saliva|65/100|[from] Sandstorm
|-heal|p2a: Saliva|72/100|[from] item: Leftovers
|-heal|p1a: Tyranitar|45/100|[from] item: Leftovers
|upkeep
|turn|50
|
|t:|1730937307
|move|p2a: Saliva|Giga Drain|p1a: Tyranitar
|-supereffective|p1a: Tyranitar
|-damage|p1a: Tyranitar|0 fnt
|-heal|p2a: Saliva|95/100|[from] drain|[of] p1a: Tyranitar
|faint|p1a: Tyranitar
|
|t:|1730937315
|switch|p1a: Jirachi|Jirachi|43/100 par
|-damage|p1a: Jirachi|30/100 par|[from] Spikes
|
|-weather|Sandstorm|[upkeep]
|-damage|p2a: Saliva|89/100|[from] Sandstorm
|-heal|p2a: Saliva|95/100|[from] item: Leftovers
|-heal|p1a: Jirachi|37/100 par|[from] item: Leftovers
|upkeep
|turn|51
|
|t:|1730937319
|move|p2a: Saliva|Hidden Power|p1a: Jirachi
|-supereffective|p1a: Jirachi
|-damage|p1a: Jirachi|0 fnt
|faint|p1a: Jirachi
|
|t:|1730937321
|switch|p1a: Celebi|Celebi|100/100
|-damage|p1a: Celebi|88/100|[from] Spikes
|
|-weather|Sandstorm|[upkeep]
|-damage|p2a: Saliva|89/100|[from] Sandstorm
|-damage|p1a: Celebi|82/100|[from] Sandstorm
|-heal|p2a: Saliva|95/100|[from] item: Leftovers
|-heal|p1a: Celebi|88/100|[from] item: Leftovers
|upkeep
|turn|52
|
|t:|1730937324
|move|p2a: Saliva|Hidden Power|p1a: Celebi
|-supereffective|p1a: Celebi
|-damage|p1a: Celebi|52/100
|move|p1a: Celebi|Psychic|p2a: Saliva
|-resisted|p2a: Saliva
|-damage|p2a: Saliva|82/100
|-unboost|p2a: Saliva|spd|1
|
|-weather|Sandstorm|[upkeep]
|-damage|p2a: Saliva|76/100|[from] Sandstorm
|-damage|p1a: Celebi|46/100|[from] Sandstorm
|-heal|p2a: Saliva|82/100|[from] item: Leftovers
|-heal|p1a: Celebi|52/100|[from] item: Leftovers
|upkeep
|turn|53
|c|☆Ghostfall22|ah ya se que paso
|c|☆Elian|q
|c|☆Ghostfall22|tenia el showdown en modo claro
|c|☆Elian|lmao
|
|t:|1730937345
|switch|p2a: Rice|Jirachi|81/100
|move|p1a: Celebi|Psychic|p2a: Rice
|-resisted|p2a: Rice
|-damage|p2a: Rice|74/100
|
|-weather|Sandstorm|[upkeep]
|-damage|p1a: Celebi|46/100|[from] Sandstorm
|-heal|p2a: Rice|80/100|[from] item: Leftovers
|-heal|p1a: Celebi|52/100|[from] item: Leftovers
|upkeep
|turn|54
|
|t:|1730937349
|move|p2a: Rice|Substitute|p2a: Rice
|-start|p2a: Rice|Substitute
|-damage|p2a: Rice|55/100
|move|p1a: Celebi|Leech Seed||[still]
|-fail|p1a: Celebi
|
|-weather|Sandstorm|[upkeep]
|-damage|p1a: Celebi|46/100|[from] Sandstorm
|-heal|p2a: Rice|62/100|[from] item: Leftovers
|-heal|p1a: Celebi|52/100|[from] item: Leftovers
|upkeep
|turn|55
|
|t:|1730937355
|move|p2a: Rice|Ice Punch|p1a: Celebi
|-supereffective|p1a: Celebi
|-damage|p1a: Celebi|16/100
|move|p1a: Celebi|Leech Seed|p2a: Rice|[miss]
|-miss|p1a: Celebi|p2a: Rice
|
|-weather|Sandstorm|[upkeep]
|-damage|p1a: Celebi|10/100|[from] Sandstorm
|-heal|p2a: Rice|68/100|[from] item: Leftovers
|-heal|p1a: Celebi|16/100|[from] item: Leftovers
|upkeep
|turn|56
|c|☆Elian|gg
|c|☆Ghostfall22|gg
|
|t:|1730937358
|move|p2a: Rice|Ice Punch|p1a: Celebi
|-supereffective|p1a: Celebi
|-damage|p1a: Celebi|0 fnt
|faint|p1a: Celebi
|
|win|Elian

</script>
<script type="application/json" class="data" id="replaydata-smogtours-gen3ou-805051">
{"id":"smogtours-gen3ou-805051","format":"[Gen 3] OU","players":["Ghostfall22","Elian"],"uploadtime":1730937358,"views":49,"formatid":"gen3ou","rating":null,"private":0,"password":null}
</script>

<script defer src="js/replays.js?9d40a366"></script>
