<!DOCTYPE html>
<meta charset="utf-8" />
<meta name="viewport" content="width=device-width" />

<title>[Gen 3] OU: SoyJosito vs. Skittle_Skity - Replays - Pok&eacute;mon Showdown!</title>

<meta name="description" content="Watch a replay of a Pok&eacute;mon battle between SoyJosito and Skittle_Skity! Format: [Gen 3] OU; Date: Oct 9, 2024" />
<!--

Hey, you! Looking in the source for the replay log?

You can find them in JSON format, just add `.json` at the end of a replay URL.

https://replay.pokemonshowdown.com/gen7randomdoublesbattle-865046831.json

Or, if you only need the log itself, add `.log` instead:

https://replay.pokemonshowdown.com/gen7randomdoublesbattle-865046831.log

-->

<link rel="stylesheet" href="//pokemonshowdown.com/style/global.css?0.023195364461161105" />
<link rel="stylesheet" href="//play.pokemonshowdown.com/style/font-awesome.css?0.13261647063804238" />
<link rel="stylesheet" href="//play.pokemonshowdown.com/style/battle.css?0.8753245789963631" />
<link rel="stylesheet" href="//play.pokemonshowdown.com/style/utilichart.css?0.8627959624976733" />

<!-- Global site tag (gtag.js) - Google Analytics -->
<script async src="https://www.googletagmanager.com/gtag/js?id=UA-26211653-1"></script>
<script>
  window.dataLayer = window.dataLayer || [];
  function gtag(){dataLayer.push(arguments);}
  gtag('js', new Date());

  gtag('config', 'UA-26211653-1');
</script>
<!-- End Google Analytics -->
<!-- Venatus Ad Manager - Install in <HEAD> of page -->
	<script src="https://hb.vntsm.com/v3/live/ad-manager.min.js" type="text/javascript" data-site-id="642aba63ec9a7b11c3c9c1be" data-mode="scan" async></script>
<!-- / Venatus Ad Manager -->

<style>
	@media (max-width:820px) {
		.battle {
			margin: 0 auto;
		}
		.battle-log {
			margin: 7px auto 0;
			max-width: 640px;
			height: 300px;
			position: static;
		}
	}
	.optgroup {
		display: inline-block;
		line-height: 22px;
		font-size: 10pt;
	}
	.optgroup .button {
		height: 25px;
		padding-top: 0;
		padding-bottom: 0;
	}
	.optgroup button.button {
		padding-left: 12px;
		padding-right: 12px;
	}
	.linklist {
		list-style: none;
		margin: 0.5em 0;
		padding: 0;
	}
	.linklist li {
		padding: 2px 0;
	}
	.sidebar {
		float: left;
		width: 320px;
	}
	.bar-wrapper {
		max-width: 1100px;
		margin: 0 auto;
	}
	.bar-wrapper.has-sidebar {
		max-width: 1430px;
	}
	.mainbar {
		margin: 0;
		padding-right: 1px;
	}
	.mainbar.has-sidebar {
		margin-left: 330px;
	}
	@media (min-width: 1511px) {
		.sidebar {
			width: 400px;
		}
		.bar-wrapper.has-sidebar {
			max-width: 1510px;
		}
		.mainbar.has-sidebar {
			margin-left: 410px;
		}
	}
	.section.first-section {
		margin-top: 9px;
	}
	.blocklink small {
		white-space: normal;
	}
	.button {
		vertical-align: middle;
	}
	.replay-controls {
		padding-top: 10px;
	}
	.replay-controls h1 {
		font-size: 16pt;
		font-weight: normal;
		color: #CCC;
	}
	.pagelink {
		text-align: center;
	}
	.pagelink a {
		width: 150px;
	}
	.textbox, .button {
		font-size: 11pt;
		vertical-align: middle;
	}
	@media (max-width: 450px) {
		.button {
			font-size: 9pt;
		}
	}
</style>

<div>

	<header>
		<div class="nav-wrapper"><ul class="nav">
			<li><a class="button nav-first" href="//pokemonshowdown.com/"><img src="//pokemonshowdown.com/images/pokemonshowdownbeta.png" srcset="//pokemonshowdown.com/images/pokemonshowdownbeta.png 1x, //pokemonshowdown.com/images/pokemonshowdownbeta@2x.png 2x" alt="Pok&eacute;mon Showdown" width="146" height="44" /> Home</a></li>
			<li><a class="button" href="//pokemonshowdown.com/dex/">Pok&eacute;dex</a></li>
			<li><a class="button cur" href="/">Replays</a></li>
			<li><a class="button" href="//pokemonshowdown.com/ladder/">Ladder</a></li>
			<li><a class="button nav-last" href="//pokemonshowdown.com/forums/">Forum</a></li>
			<li><a class="button greenbutton nav-first nav-last" href="//play.pokemonshowdown.com/">Play</a></li>
		</ul></div>
	</header>

	<div class="main" id="main">

		<noscript><section class="section">You need to enable JavaScript to use this page; sorry!</section></noscript>

	</div>

</div>

<script defer nomodule src="//play.pokemonshowdown.com/js/lib/ps-polyfill.js"></script>
<script defer src="//play.pokemonshowdown.com/js/lib/preact.min.js"></script>

<script defer src="//play.pokemonshowdown.com/config/config.js?2bddbc15"></script>
<script defer src="//play.pokemonshowdown.com/js/lib/jquery-1.11.0.min.js"></script>
<script defer src="//play.pokemonshowdown.com/js/lib/html-sanitizer-minified.js"></script>
<script defer src="//play.pokemonshowdown.com/js/battle-sound.js"></script>
<script defer src="//play.pokemonshowdown.com/js/battledata.js?0.7209276989879541"></script>
<script defer src="//play.pokemonshowdown.com/data/pokedex-mini.js?0.6111056340867951"></script>
<script defer src="//play.pokemonshowdown.com/data/pokedex-mini-bw.js?0.3532142036491459"></script>
<script defer src="//play.pokemonshowdown.com/data/graphics.js?0.24223875632456182"></script>
<script defer src="//play.pokemonshowdown.com/data/pokedex.js?0.38839984266356864"></script>
<script defer src="//play.pokemonshowdown.com/data/moves.js?0.21866028504024015"></script>
<script defer src="//play.pokemonshowdown.com/data/abilities.js?0.2005157953846628"></script>
<script defer src="//play.pokemonshowdown.com/data/items.js?0.9894211263848525"></script>
<script defer src="//play.pokemonshowdown.com/data/teambuilder-tables.js?0.6008791140282215"></script>
<script defer src="//play.pokemonshowdown.com/js/battle-tooltips.js?0.7580118955022959"></script>
<script defer src="//play.pokemonshowdown.com/js/battle.js?0.6057722274234274"></script>

<script defer src="js/utils.js?e31f9a17"></script>
<script defer src="js/replays-battle.js?7008c182"></script>

<!-- don't scrape this data! just add .json or .log after the URL!
Full API docs: https://github.com/smogon/pokemon-showdown-client/blob/master/WEB-API.md -->
<script type="text/plain" class="log" id="replaylog-smogtours-gen3ou-796617">
|inactive|Battle timer is ON: inactive players will automatically lose when time's up.
|t:|1728481466
|gametype|singles
|player|p1|SoyJosito|1|
|player|p2|Skittle_Skity|169|
|teamsize|p1|6
|teamsize|p2|6
|gen|3
|tier|[Gen 3] OU
|rule|Sleep Clause Mod: Limit one foe put to sleep
|rule|Switch Priority Clause Mod: Faster Pokémon switch first
|rule|Species Clause: Limit one of each Pokémon
|rule|OHKO Clause: OHKO moves are banned
|rule|Evasion Items Clause: Evasion items are banned
|rule|Evasion Moves Clause: Evasion moves are banned
|rule|Endless Battle Clause: Forcing endless battles is banned
|rule|HP Percentage Mod: HP is shown in percentages
|rule|One Boost Passer Clause: Limit one Baton Passer that has a way to boost its stats
|rule|Freeze Clause Mod: Limit one foe frozen
|
|t:|1728481466
|start
|switch|p1a: Zapdos|Zapdos|100/100
|switch|p2a: Loud Bird|Zapdos|100/100
|turn|1
|inactive|SoyJosito has 270 seconds left.
|
|t:|1728481502
|move|p2a: Loud Bird|Toxic|p1a: Zapdos
|-status|p1a: Zapdos|tox
|move|p1a: Zapdos|Thunder Wave|p2a: Loud Bird
|-status|p2a: Loud Bird|par
|
|-damage|p1a: Zapdos|94/100 tox|[from] psn
|upkeep
|turn|2
|
|t:|1728481516
|move|p1a: Zapdos|Thunderbolt|p2a: Loud Bird
|-damage|p2a: Loud Bird|42/100 par
|move|p2a: Loud Bird|Thunderbolt|p1a: Zapdos
|-damage|p1a: Zapdos|37/100 tox
|
|-heal|p1a: Zapdos|43/100 tox|[from] item: Leftovers
|-damage|p1a: Zapdos|31/100 tox|[from] psn
|-heal|p2a: Loud Bird|49/100 par|[from] item: Leftovers
|upkeep
|turn|3
|
|t:|1728481533
|switch|p2a: Audrey|Swampert, F|100/100
|move|p1a: Zapdos|Baton Pass|p1a: Zapdos
|
|t:|1728481551
|switch|p1a: Celebi|Celebi|100/100|[from] Baton Pass
|
|upkeep
|turn|4
|
|t:|1728481567
|move|p1a: Celebi|Leech Seed|p2a: Audrey|[miss]
|-miss|p1a: Celebi|p2a: Audrey
|move|p2a: Audrey|Ice Beam|p1a: Celebi
|-supereffective|p1a: Celebi
|-damage|p1a: Celebi|77/100
|
|-heal|p1a: Celebi|84/100|[from] item: Leftovers
|upkeep
|turn|5
|
|t:|1728481579
|switch|p2a: Gargoyle|Forretress, M|100/100
|move|p1a: Celebi|Leech Seed|p2a: Gargoyle
|-start|p2a: Gargoyle|move: Leech Seed
|
|-heal|p1a: Celebi|90/100|[from] item: Leftovers
|-damage|p2a: Gargoyle|88/100|[from] Leech Seed|[of] p1a: Celebi
|-heal|p1a: Celebi|100/100|[silent]
|upkeep
|turn|6
|
|t:|1728481603
|switch|p1a: Swampert|Swampert, F|100/100
|move|p2a: Gargoyle|Spikes|p1a: Swampert
|-sidestart|p1: SoyJosito|Spikes
|
|-heal|p2a: Gargoyle|94/100|[from] item: Leftovers
|-damage|p2a: Gargoyle|82/100|[from] Leech Seed|[of] p1a: Swampert
|upkeep
|turn|7
|
|t:|1728481614
|switch|p2a: Bully|Blissey, F|100/100
|move|p1a: Swampert|Hydro Pump|p2a: Bully
|-crit|p2a: Bully
|-damage|p2a: Bully|74/100
|
|-heal|p2a: Bully|80/100|[from] item: Leftovers
|upkeep
|turn|8
|
|t:|1728481639
|switch|p1a: Celebi|Celebi|100/100
|-damage|p1a: Celebi|88/100|[from] Spikes
|move|p2a: Bully|Ice Beam|p1a: Celebi
|-supereffective|p1a: Celebi
|-damage|p1a: Celebi|59/100
|
|-heal|p1a: Celebi|65/100|[from] item: Leftovers
|-heal|p2a: Bully|86/100|[from] item: Leftovers
|upkeep
|turn|9
|
|t:|1728481652
|switch|p2a: Magician|Jirachi|100/100
|move|p1a: Celebi|Leech Seed|p2a: Magician
|-start|p2a: Magician|move: Leech Seed
|
|-heal|p1a: Celebi|72/100|[from] item: Leftovers
|-damage|p2a: Magician|88/100|[from] Leech Seed|[of] p1a: Celebi
|-heal|p1a: Celebi|84/100|[silent]
|upkeep
|turn|10
|
|t:|1728481666
|move|p1a: Celebi|Baton Pass|p1a: Celebi
|inactive|SoyJosito has 270 seconds left.
|
|t:|1728481684
|switch|p1a: Dugtrio|Dugtrio, M|100/100|[from] Baton Pass
|-damage|p1a: Dugtrio|88/100|[from] Spikes
|move|p2a: Magician|Wish|p2a: Magician
|
|-heal|p2a: Magician|94/100|[from] item: Leftovers
|-damage|p2a: Magician|82/100|[from] Leech Seed|[of] p1a: Dugtrio
|-heal|p1a: Dugtrio|100/100|[silent]
|upkeep
|turn|11
|inactive|SoyJosito has 270 seconds left.
|
|t:|1728481695
|move|p2a: Magician|Protect|p2a: Magician
|-singleturn|p2a: Magician|Protect
|move|p1a: Dugtrio|Earthquake|p2a: Magician
|-activate|p2a: Magician|Protect
|
|-heal|p2a: Magician|100/100|[from] move: Wish|[wisher] Magician
|-damage|p2a: Magician|88/100|[from] Leech Seed|[of] p1a: Dugtrio
|upkeep
|turn|12
|
|t:|1728481701
|move|p1a: Dugtrio|Earthquake|p2a: Magician
|-supereffective|p2a: Magician
|-damage|p2a: Magician|0 fnt
|faint|p2a: Magician
|
|t:|1728481720
|switch|p2a: Loud Bird|Zapdos|49/100 par
|
|-heal|p2a: Loud Bird|55/100 par|[from] item: Leftovers
|upkeep
|turn|13
|
|t:|1728481726
|switch|p1a: Celebi|Celebi|84/100
|-damage|p1a: Celebi|72/100|[from] Spikes
|move|p2a: Loud Bird|Toxic|p1a: Celebi|[miss]
|-miss|p2a: Loud Bird|p1a: Celebi
|
|-heal|p1a: Celebi|78/100|[from] item: Leftovers
|-heal|p2a: Loud Bird|61/100 par|[from] item: Leftovers
|upkeep
|turn|14
|inactive|SoyJosito has 270 seconds left.
|
|t:|1728481760
|move|p1a: Celebi|Leech Seed|p2a: Loud Bird
|-start|p2a: Loud Bird|move: Leech Seed
|move|p2a: Loud Bird|Toxic|p1a: Celebi|[miss]
|-miss|p2a: Loud Bird|p1a: Celebi
|
|-heal|p1a: Celebi|84/100|[from] item: Leftovers
|-heal|p2a: Loud Bird|67/100 par|[from] item: Leftovers
|-damage|p2a: Loud Bird|55/100 par|[from] Leech Seed|[of] p1a: Celebi
|-heal|p1a: Celebi|94/100|[silent]
|upkeep
|turn|15
|
|t:|1728481769
|switch|p2a: Gargoyle|Forretress, M|82/100
|move|p1a: Celebi|Psychic|p2a: Gargoyle
|-resisted|p2a: Gargoyle
|-damage|p2a: Gargoyle|67/100
|
|-heal|p1a: Celebi|99/100|[from] item: Leftovers
|-heal|p2a: Gargoyle|73/100|[from] item: Leftovers
|upkeep
|turn|16
|inactive|SoyJosito has 270 seconds left.
|
|t:|1728481805
|switch|p1a: Swampert|Swampert, F|100/100
|-damage|p1a: Swampert|88/100|[from] Spikes
|move|p2a: Gargoyle|Hidden Power|p1a: Swampert
|-damage|p1a: Swampert|77/100
|
|-heal|p1a: Swampert|83/100|[from] item: Leftovers
|-heal|p2a: Gargoyle|80/100|[from] item: Leftovers
|upkeep
|turn|17
|
|t:|1728481817
|switch|p2a: Bully|Blissey, F|86/100
|move|p1a: Swampert|Earthquake|p2a: Bully
|-damage|p2a: Bully|54/100
|
|-heal|p2a: Bully|61/100|[from] item: Leftovers
|-heal|p1a: Swampert|90/100|[from] item: Leftovers
|upkeep
|turn|18
|inactive|SoyJosito has 240 seconds left.
|
|t:|1728481855
|switch|p2a: Loud Bird|Zapdos|55/100 par
|switch|p1a: Celebi|Celebi|99/100
|-damage|p1a: Celebi|88/100|[from] Spikes
|
|-heal|p1a: Celebi|94/100|[from] item: Leftovers
|-heal|p2a: Loud Bird|61/100 par|[from] item: Leftovers
|upkeep
|turn|19
|
|t:|1728481861
|move|p1a: Celebi|Leech Seed|p2a: Loud Bird
|-start|p2a: Loud Bird|move: Leech Seed
|cant|p2a: Loud Bird|par
|
|-heal|p1a: Celebi|99/100|[from] item: Leftovers
|-heal|p2a: Loud Bird|67/100 par|[from] item: Leftovers
|-damage|p2a: Loud Bird|55/100 par|[from] Leech Seed|[of] p1a: Celebi
|-heal|p1a: Celebi|100/100|[silent]
|upkeep
|turn|20
|inactive|SoyJosito has 240 seconds left.
|
|t:|1728481894
|switch|p2a: Gargoyle|Forretress, M|80/100
|move|p1a: Celebi|Leech Seed|p2a: Gargoyle
|-start|p2a: Gargoyle|move: Leech Seed
|
|-heal|p2a: Gargoyle|86/100|[from] item: Leftovers
|-damage|p2a: Gargoyle|73/100|[from] Leech Seed|[of] p1a: Celebi
|upkeep
|turn|21
|
|t:|1728481904
|move|p1a: Celebi|Psychic|p2a: Gargoyle
|-resisted|p2a: Gargoyle
|-damage|p2a: Gargoyle|57/100
|move|p2a: Gargoyle|Spikes|p1a: Celebi
|-sidestart|p1: SoyJosito|Spikes
|
|-heal|p2a: Gargoyle|63/100|[from] item: Leftovers
|-damage|p2a: Gargoyle|51/100|[from] Leech Seed|[of] p1a: Celebi
|upkeep
|turn|22
|inactive|SoyJosito has 210 seconds left.
|
|t:|1728481938
|switch|p1a: Swampert|Swampert, F|90/100
|-damage|p1a: Swampert|73/100|[from] Spikes
|switch|p2a: Audrey|Swampert, F|100/100
|
|-heal|p1a: Swampert|79/100|[from] item: Leftovers
|upkeep
|turn|23
|inactive|SoyJosito has 210 seconds left.
|
|t:|1728481949
|move|p1a: Swampert|Protect|p1a: Swampert
|-singleturn|p1a: Swampert|Protect
|move|p2a: Audrey|Earthquake|p1a: Swampert
|-activate|p1a: Swampert|Protect
|
|-heal|p1a: Swampert|85/100|[from] item: Leftovers
|upkeep
|turn|24
|inactive|SoyJosito has 210 seconds left.
|
|t:|1728481960
|move|p2a: Audrey|Earthquake|p1a: Swampert
|-damage|p1a: Swampert|62/100
|move|p1a: Swampert|Hydro Pump|p2a: Audrey|[miss]
|-miss|p1a: Swampert|p2a: Audrey
|
|-heal|p1a: Swampert|68/100|[from] item: Leftovers
|upkeep
|turn|25
|
|t:|1728481970
|move|p1a: Swampert|Protect|p1a: Swampert
|-singleturn|p1a: Swampert|Protect
|move|p2a: Audrey|Earthquake|p1a: Swampert
|-activate|p1a: Swampert|Protect
|
|-heal|p1a: Swampert|74/100|[from] item: Leftovers
|upkeep
|turn|26
|
|t:|1728481980
|move|p1a: Swampert|Hydro Pump|p2a: Audrey
|-damage|p2a: Audrey|71/100
|move|p2a: Audrey|Earthquake|p1a: Swampert
|-damage|p1a: Swampert|50/100
|
|-heal|p2a: Audrey|77/100|[from] item: Leftovers
|-heal|p1a: Swampert|56/100|[from] item: Leftovers
|upkeep
|turn|27
|
|t:|1728481996
|move|p1a: Swampert|Hydro Pump|p2a: Audrey
|-damage|p2a: Audrey|44/100
|move|p2a: Audrey|Ice Beam|p1a: Swampert
|-damage|p1a: Swampert|39/100
|
|-heal|p1a: Swampert|45/100|[from] item: Leftovers
|-heal|p2a: Audrey|50/100|[from] item: Leftovers
|upkeep
|turn|28
|inactive|SoyJosito has 210 seconds left.
|
|t:|1728482014
|move|p2a: Audrey|Earthquake|p1a: Swampert
|-damage|p1a: Swampert|19/100
|move|p1a: Swampert|Ice Beam|p2a: Audrey
|-damage|p2a: Audrey|34/100
|
|-heal|p2a: Audrey|40/100|[from] item: Leftovers
|-heal|p1a: Swampert|25/100|[from] item: Leftovers
|upkeep
|turn|29
|inactive|SoyJosito has 210 seconds left.
|
|t:|1728482029
|move|p1a: Swampert|Protect|p1a: Swampert
|-singleturn|p1a: Swampert|Protect
|move|p2a: Audrey|Earthquake|p1a: Swampert
|-activate|p1a: Swampert|Protect
|
|-heal|p1a: Swampert|31/100|[from] item: Leftovers
|-heal|p2a: Audrey|46/100|[from] item: Leftovers
|upkeep
|turn|30
|
|t:|1728482035
|move|p1a: Swampert|Hydro Pump|p2a: Audrey
|-damage|p2a: Audrey|0 fnt
|faint|p2a: Audrey
|
|t:|1728482043
|switch|p2a: Bully|Blissey, F|61/100
|
|-heal|p2a: Bully|67/100|[from] item: Leftovers
|-heal|p1a: Swampert|38/100|[from] item: Leftovers
|upkeep
|turn|31
|inactive|SoyJosito has 210 seconds left.
|
|t:|1728482063
|move|p1a: Swampert|Protect|p1a: Swampert
|-singleturn|p1a: Swampert|Protect
|move|p2a: Bully|Ice Beam|p1a: Swampert
|-activate|p1a: Swampert|Protect
|
|-heal|p2a: Bully|73/100|[from] item: Leftovers
|-heal|p1a: Swampert|44/100|[from] item: Leftovers
|upkeep
|turn|32
|inactive|SoyJosito has 210 seconds left.
|
|t:|1728482078
|move|p2a: Bully|Ice Beam|p1a: Swampert
|-damage|p1a: Swampert|23/100
|-status|p1a: Swampert|frz
|cant|p1a: Swampert|frz
|
|-heal|p2a: Bully|79/100|[from] item: Leftovers
|-heal|p1a: Swampert|29/100 frz|[from] item: Leftovers
|upkeep
|turn|33
|c|☆Skittle_Skity|sorry
|c|☆SoyJosito|sad
|inactive|SoyJosito has 210 seconds left.
|
|t:|1728482092
|move|p2a: Bully|Ice Beam|p1a: Swampert
|-damage|p1a: Swampert|9/100 frz
|cant|p1a: Swampert|frz
|
|-heal|p2a: Bully|85/100|[from] item: Leftovers
|-heal|p1a: Swampert|16/100 frz|[from] item: Leftovers
|upkeep
|turn|34
|c|☆SoyJosito|it was gg i think
|inactive|SoyJosito has 210 seconds left.
|
|t:|1728482111
|cant|p1a: Swampert|frz
|move|p2a: Bully|Ice Beam|p1a: Swampert
|-damage|p1a: Swampert|0 fnt
|faint|p1a: Swampert
|
|t:|1728482125
|switch|p1a: Celebi|Celebi|100/100
|-damage|p1a: Celebi|84/100|[from] Spikes
|
|-heal|p1a: Celebi|90/100|[from] item: Leftovers
|-heal|p2a: Bully|92/100|[from] item: Leftovers
|upkeep
|turn|35
|c|☆Skittle_Skity|I still had options for sure
|inactive|SoyJosito has 180 seconds left.
|c|☆SoyJosito|you would have had zap2, forry and the last one
|c|☆SoyJosito|because i would have killed bliss with dug
|
|t:|1728482174
|move|p1a: Celebi|Leech Seed|p2a: Bully
|-start|p2a: Bully|move: Leech Seed
|move|p2a: Bully|Aromatherapy|p2a: Bully
|-cureteam|p2a: Bully|[from] move: Aromatherapy
|
|-heal|p1a: Celebi|96/100|[from] item: Leftovers
|-heal|p2a: Bully|98/100|[from] item: Leftovers
|-damage|p2a: Bully|85/100|[from] Leech Seed|[of] p1a: Celebi
|-heal|p1a: Celebi|100/100|[silent]
|upkeep
|turn|36
|c|☆Skittle_Skity|ah
|c|☆Skittle_Skity|true
|inactive|SoyJosito has 150 seconds left.
|
|t:|1728482209
|switch|p2a: Gargoyle|Forretress, M|51/100
|move|p1a: Celebi|Baton Pass|p1a: Celebi
|inactive|SoyJosito has 120 seconds left.
|
|t:|1728482244
|switch|p1a: Tyranitar|Tyranitar, F|100/100|[from] Baton Pass
|-damage|p1a: Tyranitar|84/100|[from] Spikes
|-weather|Sandstorm|[from] ability: Sand Stream|[of] p1a: Tyranitar
|
|-weather|Sandstorm|[upkeep]
|-heal|p1a: Tyranitar|90/100|[from] item: Leftovers
|-heal|p2a: Gargoyle|57/100|[from] item: Leftovers
|upkeep
|turn|37
|inactive|SoyJosito has 120 seconds left.
|
|t:|1728482267
|move|p1a: Tyranitar|Rock Slide|p2a: Gargoyle
|-damage|p2a: Gargoyle|28/100
|cant|p2a: Gargoyle|flinch
|
|-weather|Sandstorm|[upkeep]
|-heal|p1a: Tyranitar|96/100|[from] item: Leftovers
|-heal|p2a: Gargoyle|34/100|[from] item: Leftovers
|upkeep
|turn|38
|inactive|SoyJosito has 120 seconds left.
|inactive|Skittle_Skity has 270 seconds left.
|
|t:|1728482290
|move|p1a: Tyranitar|Rock Slide|p2a: Gargoyle
|-damage|p2a: Gargoyle|3/100
|move|p2a: Gargoyle|Counter|p1a: Tyranitar
|-damage|p1a: Tyranitar|42/100
|
|-weather|Sandstorm|[upkeep]
|-heal|p1a: Tyranitar|48/100|[from] item: Leftovers
|-heal|p2a: Gargoyle|9/100|[from] item: Leftovers
|upkeep
|turn|39
|
|t:|1728482303
|move|p1a: Tyranitar|Earthquake|p2a: Gargoyle
|-damage|p2a: Gargoyle|0 fnt
|faint|p2a: Gargoyle
|inactive|Skittle_Skity has 270 seconds left.
|
|t:|1728482333
|switch|p2a: Buster|Salamence, F|100/100
|-ability|p2a: Buster|Intimidate|boost
|-unboost|p1a: Tyranitar|atk|1
|
|-weather|Sandstorm|[upkeep]
|-damage|p2a: Buster|94/100|[from] Sandstorm
|-heal|p2a: Buster|100/100|[from] item: Leftovers
|-heal|p1a: Tyranitar|55/100|[from] item: Leftovers
|upkeep
|turn|40
|inactive|SoyJosito has 90 seconds left.
|
|t:|1728482393
|move|p2a: Buster|Dragon Dance|p2a: Buster
|-boost|p2a: Buster|atk|1
|-boost|p2a: Buster|spe|1
|move|p1a: Tyranitar|Rock Slide|p2a: Buster|[miss]
|-miss|p1a: Tyranitar|p2a: Buster
|
|-weather|Sandstorm|[upkeep]
|-damage|p2a: Buster|94/100|[from] Sandstorm
|-heal|p2a: Buster|100/100|[from] item: Leftovers
|-heal|p1a: Tyranitar|61/100|[from] item: Leftovers
|upkeep
|turn|41
|c|☆Skittle_Skity|ooh
|c|☆SoyJosito|fuck
|c|☆Skittle_Skity|mb again
|inactive|SoyJosito has 60 seconds left.
|c|☆SoyJosito|i would've won
|
|t:|1728482430
|move|p2a: Buster|Rock Slide|p1a: Tyranitar
|-damage|p1a: Tyranitar|28/100
|move|p1a: Tyranitar|Rock Slide|p2a: Buster
|-supereffective|p2a: Buster
|-damage|p2a: Buster|33/100
|
|-weather|Sandstorm|[upkeep]
|-damage|p2a: Buster|27/100|[from] Sandstorm
|-heal|p2a: Buster|33/100|[from] item: Leftovers
|-heal|p1a: Tyranitar|34/100|[from] item: Leftovers
|upkeep
|turn|42
|c|☆SoyJosito|oh wait
|c|☆Skittle_Skity|yeah -1 from intimidate
|inactive|SoyJosito has 30 seconds left.
|c|☆SoyJosito|nah, i thought you were brick break
|c|☆Skittle_Skity|ah
|inactive|SoyJosito has 20 seconds left.
|inactive|SoyJosito has 15 seconds left.
|
|t:|1728482467
|move|p2a: Buster|Earthquake|p1a: Tyranitar
|-supereffective|p1a: Tyranitar
|-damage|p1a: Tyranitar|0 fnt
|faint|p1a: Tyranitar
|inactive|SoyJosito has 20 seconds left this turn.
|inactive|SoyJosito has 15 seconds left.
|inactive|SoyJosito has 10 seconds left.
|
|t:|1728482478
|switch|p1a: Starmie|Starmie|100/100
|-damage|p1a: Starmie|84/100|[from] Spikes
|
|-weather|Sandstorm|[upkeep]
|-damage|p2a: Buster|27/100|[from] Sandstorm
|-damage|p1a: Starmie|78/100|[from] Sandstorm
|-heal|p2a: Buster|33/100|[from] item: Leftovers
|-heal|p1a: Starmie|84/100|[from] item: Leftovers
|upkeep
|turn|43
|inactive|SoyJosito has 20 seconds left this turn.
|inactive|SoyJosito has 15 seconds left.
|inactive|Skittle_Skity has 270 seconds left.
|
|t:|1728482495
|move|p2a: Buster|Hidden Power|p1a: Starmie
|-damage|p1a: Starmie|0 fnt
|faint|p1a: Starmie
|inactive|SoyJosito has 20 seconds left this turn.
|inactive|SoyJosito has 15 seconds left.
|c|☆SoyJosito|sad, it was a roll
|inactive|SoyJosito has 10 seconds left.
|c|☆Skittle_Skity|was it?
|
|t:|1728482510
|switch|p1a: Zapdos|Zapdos|31/100 tox
|
|-weather|Sandstorm|[upkeep]
|-damage|p2a: Buster|27/100|[from] Sandstorm
|-damage|p1a: Zapdos|24/100 tox|[from] Sandstorm
|-heal|p2a: Buster|33/100|[from] item: Leftovers
|-heal|p1a: Zapdos|31/100 tox|[from] item: Leftovers
|-damage|p1a: Zapdos|24/100 tox|[from] psn
|upkeep
|turn|44
|inactive|SoyJosito has 20 seconds left this turn.
|inactive|SoyJosito has 15 seconds left.
|c|☆Skittle_Skity|I thought 84% was lowest roll for me
|inactive|SoyJosito has 10 seconds left.
|inactive|Skittle_Skity has 270 seconds left.
|
|t:|1728482524
|move|p2a: Buster|Hidden Power|p1a: Zapdos
|-resisted|p1a: Zapdos
|-damage|p1a: Zapdos|0 fnt
|faint|p1a: Zapdos
|inactive|SoyJosito has 15 seconds left this turn.
|c|☆SoyJosito|for no def
|inactive|SoyJosito has 10 seconds left.
|
|t:|1728482531
|switch|p1a: Celebi|Celebi|100/100
|-damage|p1a: Celebi|84/100|[from] Spikes
|
|-weather|Sandstorm|[upkeep]
|-damage|p2a: Buster|27/100|[from] Sandstorm
|-damage|p1a: Celebi|78/100|[from] Sandstorm
|-heal|p2a: Buster|33/100|[from] item: Leftovers
|-heal|p1a: Celebi|84/100|[from] item: Leftovers
|upkeep
|turn|45
|inactive|SoyJosito has 20 seconds left this turn.
|inactive|SoyJosito has 15 seconds left.
|c|☆Skittle_Skity|ah you had bulk?
|inactive|SoyJosito has 10 seconds left.
|inactive|SoyJosito has 5 seconds left.
|-message|SoyJosito lost due to inactivity.
|
|win|Skittle_Skity
|c|☆SoyJosito|not much but yeah
|c|☆SoyJosito|ggs
|c|☆Skittle_Skity|ggs

</script>
<script type="application/json" class="data" id="replaydata-smogtours-gen3ou-796617">
{"id":"smogtours-gen3ou-796617","format":"[Gen 3] OU","players":["SoyJosito","Skittle_Skity"],"uploadtime":1728482551,"views":94,"formatid":"gen3ou","rating":null,"private":0,"password":null}
</script>

<script defer src="js/replays.js?9d40a366"></script>
