<!DOCTYPE html>
<meta charset="utf-8" />
<meta name="viewport" content="width=device-width" />

<title>[Gen 3] OU: Stockings vs. fuckboyLenny - Replays - Pok&eacute;mon Showdown!</title>

<meta name="description" content="Watch a replay of a Pok&eacute;mon battle between Stockings and fuckboyLenny! Format: [Gen 3] OU; Date: Oct 9, 2024" />
<!--

Hey, you! Looking in the source for the replay log?

You can find them in JSON format, just add `.json` at the end of a replay URL.

https://replay.pokemonshowdown.com/gen7randomdoublesbattle-865046831.json

Or, if you only need the log itself, add `.log` instead:

https://replay.pokemonshowdown.com/gen7randomdoublesbattle-865046831.log

-->

<link rel="stylesheet" href="//pokemonshowdown.com/style/global.css?0.023195364461161105" />
<link rel="stylesheet" href="//play.pokemonshowdown.com/style/font-awesome.css?0.13261647063804238" />
<link rel="stylesheet" href="//play.pokemonshowdown.com/style/battle.css?0.8753245789963631" />
<link rel="stylesheet" href="//play.pokemonshowdown.com/style/utilichart.css?0.8627959624976733" />

<!-- Global site tag (gtag.js) - Google Analytics -->
<script async src="https://www.googletagmanager.com/gtag/js?id=UA-26211653-1"></script>
<script>
  window.dataLayer = window.dataLayer || [];
  function gtag(){dataLayer.push(arguments);}
  gtag('js', new Date());

  gtag('config', 'UA-26211653-1');
</script>
<!-- End Google Analytics -->
<!-- Venatus Ad Manager - Install in <HEAD> of page -->
	<script src="https://hb.vntsm.com/v3/live/ad-manager.min.js" type="text/javascript" data-site-id="642aba63ec9a7b11c3c9c1be" data-mode="scan" async></script>
<!-- / Venatus Ad Manager -->

<style>
	@media (max-width:820px) {
		.battle {
			margin: 0 auto;
		}
		.battle-log {
			margin: 7px auto 0;
			max-width: 640px;
			height: 300px;
			position: static;
		}
	}
	.optgroup {
		display: inline-block;
		line-height: 22px;
		font-size: 10pt;
	}
	.optgroup .button {
		height: 25px;
		padding-top: 0;
		padding-bottom: 0;
	}
	.optgroup button.button {
		padding-left: 12px;
		padding-right: 12px;
	}
	.linklist {
		list-style: none;
		margin: 0.5em 0;
		padding: 0;
	}
	.linklist li {
		padding: 2px 0;
	}
	.sidebar {
		float: left;
		width: 320px;
	}
	.bar-wrapper {
		max-width: 1100px;
		margin: 0 auto;
	}
	.bar-wrapper.has-sidebar {
		max-width: 1430px;
	}
	.mainbar {
		margin: 0;
		padding-right: 1px;
	}
	.mainbar.has-sidebar {
		margin-left: 330px;
	}
	@media (min-width: 1511px) {
		.sidebar {
			width: 400px;
		}
		.bar-wrapper.has-sidebar {
			max-width: 1510px;
		}
		.mainbar.has-sidebar {
			margin-left: 410px;
		}
	}
	.section.first-section {
		margin-top: 9px;
	}
	.blocklink small {
		white-space: normal;
	}
	.button {
		vertical-align: middle;
	}
	.replay-controls {
		padding-top: 10px;
	}
	.replay-controls h1 {
		font-size: 16pt;
		font-weight: normal;
		color: #CCC;
	}
	.pagelink {
		text-align: center;
	}
	.pagelink a {
		width: 150px;
	}
	.textbox, .button {
		font-size: 11pt;
		vertical-align: middle;
	}
	@media (max-width: 450px) {
		.button {
			font-size: 9pt;
		}
	}
</style>

<div>

	<header>
		<div class="nav-wrapper"><ul class="nav">
			<li><a class="button nav-first" href="//pokemonshowdown.com/"><img src="//pokemonshowdown.com/images/pokemonshowdownbeta.png" srcset="//pokemonshowdown.com/images/pokemonshowdownbeta.png 1x, //pokemonshowdown.com/images/pokemonshowdownbeta@2x.png 2x" alt="Pok&eacute;mon Showdown" width="146" height="44" /> Home</a></li>
			<li><a class="button" href="//pokemonshowdown.com/dex/">Pok&eacute;dex</a></li>
			<li><a class="button cur" href="/">Replays</a></li>
			<li><a class="button" href="//pokemonshowdown.com/ladder/">Ladder</a></li>
			<li><a class="button nav-last" href="//pokemonshowdown.com/forums/">Forum</a></li>
			<li><a class="button greenbutton nav-first nav-last" href="//play.pokemonshowdown.com/">Play</a></li>
		</ul></div>
	</header>

	<div class="main" id="main">

		<noscript><section class="section">You need to enable JavaScript to use this page; sorry!</section></noscript>

	</div>

</div>

<script defer nomodule src="//play.pokemonshowdown.com/js/lib/ps-polyfill.js"></script>
<script defer src="//play.pokemonshowdown.com/js/lib/preact.min.js"></script>

<script defer src="//play.pokemonshowdown.com/config/config.js?2bddbc15"></script>
<script defer src="//play.pokemonshowdown.com/js/lib/jquery-1.11.0.min.js"></script>
<script defer src="//play.pokemonshowdown.com/js/lib/html-sanitizer-minified.js"></script>
<script defer src="//play.pokemonshowdown.com/js/battle-sound.js"></script>
<script defer src="//play.pokemonshowdown.com/js/battledata.js?0.7209276989879541"></script>
<script defer src="//play.pokemonshowdown.com/data/pokedex-mini.js?0.6111056340867951"></script>
<script defer src="//play.pokemonshowdown.com/data/pokedex-mini-bw.js?0.3532142036491459"></script>
<script defer src="//play.pokemonshowdown.com/data/graphics.js?0.24223875632456182"></script>
<script defer src="//play.pokemonshowdown.com/data/pokedex.js?0.38839984266356864"></script>
<script defer src="//play.pokemonshowdown.com/data/moves.js?0.21866028504024015"></script>
<script defer src="//play.pokemonshowdown.com/data/abilities.js?0.2005157953846628"></script>
<script defer src="//play.pokemonshowdown.com/data/items.js?0.9894211263848525"></script>
<script defer src="//play.pokemonshowdown.com/data/teambuilder-tables.js?0.6008791140282215"></script>
<script defer src="//play.pokemonshowdown.com/js/battle-tooltips.js?0.7580118955022959"></script>
<script defer src="//play.pokemonshowdown.com/js/battle.js?0.6057722274234274"></script>

<script defer src="js/utils.js?e31f9a17"></script>
<script defer src="js/replays-battle.js?7008c182"></script>

<!-- don't scrape this data! just add .json or .log after the URL!
Full API docs: https://github.com/smogon/pokemon-showdown-client/blob/master/WEB-API.md -->
<script type="text/plain" class="log" id="replaylog-smogtours-gen3ou-796694">
|inactive|Battle timer is ON: inactive players will automatically lose when time's up.
|t:|1728497784
|gametype|singles
|player|p1|Stockings|#advpliii|
|player|p2|fuckboyLenny|101|
|teamsize|p1|6
|teamsize|p2|6
|gen|3
|tier|[Gen 3] OU
|rule|Sleep Clause Mod: Limit one foe put to sleep
|rule|Switch Priority Clause Mod: Faster Pokémon switch first
|rule|Species Clause: Limit one of each Pokémon
|rule|OHKO Clause: OHKO moves are banned
|rule|Evasion Items Clause: Evasion items are banned
|rule|Evasion Moves Clause: Evasion moves are banned
|rule|Endless Battle Clause: Forcing endless battles is banned
|rule|HP Percentage Mod: HP is shown in percentages
|rule|One Boost Passer Clause: Limit one Baton Passer that has a way to boost its stats
|rule|Freeze Clause Mod: Limit one foe frozen
|
|t:|1728497784
|start
|switch|p1a: The Lost City|Zapdos|100/100
|switch|p2a: Jynx|Jynx, F, shiny|100/100
|turn|1
|inactive|Stockings has 270 seconds left.
|
|t:|1728497824
|switch|p1a: Rahasia|Swampert, F|100/100
|move|p2a: Jynx|Ice Beam|p1a: Rahasia
|-damage|p1a: Rahasia|57/100
|
|-heal|p1a: Rahasia|63/100|[from] item: Leftovers
|upkeep
|turn|2
|
|t:|1728497831
|move|p2a: Jynx|Lovely Kiss|p1a: Rahasia
|-status|p1a: Rahasia|slp|[from] move: Lovely Kiss
|cant|p1a: Rahasia|slp
|
|-heal|p1a: Rahasia|70/100 slp|[from] item: Leftovers
|upkeep
|turn|3
|
|t:|1728497843
|switch|p1a: Castle Caldwell|Tyranitar, M|100/100
|-weather|Sandstorm|[from] ability: Sand Stream|[of] p1a: Castle Caldwell
|move|p2a: Jynx|Ice Beam|p1a: Castle Caldwell
|-damage|p1a: Castle Caldwell|59/100
|
|-weather|Sandstorm|[upkeep]
|-damage|p2a: Jynx|95/100|[from] Sandstorm
|-heal|p1a: Castle Caldwell|65/100|[from] item: Leftovers
|upkeep
|turn|4
|
|t:|1728497858
|move|p2a: Jynx|Ice Beam|p1a: Castle Caldwell
|-damage|p1a: Castle Caldwell|28/100
|-status|p1a: Castle Caldwell|frz
|cant|p1a: Castle Caldwell|frz
|
|-weather|Sandstorm|[upkeep]
|-damage|p2a: Jynx|89/100|[from] Sandstorm
|-heal|p1a: Castle Caldwell|34/100 frz|[from] item: Leftovers
|upkeep
|turn|5
|c|☆fuckboyLenny|mb
|
|t:|1728497868
|switch|p1a: King's Festival|Jirachi|100/100
|move|p2a: Jynx|Ice Beam|p1a: King's Festival
|-resisted|p1a: King's Festival
|-damage|p1a: King's Festival|82/100
|
|-weather|Sandstorm|[upkeep]
|-damage|p2a: Jynx|83/100|[from] Sandstorm
|-heal|p1a: King's Festival|88/100|[from] item: Leftovers
|upkeep
|turn|6
|inactive|fuckboyLenny has 270 seconds left.
|
|t:|1728497899
|switch|p2a: Snorlax|Snorlax, F|100/100
|move|p1a: King's Festival|Substitute|p1a: King's Festival
|-start|p1a: King's Festival|Substitute
|-damage|p1a: King's Festival|63/100
|
|-weather|Sandstorm|[upkeep]
|-damage|p2a: Snorlax|94/100|[from] Sandstorm
|-heal|p1a: King's Festival|69/100|[from] item: Leftovers
|-heal|p2a: Snorlax|100/100|[from] item: Leftovers
|upkeep
|turn|7
|
|t:|1728497908
|move|p1a: King's Festival|Thunderbolt|p2a: Snorlax
|-damage|p2a: Snorlax|86/100
|move|p2a: Snorlax|Earthquake|p1a: King's Festival
|-supereffective|p1a: King's Festival
|-end|p1a: King's Festival|Substitute
|
|-weather|Sandstorm|[upkeep]
|-damage|p2a: Snorlax|80/100|[from] Sandstorm
|-heal|p1a: King's Festival|75/100|[from] item: Leftovers
|-heal|p2a: Snorlax|86/100|[from] item: Leftovers
|upkeep
|turn|8
|
|t:|1728497921
|switch|p1a: The Veiled Society|Suicune|100/100
|move|p2a: Snorlax|Earthquake|p1a: The Veiled Society
|-damage|p1a: The Veiled Society|71/100
|
|-weather|Sandstorm|[upkeep]
|-damage|p1a: The Veiled Society|65/100|[from] Sandstorm
|-damage|p2a: Snorlax|80/100|[from] Sandstorm
|-heal|p1a: The Veiled Society|71/100|[from] item: Leftovers
|-heal|p2a: Snorlax|86/100|[from] item: Leftovers
|upkeep
|turn|9
|inactive|fuckboyLenny has 270 seconds left.
|
|t:|1728497943
|move|p1a: The Veiled Society|Hydro Pump|p2a: Snorlax|[miss]
|-miss|p1a: The Veiled Society|p2a: Snorlax
|move|p2a: Snorlax|Curse|p2a: Snorlax
|-unboost|p2a: Snorlax|spe|1
|-boost|p2a: Snorlax|atk|1
|-boost|p2a: Snorlax|def|1
|
|-weather|Sandstorm|[upkeep]
|-damage|p1a: The Veiled Society|65/100|[from] Sandstorm
|-damage|p2a: Snorlax|80/100|[from] Sandstorm
|-heal|p1a: The Veiled Society|71/100|[from] item: Leftovers
|-heal|p2a: Snorlax|86/100|[from] item: Leftovers
|upkeep
|turn|10
|inactive|fuckboyLenny has 270 seconds left.
|
|t:|1728497953
|move|p2a: Snorlax|Earthquake|p1a: The Veiled Society
|-damage|p1a: The Veiled Society|28/100
|move|p1a: The Veiled Society|Roar|p2a: Snorlax
|drag|p2a: Claydol|Claydol|100/100
|
|-weather|Sandstorm|[upkeep]
|-damage|p1a: The Veiled Society|22/100|[from] Sandstorm
|-heal|p1a: The Veiled Society|28/100|[from] item: Leftovers
|upkeep
|turn|11
|inactive|fuckboyLenny has 270 seconds left.
|
|t:|1728497971
|switch|p2a: Snorlax|Snorlax, F|86/100
|move|p1a: The Veiled Society|Hydro Pump|p2a: Snorlax|[miss]
|-miss|p1a: The Veiled Society|p2a: Snorlax
|
|-weather|Sandstorm|[upkeep]
|-damage|p1a: The Veiled Society|22/100|[from] Sandstorm
|-damage|p2a: Snorlax|80/100|[from] Sandstorm
|-heal|p1a: The Veiled Society|28/100|[from] item: Leftovers
|-heal|p2a: Snorlax|86/100|[from] item: Leftovers
|upkeep
|turn|12
|inactive|fuckboyLenny has 270 seconds left.
|
|t:|1728497985
|move|p2a: Snorlax|Earthquake|p1a: The Veiled Society
|-damage|p1a: The Veiled Society|0 fnt
|faint|p1a: The Veiled Society
|
|t:|1728498002
|switch|p1a: The Lost City|Zapdos|100/100
|
|-weather|Sandstorm|[upkeep]
|-damage|p1a: The Lost City|94/100|[from] Sandstorm
|-damage|p2a: Snorlax|80/100|[from] Sandstorm
|-heal|p1a: The Lost City|100/100|[from] item: Leftovers
|-heal|p2a: Snorlax|86/100|[from] item: Leftovers
|upkeep
|turn|13
|
|t:|1728498015
|move|p1a: The Lost City|Thunderbolt|p2a: Snorlax
|-damage|p2a: Snorlax|57/100
|move|p2a: Snorlax|Curse|p2a: Snorlax
|-unboost|p2a: Snorlax|spe|1
|-boost|p2a: Snorlax|atk|1
|-boost|p2a: Snorlax|def|1
|
|-weather|Sandstorm|[upkeep]
|-damage|p1a: The Lost City|94/100|[from] Sandstorm
|-damage|p2a: Snorlax|51/100|[from] Sandstorm
|-heal|p1a: The Lost City|100/100|[from] item: Leftovers
|-heal|p2a: Snorlax|57/100|[from] item: Leftovers
|upkeep
|turn|14
|
|t:|1728498025
|move|p1a: The Lost City|Thunderbolt|p2a: Snorlax
|-damage|p2a: Snorlax|28/100
|move|p2a: Snorlax|Shadow Ball|p1a: The Lost City
|-damage|p1a: The Lost City|50/100
|
|-weather|Sandstorm|[upkeep]
|-damage|p1a: The Lost City|44/100|[from] Sandstorm
|-damage|p2a: Snorlax|22/100|[from] Sandstorm
|-heal|p1a: The Lost City|50/100|[from] item: Leftovers
|-heal|p2a: Snorlax|28/100|[from] item: Leftovers
|upkeep
|turn|15
|
|t:|1728498039
|switch|p2a: Claydol|Claydol|100/100
|move|p1a: The Lost City|Thunderbolt|p2a: Claydol
|-immune|p2a: Claydol
|
|-weather|Sandstorm|[upkeep]
|-damage|p1a: The Lost City|44/100|[from] Sandstorm
|-heal|p1a: The Lost City|50/100|[from] item: Leftovers
|upkeep
|turn|16
|
|t:|1728498053
|move|p1a: The Lost City|Hidden Power|p2a: Claydol
|-supereffective|p2a: Claydol
|-damage|p2a: Claydol|70/100
|move|p2a: Claydol|Psychic|p1a: The Lost City
|-damage|p1a: The Lost City|22/100
|
|-weather|Sandstorm|[upkeep]
|-damage|p1a: The Lost City|16/100|[from] Sandstorm
|-heal|p1a: The Lost City|22/100|[from] item: Leftovers
|-heal|p2a: Claydol|76/100|[from] item: Leftovers
|upkeep
|turn|17
|
|t:|1728498068
|move|p1a: The Lost City|Baton Pass|p1a: The Lost City
|
|t:|1728498070
|switch|p1a: Castle Caldwell|Tyranitar, M|34/100 frz|[from] Baton Pass
|move|p2a: Claydol|Psychic|p1a: Castle Caldwell
|-immune|p1a: Castle Caldwell
|
|-weather|Sandstorm|[upkeep]
|-heal|p1a: Castle Caldwell|40/100 frz|[from] item: Leftovers
|-heal|p2a: Claydol|82/100|[from] item: Leftovers
|upkeep
|turn|18
|
|t:|1728498078
|switch|p1a: The Lost City|Zapdos|22/100
|switch|p2a: Dugtrio|Dugtrio, F, shiny|100/100
|
|-weather|Sandstorm|[upkeep]
|-damage|p1a: The Lost City|16/100|[from] Sandstorm
|-heal|p1a: The Lost City|22/100|[from] item: Leftovers
|upkeep
|turn|19
|
|t:|1728498093
|move|p2a: Dugtrio|Rock Slide|p1a: The Lost City
|-supereffective|p1a: The Lost City
|-damage|p1a: The Lost City|0 fnt
|faint|p1a: The Lost City
|
|t:|1728498098
|switch|p1a: Horror on the Hill|Dugtrio, F|100/100
|
|-weather|Sandstorm|[upkeep]
|upkeep
|turn|20
|
|t:|1728498118
|move|p2a: Dugtrio|Rock Slide|p1a: Horror on the Hill|[miss]
|-miss|p2a: Dugtrio|p1a: Horror on the Hill
|move|p1a: Horror on the Hill|Earthquake|p2a: Dugtrio
|-damage|p2a: Dugtrio|0 fnt
|faint|p2a: Dugtrio
|inactive|fuckboyLenny has 270 seconds left.
|
|t:|1728498160
|switch|p2a: Claydol|Claydol|82/100
|
|-weather|Sandstorm|[upkeep]
|-heal|p2a: Claydol|88/100|[from] item: Leftovers
|upkeep
|turn|21
|
|t:|1728498168
|switch|p1a: Rahasia|Swampert, F|70/100 slp
|switch|p2a: Suicune|Suicune|100/100
|
|-weather|Sandstorm|[upkeep]
|-damage|p2a: Suicune|94/100|[from] Sandstorm
|-heal|p2a: Suicune|100/100|[from] item: Leftovers
|-heal|p1a: Rahasia|76/100 slp|[from] item: Leftovers
|upkeep
|turn|22
|
|t:|1728498196
|switch|p1a: Horror on the Hill|Dugtrio, F|100/100
|move|p2a: Suicune|Calm Mind|p2a: Suicune
|-boost|p2a: Suicune|spa|1
|-boost|p2a: Suicune|spd|1
|
|-weather|Sandstorm|[upkeep]
|-damage|p2a: Suicune|94/100|[from] Sandstorm
|-heal|p2a: Suicune|100/100|[from] item: Leftovers
|upkeep
|turn|23
|
|t:|1728498204
|move|p1a: Horror on the Hill|Earthquake|p2a: Suicune
|-damage|p2a: Suicune|56/100
|move|p2a: Suicune|Surf|p1a: Horror on the Hill
|-supereffective|p1a: Horror on the Hill
|-damage|p1a: Horror on the Hill|0 fnt
|faint|p1a: Horror on the Hill
|
|t:|1728498208
|switch|p1a: King's Festival|Jirachi|75/100
|
|-weather|Sandstorm|[upkeep]
|-damage|p2a: Suicune|50/100|[from] Sandstorm
|-heal|p1a: King's Festival|82/100|[from] item: Leftovers
|-heal|p2a: Suicune|56/100|[from] item: Leftovers
|upkeep
|turn|24
|inactive|fuckboyLenny has 270 seconds left.
|
|t:|1728498224
|move|p1a: King's Festival|Calm Mind|p1a: King's Festival
|-boost|p1a: King's Festival|spa|1
|-boost|p1a: King's Festival|spd|1
|move|p2a: Suicune|Surf|p1a: King's Festival
|-damage|p1a: King's Festival|47/100
|
|-weather|Sandstorm|[upkeep]
|-damage|p2a: Suicune|50/100|[from] Sandstorm
|-heal|p1a: King's Festival|53/100|[from] item: Leftovers
|-heal|p2a: Suicune|56/100|[from] item: Leftovers
|upkeep
|turn|25
|inactive|fuckboyLenny has 240 seconds left.
|
|t:|1728498271
|move|p1a: King's Festival|Hidden Power|p2a: Suicune
|-supereffective|p2a: Suicune
|-damage|p2a: Suicune|28/100
|move|p2a: Suicune|Calm Mind|p2a: Suicune
|-boost|p2a: Suicune|spa|1
|-boost|p2a: Suicune|spd|1
|
|-weather|Sandstorm|[upkeep]
|-damage|p2a: Suicune|22/100|[from] Sandstorm
|-heal|p1a: King's Festival|59/100|[from] item: Leftovers
|-heal|p2a: Suicune|28/100|[from] item: Leftovers
|upkeep
|turn|26
|
|t:|1728498280
|move|p1a: King's Festival|Thunderbolt|p2a: Suicune
|-supereffective|p2a: Suicune
|-damage|p2a: Suicune|0 fnt
|faint|p2a: Suicune
|
|t:|1728498298
|switch|p2a: Snorlax|Snorlax, F|28/100
|
|-weather|Sandstorm|[upkeep]
|-damage|p2a: Snorlax|22/100|[from] Sandstorm
|-heal|p1a: King's Festival|65/100|[from] item: Leftovers
|-heal|p2a: Snorlax|28/100|[from] item: Leftovers
|upkeep
|turn|27
|
|t:|1728498312
|move|p1a: King's Festival|Thunderbolt|p2a: Snorlax
|-damage|p2a: Snorlax|3/100
|move|p2a: Snorlax|Self-Destruct|p1a: King's Festival
|-resisted|p1a: King's Festival
|-crit|p1a: King's Festival
|-damage|p1a: King's Festival|0 fnt
|faint|p2a: Snorlax
|faint|p1a: King's Festival
|c|☆Stockings|gg
|c|☆Stockings|actually
|c|☆Stockings|chance
|inactive|Stockings has 270 seconds left.
|
|t:|1728498345
|switch|p1a: Castle Caldwell|Tyranitar, M|40/100 frz
|switch|p2a: Claydol|Claydol|88/100
|
|-weather|Sandstorm|[upkeep]
|-heal|p1a: Castle Caldwell|46/100 frz|[from] item: Leftovers
|-heal|p2a: Claydol|95/100|[from] item: Leftovers
|upkeep
|turn|28
|inactive|Stockings has 270 seconds left.
|
|t:|1728498360
|cant|p1a: Castle Caldwell|frz
|move|p2a: Claydol|Explosion|p1a: Castle Caldwell
|-resisted|p1a: Castle Caldwell
|-damage|p1a: Castle Caldwell|13/100 frz
|faint|p2a: Claydol
|inactive|fuckboyLenny has 210 seconds left.
|
|t:|1728498373
|switch|p2a: Jynx|Jynx, F, shiny|83/100
|
|-weather|Sandstorm|[upkeep]
|-damage|p2a: Jynx|77/100|[from] Sandstorm
|-heal|p1a: Castle Caldwell|19/100 frz|[from] item: Leftovers
|upkeep
|turn|29
|
|t:|1728498378
|move|p2a: Jynx|Ice Beam|p1a: Castle Caldwell
|-damage|p1a: Castle Caldwell|0 fnt
|faint|p1a: Castle Caldwell
|
|t:|1728498380
|switch|p1a: Rahasia|Swampert, F|76/100 slp
|
|-weather|Sandstorm|[upkeep]
|-damage|p2a: Jynx|71/100|[from] Sandstorm
|-heal|p1a: Rahasia|82/100 slp|[from] item: Leftovers
|upkeep
|turn|30
|
|t:|1728498397
|move|p2a: Jynx|Perish Song|p2a: Jynx
|-start|p1a: Rahasia|perish3|[silent]
|-start|p2a: Jynx|perish3|[silent]
|-fieldactivate|move: Perish Song
|cant|p1a: Rahasia|slp
|
|-weather|Sandstorm|[upkeep]
|-damage|p2a: Jynx|65/100|[from] Sandstorm
|-heal|p1a: Rahasia|88/100 slp|[from] item: Leftovers
|-start|p2a: Jynx|perish3
|-start|p1a: Rahasia|perish3
|upkeep
|turn|31
|
|t:|1728498405
|move|p2a: Jynx|Ice Beam|p1a: Rahasia
|-crit|p1a: Rahasia
|-damage|p1a: Rahasia|0 fnt
|faint|p1a: Rahasia
|
|win|fuckboyLenny
|c|☆Stockings|hm
|c|☆Stockings|gg
|c|☆fuckboyLenny|gg

</script>
<script type="application/json" class="data" id="replaydata-smogtours-gen3ou-796694">
{"id":"smogtours-gen3ou-796694","format":"[Gen 3] OU","players":["Stockings","fuckboyLenny"],"uploadtime":1728498405,"views":107,"formatid":"gen3ou","rating":null,"private":0,"password":null}
</script>

<script defer src="js/replays.js?9d40a366"></script>
