<!DOCTYPE html>
<meta charset="utf-8" />
<meta name="viewport" content="width=device-width" />

<title>[Gen 3] OU: qsns vs. PinjarraPanther - Replays - Pok&eacute;mon Showdown!</title>

<meta name="description" content="Watch a replay of a Pok&eacute;mon battle between qsns and PinjarraPanther! Format: [Gen 3] OU; Date: Oct 13, 2024" />
<!--

Hey, you! Looking in the source for the replay log?

You can find them in JSON format, just add `.json` at the end of a replay URL.

https://replay.pokemonshowdown.com/gen7randomdoublesbattle-865046831.json

Or, if you only need the log itself, add `.log` instead:

https://replay.pokemonshowdown.com/gen7randomdoublesbattle-865046831.log

-->

<link rel="stylesheet" href="//pokemonshowdown.com/style/global.css?0.023195364461161105" />
<link rel="stylesheet" href="//play.pokemonshowdown.com/style/font-awesome.css?0.13261647063804238" />
<link rel="stylesheet" href="//play.pokemonshowdown.com/style/battle.css?0.8753245789963631" />
<link rel="stylesheet" href="//play.pokemonshowdown.com/style/utilichart.css?0.8627959624976733" />

<!-- Global site tag (gtag.js) - Google Analytics -->
<script async src="https://www.googletagmanager.com/gtag/js?id=UA-26211653-1"></script>
<script>
  window.dataLayer = window.dataLayer || [];
  function gtag(){dataLayer.push(arguments);}
  gtag('js', new Date());

  gtag('config', 'UA-26211653-1');
</script>
<!-- End Google Analytics -->
<!-- Venatus Ad Manager - Install in <HEAD> of page -->
	<script src="https://hb.vntsm.com/v3/live/ad-manager.min.js" type="text/javascript" data-site-id="642aba63ec9a7b11c3c9c1be" data-mode="scan" async></script>
<!-- / Venatus Ad Manager -->

<style>
	@media (max-width:820px) {
		.battle {
			margin: 0 auto;
		}
		.battle-log {
			margin: 7px auto 0;
			max-width: 640px;
			height: 300px;
			position: static;
		}
	}
	.optgroup {
		display: inline-block;
		line-height: 22px;
		font-size: 10pt;
	}
	.optgroup .button {
		height: 25px;
		padding-top: 0;
		padding-bottom: 0;
	}
	.optgroup button.button {
		padding-left: 12px;
		padding-right: 12px;
	}
	.linklist {
		list-style: none;
		margin: 0.5em 0;
		padding: 0;
	}
	.linklist li {
		padding: 2px 0;
	}
	.sidebar {
		float: left;
		width: 320px;
	}
	.bar-wrapper {
		max-width: 1100px;
		margin: 0 auto;
	}
	.bar-wrapper.has-sidebar {
		max-width: 1430px;
	}
	.mainbar {
		margin: 0;
		padding-right: 1px;
	}
	.mainbar.has-sidebar {
		margin-left: 330px;
	}
	@media (min-width: 1511px) {
		.sidebar {
			width: 400px;
		}
		.bar-wrapper.has-sidebar {
			max-width: 1510px;
		}
		.mainbar.has-sidebar {
			margin-left: 410px;
		}
	}
	.section.first-section {
		margin-top: 9px;
	}
	.blocklink small {
		white-space: normal;
	}
	.button {
		vertical-align: middle;
	}
	.replay-controls {
		padding-top: 10px;
	}
	.replay-controls h1 {
		font-size: 16pt;
		font-weight: normal;
		color: #CCC;
	}
	.pagelink {
		text-align: center;
	}
	.pagelink a {
		width: 150px;
	}
	.textbox, .button {
		font-size: 11pt;
		vertical-align: middle;
	}
	@media (max-width: 450px) {
		.button {
			font-size: 9pt;
		}
	}
</style>

<div>

	<header>
		<div class="nav-wrapper"><ul class="nav">
			<li><a class="button nav-first" href="//pokemonshowdown.com/"><img src="//pokemonshowdown.com/images/pokemonshowdownbeta.png" srcset="//pokemonshowdown.com/images/pokemonshowdownbeta.png 1x, //pokemonshowdown.com/images/pokemonshowdownbeta@2x.png 2x" alt="Pok&eacute;mon Showdown" width="146" height="44" /> Home</a></li>
			<li><a class="button" href="//pokemonshowdown.com/dex/">Pok&eacute;dex</a></li>
			<li><a class="button cur" href="/">Replays</a></li>
			<li><a class="button" href="//pokemonshowdown.com/ladder/">Ladder</a></li>
			<li><a class="button nav-last" href="//pokemonshowdown.com/forums/">Forum</a></li>
			<li><a class="button greenbutton nav-first nav-last" href="//play.pokemonshowdown.com/">Play</a></li>
		</ul></div>
	</header>

	<div class="main" id="main">

		<noscript><section class="section">You need to enable JavaScript to use this page; sorry!</section></noscript>

	</div>

</div>

<script defer nomodule src="//play.pokemonshowdown.com/js/lib/ps-polyfill.js"></script>
<script defer src="//play.pokemonshowdown.com/js/lib/preact.min.js"></script>

<script defer src="//play.pokemonshowdown.com/config/config.js?2bddbc15"></script>
<script defer src="//play.pokemonshowdown.com/js/lib/jquery-1.11.0.min.js"></script>
<script defer src="//play.pokemonshowdown.com/js/lib/html-sanitizer-minified.js"></script>
<script defer src="//play.pokemonshowdown.com/js/battle-sound.js"></script>
<script defer src="//play.pokemonshowdown.com/js/battledata.js?0.7209276989879541"></script>
<script defer src="//play.pokemonshowdown.com/data/pokedex-mini.js?0.6111056340867951"></script>
<script defer src="//play.pokemonshowdown.com/data/pokedex-mini-bw.js?0.3532142036491459"></script>
<script defer src="//play.pokemonshowdown.com/data/graphics.js?0.24223875632456182"></script>
<script defer src="//play.pokemonshowdown.com/data/pokedex.js?0.38839984266356864"></script>
<script defer src="//play.pokemonshowdown.com/data/moves.js?0.21866028504024015"></script>
<script defer src="//play.pokemonshowdown.com/data/abilities.js?0.2005157953846628"></script>
<script defer src="//play.pokemonshowdown.com/data/items.js?0.9894211263848525"></script>
<script defer src="//play.pokemonshowdown.com/data/teambuilder-tables.js?0.6008791140282215"></script>
<script defer src="//play.pokemonshowdown.com/js/battle-tooltips.js?0.7580118955022959"></script>
<script defer src="//play.pokemonshowdown.com/js/battle.js?0.6057722274234274"></script>

<script defer src="js/utils.js?e31f9a17"></script>
<script defer src="js/replays-battle.js?7008c182"></script>

<!-- don't scrape this data! just add .json or .log after the URL!
Full API docs: https://github.com/smogon/pokemon-showdown-client/blob/master/WEB-API.md -->
<script type="text/plain" class="log" id="replaylog-smogtours-gen3ou-797952">
|inactive|Battle timer is ON: inactive players will automatically lose when time's up.
|t:|1728790880
|gametype|singles
|player|p1|qsns|#scl4islanders2|
|player|p2|PinjarraPanther|170|
|teamsize|p1|6
|teamsize|p2|6
|gen|3
|tier|[Gen 3] OU
|rule|Sleep Clause Mod: Limit one foe put to sleep
|rule|Switch Priority Clause Mod: Faster Pokémon switch first
|rule|Species Clause: Limit one of each Pokémon
|rule|OHKO Clause: OHKO moves are banned
|rule|Evasion Items Clause: Evasion items are banned
|rule|Evasion Moves Clause: Evasion moves are banned
|rule|Endless Battle Clause: Forcing endless battles is banned
|rule|HP Percentage Mod: HP is shown in percentages
|rule|One Boost Passer Clause: Limit one Baton Passer that has a way to boost its stats
|rule|Freeze Clause Mod: Limit one foe frozen
|
|t:|1728790880
|start
|switch|p1a: Salamence|Salamence, F|100/100
|switch|p2a: Sidewinder|Zapdos|100/100
|-ability|p1a: Salamence|Intimidate|boost
|-unboost|p2a: Sidewinder|atk|1
|turn|1
|c|☆qsns|hf
|c|☆PinjarraPanther|you too
|
|t:|1728790903
|switch|p1a: Blissey|Blissey, F|100/100
|move|p2a: Sidewinder|Hidden Power|p1a: Blissey
|-damage|p1a: Blissey|91/100
|
|-heal|p1a: Blissey|97/100|[from] item: Leftovers
|upkeep
|turn|2
|inactive|PinjarraPanther has 270 seconds left.
|
|t:|1728790943
|switch|p2a: Pacifier|Swampert, M|100/100
|move|p1a: Blissey|Fire Blast|p2a: Pacifier
|-resisted|p2a: Pacifier
|-damage|p2a: Pacifier|85/100
|
|-heal|p2a: Pacifier|91/100|[from] item: Leftovers
|-heal|p1a: Blissey|100/100|[from] item: Leftovers
|upkeep
|turn|3
|
|t:|1728790960
|move|p2a: Pacifier|Earthquake|p1a: Blissey
|-damage|p1a: Blissey|65/100
|move|p1a: Blissey|Toxic|p2a: Pacifier
|-status|p2a: Pacifier|tox
|
|-heal|p2a: Pacifier|97/100 tox|[from] item: Leftovers
|-damage|p2a: Pacifier|91/100 tox|[from] psn
|-heal|p1a: Blissey|71/100|[from] item: Leftovers
|upkeep
|turn|4
|
|t:|1728790969
|switch|p1a: Cloyster|Cloyster, F|100/100
|move|p2a: Pacifier|Ice Beam|p1a: Cloyster
|-resisted|p1a: Cloyster
|-damage|p1a: Cloyster|89/100
|
|-heal|p1a: Cloyster|95/100|[from] item: Leftovers
|-heal|p2a: Pacifier|97/100 tox|[from] item: Leftovers
|-damage|p2a: Pacifier|85/100 tox|[from] psn
|upkeep
|turn|5
|inactive|PinjarraPanther has 270 seconds left.
|
|t:|1728790975
|-singleturn|p2a: Pacifier|move: Focus Punch
|move|p1a: Cloyster|Spikes|p2a: Pacifier
|-sidestart|p2: PinjarraPanther|Spikes
|move|p2a: Pacifier|Focus Punch|p1a: Cloyster
|-supereffective|p1a: Cloyster
|-damage|p1a: Cloyster|47/100
|
|-heal|p1a: Cloyster|53/100|[from] item: Leftovers
|-heal|p2a: Pacifier|91/100 tox|[from] item: Leftovers
|-damage|p2a: Pacifier|73/100 tox|[from] psn
|upkeep
|turn|6
|
|t:|1728790987
|move|p1a: Cloyster|Spikes|p2a: Pacifier
|-sidestart|p2: PinjarraPanther|Spikes
|move|p2a: Pacifier|Hydro Pump|p1a: Cloyster
|-resisted|p1a: Cloyster
|-damage|p1a: Cloyster|7/100
|
|-heal|p1a: Cloyster|14/100|[from] item: Leftovers
|-heal|p2a: Pacifier|79/100 tox|[from] item: Leftovers
|-damage|p2a: Pacifier|55/100 tox|[from] psn
|upkeep
|turn|7
|
|t:|1728791001
|move|p1a: Cloyster|Spikes|p2a: Pacifier
|-sidestart|p2: PinjarraPanther|Spikes
|move|p2a: Pacifier|Earthquake|p1a: Cloyster
|-damage|p1a: Cloyster|0 fnt
|faint|p1a: Cloyster
|
|t:|1728791012
|switch|p1a: Salamence|Salamence, F|100/100
|-ability|p1a: Salamence|Intimidate|boost
|-unboost|p2a: Pacifier|atk|1
|
|-heal|p2a: Pacifier|61/100 tox|[from] item: Leftovers
|-damage|p2a: Pacifier|31/100 tox|[from] psn
|upkeep
|turn|8
|
|t:|1728791014
|move|p1a: Salamence|Dragon Claw|p2a: Pacifier
|-damage|p2a: Pacifier|0 fnt
|faint|p2a: Pacifier
|
|t:|1728791022
|switch|p2a: Sidewinder|Zapdos|100/100
|
|upkeep
|turn|9
|
|t:|1728791026
|move|p2a: Sidewinder|Thunder Wave|p1a: Salamence
|-status|p1a: Salamence|par
|move|p1a: Salamence|Dragon Claw|p2a: Sidewinder
|-crit|p2a: Sidewinder
|-damage|p2a: Sidewinder|14/100
|
|-heal|p2a: Sidewinder|20/100|[from] item: Leftovers
|upkeep
|turn|10
|
|t:|1728791036
|switch|p1a: Blissey|Blissey, F|71/100
|move|p2a: Sidewinder|Thunder Wave|p1a: Blissey
|-status|p1a: Blissey|par
|
|-heal|p2a: Sidewinder|26/100|[from] item: Leftovers
|-heal|p1a: Blissey|77/100 par|[from] item: Leftovers
|upkeep
|turn|11
|
|t:|1728791049
|move|p2a: Sidewinder|Protect|p2a: Sidewinder
|-singleturn|p2a: Sidewinder|Protect
|cant|p1a: Blissey|par
|
|-heal|p2a: Sidewinder|33/100|[from] item: Leftovers
|-heal|p1a: Blissey|83/100 par|[from] item: Leftovers
|upkeep
|turn|12
|
|t:|1728791051
|switch|p2a: Tyrants|Tyranitar, F|100/100
|-damage|p2a: Tyrants|75/100|[from] Spikes
|-weather|Sandstorm|[from] ability: Sand Stream|[of] p2a: Tyrants
|cant|p1a: Blissey|par
|
|-weather|Sandstorm|[upkeep]
|-damage|p1a: Blissey|77/100 par|[from] Sandstorm
|-heal|p2a: Tyrants|82/100|[from] item: Leftovers
|-heal|p1a: Blissey|83/100 par|[from] item: Leftovers
|upkeep
|turn|13
|
|t:|1728791059
|-curestatus|p1a: Blissey|par|[from] ability: Natural Cure
|switch|p1a: Metagross|Metagross|100/100
|move|p2a: Tyrants|Thunder Wave|p1a: Metagross
|-status|p1a: Metagross|par
|
|-weather|Sandstorm|[upkeep]
|-heal|p2a: Tyrants|88/100|[from] item: Leftovers
|upkeep
|turn|14
|
|t:|1728791072
|move|p2a: Tyrants|Earthquake|p1a: Metagross
|-supereffective|p1a: Metagross
|-damage|p1a: Metagross|44/100 par
|move|p1a: Metagross|Meteor Mash|p2a: Tyrants
|-supereffective|p2a: Tyrants
|-damage|p2a: Tyrants|1/100
|
|-weather|Sandstorm|[upkeep]
|-heal|p2a: Tyrants|7/100|[from] item: Leftovers
|-heal|p1a: Metagross|50/100 par|[from] item: Leftovers
|upkeep
|turn|15
|
|t:|1728791095
|switch|p1a: Salamence|Salamence, F|100/100 par
|-ability|p1a: Salamence|Intimidate|boost
|-unboost|p2a: Tyrants|atk|1
|move|p2a: Tyrants|Earthquake|p1a: Salamence
|-immune|p1a: Salamence
|
|-weather|Sandstorm|[upkeep]
|-damage|p1a: Salamence|94/100 par|[from] Sandstorm
|-heal|p2a: Tyrants|13/100|[from] item: Leftovers
|-heal|p1a: Salamence|100/100 par|[from] item: Leftovers
|upkeep
|turn|16
|
|t:|1728791098
|switch|p1a: Tyranitar|Tyranitar, M|100/100
|move|p2a: Tyrants|Rock Slide|p1a: Tyranitar
|-damage|p1a: Tyranitar|78/100
|
|-weather|Sandstorm|[upkeep]
|-heal|p1a: Tyranitar|84/100|[from] item: Leftovers
|-heal|p2a: Tyrants|19/100|[from] item: Leftovers
|upkeep
|turn|17
|
|t:|1728791103
|move|p1a: Tyranitar|Ice Beam|p2a: Tyrants
|-damage|p2a: Tyrants|0 fnt
|faint|p2a: Tyrants
|
|t:|1728791132
|switch|p2a: Sidewinder|Zapdos|33/100
|
|-weather|Sandstorm|[upkeep]
|-damage|p2a: Sidewinder|26/100|[from] Sandstorm
|-heal|p2a: Sidewinder|33/100|[from] item: Leftovers
|-heal|p1a: Tyranitar|91/100|[from] item: Leftovers
|upkeep
|turn|18
|
|t:|1728791139
|switch|p1a: Blissey|Blissey, F|83/100
|move|p2a: Sidewinder|Thunderbolt|p1a: Blissey
|-damage|p1a: Blissey|63/100
|-status|p1a: Blissey|par
|
|-weather|Sandstorm|[upkeep]
|-damage|p2a: Sidewinder|26/100|[from] Sandstorm
|-damage|p1a: Blissey|57/100 par|[from] Sandstorm
|-heal|p2a: Sidewinder|33/100|[from] item: Leftovers
|-heal|p1a: Blissey|63/100 par|[from] item: Leftovers
|upkeep
|turn|19
|
|t:|1728791145
|move|p2a: Sidewinder|Thunderbolt|p1a: Blissey
|-damage|p1a: Blissey|42/100 par
|move|p1a: Blissey|Soft-Boiled|p1a: Blissey
|-heal|p1a: Blissey|92/100 par
|
|-weather|Sandstorm|[upkeep]
|-damage|p2a: Sidewinder|26/100|[from] Sandstorm
|-damage|p1a: Blissey|86/100 par|[from] Sandstorm
|-heal|p2a: Sidewinder|33/100|[from] item: Leftovers
|-heal|p1a: Blissey|92/100 par|[from] item: Leftovers
|upkeep
|turn|20
|
|t:|1728791148
|move|p2a: Sidewinder|Thunderbolt|p1a: Blissey
|-damage|p1a: Blissey|73/100 par
|move|p1a: Blissey|Ice Beam|p2a: Sidewinder
|-supereffective|p2a: Sidewinder
|-damage|p2a: Sidewinder|0 fnt
|faint|p2a: Sidewinder
|
|t:|1728791155
|switch|p2a: Hourglass|Celebi|100/100
|-damage|p2a: Hourglass|76/100|[from] Spikes
|
|-weather|Sandstorm|[upkeep]
|-damage|p2a: Hourglass|69/100|[from] Sandstorm
|-damage|p1a: Blissey|67/100 par|[from] Sandstorm
|-heal|p2a: Hourglass|76/100|[from] item: Leftovers
|-heal|p1a: Blissey|73/100 par|[from] item: Leftovers
|upkeep
|turn|21
|
|t:|1728791163
|move|p2a: Hourglass|Calm Mind|p2a: Hourglass
|-boost|p2a: Hourglass|spa|1
|-boost|p2a: Hourglass|spd|1
|move|p1a: Blissey|Fire Blast|p2a: Hourglass
|-supereffective|p2a: Hourglass
|-damage|p2a: Hourglass|32/100
|
|-weather|Sandstorm|[upkeep]
|-damage|p2a: Hourglass|26/100|[from] Sandstorm
|-damage|p1a: Blissey|67/100 par|[from] Sandstorm
|-heal|p2a: Hourglass|32/100|[from] item: Leftovers
|-heal|p1a: Blissey|73/100 par|[from] item: Leftovers
|upkeep
|turn|22
|inactive|PinjarraPanther has 270 seconds left.
|
|t:|1728791198
|-curestatus|p1a: Blissey|par|[from] ability: Natural Cure
|switch|p1a: Metagross|Metagross|50/100 par
|move|p2a: Hourglass|Giga Drain|p1a: Metagross
|-resisted|p1a: Metagross
|-damage|p1a: Metagross|27/100 par
|-heal|p2a: Hourglass|44/100|[from] drain|[of] p1a: Metagross
|
|-weather|Sandstorm|[upkeep]
|-damage|p2a: Hourglass|38/100|[from] Sandstorm
|-heal|p2a: Hourglass|44/100|[from] item: Leftovers
|-heal|p1a: Metagross|33/100 par|[from] item: Leftovers
|upkeep
|turn|23
|inactive|PinjarraPanther has 270 seconds left.
|
|t:|1728791205
|move|p2a: Hourglass|Hidden Power|p1a: Metagross
|-supereffective|p1a: Metagross
|-damage|p1a: Metagross|0 fnt
|faint|p1a: Metagross
|
|t:|1728791207
|switch|p1a: Aerodactyl|Aerodactyl, F|100/100
|
|-weather|Sandstorm|[upkeep]
|-damage|p2a: Hourglass|38/100|[from] Sandstorm
|-heal|p2a: Hourglass|44/100|[from] item: Leftovers
|upkeep
|turn|24
|
|t:|1728791210
|move|p1a: Aerodactyl|Hidden Power|p2a: Hourglass
|-supereffective|p2a: Hourglass
|-damage|p2a: Hourglass|0 fnt
|faint|p2a: Hourglass
|
|t:|1728791214
|switch|p2a: Cocoon|Jirachi|100/100
|-damage|p2a: Cocoon|75/100|[from] Spikes
|
|-weather|Sandstorm|[upkeep]
|-heal|p2a: Cocoon|82/100|[from] item: Leftovers
|upkeep
|turn|25
|
|t:|1728791220
|switch|p1a: Tyranitar|Tyranitar, M|91/100
|move|p2a: Cocoon|Calm Mind|p2a: Cocoon
|-boost|p2a: Cocoon|spa|1
|-boost|p2a: Cocoon|spd|1
|
|-weather|Sandstorm|[upkeep]
|-heal|p2a: Cocoon|88/100|[from] item: Leftovers
|-heal|p1a: Tyranitar|97/100|[from] item: Leftovers
|upkeep
|turn|26
|
|t:|1728791225
|move|p2a: Cocoon|Thunder|p1a: Tyranitar|[miss]
|-miss|p2a: Cocoon|p1a: Tyranitar
|move|p1a: Tyranitar|Flamethrower|p2a: Cocoon
|-supereffective|p2a: Cocoon
|-damage|p2a: Cocoon|56/100
|
|-weather|Sandstorm|[upkeep]
|-heal|p2a: Cocoon|62/100|[from] item: Leftovers
|-heal|p1a: Tyranitar|100/100|[from] item: Leftovers
|upkeep
|turn|27
|
|t:|1728791227
|move|p2a: Cocoon|Thunder|p1a: Tyranitar
|-crit|p1a: Tyranitar
|-damage|p1a: Tyranitar|32/100
|move|p1a: Tyranitar|Flamethrower|p2a: Cocoon
|-supereffective|p2a: Cocoon
|-damage|p2a: Cocoon|31/100
|
|-weather|Sandstorm|[upkeep]
|-heal|p2a: Cocoon|37/100|[from] item: Leftovers
|-heal|p1a: Tyranitar|39/100|[from] item: Leftovers
|upkeep
|turn|28
|c|☆PinjarraPanther|wouldve preferred the para over crit lol
|
|t:|1728791252
|move|p2a: Cocoon|Wish|p2a: Cocoon
|move|p1a: Tyranitar|Flamethrower|p2a: Cocoon
|-supereffective|p2a: Cocoon
|-damage|p2a: Cocoon|9/100
|
|-weather|Sandstorm|[upkeep]
|-heal|p2a: Cocoon|15/100|[from] item: Leftovers
|-heal|p1a: Tyranitar|45/100|[from] item: Leftovers
|upkeep
|turn|29
|
|t:|1728791261
|move|p2a: Cocoon|Thunder|p1a: Tyranitar|[miss]
|-miss|p2a: Cocoon|p1a: Tyranitar
|move|p1a: Tyranitar|Flamethrower|p2a: Cocoon
|-supereffective|p2a: Cocoon
|-damage|p2a: Cocoon|0 fnt
|faint|p2a: Cocoon
|
|t:|1728791263
|switch|p2a: Rango|Aerodactyl, M|100/100
|
|-weather|Sandstorm|[upkeep]
|-heal|p1a: Tyranitar|51/100|[from] item: Leftovers
|upkeep
|turn|30
|
|t:|1728791270
|move|p2a: Rango|Double-Edge|p1a: Tyranitar
|-resisted|p1a: Tyranitar
|-damage|p1a: Tyranitar|29/100
|move|p1a: Tyranitar|Ice Beam|p2a: Rango
|-supereffective|p2a: Rango
|-crit|p2a: Rango
|-damage|p2a: Rango|0 fnt
|faint|p2a: Rango
|
|win|qsns
|c|☆qsns|ggs sry for luck

</script>
<script type="application/json" class="data" id="replaydata-smogtours-gen3ou-797952">
{"id":"smogtours-gen3ou-797952","format":"[Gen 3] OU","players":["qsns","PinjarraPanther"],"uploadtime":1728791270,"views":101,"formatid":"gen3ou","rating":null,"private":0,"password":null}
</script>

<script defer src="js/replays.js?9d40a366"></script>
