<!DOCTYPE html>
<meta charset="utf-8" />
<meta name="viewport" content="width=device-width" />

<title>[Gen 3] OU: JCEntrena vs. aahaahaah - Replays - Pok&eacute;mon Showdown!</title>

<meta name="description" content="Watch a replay of a Pok&eacute;mon battle between JCEntrena and aahaahaah! Format: [Gen 3] OU; Date: Oct 25, 2024" />
<!--

Hey, you! Looking in the source for the replay log?

You can find them in JSON format, just add `.json` at the end of a replay URL.

https://replay.pokemonshowdown.com/gen7randomdoublesbattle-865046831.json

Or, if you only need the log itself, add `.log` instead:

https://replay.pokemonshowdown.com/gen7randomdoublesbattle-865046831.log

-->

<link rel="stylesheet" href="//pokemonshowdown.com/style/global.css?0.023195364461161105" />
<link rel="stylesheet" href="//play.pokemonshowdown.com/style/font-awesome.css?0.13261647063804238" />
<link rel="stylesheet" href="//play.pokemonshowdown.com/style/battle.css?0.8753245789963631" />
<link rel="stylesheet" href="//play.pokemonshowdown.com/style/utilichart.css?0.8627959624976733" />

<!-- Global site tag (gtag.js) - Google Analytics -->
<script async src="https://www.googletagmanager.com/gtag/js?id=UA-26211653-1"></script>
<script>
  window.dataLayer = window.dataLayer || [];
  function gtag(){dataLayer.push(arguments);}
  gtag('js', new Date());

  gtag('config', 'UA-26211653-1');
</script>
<!-- End Google Analytics -->
<!-- Venatus Ad Manager - Install in <HEAD> of page -->
	<script src="https://hb.vntsm.com/v3/live/ad-manager.min.js" type="text/javascript" data-site-id="642aba63ec9a7b11c3c9c1be" data-mode="scan" async></script>
<!-- / Venatus Ad Manager -->

<style>
	@media (max-width:820px) {
		.battle {
			margin: 0 auto;
		}
		.battle-log {
			margin: 7px auto 0;
			max-width: 640px;
			height: 300px;
			position: static;
		}
	}
	.optgroup {
		display: inline-block;
		line-height: 22px;
		font-size: 10pt;
	}
	.optgroup .button {
		height: 25px;
		padding-top: 0;
		padding-bottom: 0;
	}
	.optgroup button.button {
		padding-left: 12px;
		padding-right: 12px;
	}
	.linklist {
		list-style: none;
		margin: 0.5em 0;
		padding: 0;
	}
	.linklist li {
		padding: 2px 0;
	}
	.sidebar {
		float: left;
		width: 320px;
	}
	.bar-wrapper {
		max-width: 1100px;
		margin: 0 auto;
	}
	.bar-wrapper.has-sidebar {
		max-width: 1430px;
	}
	.mainbar {
		margin: 0;
		padding-right: 1px;
	}
	.mainbar.has-sidebar {
		margin-left: 330px;
	}
	@media (min-width: 1511px) {
		.sidebar {
			width: 400px;
		}
		.bar-wrapper.has-sidebar {
			max-width: 1510px;
		}
		.mainbar.has-sidebar {
			margin-left: 410px;
		}
	}
	.section.first-section {
		margin-top: 9px;
	}
	.blocklink small {
		white-space: normal;
	}
	.button {
		vertical-align: middle;
	}
	.replay-controls {
		padding-top: 10px;
	}
	.replay-controls h1 {
		font-size: 16pt;
		font-weight: normal;
		color: #CCC;
	}
	.pagelink {
		text-align: center;
	}
	.pagelink a {
		width: 150px;
	}
	.textbox, .button {
		font-size: 11pt;
		vertical-align: middle;
	}
	@media (max-width: 450px) {
		.button {
			font-size: 9pt;
		}
	}
</style>

<div>

	<header>
		<div class="nav-wrapper"><ul class="nav">
			<li><a class="button nav-first" href="//pokemonshowdown.com/"><img src="//pokemonshowdown.com/images/pokemonshowdownbeta.png" srcset="//pokemonshowdown.com/images/pokemonshowdownbeta.png 1x, //pokemonshowdown.com/images/pokemonshowdownbeta@2x.png 2x" alt="Pok&eacute;mon Showdown" width="146" height="44" /> Home</a></li>
			<li><a class="button" href="//pokemonshowdown.com/dex/">Pok&eacute;dex</a></li>
			<li><a class="button cur" href="/">Replays</a></li>
			<li><a class="button" href="//pokemonshowdown.com/ladder/">Ladder</a></li>
			<li><a class="button nav-last" href="//pokemonshowdown.com/forums/">Forum</a></li>
			<li><a class="button greenbutton nav-first nav-last" href="//play.pokemonshowdown.com/">Play</a></li>
		</ul></div>
	</header>

	<div class="main" id="main">

		<noscript><section class="section">You need to enable JavaScript to use this page; sorry!</section></noscript>

	</div>

</div>

<script defer nomodule src="//play.pokemonshowdown.com/js/lib/ps-polyfill.js"></script>
<script defer src="//play.pokemonshowdown.com/js/lib/preact.min.js"></script>

<script defer src="//play.pokemonshowdown.com/config/config.js?2bddbc15"></script>
<script defer src="//play.pokemonshowdown.com/js/lib/jquery-1.11.0.min.js"></script>
<script defer src="//play.pokemonshowdown.com/js/lib/html-sanitizer-minified.js"></script>
<script defer src="//play.pokemonshowdown.com/js/battle-sound.js"></script>
<script defer src="//play.pokemonshowdown.com/js/battledata.js?0.7209276989879541"></script>
<script defer src="//play.pokemonshowdown.com/data/pokedex-mini.js?0.6111056340867951"></script>
<script defer src="//play.pokemonshowdown.com/data/pokedex-mini-bw.js?0.3532142036491459"></script>
<script defer src="//play.pokemonshowdown.com/data/graphics.js?0.24223875632456182"></script>
<script defer src="//play.pokemonshowdown.com/data/pokedex.js?0.38839984266356864"></script>
<script defer src="//play.pokemonshowdown.com/data/moves.js?0.21866028504024015"></script>
<script defer src="//play.pokemonshowdown.com/data/abilities.js?0.2005157953846628"></script>
<script defer src="//play.pokemonshowdown.com/data/items.js?0.9894211263848525"></script>
<script defer src="//play.pokemonshowdown.com/data/teambuilder-tables.js?0.6008791140282215"></script>
<script defer src="//play.pokemonshowdown.com/js/battle-tooltips.js?0.7580118955022959"></script>
<script defer src="//play.pokemonshowdown.com/js/battle.js?0.6057722274234274"></script>

<script defer src="js/utils.js?e31f9a17"></script>
<script defer src="js/replays-battle.js?7008c182"></script>

<!-- don't scrape this data! just add .json or .log after the URL!
Full API docs: https://github.com/smogon/pokemon-showdown-client/blob/master/WEB-API.md -->
<script type="text/plain" class="log" id="replaylog-smogtours-gen3ou-801772">
|inactive|Battle timer is ON: inactive players will automatically lose when time's up.
|t:|1729840151
|gametype|singles
|player|p1|JCEntrena|veteran|
|player|p2|aahaahaah|2|
|teamsize|p1|6
|teamsize|p2|6
|gen|3
|tier|[Gen 3] OU
|rule|Sleep Clause Mod: Limit one foe put to sleep
|rule|Switch Priority Clause Mod: Faster Pokémon switch first
|rule|Species Clause: Limit one of each Pokémon
|rule|OHKO Clause: OHKO moves are banned
|rule|Evasion Items Clause: Evasion items are banned
|rule|Evasion Moves Clause: Evasion moves are banned
|rule|Endless Battle Clause: Forcing endless battles is banned
|rule|HP Percentage Mod: HP is shown in percentages
|rule|One Boost Passer Clause: Limit one Baton Passer that has a way to boost its stats
|rule|Freeze Clause Mod: Limit one foe frozen
|
|t:|1729840151
|start
|switch|p1a: Salamence|Salamence, M|100/100
|switch|p2a: Skarmory|Skarmory, F|100/100
|-ability|p1a: Salamence|Intimidate|boost
|-unboost|p2a: Skarmory|atk|1
|turn|1
|
|t:|1729840162
|move|p2a: Skarmory|Protect|p2a: Skarmory
|-singleturn|p2a: Skarmory|Protect
|move|p1a: Salamence|Rock Slide|p2a: Skarmory
|-activate|p2a: Skarmory|Protect
|
|upkeep
|turn|2
|
|t:|1729840172
|move|p1a: Salamence|Rock Slide|p2a: Skarmory
|-damage|p2a: Skarmory|76/100
|move|p2a: Skarmory|Toxic|p1a: Salamence
|-status|p1a: Salamence|tox
|
|-damage|p1a: Salamence|94/100 tox|[from] psn
|-heal|p2a: Skarmory|82/100|[from] item: Leftovers
|upkeep
|turn|3
|
|t:|1729840178
|switch|p1a: Magneton|Magneton|100/100
|move|p2a: Skarmory|Spikes|p1a: Magneton
|-sidestart|p1: JCEntrena|Spikes
|
|-heal|p2a: Skarmory|88/100|[from] item: Leftovers
|upkeep
|turn|4
|
|t:|1729840183
|move|p2a: Skarmory|Protect|p2a: Skarmory
|-singleturn|p2a: Skarmory|Protect
|move|p1a: Magneton|Thunderbolt|p2a: Skarmory
|-activate|p2a: Skarmory|Protect
|
|-heal|p2a: Skarmory|94/100|[from] item: Leftovers
|upkeep
|turn|5
|
|t:|1729840186
|move|p1a: Magneton|Thunderbolt|p2a: Skarmory
|-supereffective|p2a: Skarmory
|-damage|p2a: Skarmory|0 fnt
|faint|p2a: Skarmory
|
|t:|1729840192
|switch|p2a: Blissey|Blissey, F|100/100
|
|upkeep
|turn|6
|
|t:|1729840196
|move|p1a: Magneton|Toxic|p2a: Blissey
|-status|p2a: Blissey|tox
|move|p2a: Blissey|Seismic Toss|p1a: Magneton
|-damage|p1a: Magneton|60/100
|
|-damage|p2a: Blissey|94/100 tox|[from] psn
|upkeep
|turn|7
|
|t:|1729840215
|switch|p1a: Salamence|Salamence, M|94/100 tox
|-ability|p1a: Salamence|Intimidate|boost
|-unboost|p2a: Blissey|atk|1
|move|p2a: Blissey|Seismic Toss|p1a: Salamence
|-damage|p1a: Salamence|64/100 tox
|
|-damage|p1a: Salamence|58/100 tox|[from] psn
|-heal|p2a: Blissey|100/100 tox|[from] item: Leftovers
|-damage|p2a: Blissey|88/100 tox|[from] psn
|upkeep
|turn|8
|
|t:|1729840221
|move|p1a: Salamence|Brick Break|p2a: Blissey
|-supereffective|p2a: Blissey
|-damage|p2a: Blissey|0 fnt
|faint|p2a: Blissey
|
|t:|1729840231
|switch|p2a: Milotic|Milotic, M|100/100
|
|-damage|p1a: Salamence|46/100 tox|[from] psn
|upkeep
|turn|9
|
|t:|1729840236
|switch|p1a: Celebi|Celebi|100/100
|-damage|p1a: Celebi|88/100|[from] Spikes
|move|p2a: Milotic|Surf|p1a: Celebi
|-resisted|p1a: Celebi
|-damage|p1a: Celebi|76/100
|
|-heal|p1a: Celebi|82/100|[from] item: Leftovers
|upkeep
|turn|10
|
|t:|1729840244
|switch|p2a: Celebi|Celebi|100/100
|move|p1a: Celebi|Leech Seed|p2a: Celebi
|-immune|p2a: Celebi
|
|-heal|p1a: Celebi|88/100|[from] item: Leftovers
|upkeep
|turn|11
|
|t:|1729840255
|move|p1a: Celebi|Perish Song|p1a: Celebi
|-start|p1a: Celebi|perish3|[silent]
|-start|p2a: Celebi|perish3|[silent]
|-fieldactivate|move: Perish Song
|move|p2a: Celebi|Psychic|p1a: Celebi
|-resisted|p1a: Celebi
|-damage|p1a: Celebi|76/100
|
|-heal|p1a: Celebi|82/100|[from] item: Leftovers
|-start|p1a: Celebi|perish3
|-start|p2a: Celebi|perish3
|upkeep
|turn|12
|
|t:|1729840263
|switch|p2a: Milotic|Milotic, M|100/100
|move|p1a: Celebi|Recover|p1a: Celebi
|-heal|p1a: Celebi|100/100
|
|-start|p1a: Celebi|perish2
|upkeep
|turn|13
|
|t:|1729840268
|move|p1a: Celebi|Leech Seed|p2a: Milotic
|-start|p2a: Milotic|move: Leech Seed
|move|p2a: Milotic|Surf|p1a: Celebi
|-resisted|p1a: Celebi
|-damage|p1a: Celebi|88/100
|
|-heal|p1a: Celebi|94/100|[from] item: Leftovers
|-damage|p2a: Milotic|88/100|[from] Leech Seed|[of] p1a: Celebi
|-heal|p1a: Celebi|100/100|[silent]
|-start|p1a: Celebi|perish1
|upkeep
|turn|14
|
|t:|1729840277
|switch|p1a: Snorlax|Snorlax, M, shiny|100/100
|-damage|p1a: Snorlax|88/100|[from] Spikes
|switch|p2a: Celebi|Celebi|100/100
|
|-heal|p1a: Snorlax|94/100|[from] item: Leftovers
|upkeep
|turn|15
|
|t:|1729840284
|move|p2a: Celebi|Leech Seed|p1a: Snorlax
|-start|p1a: Snorlax|move: Leech Seed
|move|p1a: Snorlax|Shadow Ball|p2a: Celebi
|-supereffective|p2a: Celebi
|-damage|p2a: Celebi|65/100
|
|-heal|p2a: Celebi|71/100|[from] item: Leftovers
|-heal|p1a: Snorlax|100/100|[from] item: Leftovers
|-damage|p1a: Snorlax|88/100|[from] Leech Seed|[of] p2a: Celebi
|-heal|p2a: Celebi|85/100|[silent]
|upkeep
|turn|16
|
|t:|1729840292
|switch|p1a: Salamence|Salamence, M|46/100 tox
|-ability|p1a: Salamence|Intimidate|boost
|-unboost|p2a: Celebi|atk|1
|move|p2a: Celebi|Psychic|p1a: Salamence
|-damage|p1a: Salamence|3/100 tox
|
|-damage|p1a: Salamence|0 fnt|[from] psn
|faint|p1a: Salamence
|-heal|p2a: Celebi|91/100|[from] item: Leftovers
|upkeep
|
|t:|1729840309
|switch|p1a: Magneton|Magneton|60/100
|-damage|p1a: Magneton|48/100|[from] Spikes
|turn|17
|
|t:|1729840318
|move|p1a: Magneton|Toxic|p2a: Celebi
|-status|p2a: Celebi|tox
|move|p2a: Celebi|Psychic|p1a: Magneton
|-resisted|p1a: Magneton
|-damage|p1a: Magneton|18/100
|
|-heal|p2a: Celebi|98/100 tox|[from] item: Leftovers
|-damage|p2a: Celebi|91/100 tox|[from] psn
|upkeep
|turn|18
|
|t:|1729840329
|switch|p1a: Claydol|Claydol|100/100
|move|p2a: Celebi|Psychic|p1a: Claydol
|-resisted|p1a: Claydol
|-damage|p1a: Claydol|86/100
|
|-heal|p2a: Celebi|98/100 tox|[from] item: Leftovers
|-damage|p2a: Celebi|85/100 tox|[from] psn
|-heal|p1a: Claydol|92/100|[from] item: Leftovers
|upkeep
|turn|19
|
|t:|1729840334
|-curestatus|p2a: Celebi|tox|[from] ability: Natural Cure
|switch|p2a: Milotic|Milotic, M|88/100
|move|p1a: Claydol|Rapid Spin|p2a: Milotic
|-damage|p2a: Milotic|85/100
|-sideend|p1: JCEntrena|Spikes|[from] move: Rapid Spin|[of] p1a: Claydol
|
|-heal|p2a: Milotic|91/100|[from] item: Leftovers
|-heal|p1a: Claydol|99/100|[from] item: Leftovers
|upkeep
|turn|20
|
|t:|1729840346
|switch|p1a: Celebi|Celebi|100/100
|move|p2a: Milotic|Toxic|p1a: Celebi
|-status|p1a: Celebi|tox
|
|-damage|p1a: Celebi|94/100 tox|[from] psn
|-heal|p2a: Milotic|97/100|[from] item: Leftovers
|upkeep
|turn|21
|
|t:|1729840354
|switch|p2a: Celebi|Celebi|85/100
|move|p1a: Celebi|Hidden Power|p2a: Celebi
|-resisted|p2a: Celebi
|-damage|p2a: Celebi|75/100
|
|-heal|p1a: Celebi|100/100 tox|[from] item: Leftovers
|-damage|p1a: Celebi|88/100 tox|[from] psn
|-heal|p2a: Celebi|81/100|[from] item: Leftovers
|upkeep
|turn|22
|
|t:|1729840373
|-curestatus|p1a: Celebi|tox|[from] ability: Natural Cure
|switch|p1a: Snorlax|Snorlax, M, shiny|88/100
|move|p2a: Celebi|Psychic|p1a: Snorlax
|-damage|p1a: Snorlax|70/100
|
|-heal|p2a: Celebi|88/100|[from] item: Leftovers
|-heal|p1a: Snorlax|76/100|[from] item: Leftovers
|upkeep
|turn|23
|
|t:|1729840384
|switch|p2a: Milotic|Milotic, M|97/100
|move|p1a: Snorlax|Curse|p1a: Snorlax
|-unboost|p1a: Snorlax|spe|1
|-boost|p1a: Snorlax|atk|1
|-boost|p1a: Snorlax|def|1
|
|-heal|p2a: Milotic|100/100|[from] item: Leftovers
|-heal|p1a: Snorlax|82/100|[from] item: Leftovers
|upkeep
|turn|24
|
|t:|1729840391
|move|p2a: Milotic|Surf|p1a: Snorlax
|-damage|p1a: Snorlax|65/100
|move|p1a: Snorlax|Body Slam|p2a: Milotic
|-crit|p2a: Milotic
|-damage|p2a: Milotic|11/100
|
|-heal|p2a: Milotic|18/100|[from] item: Leftovers
|-heal|p1a: Snorlax|71/100|[from] item: Leftovers
|upkeep
|turn|25
|
|t:|1729840400
|switch|p2a: Celebi|Celebi|88/100
|move|p1a: Snorlax|Body Slam|p2a: Celebi
|-damage|p2a: Celebi|45/100
|
|-heal|p2a: Celebi|51/100|[from] item: Leftovers
|-heal|p1a: Snorlax|78/100|[from] item: Leftovers
|upkeep
|turn|26
|
|t:|1729840405
|move|p2a: Celebi|Recover|p2a: Celebi
|-heal|p2a: Celebi|100/100
|move|p1a: Snorlax|Body Slam|p2a: Celebi
|-damage|p2a: Celebi|59/100
|
|-heal|p2a: Celebi|65/100|[from] item: Leftovers
|-heal|p1a: Snorlax|84/100|[from] item: Leftovers
|upkeep
|turn|27
|
|t:|1729840411
|move|p2a: Celebi|Leech Seed|p1a: Snorlax
|-start|p1a: Snorlax|move: Leech Seed
|move|p1a: Snorlax|Curse|p1a: Snorlax
|-unboost|p1a: Snorlax|spe|1
|-boost|p1a: Snorlax|atk|1
|-boost|p1a: Snorlax|def|1
|
|-heal|p2a: Celebi|71/100|[from] item: Leftovers
|-heal|p1a: Snorlax|90/100|[from] item: Leftovers
|-damage|p1a: Snorlax|78/100|[from] Leech Seed|[of] p2a: Celebi
|-heal|p2a: Celebi|86/100|[silent]
|upkeep
|turn|28
|
|t:|1729840423
|move|p2a: Celebi|Psychic|p1a: Snorlax
|-damage|p1a: Snorlax|60/100
|move|p1a: Snorlax|Body Slam|p2a: Celebi
|-damage|p2a: Celebi|35/100
|
|-heal|p2a: Celebi|41/100|[from] item: Leftovers
|-heal|p1a: Snorlax|66/100|[from] item: Leftovers
|-damage|p1a: Snorlax|53/100|[from] Leech Seed|[of] p2a: Celebi
|-heal|p2a: Celebi|55/100|[silent]
|upkeep
|turn|29
|
|t:|1729840431
|move|p2a: Celebi|Recover|p2a: Celebi
|-heal|p2a: Celebi|100/100
|move|p1a: Snorlax|Body Slam|p2a: Celebi
|-damage|p2a: Celebi|48/100
|-status|p2a: Celebi|par
|
|-heal|p2a: Celebi|54/100 par|[from] item: Leftovers
|-heal|p1a: Snorlax|60/100|[from] item: Leftovers
|-damage|p1a: Snorlax|47/100|[from] Leech Seed|[of] p2a: Celebi
|-heal|p2a: Celebi|69/100 par|[silent]
|upkeep
|turn|30
|
|t:|1729840446
|switch|p1a: Magneton|Magneton|18/100
|move|p2a: Celebi|Recover|p2a: Celebi
|-heal|p2a: Celebi|100/100 par
|
|upkeep
|turn|31
|
|t:|1729840452
|move|p1a: Magneton|Hidden Power|p2a: Celebi
|-supereffective|p2a: Celebi
|-damage|p2a: Celebi|62/100 par
|move|p2a: Celebi|Psychic|p1a: Magneton
|-resisted|p1a: Magneton
|-damage|p1a: Magneton|0 fnt
|faint|p1a: Magneton
|
|t:|1729840461
|switch|p1a: Snorlax|Snorlax, M, shiny|47/100
|
|-heal|p1a: Snorlax|53/100|[from] item: Leftovers
|-heal|p2a: Celebi|68/100 par|[from] item: Leftovers
|upkeep
|turn|32
|
|t:|1729840465
|move|p1a: Snorlax|Body Slam|p2a: Celebi
|-damage|p2a: Celebi|43/100 par
|cant|p2a: Celebi|par
|
|-heal|p1a: Snorlax|60/100|[from] item: Leftovers
|-heal|p2a: Celebi|49/100 par|[from] item: Leftovers
|upkeep
|turn|33
|
|t:|1729840471
|move|p1a: Snorlax|Shadow Ball|p2a: Celebi
|-supereffective|p2a: Celebi
|-damage|p2a: Celebi|13/100 par
|-unboost|p2a: Celebi|spd|1
|move|p2a: Celebi|Recover|p2a: Celebi
|-heal|p2a: Celebi|63/100 par
|
|-heal|p1a: Snorlax|66/100|[from] item: Leftovers
|-heal|p2a: Celebi|69/100 par|[from] item: Leftovers
|upkeep
|turn|34
|
|t:|1729840479
|-curestatus|p2a: Celebi|par|[from] ability: Natural Cure
|switch|p2a: Suicune|Suicune|100/100
|move|p1a: Snorlax|Shadow Ball|p2a: Suicune
|-damage|p2a: Suicune|87/100
|
|-heal|p2a: Suicune|94/100|[from] item: Leftovers
|-heal|p1a: Snorlax|72/100|[from] item: Leftovers
|upkeep
|turn|35
|
|t:|1729840488
|move|p2a: Suicune|Calm Mind|p2a: Suicune
|-boost|p2a: Suicune|spa|1
|-boost|p2a: Suicune|spd|1
|move|p1a: Snorlax|Body Slam|p2a: Suicune
|-damage|p2a: Suicune|71/100
|
|-heal|p2a: Suicune|77/100|[from] item: Leftovers
|-heal|p1a: Snorlax|78/100|[from] item: Leftovers
|upkeep
|turn|36
|
|t:|1729840494
|switch|p1a: Celebi|Celebi|88/100
|move|p2a: Suicune|Calm Mind|p2a: Suicune
|-boost|p2a: Suicune|spa|1
|-boost|p2a: Suicune|spd|1
|
|-heal|p1a: Celebi|94/100|[from] item: Leftovers
|-heal|p2a: Suicune|83/100|[from] item: Leftovers
|upkeep
|turn|37
|
|t:|1729840507
|move|p1a: Celebi|Perish Song|p1a: Celebi
|-start|p1a: Celebi|perish3|[silent]
|-start|p2a: Suicune|perish3|[silent]
|-fieldactivate|move: Perish Song
|move|p2a: Suicune|Surf|p1a: Celebi
|-resisted|p1a: Celebi
|-damage|p1a: Celebi|72/100
|
|-heal|p1a: Celebi|78/100|[from] item: Leftovers
|-heal|p2a: Suicune|90/100|[from] item: Leftovers
|-start|p1a: Celebi|perish3
|-start|p2a: Suicune|perish3
|upkeep
|turn|38
|
|t:|1729840515
|switch|p1a: Snorlax|Snorlax, M, shiny|78/100
|move|p2a: Suicune|Surf|p1a: Snorlax
|-damage|p1a: Snorlax|46/100
|
|-heal|p2a: Suicune|96/100|[from] item: Leftovers
|-heal|p1a: Snorlax|52/100|[from] item: Leftovers
|-start|p2a: Suicune|perish2
|upkeep
|turn|39
|
|t:|1729840526
|switch|p2a: Claydol|Claydol|100/100
|move|p1a: Snorlax|Curse|p1a: Snorlax
|-unboost|p1a: Snorlax|spe|1
|-boost|p1a: Snorlax|atk|1
|-boost|p1a: Snorlax|def|1
|
|-heal|p1a: Snorlax|59/100|[from] item: Leftovers
|upkeep
|turn|40
|
|t:|1729840533
|switch|p2a: Celebi|Celebi|69/100
|move|p1a: Snorlax|Shadow Ball|p2a: Celebi
|-supereffective|p2a: Celebi
|-damage|p2a: Celebi|21/100
|-unboost|p2a: Celebi|spd|1
|
|-heal|p2a: Celebi|27/100|[from] item: Leftovers
|-heal|p1a: Snorlax|65/100|[from] item: Leftovers
|upkeep
|turn|41
|
|t:|1729840543
|move|p2a: Celebi|Recover|p2a: Celebi
|-heal|p2a: Celebi|77/100
|move|p1a: Snorlax|Body Slam|p2a: Celebi
|-damage|p2a: Celebi|38/100
|
|-heal|p2a: Celebi|44/100|[from] item: Leftovers
|-heal|p1a: Snorlax|71/100|[from] item: Leftovers
|upkeep
|turn|42
|
|t:|1729840549
|move|p2a: Celebi|Recover|p2a: Celebi
|-heal|p2a: Celebi|94/100
|move|p1a: Snorlax|Body Slam|p2a: Celebi
|-damage|p2a: Celebi|55/100
|
|-heal|p2a: Celebi|61/100|[from] item: Leftovers
|-heal|p1a: Snorlax|77/100|[from] item: Leftovers
|upkeep
|turn|43
|
|t:|1729840555
|move|p2a: Celebi|Leech Seed|p1a: Snorlax
|-start|p1a: Snorlax|move: Leech Seed
|move|p1a: Snorlax|Curse|p1a: Snorlax
|-unboost|p1a: Snorlax|spe|1
|-boost|p1a: Snorlax|atk|1
|-boost|p1a: Snorlax|def|1
|
|-heal|p2a: Celebi|67/100|[from] item: Leftovers
|-heal|p1a: Snorlax|83/100|[from] item: Leftovers
|-damage|p1a: Snorlax|71/100|[from] Leech Seed|[of] p2a: Celebi
|-heal|p2a: Celebi|82/100|[silent]
|upkeep
|turn|44
|
|t:|1729840562
|move|p2a: Celebi|Psychic|p1a: Snorlax
|-damage|p1a: Snorlax|53/100
|move|p1a: Snorlax|Curse|p1a: Snorlax
|-unboost|p1a: Snorlax|spe|1
|-boost|p1a: Snorlax|atk|1
|-boost|p1a: Snorlax|def|1
|
|-heal|p2a: Celebi|88/100|[from] item: Leftovers
|-heal|p1a: Snorlax|59/100|[from] item: Leftovers
|-damage|p1a: Snorlax|47/100|[from] Leech Seed|[of] p2a: Celebi
|-heal|p2a: Celebi|100/100|[silent]
|upkeep
|turn|45
|
|t:|1729840568
|move|p2a: Celebi|Psychic|p1a: Snorlax
|-damage|p1a: Snorlax|27/100
|-unboost|p1a: Snorlax|spd|1
|move|p1a: Snorlax|Shadow Ball|p2a: Celebi
|-supereffective|p2a: Celebi
|-damage|p2a: Celebi|21/100
|
|-heal|p2a: Celebi|27/100|[from] item: Leftovers
|-heal|p1a: Snorlax|33/100|[from] item: Leftovers
|-damage|p1a: Snorlax|21/100|[from] Leech Seed|[of] p2a: Celebi
|-heal|p2a: Celebi|41/100|[silent]
|upkeep
|turn|46
|
|t:|1729840587
|switch|p2a: Claydol|Claydol|100/100
|move|p1a: Snorlax|Shadow Ball|p2a: Claydol
|-supereffective|p2a: Claydol
|-damage|p2a: Claydol|0 fnt
|faint|p2a: Claydol
|
|t:|1729840595
|switch|p2a: Suicune|Suicune|96/100
|
|-heal|p2a: Suicune|100/100|[from] item: Leftovers
|-heal|p1a: Snorlax|27/100|[from] item: Leftovers
|-damage|p1a: Snorlax|15/100|[from] Leech Seed|[of] p2a: Suicune
|upkeep
|turn|47
|
|t:|1729840601
|move|p2a: Suicune|Surf|p1a: Snorlax
|-damage|p1a: Snorlax|0 fnt
|faint|p1a: Snorlax
|
|t:|1729840607
|switch|p1a: Celebi|Celebi|78/100
|
|-heal|p1a: Celebi|84/100|[from] item: Leftovers
|upkeep
|turn|48
|
|t:|1729840614
|switch|p2a: Celebi|Celebi|41/100
|move|p1a: Celebi|Perish Song|p1a: Celebi
|-start|p1a: Celebi|perish3|[silent]
|-start|p2a: Celebi|perish3|[silent]
|-fieldactivate|move: Perish Song
|
|-heal|p1a: Celebi|91/100|[from] item: Leftovers
|-heal|p2a: Celebi|48/100|[from] item: Leftovers
|-start|p1a: Celebi|perish3
|-start|p2a: Celebi|perish3
|upkeep
|turn|49
|
|t:|1729840626
|switch|p1a: Claydol|Claydol|99/100
|move|p2a: Celebi|Recover|p2a: Celebi
|-heal|p2a: Celebi|98/100
|
|-heal|p2a: Celebi|100/100|[from] item: Leftovers
|-heal|p1a: Claydol|100/100|[from] item: Leftovers
|-start|p2a: Celebi|perish2
|upkeep
|turn|50
|
|t:|1729840636
|switch|p2a: Suicune|Suicune|100/100
|switch|p1a: Suicune|Suicune|100/100
|
|upkeep
|turn|51
|
|t:|1729840642
|move|p1a: Suicune|Calm Mind|p1a: Suicune
|-boost|p1a: Suicune|spa|1
|-boost|p1a: Suicune|spd|1
|move|p2a: Suicune|Calm Mind|p2a: Suicune
|-boost|p2a: Suicune|spa|1
|-boost|p2a: Suicune|spd|1
|
|upkeep
|turn|52
|
|t:|1729840646
|move|p1a: Suicune|Calm Mind|p1a: Suicune
|-boost|p1a: Suicune|spa|1
|-boost|p1a: Suicune|spd|1
|move|p2a: Suicune|Calm Mind|p2a: Suicune
|-boost|p2a: Suicune|spa|1
|-boost|p2a: Suicune|spd|1
|
|upkeep
|turn|53
|
|t:|1729840651
|move|p1a: Suicune|Calm Mind|p1a: Suicune
|-boost|p1a: Suicune|spa|1
|-boost|p1a: Suicune|spd|1
|move|p2a: Suicune|Calm Mind|p2a: Suicune
|-boost|p2a: Suicune|spa|1
|-boost|p2a: Suicune|spd|1
|
|upkeep
|turn|54
|
|t:|1729840656
|move|p1a: Suicune|Calm Mind|p1a: Suicune
|-boost|p1a: Suicune|spa|1
|-boost|p1a: Suicune|spd|1
|move|p2a: Suicune|Calm Mind|p2a: Suicune
|-boost|p2a: Suicune|spa|1
|-boost|p2a: Suicune|spd|1
|
|upkeep
|turn|55
|
|t:|1729840661
|move|p1a: Suicune|Calm Mind|p1a: Suicune
|-boost|p1a: Suicune|spa|1
|-boost|p1a: Suicune|spd|1
|move|p2a: Suicune|Calm Mind|p2a: Suicune
|-boost|p2a: Suicune|spa|1
|-boost|p2a: Suicune|spd|1
|
|upkeep
|turn|56
|
|t:|1729840665
|move|p1a: Suicune|Roar|p2a: Suicune
|drag|p2a: Milotic|Milotic, M|18/100
|
|-heal|p2a: Milotic|24/100|[from] item: Leftovers
|upkeep
|turn|57
|
|t:|1729840676
|move|p1a: Suicune|Surf|p2a: Milotic
|-resisted|p2a: Milotic
|-damage|p2a: Milotic|0 fnt
|faint|p2a: Milotic
|
|t:|1729840679
|switch|p2a: Celebi|Celebi|100/100
|
|upkeep
|turn|58
|
|t:|1729840682
|move|p2a: Celebi|Leech Seed|p1a: Suicune
|-start|p1a: Suicune|move: Leech Seed
|move|p1a: Suicune|Surf|p2a: Celebi
|-resisted|p2a: Celebi
|-damage|p2a: Celebi|57/100
|
|-heal|p2a: Celebi|63/100|[from] item: Leftovers
|-damage|p1a: Suicune|88/100|[from] Leech Seed|[of] p2a: Celebi
|-heal|p2a: Celebi|76/100|[silent]
|upkeep
|turn|59
|
|t:|1729840691
|switch|p2a: Suicune|Suicune|100/100
|move|p1a: Suicune|Calm Mind|p1a: Suicune
|-boost|p1a: Suicune|spa|1
|-boost|p1a: Suicune|spd|1
|
|-heal|p1a: Suicune|94/100|[from] item: Leftovers
|-damage|p1a: Suicune|82/100|[from] Leech Seed|[of] p2a: Suicune
|upkeep
|turn|60
|
|t:|1729840699
|move|p2a: Suicune|Calm Mind|p2a: Suicune
|-boost|p2a: Suicune|spa|1
|-boost|p2a: Suicune|spd|1
|move|p1a: Suicune|Roar|p2a: Suicune
|drag|p2a: Celebi|Celebi|76/100
|
|-heal|p2a: Celebi|82/100|[from] item: Leftovers
|-heal|p1a: Suicune|88/100|[from] item: Leftovers
|-damage|p1a: Suicune|76/100|[from] Leech Seed|[of] p2a: Celebi
|-heal|p2a: Celebi|94/100|[silent]
|upkeep
|turn|61
|
|t:|1729840711
|move|p2a: Celebi|Hidden Power|p1a: Suicune
|-supereffective|p1a: Suicune
|-damage|p1a: Suicune|66/100
|move|p1a: Suicune|Surf|p2a: Celebi
|-resisted|p2a: Celebi
|-damage|p2a: Celebi|50/100
|
|-heal|p2a: Celebi|56/100|[from] item: Leftovers
|-heal|p1a: Suicune|72/100|[from] item: Leftovers
|-damage|p1a: Suicune|60/100|[from] Leech Seed|[of] p2a: Celebi
|-heal|p2a: Celebi|68/100|[silent]
|upkeep
|turn|62
|
|t:|1729840720
|move|p2a: Celebi|Hidden Power|p1a: Suicune
|-supereffective|p1a: Suicune
|-crit|p1a: Suicune
|-damage|p1a: Suicune|0 fnt
|faint|p1a: Suicune
|
|t:|1729840729
|switch|p1a: Claydol|Claydol|100/100
|
|-heal|p2a: Celebi|75/100|[from] item: Leftovers
|upkeep
|turn|63
|
|t:|1729840735
|move|p2a: Celebi|Hidden Power|p1a: Claydol
|-supereffective|p1a: Claydol
|-damage|p1a: Claydol|56/100
|move|p1a: Claydol|Earthquake|p2a: Celebi
|-resisted|p2a: Celebi
|-damage|p2a: Celebi|65/100
|
|-heal|p2a: Celebi|71/100|[from] item: Leftovers
|-heal|p1a: Claydol|62/100|[from] item: Leftovers
|upkeep
|turn|64
|
|t:|1729840743
|switch|p2a: Suicune|Suicune|100/100
|switch|p1a: Celebi|Celebi|91/100
|
|-heal|p1a: Celebi|97/100|[from] item: Leftovers
|upkeep
|turn|65
|
|t:|1729840753
|move|p1a: Celebi|Leech Seed|p2a: Suicune
|-start|p2a: Suicune|move: Leech Seed
|move|p2a: Suicune|Calm Mind|p2a: Suicune
|-boost|p2a: Suicune|spa|1
|-boost|p2a: Suicune|spd|1
|
|-heal|p1a: Celebi|100/100|[from] item: Leftovers
|-damage|p2a: Suicune|88/100|[from] Leech Seed|[of] p1a: Celebi
|upkeep
|turn|66
|
|t:|1729840757
|move|p1a: Celebi|Hidden Power|p2a: Suicune
|-supereffective|p2a: Suicune
|-damage|p2a: Suicune|63/100
|move|p2a: Suicune|Calm Mind|p2a: Suicune
|-boost|p2a: Suicune|spa|1
|-boost|p2a: Suicune|spd|1
|
|-heal|p2a: Suicune|69/100|[from] item: Leftovers
|-damage|p2a: Suicune|57/100|[from] Leech Seed|[of] p1a: Celebi
|upkeep
|turn|67
|
|t:|1729840768
|move|p1a: Celebi|Hidden Power|p2a: Suicune
|-supereffective|p2a: Suicune
|-damage|p2a: Suicune|38/100
|move|p2a: Suicune|Surf|p1a: Celebi
|-resisted|p1a: Celebi
|-damage|p1a: Celebi|77/100
|
|-heal|p1a: Celebi|83/100|[from] item: Leftovers
|-heal|p2a: Suicune|44/100|[from] item: Leftovers
|-damage|p2a: Suicune|31/100|[from] Leech Seed|[of] p1a: Celebi
|-heal|p1a: Celebi|95/100|[silent]
|upkeep
|turn|68
|
|t:|1729840776
|move|p1a: Celebi|Hidden Power|p2a: Suicune
|-supereffective|p2a: Suicune
|-damage|p2a: Suicune|14/100
|move|p2a: Suicune|Rest|p2a: Suicune
|-status|p2a: Suicune|slp|[from] move: Rest
|-heal|p2a: Suicune|100/100 slp|[silent]
|
|-heal|p1a: Celebi|100/100|[from] item: Leftovers
|-damage|p2a: Suicune|88/100 slp|[from] Leech Seed|[of] p1a: Celebi
|upkeep
|turn|69
|
|t:|1729840787
|switch|p2a: Celebi|Celebi|71/100
|move|p1a: Celebi|Hidden Power|p2a: Celebi
|-resisted|p2a: Celebi
|-damage|p2a: Celebi|61/100
|
|-heal|p2a: Celebi|68/100|[from] item: Leftovers
|upkeep
|turn|70
|
|t:|1729840795
|switch|p1a: Claydol|Claydol|62/100
|move|p2a: Celebi|Hidden Power|p1a: Claydol
|-supereffective|p1a: Claydol
|-damage|p1a: Claydol|19/100
|
|-heal|p2a: Celebi|74/100|[from] item: Leftovers
|-heal|p1a: Claydol|25/100|[from] item: Leftovers
|upkeep
|turn|71
|
|t:|1729840800
|switch|p1a: Celebi|Celebi|100/100
|move|p2a: Celebi|Hidden Power|p1a: Celebi
|-resisted|p1a: Celebi
|-crit|p1a: Celebi
|-damage|p1a: Celebi|79/100
|
|-heal|p1a: Celebi|86/100|[from] item: Leftovers
|-heal|p2a: Celebi|80/100|[from] item: Leftovers
|upkeep
|turn|72
|
|t:|1729840808
|move|p1a: Celebi|Recover|p1a: Celebi
|-heal|p1a: Celebi|100/100
|move|p2a: Celebi|Hidden Power|p1a: Celebi
|-resisted|p1a: Celebi
|-damage|p1a: Celebi|90/100
|
|-heal|p1a: Celebi|96/100|[from] item: Leftovers
|-heal|p2a: Celebi|86/100|[from] item: Leftovers
|upkeep
|turn|73
|
|t:|1729840817
|switch|p2a: Suicune|Suicune|88/100 slp
|move|p1a: Celebi|Recover|p1a: Celebi
|-heal|p1a: Celebi|100/100
|
|-heal|p2a: Suicune|94/100 slp|[from] item: Leftovers
|upkeep
|turn|74
|
|t:|1729840821
|move|p1a: Celebi|Leech Seed|p2a: Suicune
|-start|p2a: Suicune|move: Leech Seed
|cant|p2a: Suicune|slp
|
|-heal|p2a: Suicune|100/100 slp|[from] item: Leftovers
|-damage|p2a: Suicune|88/100 slp|[from] Leech Seed|[of] p1a: Celebi
|upkeep
|turn|75
|
|t:|1729840825
|switch|p2a: Celebi|Celebi|86/100
|move|p1a: Celebi|Hidden Power|p2a: Celebi
|-resisted|p2a: Celebi
|-damage|p2a: Celebi|76/100
|
|-heal|p2a: Celebi|82/100|[from] item: Leftovers
|upkeep
|turn|76
|
|t:|1729840834
|move|p1a: Celebi|Recover||[still]
|-fail|p1a: Celebi|heal
|move|p2a: Celebi|Hidden Power|p1a: Celebi
|-resisted|p1a: Celebi
|-damage|p1a: Celebi|92/100
|
|-heal|p1a: Celebi|98/100|[from] item: Leftovers
|-heal|p2a: Celebi|88/100|[from] item: Leftovers
|upkeep
|turn|77
|
|t:|1729840846
|switch|p2a: Suicune|Suicune|88/100 slp
|move|p1a: Celebi|Recover|p1a: Celebi
|-heal|p1a: Celebi|100/100
|
|-heal|p2a: Suicune|94/100 slp|[from] item: Leftovers
|upkeep
|turn|78
|
|t:|1729840852
|switch|p2a: Celebi|Celebi|88/100
|move|p1a: Celebi|Hidden Power|p2a: Celebi
|-resisted|p2a: Celebi
|-damage|p2a: Celebi|78/100
|
|-heal|p2a: Celebi|84/100|[from] item: Leftovers
|upkeep
|turn|79
|
|t:|1729840856
|switch|p2a: Suicune|Suicune|94/100 slp
|move|p1a: Celebi|Recover||[still]
|-fail|p1a: Celebi|heal
|
|-heal|p2a: Suicune|100/100 slp|[from] item: Leftovers
|upkeep
|turn|80
|
|t:|1729840862
|switch|p2a: Celebi|Celebi|84/100
|move|p1a: Celebi|Recover||[still]
|-fail|p1a: Celebi|heal
|
|-heal|p2a: Celebi|91/100|[from] item: Leftovers
|upkeep
|turn|81
|
|t:|1729840868
|switch|p1a: Claydol|Claydol|25/100
|move|p2a: Celebi|Hidden Power|p1a: Claydol
|-supereffective|p1a: Claydol
|-damage|p1a: Claydol|0 fnt
|faint|p1a: Claydol
|
|t:|1729840872
|switch|p1a: Celebi|Celebi|100/100
|
|-heal|p2a: Celebi|97/100|[from] item: Leftovers
|upkeep
|turn|82
|
|t:|1729840877
|switch|p2a: Suicune|Suicune|100/100 slp
|move|p1a: Celebi|Hidden Power|p2a: Suicune
|-supereffective|p2a: Suicune
|-damage|p2a: Suicune|63/100 slp
|
|-heal|p2a: Suicune|69/100 slp|[from] item: Leftovers
|upkeep
|turn|83
|
|t:|1729840884
|switch|p2a: Celebi|Celebi|97/100
|move|p1a: Celebi|Recover||[still]
|-fail|p1a: Celebi|heal
|
|-heal|p2a: Celebi|100/100|[from] item: Leftovers
|upkeep
|turn|84
|
|t:|1729840890
|move|p1a: Celebi|Hidden Power|p2a: Celebi
|-resisted|p2a: Celebi
|-damage|p2a: Celebi|91/100
|move|p2a: Celebi|Hidden Power|p1a: Celebi
|-resisted|p1a: Celebi
|-damage|p1a: Celebi|91/100
|
|-heal|p1a: Celebi|97/100|[from] item: Leftovers
|-heal|p2a: Celebi|97/100|[from] item: Leftovers
|upkeep
|turn|85
|
|t:|1729840898
|move|p1a: Celebi|Leech Seed|p2a: Celebi
|-immune|p2a: Celebi
|move|p2a: Celebi|Leech Seed|p1a: Celebi
|-immune|p1a: Celebi
|
|-heal|p1a: Celebi|100/100|[from] item: Leftovers
|-heal|p2a: Celebi|100/100|[from] item: Leftovers
|upkeep
|turn|86
|
|t:|1729840904
|switch|p2a: Suicune|Suicune|69/100 slp
|move|p1a: Celebi|Recover||[still]
|-fail|p1a: Celebi|heal
|
|-heal|p2a: Suicune|75/100 slp|[from] item: Leftovers
|upkeep
|turn|87
|
|t:|1729840911
|switch|p2a: Celebi|Celebi|100/100
|move|p1a: Celebi|Leech Seed|p2a: Celebi
|-immune|p2a: Celebi
|
|upkeep
|turn|88
|
|t:|1729840917
|move|p1a: Celebi|Leech Seed|p2a: Celebi
|-immune|p2a: Celebi
|move|p2a: Celebi|Leech Seed|p1a: Celebi
|-immune|p1a: Celebi
|
|upkeep
|turn|89
|
|t:|1729840921
|move|p1a: Celebi|Recover||[still]
|-fail|p1a: Celebi|heal
|move|p2a: Celebi|Leech Seed|p1a: Celebi
|-immune|p1a: Celebi
|
|upkeep
|turn|90
|
|t:|1729840924
|move|p1a: Celebi|Leech Seed|p2a: Celebi
|-immune|p2a: Celebi
|move|p2a: Celebi|Leech Seed|p1a: Celebi
|-immune|p1a: Celebi
|
|upkeep
|turn|91
|
|t:|1729840930
|move|p1a: Celebi|Hidden Power|p2a: Celebi
|-resisted|p2a: Celebi
|-damage|p2a: Celebi|91/100
|move|p2a: Celebi|Leech Seed|p1a: Celebi
|-immune|p1a: Celebi
|
|-heal|p2a: Celebi|97/100|[from] item: Leftovers
|upkeep
|turn|92
|
|t:|1729840934
|move|p1a: Celebi|Recover||[still]
|-fail|p1a: Celebi|heal
|move|p2a: Celebi|Leech Seed|p1a: Celebi
|-immune|p1a: Celebi
|
|-heal|p2a: Celebi|100/100|[from] item: Leftovers
|upkeep
|turn|93
|
|t:|1729840948
|move|p1a: Celebi|Recover||[still]
|-fail|p1a: Celebi|heal
|move|p2a: Celebi|Leech Seed|p1a: Celebi
|-immune|p1a: Celebi
|
|upkeep
|turn|94
|c|☆JCEntrena|That's ggs I think
|c|☆JCEntrena|Nice games, pretty tough haha
|c|☆aahaahaah|yeah gg
|-message|JCEntrena forfeited.
|
|win|aahaahaah
|c|☆aahaahaah|did feel very tight at a few points
|c|☆JCEntrena|It did yeah, I was hoping for some paras on the celebi but not much luck
|c|☆aahaahaah|paras with what? the mag?
|c|☆JCEntrena|Lax body slam
|c|☆aahaahaah|yeah that would of helped a bit

</script>
<script type="application/json" class="data" id="replaydata-smogtours-gen3ou-801772">
{"id":"smogtours-gen3ou-801772","format":"[Gen 3] OU","players":["JCEntrena","aahaahaah"],"uploadtime":1729840977,"views":77,"formatid":"gen3ou","rating":null,"private":0,"password":null}
</script>

<script defer src="js/replays.js?9d40a366"></script>
