<!DOCTYPE html>
<meta charset="utf-8" />
<meta name="viewport" content="width=device-width" />

<title>[Gen 3] OU: steffmula vs. Strawbbz - Replays - Pok&eacute;mon Showdown!</title>

<meta name="description" content="Watch a replay of a Pok&eacute;mon battle between steffmula and Strawbbz! Format: [Gen 3] OU; Date: Oct 2, 2024" />
<!--

Hey, you! Looking in the source for the replay log?

You can find them in JSON format, just add `.json` at the end of a replay URL.

https://replay.pokemonshowdown.com/gen7randomdoublesbattle-865046831.json

Or, if you only need the log itself, add `.log` instead:

https://replay.pokemonshowdown.com/gen7randomdoublesbattle-865046831.log

-->

<link rel="stylesheet" href="//pokemonshowdown.com/style/global.css?0.767286132409787" />
<link rel="stylesheet" href="//play.pokemonshowdown.com/style/font-awesome.css?0.9266228007934947" />
<link rel="stylesheet" href="//play.pokemonshowdown.com/style/battle.css?0.7924700842790926" />
<link rel="stylesheet" href="//play.pokemonshowdown.com/style/utilichart.css?0.8777417872839479" />

<!-- Global site tag (gtag.js) - Google Analytics -->
<script async src="https://www.googletagmanager.com/gtag/js?id=UA-26211653-1"></script>
<script>
  window.dataLayer = window.dataLayer || [];
  function gtag(){dataLayer.push(arguments);}
  gtag('js', new Date());

  gtag('config', 'UA-26211653-1');
</script>
<!-- End Google Analytics -->
<!-- Venatus Ad Manager - Install in <HEAD> of page -->
	<script src="https://hb.vntsm.com/v3/live/ad-manager.min.js" type="text/javascript" data-site-id="642aba63ec9a7b11c3c9c1be" data-mode="scan" async></script>
<!-- / Venatus Ad Manager -->

<style>
	@media (max-width:820px) {
		.battle {
			margin: 0 auto;
		}
		.battle-log {
			margin: 7px auto 0;
			max-width: 640px;
			height: 300px;
			position: static;
		}
	}
	.optgroup {
		display: inline-block;
		line-height: 22px;
		font-size: 10pt;
	}
	.optgroup .button {
		height: 25px;
		padding-top: 0;
		padding-bottom: 0;
	}
	.optgroup button.button {
		padding-left: 12px;
		padding-right: 12px;
	}
	.linklist {
		list-style: none;
		margin: 0.5em 0;
		padding: 0;
	}
	.linklist li {
		padding: 2px 0;
	}
	.sidebar {
		float: left;
		width: 320px;
	}
	.bar-wrapper {
		max-width: 1100px;
		margin: 0 auto;
	}
	.bar-wrapper.has-sidebar {
		max-width: 1430px;
	}
	.mainbar {
		margin: 0;
		padding-right: 1px;
	}
	.mainbar.has-sidebar {
		margin-left: 330px;
	}
	@media (min-width: 1511px) {
		.sidebar {
			width: 400px;
		}
		.bar-wrapper.has-sidebar {
			max-width: 1510px;
		}
		.mainbar.has-sidebar {
			margin-left: 410px;
		}
	}
	.section.first-section {
		margin-top: 9px;
	}
	.blocklink small {
		white-space: normal;
	}
	.button {
		vertical-align: middle;
	}
	.replay-controls {
		padding-top: 10px;
	}
	.replay-controls h1 {
		font-size: 16pt;
		font-weight: normal;
		color: #CCC;
	}
	.pagelink {
		text-align: center;
	}
	.pagelink a {
		width: 150px;
	}
	.textbox, .button {
		font-size: 11pt;
		vertical-align: middle;
	}
	@media (max-width: 450px) {
		.button {
			font-size: 9pt;
		}
	}
</style>

<div>

	<header>
		<div class="nav-wrapper"><ul class="nav">
			<li><a class="button nav-first" href="//pokemonshowdown.com/"><img src="//pokemonshowdown.com/images/pokemonshowdownbeta.png" srcset="//pokemonshowdown.com/images/pokemonshowdownbeta.png 1x, //pokemonshowdown.com/images/pokemonshowdownbeta@2x.png 2x" alt="Pok&eacute;mon Showdown" width="146" height="44" /> Home</a></li>
			<li><a class="button" href="//pokemonshowdown.com/dex/">Pok&eacute;dex</a></li>
			<li><a class="button cur" href="/">Replays</a></li>
			<li><a class="button" href="//pokemonshowdown.com/ladder/">Ladder</a></li>
			<li><a class="button nav-last" href="//pokemonshowdown.com/forums/">Forum</a></li>
			<li><a class="button greenbutton nav-first nav-last" href="//play.pokemonshowdown.com/">Play</a></li>
		</ul></div>
	</header>

	<div class="main" id="main">

		<noscript><section class="section">You need to enable JavaScript to use this page; sorry!</section></noscript>

	</div>

</div>

<script defer nomodule src="//play.pokemonshowdown.com/js/lib/ps-polyfill.js"></script>
<script defer src="//play.pokemonshowdown.com/js/lib/preact.min.js"></script>

<script defer src="//play.pokemonshowdown.com/config/config.js?6dec07f6"></script>
<script defer src="//play.pokemonshowdown.com/js/lib/jquery-1.11.0.min.js"></script>
<script defer src="//play.pokemonshowdown.com/js/lib/html-sanitizer-minified.js"></script>
<script defer src="//play.pokemonshowdown.com/js/battle-sound.js"></script>
<script defer src="//play.pokemonshowdown.com/js/battledata.js?0.6315294753075389"></script>
<script defer src="//play.pokemonshowdown.com/data/pokedex-mini.js?0.7603743185311358"></script>
<script defer src="//play.pokemonshowdown.com/data/pokedex-mini-bw.js?0.030888842834281283"></script>
<script defer src="//play.pokemonshowdown.com/data/graphics.js?0.05593094747507488"></script>
<script defer src="//play.pokemonshowdown.com/data/pokedex.js?0.47064822249611904"></script>
<script defer src="//play.pokemonshowdown.com/data/moves.js?0.8583693120512459"></script>
<script defer src="//play.pokemonshowdown.com/data/abilities.js?0.16017181182386842"></script>
<script defer src="//play.pokemonshowdown.com/data/items.js?0.4163379185673943"></script>
<script defer src="//play.pokemonshowdown.com/data/teambuilder-tables.js?0.31075597372830477"></script>
<script defer src="//play.pokemonshowdown.com/js/battle-tooltips.js?0.6536193500708172"></script>
<script defer src="//play.pokemonshowdown.com/js/battle.js?0.1916591943277901"></script>

<script defer src="js/utils.js?e31f9a17"></script>
<script defer src="js/replays-battle.js?7008c182"></script>

<!-- don't scrape this data! just add .json or .log after the URL!
Full API docs: https://github.com/smogon/pokemon-showdown-client/blob/master/WEB-API.md -->
<script type="text/plain" class="log" id="replaylog-smogtours-gen3ou-794071">
|inactive|Battle timer is ON: inactive players will automatically lose when time's up.
|t:|1727903920
|gametype|singles
|player|p1|steffmula|acetrainerf-gen2|
|player|p2|Strawbbz|silver-gen2|
|teamsize|p1|6
|teamsize|p2|6
|gen|3
|tier|[Gen 3] OU
|rule|Sleep Clause Mod: Limit one foe put to sleep
|rule|Switch Priority Clause Mod: Faster Pokémon switch first
|rule|Species Clause: Limit one of each Pokémon
|rule|OHKO Clause: OHKO moves are banned
|rule|Evasion Items Clause: Evasion items are banned
|rule|Evasion Moves Clause: Evasion moves are banned
|rule|Endless Battle Clause: Forcing endless battles is banned
|rule|HP Percentage Mod: HP is shown in percentages
|rule|One Boost Passer Clause: Limit one Baton Passer that has a way to boost its stats
|rule|Freeze Clause Mod: Limit one foe frozen
|
|t:|1727903920
|start
|switch|p1a: Salamence|Salamence, M|100/100
|switch|p2a: Ohm's Law|Zapdos|100/100
|-ability|p1a: Salamence|Intimidate|boost
|-unboost|p2a: Ohm's Law|atk|1
|turn|1
|
|t:|1727903941
|switch|p1a: Hariyama|Hariyama, M, shiny|100/100
|move|p2a: Ohm's Law|Substitute|p2a: Ohm's Law
|-start|p2a: Ohm's Law|Substitute
|-damage|p2a: Ohm's Law|76/100
|
|-heal|p2a: Ohm's Law|82/100|[from] item: Leftovers
|upkeep
|turn|2
|
|t:|1727903946
|move|p2a: Ohm's Law|Thunderbolt|p1a: Hariyama
|-damage|p1a: Hariyama|59/100
|move|p1a: Hariyama|Whirlwind|p2a: Ohm's Law
|drag|p2a: Queendra|Kingdra, F, shiny|100/100
|
|-heal|p1a: Hariyama|65/100|[from] item: Leftovers
|upkeep
|turn|3
|
|t:|1727903973
|move|p2a: Queendra|Hydro Pump|p1a: Hariyama
|-damage|p1a: Hariyama|16/100
|move|p1a: Hariyama|Knock Off|p2a: Queendra
|-damage|p2a: Queendra|98/100
|-enditem|p2a: Queendra|Lum Berry|[from] move: Knock Off|[of] p1a: Hariyama
|-hint|In Gens 3-4, Knock Off only makes the target's item unusable; it cannot obtain a new item.
|
|-heal|p1a: Hariyama|22/100|[from] item: Leftovers
|upkeep
|turn|4
|
|t:|1727903982
|switch|p1a: Starmie|Starmie|100/100
|move|p2a: Queendra|Hydro Pump|p1a: Starmie
|-resisted|p1a: Starmie
|-damage|p1a: Starmie|69/100
|
|-heal|p1a: Starmie|75/100|[from] item: Leftovers
|upkeep
|turn|5
|
|t:|1727903999
|switch|p2a: Pillar Men|Dugtrio, F|100/100
|move|p1a: Starmie|Thunder Wave|p2a: Pillar Men
|-immune|p2a: Pillar Men
|
|-heal|p1a: Starmie|82/100|[from] item: Leftovers
|upkeep
|turn|6
|inactive|Strawbbz has 270 seconds left.
|
|t:|1727904024
|switch|p2a: Sui|Suicune|100/100
|move|p1a: Starmie|Surf|p2a: Sui
|-resisted|p2a: Sui
|-damage|p2a: Sui|86/100
|
|-heal|p1a: Starmie|88/100|[from] item: Leftovers
|-heal|p2a: Sui|92/100|[from] item: Leftovers
|upkeep
|turn|7
|
|t:|1727904027
|move|p1a: Starmie|Thunder Wave|p2a: Sui
|-status|p2a: Sui|par
|move|p2a: Sui|Calm Mind|p2a: Sui
|-boost|p2a: Sui|spa|1
|-boost|p2a: Sui|spd|1
|
|-heal|p1a: Starmie|94/100|[from] item: Leftovers
|-heal|p2a: Sui|98/100 par|[from] item: Leftovers
|upkeep
|turn|8
|
|t:|1727904048
|switch|p1a: Tyranitar|Tyranitar, M|100/100
|-weather|Sandstorm|[from] ability: Sand Stream|[of] p1a: Tyranitar
|cant|p2a: Sui|par
|
|-weather|Sandstorm|[upkeep]
|-damage|p2a: Sui|92/100 par|[from] Sandstorm
|-heal|p2a: Sui|98/100 par|[from] item: Leftovers
|upkeep
|turn|9
|inactive|steffmula has 270 seconds left.
|
|t:|1727904076
|switch|p1a: Blissey|Blissey, F|100/100
|cant|p2a: Sui|par
|
|-weather|Sandstorm|[upkeep]
|-damage|p1a: Blissey|94/100|[from] Sandstorm
|-damage|p2a: Sui|92/100 par|[from] Sandstorm
|-heal|p1a: Blissey|100/100|[from] item: Leftovers
|-heal|p2a: Sui|98/100 par|[from] item: Leftovers
|upkeep
|turn|10
|inactive|steffmula has 270 seconds left.
|
|t:|1727904091
|move|p1a: Blissey|Seismic Toss|p2a: Sui
|-damage|p2a: Sui|69/100 par
|move|p2a: Sui|Hydro Pump|p1a: Blissey
|-damage|p1a: Blissey|69/100
|
|-weather|Sandstorm|[upkeep]
|-damage|p1a: Blissey|63/100|[from] Sandstorm
|-damage|p2a: Sui|63/100 par|[from] Sandstorm
|-heal|p1a: Blissey|69/100|[from] item: Leftovers
|-heal|p2a: Sui|69/100 par|[from] item: Leftovers
|upkeep
|turn|11
|
|t:|1727904098
|move|p1a: Blissey|Soft-Boiled|p1a: Blissey
|-heal|p1a: Blissey|100/100
|move|p2a: Sui|Hydro Pump|p1a: Blissey
|-damage|p1a: Blissey|66/100
|
|-weather|Sandstorm|[upkeep]
|-damage|p1a: Blissey|60/100|[from] Sandstorm
|-damage|p2a: Sui|63/100 par|[from] Sandstorm
|-heal|p1a: Blissey|66/100|[from] item: Leftovers
|-heal|p2a: Sui|69/100 par|[from] item: Leftovers
|upkeep
|turn|12
|
|t:|1727904101
|move|p1a: Blissey|Soft-Boiled|p1a: Blissey
|-heal|p1a: Blissey|100/100
|move|p2a: Sui|Calm Mind|p2a: Sui
|-boost|p2a: Sui|spa|1
|-boost|p2a: Sui|spd|1
|
|-weather|Sandstorm|[upkeep]
|-damage|p1a: Blissey|94/100|[from] Sandstorm
|-damage|p2a: Sui|63/100 par|[from] Sandstorm
|-heal|p1a: Blissey|100/100|[from] item: Leftovers
|-heal|p2a: Sui|69/100 par|[from] item: Leftovers
|upkeep
|turn|13
|
|t:|1727904104
|move|p1a: Blissey|Seismic Toss|p2a: Sui
|-damage|p2a: Sui|41/100 par
|cant|p2a: Sui|par
|
|-weather|Sandstorm|[upkeep]
|-damage|p1a: Blissey|94/100|[from] Sandstorm
|-damage|p2a: Sui|35/100 par|[from] Sandstorm
|-heal|p1a: Blissey|100/100|[from] item: Leftovers
|-heal|p2a: Sui|41/100 par|[from] item: Leftovers
|upkeep
|turn|14
|
|t:|1727904107
|move|p1a: Blissey|Seismic Toss|p2a: Sui
|-damage|p2a: Sui|12/100 par
|move|p2a: Sui|Hydro Pump|p1a: Blissey
|-damage|p1a: Blissey|54/100
|
|-weather|Sandstorm|[upkeep]
|-damage|p1a: Blissey|48/100|[from] Sandstorm
|-damage|p2a: Sui|6/100 par|[from] Sandstorm
|-heal|p1a: Blissey|54/100|[from] item: Leftovers
|-heal|p2a: Sui|12/100 par|[from] item: Leftovers
|upkeep
|turn|15
|
|t:|1727904110
|move|p1a: Blissey|Soft-Boiled|p1a: Blissey
|-heal|p1a: Blissey|100/100
|move|p2a: Sui|Hydro Pump|p1a: Blissey
|-damage|p1a: Blissey|60/100
|
|-weather|Sandstorm|[upkeep]
|-damage|p1a: Blissey|53/100|[from] Sandstorm
|-damage|p2a: Sui|6/100 par|[from] Sandstorm
|-heal|p1a: Blissey|60/100|[from] item: Leftovers
|-heal|p2a: Sui|12/100 par|[from] item: Leftovers
|upkeep
|turn|16
|
|t:|1727904112
|move|p1a: Blissey|Soft-Boiled|p1a: Blissey
|-heal|p1a: Blissey|100/100
|move|p2a: Sui|Calm Mind|p2a: Sui
|-boost|p2a: Sui|spa|1
|-boost|p2a: Sui|spd|1
|
|-weather|Sandstorm|[upkeep]
|-damage|p1a: Blissey|94/100|[from] Sandstorm
|-damage|p2a: Sui|6/100 par|[from] Sandstorm
|-heal|p1a: Blissey|100/100|[from] item: Leftovers
|-heal|p2a: Sui|12/100 par|[from] item: Leftovers
|upkeep
|turn|17
|
|t:|1727904114
|move|p1a: Blissey|Seismic Toss|p2a: Sui
|-damage|p2a: Sui|0 fnt
|faint|p2a: Sui
|
|t:|1727904116
|switch|p2a: Kurt Cobain|Gengar, M|100/100
|
|-weather|Sandstorm|[upkeep]
|-damage|p2a: Kurt Cobain|94/100|[from] Sandstorm
|-damage|p1a: Blissey|94/100|[from] Sandstorm
|-heal|p2a: Kurt Cobain|100/100|[from] item: Leftovers
|-heal|p1a: Blissey|100/100|[from] item: Leftovers
|upkeep
|turn|18
|
|t:|1727904129
|move|p2a: Kurt Cobain|Explosion|p1a: Blissey
|-damage|p1a: Blissey|24/100
|faint|p2a: Kurt Cobain
|
|t:|1727904130
|switch|p2a: Pillar Men|Dugtrio, F|100/100
|
|-weather|Sandstorm|[upkeep]
|-damage|p1a: Blissey|18/100|[from] Sandstorm
|-heal|p1a: Blissey|24/100|[from] item: Leftovers
|upkeep
|turn|19
|
|t:|1727904134
|move|p2a: Pillar Men|Earthquake|p1a: Blissey
|-damage|p1a: Blissey|0 fnt
|faint|p1a: Blissey
|
|t:|1727904147
|switch|p1a: Salamence|Salamence, M|100/100
|-ability|p1a: Salamence|Intimidate|boost
|-unboost|p2a: Pillar Men|atk|1
|
|-weather|Sandstorm|[upkeep]
|-damage|p1a: Salamence|94/100|[from] Sandstorm
|-heal|p1a: Salamence|100/100|[from] item: Leftovers
|upkeep
|turn|20
|
|t:|1727904150
|switch|p2a: Make a Wish|Jirachi|100/100
|move|p1a: Salamence|Dragon Claw|p2a: Make a Wish
|-resisted|p2a: Make a Wish
|-damage|p2a: Make a Wish|81/100
|
|-weather|Sandstorm|[upkeep]
|-damage|p1a: Salamence|94/100|[from] Sandstorm
|-heal|p2a: Make a Wish|88/100|[from] item: Leftovers
|-heal|p1a: Salamence|100/100|[from] item: Leftovers
|upkeep
|turn|21
|
|t:|1727904155
|switch|p2a: Ohm's Law|Zapdos|82/100
|move|p1a: Salamence|Fire Blast|p2a: Ohm's Law
|-damage|p2a: Ohm's Law|35/100
|
|-weather|Sandstorm|[upkeep]
|-damage|p2a: Ohm's Law|29/100|[from] Sandstorm
|-damage|p1a: Salamence|94/100|[from] Sandstorm
|-heal|p2a: Ohm's Law|35/100|[from] item: Leftovers
|-heal|p1a: Salamence|100/100|[from] item: Leftovers
|upkeep
|turn|22
|
|t:|1727904167
|switch|p1a: Tyranitar|Tyranitar, M|100/100
|move|p2a: Ohm's Law|Hidden Power|p1a: Tyranitar
|-damage|p1a: Tyranitar|81/100
|
|-weather|Sandstorm|[upkeep]
|-damage|p2a: Ohm's Law|29/100|[from] Sandstorm
|-heal|p2a: Ohm's Law|35/100|[from] item: Leftovers
|-heal|p1a: Tyranitar|87/100|[from] item: Leftovers
|upkeep
|turn|23
|
|t:|1727904174
|move|p2a: Ohm's Law|Thunderbolt|p1a: Tyranitar
|-damage|p1a: Tyranitar|44/100
|move|p1a: Tyranitar|Pursuit|p2a: Ohm's Law
|-damage|p2a: Ohm's Law|14/100
|
|-weather|Sandstorm|[upkeep]
|-damage|p2a: Ohm's Law|8/100|[from] Sandstorm
|-heal|p2a: Ohm's Law|14/100|[from] item: Leftovers
|-heal|p1a: Tyranitar|50/100|[from] item: Leftovers
|upkeep
|turn|24
|
|t:|1727904182
|move|p2a: Ohm's Law|Thunderbolt|p1a: Tyranitar
|-damage|p1a: Tyranitar|10/100
|move|p1a: Tyranitar|Pursuit|p2a: Ohm's Law
|-damage|p2a: Ohm's Law|0 fnt
|faint|p2a: Ohm's Law
|
|t:|1727904187
|switch|p2a: Pillar Men|Dugtrio, F|100/100
|
|-weather|Sandstorm|[upkeep]
|-heal|p1a: Tyranitar|16/100|[from] item: Leftovers
|upkeep
|turn|25
|
|t:|1727904191
|move|p2a: Pillar Men|Earthquake|p1a: Tyranitar
|-supereffective|p1a: Tyranitar
|-damage|p1a: Tyranitar|0 fnt
|faint|p1a: Tyranitar
|
|t:|1727904200
|switch|p1a: Salamence|Salamence, M|100/100
|-ability|p1a: Salamence|Intimidate|boost
|-unboost|p2a: Pillar Men|atk|1
|
|-weather|Sandstorm|[upkeep]
|-damage|p1a: Salamence|94/100|[from] Sandstorm
|-heal|p1a: Salamence|100/100|[from] item: Leftovers
|upkeep
|turn|26
|
|t:|1727904211
|move|p2a: Pillar Men|Earthquake|p1a: Salamence
|-immune|p1a: Salamence
|move|p1a: Salamence|Fire Blast|p2a: Pillar Men
|-crit|p2a: Pillar Men
|-damage|p2a: Pillar Men|0 fnt
|faint|p2a: Pillar Men
|
|t:|1727904224
|switch|p2a: Queendra|Kingdra, F, shiny|98/100
|
|-weather|Sandstorm|[upkeep]
|-damage|p1a: Salamence|94/100|[from] Sandstorm
|-damage|p2a: Queendra|92/100|[from] Sandstorm
|-heal|p1a: Salamence|100/100|[from] item: Leftovers
|upkeep
|turn|27
|
|t:|1727904227
|move|p1a: Salamence|Dragon Claw|p2a: Queendra
|-supereffective|p2a: Queendra
|-damage|p2a: Queendra|0 fnt
|faint|p2a: Queendra
|
|t:|1727904230
|switch|p2a: Make a Wish|Jirachi|88/100
|
|-weather|Sandstorm|[upkeep]
|-damage|p1a: Salamence|94/100|[from] Sandstorm
|-heal|p2a: Make a Wish|94/100|[from] item: Leftovers
|-heal|p1a: Salamence|100/100|[from] item: Leftovers
|upkeep
|turn|28
|
|t:|1727904234
|move|p2a: Make a Wish|Ice Punch|p1a: Salamence
|-supereffective|p1a: Salamence
|-damage|p1a: Salamence|0 fnt
|faint|p1a: Salamence
|
|t:|1727904244
|switch|p1a: Metagross|Metagross|100/100
|
|-weather|Sandstorm|[upkeep]
|-heal|p2a: Make a Wish|99/100|[from] item: Leftovers
|upkeep
|turn|29
|
|t:|1727904247
|move|p2a: Make a Wish|Fire Punch|p1a: Metagross
|-supereffective|p1a: Metagross
|-damage|p1a: Metagross|57/100
|move|p1a: Metagross|Earthquake|p2a: Make a Wish
|-supereffective|p2a: Make a Wish
|-damage|p2a: Make a Wish|30/100
|
|-weather|Sandstorm|[upkeep]
|-heal|p2a: Make a Wish|36/100|[from] item: Leftovers
|-heal|p1a: Metagross|63/100|[from] item: Leftovers
|upkeep
|turn|30
|
|t:|1727904254
|move|p2a: Make a Wish|Fire Punch|p1a: Metagross
|-supereffective|p1a: Metagross
|-damage|p1a: Metagross|15/100
|move|p1a: Metagross|Earthquake|p2a: Make a Wish
|-supereffective|p2a: Make a Wish
|-damage|p2a: Make a Wish|0 fnt
|faint|p2a: Make a Wish
|
|win|steffmula
|c|☆Strawbbz|gg
|c|☆steffmula|gg

</script>
<script type="application/json" class="data" id="replaydata-smogtours-gen3ou-794071">
{"id":"smogtours-gen3ou-794071","format":"[Gen 3] OU","players":["steffmula","Strawbbz"],"uploadtime":1727904254,"views":110,"formatid":"gen3ou","rating":null,"private":0,"password":null}
</script>

<script defer src="js/replays.js?9d40a366"></script>
