<!DOCTYPE html>
<meta charset="utf-8" />
<meta name="viewport" content="width=device-width" />

<title>[Gen 3] OU: Forblaze On Em vs. Elian - Replays - Pok&eacute;mon Showdown!</title>

<meta name="description" content="Watch a replay of a Pok&eacute;mon battle between Forblaze On Em and Elian! Format: [Gen 3] OU; Date: Oct 3, 2024" />
<!--

Hey, you! Looking in the source for the replay log?

You can find them in JSON format, just add `.json` at the end of a replay URL.

https://replay.pokemonshowdown.com/gen7randomdoublesbattle-865046831.json

Or, if you only need the log itself, add `.log` instead:

https://replay.pokemonshowdown.com/gen7randomdoublesbattle-865046831.log

-->

<link rel="stylesheet" href="//pokemonshowdown.com/style/global.css?0.023195364461161105" />
<link rel="stylesheet" href="//play.pokemonshowdown.com/style/font-awesome.css?0.13261647063804238" />
<link rel="stylesheet" href="//play.pokemonshowdown.com/style/battle.css?0.8753245789963631" />
<link rel="stylesheet" href="//play.pokemonshowdown.com/style/utilichart.css?0.8627959624976733" />

<!-- Global site tag (gtag.js) - Google Analytics -->
<script async src="https://www.googletagmanager.com/gtag/js?id=UA-26211653-1"></script>
<script>
  window.dataLayer = window.dataLayer || [];
  function gtag(){dataLayer.push(arguments);}
  gtag('js', new Date());

  gtag('config', 'UA-26211653-1');
</script>
<!-- End Google Analytics -->
<!-- Venatus Ad Manager - Install in <HEAD> of page -->
	<script src="https://hb.vntsm.com/v3/live/ad-manager.min.js" type="text/javascript" data-site-id="642aba63ec9a7b11c3c9c1be" data-mode="scan" async></script>
<!-- / Venatus Ad Manager -->

<style>
	@media (max-width:820px) {
		.battle {
			margin: 0 auto;
		}
		.battle-log {
			margin: 7px auto 0;
			max-width: 640px;
			height: 300px;
			position: static;
		}
	}
	.optgroup {
		display: inline-block;
		line-height: 22px;
		font-size: 10pt;
	}
	.optgroup .button {
		height: 25px;
		padding-top: 0;
		padding-bottom: 0;
	}
	.optgroup button.button {
		padding-left: 12px;
		padding-right: 12px;
	}
	.linklist {
		list-style: none;
		margin: 0.5em 0;
		padding: 0;
	}
	.linklist li {
		padding: 2px 0;
	}
	.sidebar {
		float: left;
		width: 320px;
	}
	.bar-wrapper {
		max-width: 1100px;
		margin: 0 auto;
	}
	.bar-wrapper.has-sidebar {
		max-width: 1430px;
	}
	.mainbar {
		margin: 0;
		padding-right: 1px;
	}
	.mainbar.has-sidebar {
		margin-left: 330px;
	}
	@media (min-width: 1511px) {
		.sidebar {
			width: 400px;
		}
		.bar-wrapper.has-sidebar {
			max-width: 1510px;
		}
		.mainbar.has-sidebar {
			margin-left: 410px;
		}
	}
	.section.first-section {
		margin-top: 9px;
	}
	.blocklink small {
		white-space: normal;
	}
	.button {
		vertical-align: middle;
	}
	.replay-controls {
		padding-top: 10px;
	}
	.replay-controls h1 {
		font-size: 16pt;
		font-weight: normal;
		color: #CCC;
	}
	.pagelink {
		text-align: center;
	}
	.pagelink a {
		width: 150px;
	}
	.textbox, .button {
		font-size: 11pt;
		vertical-align: middle;
	}
	@media (max-width: 450px) {
		.button {
			font-size: 9pt;
		}
	}
</style>

<div>

	<header>
		<div class="nav-wrapper"><ul class="nav">
			<li><a class="button nav-first" href="//pokemonshowdown.com/"><img src="//pokemonshowdown.com/images/pokemonshowdownbeta.png" srcset="//pokemonshowdown.com/images/pokemonshowdownbeta.png 1x, //pokemonshowdown.com/images/pokemonshowdownbeta@2x.png 2x" alt="Pok&eacute;mon Showdown" width="146" height="44" /> Home</a></li>
			<li><a class="button" href="//pokemonshowdown.com/dex/">Pok&eacute;dex</a></li>
			<li><a class="button cur" href="/">Replays</a></li>
			<li><a class="button" href="//pokemonshowdown.com/ladder/">Ladder</a></li>
			<li><a class="button nav-last" href="//pokemonshowdown.com/forums/">Forum</a></li>
			<li><a class="button greenbutton nav-first nav-last" href="//play.pokemonshowdown.com/">Play</a></li>
		</ul></div>
	</header>

	<div class="main" id="main">

		<noscript><section class="section">You need to enable JavaScript to use this page; sorry!</section></noscript>

	</div>

</div>

<script defer nomodule src="//play.pokemonshowdown.com/js/lib/ps-polyfill.js"></script>
<script defer src="//play.pokemonshowdown.com/js/lib/preact.min.js"></script>

<script defer src="//play.pokemonshowdown.com/config/config.js?2bddbc15"></script>
<script defer src="//play.pokemonshowdown.com/js/lib/jquery-1.11.0.min.js"></script>
<script defer src="//play.pokemonshowdown.com/js/lib/html-sanitizer-minified.js"></script>
<script defer src="//play.pokemonshowdown.com/js/battle-sound.js"></script>
<script defer src="//play.pokemonshowdown.com/js/battledata.js?0.7209276989879541"></script>
<script defer src="//play.pokemonshowdown.com/data/pokedex-mini.js?0.6111056340867951"></script>
<script defer src="//play.pokemonshowdown.com/data/pokedex-mini-bw.js?0.3532142036491459"></script>
<script defer src="//play.pokemonshowdown.com/data/graphics.js?0.24223875632456182"></script>
<script defer src="//play.pokemonshowdown.com/data/pokedex.js?0.38839984266356864"></script>
<script defer src="//play.pokemonshowdown.com/data/moves.js?0.21866028504024015"></script>
<script defer src="//play.pokemonshowdown.com/data/abilities.js?0.2005157953846628"></script>
<script defer src="//play.pokemonshowdown.com/data/items.js?0.9894211263848525"></script>
<script defer src="//play.pokemonshowdown.com/data/teambuilder-tables.js?0.6008791140282215"></script>
<script defer src="//play.pokemonshowdown.com/js/battle-tooltips.js?0.7580118955022959"></script>
<script defer src="//play.pokemonshowdown.com/js/battle.js?0.6057722274234274"></script>

<script defer src="js/utils.js?e31f9a17"></script>
<script defer src="js/replays-battle.js?7008c182"></script>

<!-- don't scrape this data! just add .json or .log after the URL!
Full API docs: https://github.com/smogon/pokemon-showdown-client/blob/master/WEB-API.md -->
<script type="text/plain" class="log" id="replaylog-smogtours-gen3ou-794168">
|inactive|Battle timer is ON: inactive players will automatically lose when time's up.
|t:|1727923525
|gametype|singles
|player|p1|Forblaze On Em|265|
|player|p2|Elian|erika-gen2|
|teamsize|p1|6
|teamsize|p2|6
|gen|3
|tier|[Gen 3] OU
|rule|Sleep Clause Mod: Limit one foe put to sleep
|rule|Switch Priority Clause Mod: Faster Pokémon switch first
|rule|Species Clause: Limit one of each Pokémon
|rule|OHKO Clause: OHKO moves are banned
|rule|Evasion Items Clause: Evasion items are banned
|rule|Evasion Moves Clause: Evasion moves are banned
|rule|Endless Battle Clause: Forcing endless battles is banned
|rule|HP Percentage Mod: HP is shown in percentages
|rule|One Boost Passer Clause: Limit one Baton Passer that has a way to boost its stats
|rule|Freeze Clause Mod: Limit one foe frozen
|
|t:|1727923525
|start
|switch|p1a: Zapdos|Zapdos|100/100
|switch|p2a: Havertz|Tyranitar, F|100/100
|-weather|Sandstorm|[from] ability: Sand Stream|[of] p2a: Havertz
|turn|1
|
|t:|1727923538
|switch|p1a: Metagross|Metagross|100/100
|move|p2a: Havertz|Rock Slide|p1a: Metagross
|-resisted|p1a: Metagross
|-damage|p1a: Metagross|85/100
|
|-weather|Sandstorm|[upkeep]
|-heal|p1a: Metagross|91/100|[from] item: Leftovers
|upkeep
|turn|2
|
|t:|1727923543
|switch|p2a: Tomiyasu|Skarmory, F|100/100
|move|p1a: Metagross|Meteor Mash|p2a: Tomiyasu
|-resisted|p2a: Tomiyasu
|-damage|p2a: Tomiyasu|83/100
|-boost|p1a: Metagross|atk|1
|
|-weather|Sandstorm|[upkeep]
|-heal|p2a: Tomiyasu|89/100|[from] item: Leftovers
|-heal|p1a: Metagross|98/100|[from] item: Leftovers
|upkeep
|turn|3
|c|☆Elian|._.
|
|t:|1727923555
|move|p2a: Tomiyasu|Spikes|p1a: Metagross
|-sidestart|p1: Forblaze On Em|Spikes
|move|p1a: Metagross|Hidden Power|p2a: Tomiyasu
|-supereffective|p2a: Tomiyasu
|-damage|p2a: Tomiyasu|47/100
|
|-weather|Sandstorm|[upkeep]
|-heal|p2a: Tomiyasu|53/100|[from] item: Leftovers
|-heal|p1a: Metagross|100/100|[from] item: Leftovers
|upkeep
|turn|4
|
|t:|1727923563
|move|p2a: Tomiyasu|Protect|p2a: Tomiyasu
|-singleturn|p2a: Tomiyasu|Protect
|move|p1a: Metagross|Hidden Power|p2a: Tomiyasu
|-activate|p2a: Tomiyasu|Protect
|
|-weather|Sandstorm|[upkeep]
|-heal|p2a: Tomiyasu|59/100|[from] item: Leftovers
|upkeep
|turn|5
|
|t:|1727923566
|move|p1a: Metagross|Psychic|p2a: Tomiyasu
|-resisted|p2a: Tomiyasu
|-damage|p2a: Tomiyasu|38/100
|move|p2a: Tomiyasu|Roar|p1a: Metagross
|drag|p1a: Zapdos|Zapdos|100/100
|
|-weather|Sandstorm|[upkeep]
|-damage|p1a: Zapdos|94/100|[from] Sandstorm
|-heal|p1a: Zapdos|100/100|[from] item: Leftovers
|-heal|p2a: Tomiyasu|44/100|[from] item: Leftovers
|upkeep
|turn|6
|
|t:|1727923573
|switch|p2a: Saliva|Celebi|100/100
|move|p1a: Zapdos|Thunderbolt|p2a: Saliva
|-resisted|p2a: Saliva
|-damage|p2a: Saliva|81/100
|
|-weather|Sandstorm|[upkeep]
|-damage|p1a: Zapdos|94/100|[from] Sandstorm
|-damage|p2a: Saliva|75/100|[from] Sandstorm
|-heal|p1a: Zapdos|100/100|[from] item: Leftovers
|-heal|p2a: Saliva|81/100|[from] item: Leftovers
|upkeep
|turn|7
|
|t:|1727923578
|move|p1a: Zapdos|Toxic|p2a: Saliva
|-status|p2a: Saliva|tox
|move|p2a: Saliva|Leech Seed|p1a: Zapdos
|-start|p1a: Zapdos|move: Leech Seed
|
|-weather|Sandstorm|[upkeep]
|-damage|p1a: Zapdos|94/100|[from] Sandstorm
|-damage|p2a: Saliva|75/100 tox|[from] Sandstorm
|-heal|p1a: Zapdos|100/100|[from] item: Leftovers
|-damage|p1a: Zapdos|88/100|[from] Leech Seed|[of] p2a: Saliva
|-heal|p2a: Saliva|88/100 tox|[silent]
|-heal|p2a: Saliva|94/100 tox|[from] item: Leftovers
|-damage|p2a: Saliva|88/100 tox|[from] psn
|upkeep
|turn|8
|
|t:|1727923583
|switch|p1a: Metagross|Metagross|100/100
|-damage|p1a: Metagross|88/100|[from] Spikes
|-curestatus|p2a: Saliva|tox|[from] ability: Natural Cure
|switch|p2a: Tomiyasu|Skarmory, F|44/100
|
|-weather|Sandstorm|[upkeep]
|-heal|p2a: Tomiyasu|50/100|[from] item: Leftovers
|-heal|p1a: Metagross|94/100|[from] item: Leftovers
|upkeep
|turn|9
|
|t:|1727923588
|move|p2a: Tomiyasu|Protect|p2a: Tomiyasu
|-singleturn|p2a: Tomiyasu|Protect
|move|p1a: Metagross|Hidden Power|p2a: Tomiyasu
|-activate|p2a: Tomiyasu|Protect
|
|-weather|Sandstorm|[upkeep]
|-heal|p2a: Tomiyasu|56/100|[from] item: Leftovers
|-heal|p1a: Metagross|100/100|[from] item: Leftovers
|upkeep
|turn|10
|
|t:|1727923593
|switch|p2a: Trossard|Swampert, M|100/100
|move|p1a: Metagross|Hidden Power|p2a: Trossard
|-resisted|p2a: Trossard
|-crit|p2a: Trossard
|-damage|p2a: Trossard|77/100
|
|-weather|Sandstorm|[upkeep]
|-heal|p2a: Trossard|83/100|[from] item: Leftovers
|upkeep
|turn|11
|
|t:|1727923600
|switch|p2a: Tomiyasu|Skarmory, F|56/100
|move|p1a: Metagross|Explosion|p2a: Tomiyasu
|-resisted|p2a: Tomiyasu
|-damage|p2a: Tomiyasu|1/100
|faint|p1a: Metagross
|
|t:|1727923607
|switch|p1a: Zapdos|Zapdos|88/100
|
|-weather|Sandstorm|[upkeep]
|-damage|p1a: Zapdos|82/100|[from] Sandstorm
|-heal|p1a: Zapdos|88/100|[from] item: Leftovers
|-heal|p2a: Tomiyasu|7/100|[from] item: Leftovers
|upkeep
|turn|12
|
|t:|1727923612
|move|p2a: Tomiyasu|Protect|p2a: Tomiyasu
|-singleturn|p2a: Tomiyasu|Protect
|move|p1a: Zapdos|Thunderbolt|p2a: Tomiyasu
|-activate|p2a: Tomiyasu|Protect
|
|-weather|Sandstorm|[upkeep]
|-damage|p1a: Zapdos|82/100|[from] Sandstorm
|-heal|p1a: Zapdos|88/100|[from] item: Leftovers
|-heal|p2a: Tomiyasu|13/100|[from] item: Leftovers
|upkeep
|turn|13
|
|t:|1727923615
|switch|p2a: Saliva|Celebi|88/100
|move|p1a: Zapdos|Toxic|p2a: Saliva
|-status|p2a: Saliva|tox
|
|-weather|Sandstorm|[upkeep]
|-damage|p1a: Zapdos|82/100|[from] Sandstorm
|-damage|p2a: Saliva|81/100 tox|[from] Sandstorm
|-heal|p1a: Zapdos|88/100|[from] item: Leftovers
|-heal|p2a: Saliva|88/100 tox|[from] item: Leftovers
|-damage|p2a: Saliva|81/100 tox|[from] psn
|upkeep
|turn|14
|
|t:|1727923620
|move|p1a: Zapdos|Hidden Power|p2a: Saliva
|-supereffective|p2a: Saliva
|-damage|p2a: Saliva|44/100 tox
|move|p2a: Saliva|Leech Seed|p1a: Zapdos
|-start|p1a: Zapdos|move: Leech Seed
|
|-weather|Sandstorm|[upkeep]
|-damage|p1a: Zapdos|82/100|[from] Sandstorm
|-damage|p2a: Saliva|38/100 tox|[from] Sandstorm
|-heal|p1a: Zapdos|88/100|[from] item: Leftovers
|-damage|p1a: Zapdos|76/100|[from] Leech Seed|[of] p2a: Saliva
|-heal|p2a: Saliva|50/100 tox|[silent]
|-heal|p2a: Saliva|57/100 tox|[from] item: Leftovers
|-damage|p2a: Saliva|44/100 tox|[from] psn
|upkeep
|turn|15
|
|t:|1727923631
|-curestatus|p2a: Saliva|tox|[from] ability: Natural Cure
|switch|p2a: Trossard|Swampert, M|83/100
|move|p1a: Zapdos|Hidden Power|p2a: Trossard
|-damage|p2a: Trossard|54/100
|
|-weather|Sandstorm|[upkeep]
|-damage|p1a: Zapdos|70/100|[from] Sandstorm
|-heal|p1a: Zapdos|76/100|[from] item: Leftovers
|-damage|p1a: Zapdos|63/100|[from] Leech Seed|[of] p2a: Trossard
|-heal|p2a: Trossard|68/100|[silent]
|-heal|p2a: Trossard|74/100|[from] item: Leftovers
|upkeep
|turn|16
|
|t:|1727923640
|switch|p2a: Saliva|Celebi|44/100
|move|p1a: Zapdos|Toxic|p2a: Saliva
|-status|p2a: Saliva|tox
|
|-weather|Sandstorm|[upkeep]
|-damage|p1a: Zapdos|57/100|[from] Sandstorm
|-damage|p2a: Saliva|38/100 tox|[from] Sandstorm
|-heal|p1a: Zapdos|63/100|[from] item: Leftovers
|-damage|p1a: Zapdos|51/100|[from] Leech Seed|[of] p2a: Saliva
|-heal|p2a: Saliva|51/100 tox|[silent]
|-heal|p2a: Saliva|57/100 tox|[from] item: Leftovers
|-damage|p2a: Saliva|51/100 tox|[from] psn
|upkeep
|turn|17
|
|t:|1727923647
|switch|p1a: Dugtrio|Dugtrio, F|100/100
|-damage|p1a: Dugtrio|88/100|[from] Spikes
|-curestatus|p2a: Saliva|tox|[from] ability: Natural Cure
|switch|p2a: Tomiyasu|Skarmory, F|13/100
|
|-weather|Sandstorm|[upkeep]
|-heal|p2a: Tomiyasu|19/100|[from] item: Leftovers
|upkeep
|turn|18
|
|t:|1727923663
|move|p2a: Tomiyasu|Protect|p2a: Tomiyasu
|-singleturn|p2a: Tomiyasu|Protect
|move|p1a: Dugtrio|Aerial Ace|p2a: Tomiyasu
|-activate|p2a: Tomiyasu|Protect
|
|-weather|Sandstorm|[upkeep]
|-heal|p2a: Tomiyasu|25/100|[from] item: Leftovers
|upkeep
|turn|19
|
|t:|1727923668
|switch|p1a: Zapdos|Zapdos|51/100
|move|p2a: Tomiyasu|Spikes|p1a: Zapdos
|-sidestart|p1: Forblaze On Em|Spikes
|
|-weather|Sandstorm|[upkeep]
|-damage|p1a: Zapdos|45/100|[from] Sandstorm
|-heal|p1a: Zapdos|51/100|[from] item: Leftovers
|-heal|p2a: Tomiyasu|31/100|[from] item: Leftovers
|upkeep
|turn|20
|
|t:|1727923674
|move|p2a: Tomiyasu|Protect|p2a: Tomiyasu
|-singleturn|p2a: Tomiyasu|Protect
|move|p1a: Zapdos|Thunderbolt|p2a: Tomiyasu
|-activate|p2a: Tomiyasu|Protect
|
|-weather|Sandstorm|[upkeep]
|-damage|p1a: Zapdos|45/100|[from] Sandstorm
|-heal|p1a: Zapdos|51/100|[from] item: Leftovers
|-heal|p2a: Tomiyasu|37/100|[from] item: Leftovers
|upkeep
|turn|21
|
|t:|1727923678
|switch|p2a: Trossard|Swampert, M|74/100
|move|p1a: Zapdos|Hidden Power|p2a: Trossard
|-damage|p2a: Trossard|48/100
|
|-weather|Sandstorm|[upkeep]
|-damage|p1a: Zapdos|45/100|[from] Sandstorm
|-heal|p1a: Zapdos|51/100|[from] item: Leftovers
|-heal|p2a: Trossard|54/100|[from] item: Leftovers
|upkeep
|turn|22
|
|t:|1727923686
|move|p1a: Zapdos|Hidden Power|p2a: Trossard
|-damage|p2a: Trossard|27/100
|move|p2a: Trossard|Ice Beam|p1a: Zapdos
|-supereffective|p1a: Zapdos
|-damage|p1a: Zapdos|0 fnt
|faint|p1a: Zapdos
|
|t:|1727923695
|switch|p1a: Dugtrio|Dugtrio, F|88/100
|-damage|p1a: Dugtrio|72/100|[from] Spikes
|
|-weather|Sandstorm|[upkeep]
|-heal|p2a: Trossard|33/100|[from] item: Leftovers
|upkeep
|turn|23
|
|t:|1727923701
|move|p1a: Dugtrio|Earthquake|p2a: Trossard
|-damage|p2a: Trossard|0 fnt
|faint|p2a: Trossard
|
|t:|1727923705
|switch|p2a: Zinchenko|Salamence, F|100/100
|-ability|p2a: Zinchenko|Intimidate|boost
|-unboost|p1a: Dugtrio|atk|1
|
|-weather|Sandstorm|[upkeep]
|-damage|p2a: Zinchenko|94/100|[from] Sandstorm
|-heal|p2a: Zinchenko|100/100|[from] item: Leftovers
|upkeep
|turn|24
|
|t:|1727923708
|switch|p1a: Salamence|Salamence, M|100/100
|-ability|p1a: Salamence|Intimidate|boost
|-unboost|p2a: Zinchenko|atk|1
|move|p2a: Zinchenko|Dragon Claw|p1a: Salamence
|-supereffective|p1a: Salamence
|-damage|p1a: Salamence|31/100
|
|-weather|Sandstorm|[upkeep]
|-damage|p2a: Zinchenko|94/100|[from] Sandstorm
|-damage|p1a: Salamence|25/100|[from] Sandstorm
|-heal|p2a: Zinchenko|100/100|[from] item: Leftovers
|-heal|p1a: Salamence|31/100|[from] item: Leftovers
|upkeep
|turn|25
|
|t:|1727923715
|switch|p1a: Suicune|Suicune|100/100
|-damage|p1a: Suicune|84/100|[from] Spikes
|move|p2a: Zinchenko|Dragon Claw|p1a: Suicune
|-damage|p1a: Suicune|53/100
|
|-weather|Sandstorm|[upkeep]
|-damage|p2a: Zinchenko|94/100|[from] Sandstorm
|-damage|p1a: Suicune|47/100|[from] Sandstorm
|-heal|p2a: Zinchenko|100/100|[from] item: Leftovers
|-heal|p1a: Suicune|53/100|[from] item: Leftovers
|upkeep
|turn|26
|
|t:|1727923722
|move|p2a: Zinchenko|Hidden Power|p1a: Suicune
|-supereffective|p1a: Suicune
|-damage|p1a: Suicune|18/100
|move|p1a: Suicune|Ice Beam|p2a: Zinchenko
|-supereffective|p2a: Zinchenko
|-damage|p2a: Zinchenko|0 fnt
|faint|p2a: Zinchenko
|
|t:|1727923725
|switch|p2a: Saliva|Celebi|51/100
|
|-weather|Sandstorm|[upkeep]
|-damage|p1a: Suicune|12/100|[from] Sandstorm
|-damage|p2a: Saliva|44/100|[from] Sandstorm
|-heal|p1a: Suicune|18/100|[from] item: Leftovers
|-heal|p2a: Saliva|51/100|[from] item: Leftovers
|upkeep
|turn|27
|
|t:|1727923730
|move|p1a: Suicune|Ice Beam|p2a: Saliva
|-supereffective|p2a: Saliva
|-damage|p2a: Saliva|1/100
|move|p2a: Saliva|Giga Drain|p1a: Suicune
|-supereffective|p1a: Suicune
|-crit|p1a: Suicune
|-damage|p1a: Suicune|0 fnt
|-heal|p2a: Saliva|9/100|[from] drain|[of] p1a: Suicune
|faint|p1a: Suicune
|
|t:|1727923734
|switch|p1a: Dugtrio|Dugtrio, F|72/100
|-damage|p1a: Dugtrio|55/100|[from] Spikes
|
|-weather|Sandstorm|[upkeep]
|-damage|p2a: Saliva|3/100|[from] Sandstorm
|-heal|p2a: Saliva|9/100|[from] item: Leftovers
|upkeep
|turn|28
|
|t:|1727923742
|move|p1a: Dugtrio|Rock Slide|p2a: Saliva
|-damage|p2a: Saliva|0 fnt
|faint|p2a: Saliva
|
|t:|1727923743
|switch|p2a: Havertz|Tyranitar, F|100/100
|
|-weather|Sandstorm|[upkeep]
|upkeep
|turn|29
|
|t:|1727923747
|switch|p1a: Salamence|Salamence, M|31/100
|-ability|p1a: Salamence|Intimidate|boost
|-unboost|p2a: Havertz|atk|1
|move|p2a: Havertz|Dragon Dance|p2a: Havertz
|-boost|p2a: Havertz|atk|1
|-boost|p2a: Havertz|spe|1
|
|-weather|Sandstorm|[upkeep]
|-damage|p1a: Salamence|25/100|[from] Sandstorm
|-heal|p1a: Salamence|31/100|[from] item: Leftovers
|upkeep
|turn|30
|
|t:|1727923754
|move|p2a: Havertz|Dragon Dance|p2a: Havertz
|-boost|p2a: Havertz|atk|1
|-boost|p2a: Havertz|spe|1
|move|p1a: Salamence|Earthquake|p2a: Havertz
|-supereffective|p2a: Havertz
|-damage|p2a: Havertz|44/100
|
|-weather|Sandstorm|[upkeep]
|-damage|p1a: Salamence|25/100|[from] Sandstorm
|-heal|p2a: Havertz|50/100|[from] item: Leftovers
|-heal|p1a: Salamence|31/100|[from] item: Leftovers
|upkeep
|turn|31
|
|t:|1727923764
|switch|p1a: Dugtrio|Dugtrio, F|55/100
|-damage|p1a: Dugtrio|39/100|[from] Spikes
|move|p2a: Havertz|Rock Slide|p1a: Dugtrio
|-resisted|p1a: Dugtrio
|-damage|p1a: Dugtrio|0 fnt
|faint|p1a: Dugtrio
|
|t:|1727923769
|switch|p1a: Salamence|Salamence, M|31/100
|-ability|p1a: Salamence|Intimidate|boost
|-unboost|p2a: Havertz|atk|1
|
|-weather|Sandstorm|[upkeep]
|-damage|p1a: Salamence|25/100|[from] Sandstorm
|-heal|p2a: Havertz|56/100|[from] item: Leftovers
|-heal|p1a: Salamence|31/100|[from] item: Leftovers
|upkeep
|turn|32
|
|t:|1727923779
|move|p2a: Havertz|Rock Slide|p1a: Salamence
|-supereffective|p1a: Salamence
|-crit|p1a: Salamence
|-damage|p1a: Salamence|0 fnt
|faint|p1a: Salamence
|
|t:|1727923781
|switch|p1a: Raikou|Raikou|100/100
|-damage|p1a: Raikou|84/100|[from] Spikes
|
|-weather|Sandstorm|[upkeep]
|-damage|p1a: Raikou|78/100|[from] Sandstorm
|-heal|p2a: Havertz|62/100|[from] item: Leftovers
|-heal|p1a: Raikou|84/100|[from] item: Leftovers
|upkeep
|turn|33
|
|t:|1727923784
|move|p2a: Havertz|Earthquake|p1a: Raikou
|-supereffective|p1a: Raikou
|-damage|p1a: Raikou|0 fnt
|faint|p1a: Raikou
|
|win|Elian

</script>
<script type="application/json" class="data" id="replaydata-smogtours-gen3ou-794168">
{"id":"smogtours-gen3ou-794168","format":"[Gen 3] OU","players":["Forblaze On Em","Elian"],"uploadtime":1727923784,"views":124,"formatid":"gen3ou","rating":null,"private":0,"password":null}
</script>

<script defer src="js/replays.js?9d40a366"></script>
