<!DOCTYPE html>
<meta charset="utf-8" />
<meta name="viewport" content="width=device-width" />

<title>[Gen 3] OU: zerkas vs. tsukinomiko - Replays - Pok&eacute;mon Showdown!</title>

<meta name="description" content="Watch a replay of a Pok&eacute;mon battle between zerkas and tsukinomiko! Format: [Gen 3] OU; Date: Oct 13, 2024" />
<!--

Hey, you! Looking in the source for the replay log?

You can find them in JSON format, just add `.json` at the end of a replay URL.

https://replay.pokemonshowdown.com/gen7randomdoublesbattle-865046831.json

Or, if you only need the log itself, add `.log` instead:

https://replay.pokemonshowdown.com/gen7randomdoublesbattle-865046831.log

-->

<link rel="stylesheet" href="//pokemonshowdown.com/style/global.css?0.023195364461161105" />
<link rel="stylesheet" href="//play.pokemonshowdown.com/style/font-awesome.css?0.13261647063804238" />
<link rel="stylesheet" href="//play.pokemonshowdown.com/style/battle.css?0.8753245789963631" />
<link rel="stylesheet" href="//play.pokemonshowdown.com/style/utilichart.css?0.8627959624976733" />

<!-- Global site tag (gtag.js) - Google Analytics -->
<script async src="https://www.googletagmanager.com/gtag/js?id=UA-26211653-1"></script>
<script>
  window.dataLayer = window.dataLayer || [];
  function gtag(){dataLayer.push(arguments);}
  gtag('js', new Date());

  gtag('config', 'UA-26211653-1');
</script>
<!-- End Google Analytics -->
<!-- Venatus Ad Manager - Install in <HEAD> of page -->
	<script src="https://hb.vntsm.com/v3/live/ad-manager.min.js" type="text/javascript" data-site-id="642aba63ec9a7b11c3c9c1be" data-mode="scan" async></script>
<!-- / Venatus Ad Manager -->

<style>
	@media (max-width:820px) {
		.battle {
			margin: 0 auto;
		}
		.battle-log {
			margin: 7px auto 0;
			max-width: 640px;
			height: 300px;
			position: static;
		}
	}
	.optgroup {
		display: inline-block;
		line-height: 22px;
		font-size: 10pt;
	}
	.optgroup .button {
		height: 25px;
		padding-top: 0;
		padding-bottom: 0;
	}
	.optgroup button.button {
		padding-left: 12px;
		padding-right: 12px;
	}
	.linklist {
		list-style: none;
		margin: 0.5em 0;
		padding: 0;
	}
	.linklist li {
		padding: 2px 0;
	}
	.sidebar {
		float: left;
		width: 320px;
	}
	.bar-wrapper {
		max-width: 1100px;
		margin: 0 auto;
	}
	.bar-wrapper.has-sidebar {
		max-width: 1430px;
	}
	.mainbar {
		margin: 0;
		padding-right: 1px;
	}
	.mainbar.has-sidebar {
		margin-left: 330px;
	}
	@media (min-width: 1511px) {
		.sidebar {
			width: 400px;
		}
		.bar-wrapper.has-sidebar {
			max-width: 1510px;
		}
		.mainbar.has-sidebar {
			margin-left: 410px;
		}
	}
	.section.first-section {
		margin-top: 9px;
	}
	.blocklink small {
		white-space: normal;
	}
	.button {
		vertical-align: middle;
	}
	.replay-controls {
		padding-top: 10px;
	}
	.replay-controls h1 {
		font-size: 16pt;
		font-weight: normal;
		color: #CCC;
	}
	.pagelink {
		text-align: center;
	}
	.pagelink a {
		width: 150px;
	}
	.textbox, .button {
		font-size: 11pt;
		vertical-align: middle;
	}
	@media (max-width: 450px) {
		.button {
			font-size: 9pt;
		}
	}
</style>

<div>

	<header>
		<div class="nav-wrapper"><ul class="nav">
			<li><a class="button nav-first" href="//pokemonshowdown.com/"><img src="//pokemonshowdown.com/images/pokemonshowdownbeta.png" srcset="//pokemonshowdown.com/images/pokemonshowdownbeta.png 1x, //pokemonshowdown.com/images/pokemonshowdownbeta@2x.png 2x" alt="Pok&eacute;mon Showdown" width="146" height="44" /> Home</a></li>
			<li><a class="button" href="//pokemonshowdown.com/dex/">Pok&eacute;dex</a></li>
			<li><a class="button cur" href="/">Replays</a></li>
			<li><a class="button" href="//pokemonshowdown.com/ladder/">Ladder</a></li>
			<li><a class="button nav-last" href="//pokemonshowdown.com/forums/">Forum</a></li>
			<li><a class="button greenbutton nav-first nav-last" href="//play.pokemonshowdown.com/">Play</a></li>
		</ul></div>
	</header>

	<div class="main" id="main">

		<noscript><section class="section">You need to enable JavaScript to use this page; sorry!</section></noscript>

	</div>

</div>

<script defer nomodule src="//play.pokemonshowdown.com/js/lib/ps-polyfill.js"></script>
<script defer src="//play.pokemonshowdown.com/js/lib/preact.min.js"></script>

<script defer src="//play.pokemonshowdown.com/config/config.js?2bddbc15"></script>
<script defer src="//play.pokemonshowdown.com/js/lib/jquery-1.11.0.min.js"></script>
<script defer src="//play.pokemonshowdown.com/js/lib/html-sanitizer-minified.js"></script>
<script defer src="//play.pokemonshowdown.com/js/battle-sound.js"></script>
<script defer src="//play.pokemonshowdown.com/js/battledata.js?0.7209276989879541"></script>
<script defer src="//play.pokemonshowdown.com/data/pokedex-mini.js?0.6111056340867951"></script>
<script defer src="//play.pokemonshowdown.com/data/pokedex-mini-bw.js?0.3532142036491459"></script>
<script defer src="//play.pokemonshowdown.com/data/graphics.js?0.24223875632456182"></script>
<script defer src="//play.pokemonshowdown.com/data/pokedex.js?0.38839984266356864"></script>
<script defer src="//play.pokemonshowdown.com/data/moves.js?0.21866028504024015"></script>
<script defer src="//play.pokemonshowdown.com/data/abilities.js?0.2005157953846628"></script>
<script defer src="//play.pokemonshowdown.com/data/items.js?0.9894211263848525"></script>
<script defer src="//play.pokemonshowdown.com/data/teambuilder-tables.js?0.6008791140282215"></script>
<script defer src="//play.pokemonshowdown.com/js/battle-tooltips.js?0.7580118955022959"></script>
<script defer src="//play.pokemonshowdown.com/js/battle.js?0.6057722274234274"></script>

<script defer src="js/utils.js?e31f9a17"></script>
<script defer src="js/replays-battle.js?7008c182"></script>

<!-- don't scrape this data! just add .json or .log after the URL!
Full API docs: https://github.com/smogon/pokemon-showdown-client/blob/master/WEB-API.md -->
<script type="text/plain" class="log" id="replaylog-smogtours-gen3ou-798483">
|inactive|Battle timer is ON: inactive players will automatically lose when time's up.
|t:|1728858388
|gametype|singles
|player|p1|zerkas|courtney|
|player|p2|tsukinomiko|bellelba|
|teamsize|p1|6
|teamsize|p2|6
|gen|3
|tier|[Gen 3] OU
|rule|Sleep Clause Mod: Limit one foe put to sleep
|rule|Switch Priority Clause Mod: Faster Pokémon switch first
|rule|Species Clause: Limit one of each Pokémon
|rule|OHKO Clause: OHKO moves are banned
|rule|Evasion Items Clause: Evasion items are banned
|rule|Evasion Moves Clause: Evasion moves are banned
|rule|Endless Battle Clause: Forcing endless battles is banned
|rule|HP Percentage Mod: HP is shown in percentages
|rule|One Boost Passer Clause: Limit one Baton Passer that has a way to boost its stats
|rule|Freeze Clause Mod: Limit one foe frozen
|
|t:|1728858388
|start
|switch|p1a: Salamence|Salamence, M|100/100
|switch|p2a: RX-0 Unicorn|Metagross, shiny|100/100
|-ability|p1a: Salamence|Intimidate|boost
|-fail|p2a: RX-0 Unicorn|unboost|[from] ability: Clear Body|[of] p2a: RX-0 Unicorn
|turn|1
|c|☆zerkas|hf
|c|☆tsukinomiko|u2
|inactive|tsukinomiko has 270 seconds left.
|
|t:|1728858418
|switch|p1a: Registeel|Registeel|100/100
|move|p2a: RX-0 Unicorn|Earthquake|p1a: Registeel
|-supereffective|p1a: Registeel
|-damage|p1a: Registeel|32/100
|
|-heal|p1a: Registeel|38/100|[from] item: Leftovers
|upkeep
|turn|2
|
|t:|1728858438
|switch|p2a: Ame-no-Habakiri|Suicune, shiny|100/100
|switch|p1a: Claydol|Claydol|100/100
|
|upkeep
|turn|3
|inactive|tsukinomiko has 270 seconds left.
|
|t:|1728858476
|switch|p2a: RX-0 Unicorn|Metagross, shiny|100/100
|switch|p1a: Snorlax|Snorlax, M|100/100
|
|upkeep
|turn|4
|
|t:|1728858485
|switch|p1a: Suicune|Suicune|100/100
|move|p2a: RX-0 Unicorn|Meteor Mash|p1a: Suicune
|-resisted|p1a: Suicune
|-damage|p1a: Suicune|65/100
|
|-heal|p1a: Suicune|71/100|[from] item: Leftovers
|upkeep
|turn|5
|inactive|tsukinomiko has 270 seconds left.
|
|t:|1728858501
|switch|p2a: Oishi|Snorlax, M, shiny|100/100
|move|p1a: Suicune|Surf|p2a: Oishi
|-damage|p2a: Oishi|78/100
|
|-heal|p1a: Suicune|77/100|[from] item: Leftovers
|-heal|p2a: Oishi|84/100|[from] item: Leftovers
|upkeep
|turn|6
|
|t:|1728858507
|switch|p1a: Tyranitar|Tyranitar, F|100/100
|-weather|Sandstorm|[from] ability: Sand Stream|[of] p1a: Tyranitar
|move|p2a: Oishi|Body Slam|p1a: Tyranitar
|-resisted|p1a: Tyranitar
|-damage|p1a: Tyranitar|84/100
|
|-weather|Sandstorm|[upkeep]
|-damage|p2a: Oishi|78/100|[from] Sandstorm
|-heal|p1a: Tyranitar|90/100|[from] item: Leftovers
|-heal|p2a: Oishi|84/100|[from] item: Leftovers
|upkeep
|turn|7
|inactive|tsukinomiko has 270 seconds left.
|
|t:|1728858524
|switch|p1a: Salamence|Salamence, M|100/100
|-ability|p1a: Salamence|Intimidate|boost
|-unboost|p2a: Oishi|atk|1
|switch|p2a: RX-0 Unicorn|Metagross, shiny|100/100
|
|-weather|Sandstorm|[upkeep]
|-damage|p1a: Salamence|94/100|[from] Sandstorm
|-heal|p1a: Salamence|100/100|[from] item: Leftovers
|upkeep
|turn|8
|
|t:|1728858536
|switch|p1a: Suicune|Suicune|77/100
|move|p2a: RX-0 Unicorn|Meteor Mash|p1a: Suicune
|-resisted|p1a: Suicune
|-damage|p1a: Suicune|43/100
|
|-weather|Sandstorm|[upkeep]
|-damage|p1a: Suicune|37/100|[from] Sandstorm
|-heal|p1a: Suicune|43/100|[from] item: Leftovers
|upkeep
|turn|9
|
|t:|1728858541
|move|p1a: Suicune|Surf|p2a: RX-0 Unicorn
|-damage|p2a: RX-0 Unicorn|49/100
|move|p2a: RX-0 Unicorn|Meteor Mash|p1a: Suicune|[miss]
|-miss|p2a: RX-0 Unicorn|p1a: Suicune
|
|-weather|Sandstorm|[upkeep]
|-damage|p1a: Suicune|37/100|[from] Sandstorm
|-heal|p1a: Suicune|43/100|[from] item: Leftovers
|upkeep
|turn|10
|
|t:|1728858548
|switch|p2a: Oishi|Snorlax, M, shiny|84/100
|move|p1a: Suicune|Rest|p1a: Suicune
|-status|p1a: Suicune|slp|[from] move: Rest
|-heal|p1a: Suicune|100/100 slp|[silent]
|
|-weather|Sandstorm|[upkeep]
|-damage|p1a: Suicune|94/100 slp|[from] Sandstorm
|-damage|p2a: Oishi|78/100|[from] Sandstorm
|-heal|p1a: Suicune|100/100 slp|[from] item: Leftovers
|-heal|p2a: Oishi|84/100|[from] item: Leftovers
|upkeep
|turn|11
|
|t:|1728858553
|-singleturn|p2a: Oishi|move: Focus Punch
|cant|p1a: Suicune|slp
|move|p2a: Oishi|Focus Punch|p1a: Suicune
|-damage|p1a: Suicune|62/100 slp
|
|-weather|Sandstorm|[upkeep]
|-damage|p1a: Suicune|56/100 slp|[from] Sandstorm
|-damage|p2a: Oishi|78/100|[from] Sandstorm
|-heal|p1a: Suicune|62/100 slp|[from] item: Leftovers
|-heal|p2a: Oishi|84/100|[from] item: Leftovers
|upkeep
|turn|12
|
|t:|1728858559
|-singleturn|p2a: Oishi|move: Focus Punch
|switch|p1a: Registeel|Registeel|38/100
|move|p2a: Oishi|Focus Punch|p1a: Registeel
|-supereffective|p1a: Registeel
|-damage|p1a: Registeel|0 fnt
|faint|p1a: Registeel
|
|t:|1728858563
|switch|p1a: Tyranitar|Tyranitar, F|90/100
|
|-weather|Sandstorm|[upkeep]
|-damage|p2a: Oishi|78/100|[from] Sandstorm
|-heal|p1a: Tyranitar|96/100|[from] item: Leftovers
|-heal|p2a: Oishi|84/100|[from] item: Leftovers
|upkeep
|turn|13
|inactive|tsukinomiko has 270 seconds left.
|inactive|tsukinomiko has 240 seconds left.
|
|t:|1728858630
|-activate|p2a: Oishi|move: Pursuit
|move|p1a: Tyranitar|Pursuit|p2a: Oishi|[from]Pursuit
|-damage|p2a: Oishi|62/100
|switch|p2a: Ame-no-Habakiri|Suicune, shiny|100/100
|
|-weather|Sandstorm|[upkeep]
|-damage|p2a: Ame-no-Habakiri|94/100|[from] Sandstorm
|-heal|p2a: Ame-no-Habakiri|100/100|[from] item: Leftovers
|-heal|p1a: Tyranitar|100/100|[from] item: Leftovers
|upkeep
|turn|14
|inactive|tsukinomiko has 240 seconds left.
|
|t:|1728858645
|switch|p2a: RX-0 Unicorn|Metagross, shiny|49/100
|switch|p1a: Snorlax|Snorlax, M|100/100
|
|-weather|Sandstorm|[upkeep]
|-damage|p1a: Snorlax|94/100|[from] Sandstorm
|-heal|p1a: Snorlax|100/100|[from] item: Leftovers
|upkeep
|turn|15
|
|t:|1728858653
|move|p2a: RX-0 Unicorn|Meteor Mash|p1a: Snorlax
|-crit|p1a: Snorlax
|-damage|p1a: Snorlax|0 fnt
|faint|p1a: Snorlax
|
|t:|1728858667
|switch|p1a: Salamence|Salamence, M|100/100
|-ability|p1a: Salamence|Intimidate|boost
|-fail|p2a: RX-0 Unicorn|unboost|[from] ability: Clear Body|[of] p2a: RX-0 Unicorn
|
|-weather|Sandstorm|[upkeep]
|-damage|p1a: Salamence|94/100|[from] Sandstorm
|-heal|p1a: Salamence|100/100|[from] item: Leftovers
|upkeep
|turn|16
|
|t:|1728858674
|move|p1a: Salamence|Fire Blast|p2a: RX-0 Unicorn
|-supereffective|p2a: RX-0 Unicorn
|-damage|p2a: RX-0 Unicorn|0 fnt
|faint|p2a: RX-0 Unicorn
|
|t:|1728858681
|switch|p2a: Ame-no-Habakiri|Suicune, shiny|100/100
|
|-weather|Sandstorm|[upkeep]
|-damage|p1a: Salamence|94/100|[from] Sandstorm
|-damage|p2a: Ame-no-Habakiri|94/100|[from] Sandstorm
|-heal|p1a: Salamence|100/100|[from] item: Leftovers
|-heal|p2a: Ame-no-Habakiri|100/100|[from] item: Leftovers
|upkeep
|turn|17
|
|t:|1728858692
|switch|p1a: Suicune|Suicune|62/100 slp
|move|p2a: Ame-no-Habakiri|Calm Mind|p2a: Ame-no-Habakiri
|-boost|p2a: Ame-no-Habakiri|spa|1
|-boost|p2a: Ame-no-Habakiri|spd|1
|
|-weather|Sandstorm|[upkeep]
|-damage|p2a: Ame-no-Habakiri|94/100|[from] Sandstorm
|-damage|p1a: Suicune|56/100 slp|[from] Sandstorm
|-heal|p2a: Ame-no-Habakiri|100/100|[from] item: Leftovers
|-heal|p1a: Suicune|62/100 slp|[from] item: Leftovers
|upkeep
|turn|18
|inactive|tsukinomiko has 270 seconds left.
|
|t:|1728858711
|switch|p2a: Oishi|Snorlax, M, shiny|62/100
|cant|p1a: Suicune|slp
|
|-weather|Sandstorm|[upkeep]
|-damage|p1a: Suicune|56/100 slp|[from] Sandstorm
|-damage|p2a: Oishi|56/100|[from] Sandstorm
|-heal|p1a: Suicune|62/100 slp|[from] item: Leftovers
|-heal|p2a: Oishi|62/100|[from] item: Leftovers
|upkeep
|turn|19
|
|t:|1728858718
|switch|p1a: Salamence|Salamence, M|100/100
|-ability|p1a: Salamence|Intimidate|boost
|-unboost|p2a: Oishi|atk|1
|move|p2a: Oishi|Body Slam|p1a: Salamence
|-damage|p1a: Salamence|62/100
|
|-weather|Sandstorm|[upkeep]
|-damage|p1a: Salamence|56/100|[from] Sandstorm
|-damage|p2a: Oishi|56/100|[from] Sandstorm
|-heal|p1a: Salamence|62/100|[from] item: Leftovers
|-heal|p2a: Oishi|62/100|[from] item: Leftovers
|upkeep
|turn|20
|inactive|tsukinomiko has 270 seconds left.
|
|t:|1728858725
|switch|p2a: Panopticon|Claydol|100/100
|move|p1a: Salamence|Brick Break|p2a: Panopticon
|-resisted|p2a: Panopticon
|-damage|p2a: Panopticon|89/100
|
|-weather|Sandstorm|[upkeep]
|-damage|p1a: Salamence|56/100|[from] Sandstorm
|-heal|p1a: Salamence|62/100|[from] item: Leftovers
|-heal|p2a: Panopticon|95/100|[from] item: Leftovers
|upkeep
|turn|21
|
|t:|1728858732
|switch|p1a: Tyranitar|Tyranitar, F|100/100
|move|p2a: Panopticon|Rock Slide|p1a: Tyranitar
|-damage|p1a: Tyranitar|85/100
|
|-weather|Sandstorm|[upkeep]
|-heal|p2a: Panopticon|100/100|[from] item: Leftovers
|-heal|p1a: Tyranitar|91/100|[from] item: Leftovers
|upkeep
|turn|22
|
|t:|1728858735
|switch|p1a: Claydol|Claydol|100/100
|move|p2a: Panopticon|Earthquake|p1a: Claydol
|-immune|p1a: Claydol
|
|-weather|Sandstorm|[upkeep]
|upkeep
|turn|23
|
|t:|1728858753
|switch|p2a: Despotar|Tyranitar, M|100/100
|move|p1a: Claydol|Earthquake|p2a: Despotar
|-supereffective|p2a: Despotar
|-damage|p2a: Despotar|39/100
|
|-weather|Sandstorm|[upkeep]
|upkeep
|turn|24
|inactive|tsukinomiko has 270 seconds left.
|
|t:|1728858788
|move|p1a: Claydol|Earthquake|p2a: Despotar
|-supereffective|p2a: Despotar
|-crit|p2a: Despotar
|-damage|p2a: Despotar|0 fnt
|faint|p2a: Despotar
|
|t:|1728858789
|switch|p2a: Ame-no-Habakiri|Suicune, shiny|100/100
|
|-weather|Sandstorm|[upkeep]
|-damage|p2a: Ame-no-Habakiri|94/100|[from] Sandstorm
|-heal|p2a: Ame-no-Habakiri|100/100|[from] item: Leftovers
|upkeep
|turn|25
|inactive|tsukinomiko has 270 seconds left.
|
|t:|1728858820
|switch|p1a: Suicune|Suicune|62/100 slp
|move|p2a: Ame-no-Habakiri|Calm Mind|p2a: Ame-no-Habakiri
|-boost|p2a: Ame-no-Habakiri|spa|1
|-boost|p2a: Ame-no-Habakiri|spd|1
|
|-weather|Sandstorm|[upkeep]
|-damage|p2a: Ame-no-Habakiri|94/100|[from] Sandstorm
|-damage|p1a: Suicune|56/100 slp|[from] Sandstorm
|-heal|p2a: Ame-no-Habakiri|100/100|[from] item: Leftovers
|-heal|p1a: Suicune|62/100 slp|[from] item: Leftovers
|upkeep
|turn|26
|
|t:|1728858823
|move|p2a: Ame-no-Habakiri|Hydro Pump|p1a: Suicune
|-resisted|p1a: Suicune
|-damage|p1a: Suicune|33/100 slp
|-curestatus|p1a: Suicune|slp|[msg]
|move|p1a: Suicune|Calm Mind|p1a: Suicune
|-boost|p1a: Suicune|spa|1
|-boost|p1a: Suicune|spd|1
|
|-weather|Sandstorm|[upkeep]
|-damage|p2a: Ame-no-Habakiri|94/100|[from] Sandstorm
|-damage|p1a: Suicune|27/100|[from] Sandstorm
|-heal|p2a: Ame-no-Habakiri|100/100|[from] item: Leftovers
|-heal|p1a: Suicune|33/100|[from] item: Leftovers
|upkeep
|turn|27
|
|t:|1728858831
|move|p1a: Suicune|Rest|p1a: Suicune
|-status|p1a: Suicune|slp|[from] move: Rest
|-heal|p1a: Suicune|100/100 slp|[silent]
|move|p2a: Ame-no-Habakiri|Roar|p1a: Suicune
|drag|p1a: Salamence|Salamence, M|62/100
|-ability|p1a: Salamence|Intimidate|boost
|-unboost|p2a: Ame-no-Habakiri|atk|1
|
|-weather|Sandstorm|[upkeep]
|-damage|p1a: Salamence|56/100|[from] Sandstorm
|-damage|p2a: Ame-no-Habakiri|94/100|[from] Sandstorm
|-heal|p1a: Salamence|62/100|[from] item: Leftovers
|-heal|p2a: Ame-no-Habakiri|100/100|[from] item: Leftovers
|upkeep
|turn|28
|
|t:|1728858838
|move|p1a: Salamence|Dragon Claw|p2a: Ame-no-Habakiri
|-damage|p2a: Ame-no-Habakiri|78/100
|move|p2a: Ame-no-Habakiri|Calm Mind|p2a: Ame-no-Habakiri
|-boost|p2a: Ame-no-Habakiri|spa|1
|-boost|p2a: Ame-no-Habakiri|spd|1
|
|-weather|Sandstorm|[upkeep]
|-damage|p1a: Salamence|56/100|[from] Sandstorm
|-damage|p2a: Ame-no-Habakiri|72/100|[from] Sandstorm
|-heal|p1a: Salamence|62/100|[from] item: Leftovers
|-heal|p2a: Ame-no-Habakiri|78/100|[from] item: Leftovers
|upkeep
|turn|29
|
|t:|1728858840
|move|p1a: Salamence|Dragon Claw|p2a: Ame-no-Habakiri
|-crit|p2a: Ame-no-Habakiri
|-damage|p2a: Ame-no-Habakiri|7/100
|move|p2a: Ame-no-Habakiri|Ice Beam|p1a: Salamence
|-supereffective|p1a: Salamence
|-damage|p1a: Salamence|0 fnt
|faint|p1a: Salamence
|
|t:|1728858849
|switch|p1a: Tyranitar|Tyranitar, F|91/100
|
|-weather|Sandstorm|[upkeep]
|-damage|p2a: Ame-no-Habakiri|0 fnt|[from] Sandstorm
|faint|p2a: Ame-no-Habakiri
|-heal|p1a: Tyranitar|98/100|[from] item: Leftovers
|upkeep
|
|t:|1728858859
|switch|p2a: Panopticon|Claydol|100/100
|turn|30
|
|t:|1728858862
|switch|p1a: Claydol|Claydol|100/100
|move|p2a: Panopticon|Earthquake|p1a: Claydol
|-immune|p1a: Claydol
|
|-weather|Sandstorm|[upkeep]
|upkeep
|turn|31
|
|t:|1728858874
|switch|p1a: Tyranitar|Tyranitar, F|98/100
|move|p2a: Panopticon|Earthquake|p1a: Tyranitar
|-supereffective|p1a: Tyranitar
|-damage|p1a: Tyranitar|37/100
|
|-weather|Sandstorm|[upkeep]
|-heal|p1a: Tyranitar|43/100|[from] item: Leftovers
|upkeep
|turn|32
|inactive|tsukinomiko has 270 seconds left.
|
|t:|1728858907
|switch|p1a: Claydol|Claydol|100/100
|move|p2a: Panopticon|Earthquake|p1a: Claydol
|-immune|p1a: Claydol
|
|-weather|Sandstorm|[upkeep]
|upkeep
|turn|33
|inactive|tsukinomiko has 270 seconds left.
|
|t:|1728858921
|move|p2a: Panopticon|Rock Slide|p1a: Claydol|[miss]
|-miss|p2a: Panopticon|p1a: Claydol
|move|p1a: Claydol|Ancient Power|p2a: Panopticon
|-resisted|p2a: Panopticon
|-damage|p2a: Panopticon|93/100
|
|-weather|Sandstorm|[upkeep]
|-heal|p2a: Panopticon|99/100|[from] item: Leftovers
|upkeep
|turn|34
|inactive|tsukinomiko has 270 seconds left.
|c|+Kollin7|.
|c|☆tsukinomiko|.
|c|☆tsukinomiko|cook 
|inactive|tsukinomiko has 240 seconds left.
|
|t:|1728858985
|move|p2a: Panopticon|Explosion|p1a: Claydol
|-damage|p1a: Claydol|0 fnt
|faint|p2a: Panopticon
|faint|p1a: Claydol
|
|t:|1728858994
|switch|p2a: Tiamat|Salamence, F|100/100
|switch|p1a: Tyranitar|Tyranitar, F|43/100
|-ability|p2a: Tiamat|Intimidate|boost
|-unboost|p1a: Tyranitar|atk|1
|
|-weather|Sandstorm|[upkeep]
|-damage|p2a: Tiamat|94/100|[from] Sandstorm
|-heal|p2a: Tiamat|100/100|[from] item: Leftovers
|-heal|p1a: Tyranitar|49/100|[from] item: Leftovers
|upkeep
|turn|35
|
|t:|1728858997
|switch|p1a: Suicune|Suicune|100/100 slp
|move|p2a: Tiamat|Earthquake|p1a: Suicune
|-damage|p1a: Suicune|70/100 slp
|
|-weather|Sandstorm|[upkeep]
|-damage|p2a: Tiamat|94/100|[from] Sandstorm
|-damage|p1a: Suicune|64/100 slp|[from] Sandstorm
|-heal|p2a: Tiamat|100/100|[from] item: Leftovers
|-heal|p1a: Suicune|70/100 slp|[from] item: Leftovers
|upkeep
|turn|36
|
|t:|1728859000
|move|p2a: Tiamat|Dragon Dance|p2a: Tiamat
|-boost|p2a: Tiamat|atk|1
|-boost|p2a: Tiamat|spe|1
|cant|p1a: Suicune|slp
|
|-weather|Sandstorm|[upkeep]
|-damage|p2a: Tiamat|94/100|[from] Sandstorm
|-damage|p1a: Suicune|64/100 slp|[from] Sandstorm
|-heal|p2a: Tiamat|100/100|[from] item: Leftovers
|-heal|p1a: Suicune|70/100 slp|[from] item: Leftovers
|upkeep
|turn|37
|
|t:|1728859009
|move|p2a: Tiamat|Hidden Power|p1a: Suicune
|-damage|p1a: Suicune|23/100 slp
|cant|p1a: Suicune|slp
|
|-weather|Sandstorm|[upkeep]
|-damage|p2a: Tiamat|94/100|[from] Sandstorm
|-damage|p1a: Suicune|16/100 slp|[from] Sandstorm
|-heal|p2a: Tiamat|100/100|[from] item: Leftovers
|-heal|p1a: Suicune|23/100 slp|[from] item: Leftovers
|upkeep
|turn|38
|
|t:|1728859012
|move|p2a: Tiamat|Hidden Power|p1a: Suicune
|-damage|p1a: Suicune|0 fnt
|faint|p1a: Suicune
|c|☆zerkas|ggs
|
|t:|1728859013
|switch|p1a: Tyranitar|Tyranitar, F|49/100
|
|-weather|Sandstorm|[upkeep]
|-damage|p2a: Tiamat|94/100|[from] Sandstorm
|-heal|p2a: Tiamat|100/100|[from] item: Leftovers
|-heal|p1a: Tyranitar|55/100|[from] item: Leftovers
|upkeep
|turn|39
|c|☆tsukinomiko|ggs
|
|t:|1728859017
|move|p2a: Tiamat|Earthquake|p1a: Tyranitar
|-supereffective|p1a: Tyranitar
|-damage|p1a: Tyranitar|0 fnt
|faint|p1a: Tyranitar
|
|win|tsukinomiko
|player|p1|
|c|☆tsukinomiko|wp

</script>
<script type="application/json" class="data" id="replaydata-smogtours-gen3ou-798483">
{"id":"smogtours-gen3ou-798483","format":"[Gen 3] OU","players":["zerkas","tsukinomiko"],"uploadtime":1728859017,"views":154,"formatid":"gen3ou","rating":null,"private":0,"password":null}
</script>

<script defer src="js/replays.js?9d40a366"></script>
