<!DOCTYPE html>
<meta charset="utf-8" />
<meta name="viewport" content="width=device-width" />

<title>[Gen 3] OU: antantantantant vs. Sieeeffmon - Replays - Pok&eacute;mon Showdown!</title>

<meta name="description" content="Watch a replay of a Pok&eacute;mon battle between antantantantant and Sieeeffmon! Format: [Gen 3] OU; Date: Nov 5, 2024" />
<!--

Hey, you! Looking in the source for the replay log?

You can find them in JSON format, just add `.json` at the end of a replay URL.

https://replay.pokemonshowdown.com/gen7randomdoublesbattle-865046831.json

Or, if you only need the log itself, add `.log` instead:

https://replay.pokemonshowdown.com/gen7randomdoublesbattle-865046831.log

-->

<link rel="stylesheet" href="//pokemonshowdown.com/style/global.css?0.023195364461161105" />
<link rel="stylesheet" href="//play.pokemonshowdown.com/style/font-awesome.css?0.13261647063804238" />
<link rel="stylesheet" href="//play.pokemonshowdown.com/style/battle.css?0.8753245789963631" />
<link rel="stylesheet" href="//play.pokemonshowdown.com/style/utilichart.css?0.8627959624976733" />

<!-- Global site tag (gtag.js) - Google Analytics -->
<script async src="https://www.googletagmanager.com/gtag/js?id=UA-26211653-1"></script>
<script>
  window.dataLayer = window.dataLayer || [];
  function gtag(){dataLayer.push(arguments);}
  gtag('js', new Date());

  gtag('config', 'UA-26211653-1');
</script>
<!-- End Google Analytics -->
<!-- Venatus Ad Manager - Install in <HEAD> of page -->
	<script src="https://hb.vntsm.com/v3/live/ad-manager.min.js" type="text/javascript" data-site-id="642aba63ec9a7b11c3c9c1be" data-mode="scan" async></script>
<!-- / Venatus Ad Manager -->

<style>
	@media (max-width:820px) {
		.battle {
			margin: 0 auto;
		}
		.battle-log {
			margin: 7px auto 0;
			max-width: 640px;
			height: 300px;
			position: static;
		}
	}
	.optgroup {
		display: inline-block;
		line-height: 22px;
		font-size: 10pt;
	}
	.optgroup .button {
		height: 25px;
		padding-top: 0;
		padding-bottom: 0;
	}
	.optgroup button.button {
		padding-left: 12px;
		padding-right: 12px;
	}
	.linklist {
		list-style: none;
		margin: 0.5em 0;
		padding: 0;
	}
	.linklist li {
		padding: 2px 0;
	}
	.sidebar {
		float: left;
		width: 320px;
	}
	.bar-wrapper {
		max-width: 1100px;
		margin: 0 auto;
	}
	.bar-wrapper.has-sidebar {
		max-width: 1430px;
	}
	.mainbar {
		margin: 0;
		padding-right: 1px;
	}
	.mainbar.has-sidebar {
		margin-left: 330px;
	}
	@media (min-width: 1511px) {
		.sidebar {
			width: 400px;
		}
		.bar-wrapper.has-sidebar {
			max-width: 1510px;
		}
		.mainbar.has-sidebar {
			margin-left: 410px;
		}
	}
	.section.first-section {
		margin-top: 9px;
	}
	.blocklink small {
		white-space: normal;
	}
	.button {
		vertical-align: middle;
	}
	.replay-controls {
		padding-top: 10px;
	}
	.replay-controls h1 {
		font-size: 16pt;
		font-weight: normal;
		color: #CCC;
	}
	.pagelink {
		text-align: center;
	}
	.pagelink a {
		width: 150px;
	}
	.textbox, .button {
		font-size: 11pt;
		vertical-align: middle;
	}
	@media (max-width: 450px) {
		.button {
			font-size: 9pt;
		}
	}
</style>

<div>

	<header>
		<div class="nav-wrapper"><ul class="nav">
			<li><a class="button nav-first" href="//pokemonshowdown.com/"><img src="//pokemonshowdown.com/images/pokemonshowdownbeta.png" srcset="//pokemonshowdown.com/images/pokemonshowdownbeta.png 1x, //pokemonshowdown.com/images/pokemonshowdownbeta@2x.png 2x" alt="Pok&eacute;mon Showdown" width="146" height="44" /> Home</a></li>
			<li><a class="button" href="//pokemonshowdown.com/dex/">Pok&eacute;dex</a></li>
			<li><a class="button cur" href="/">Replays</a></li>
			<li><a class="button" href="//pokemonshowdown.com/ladder/">Ladder</a></li>
			<li><a class="button nav-last" href="//pokemonshowdown.com/forums/">Forum</a></li>
			<li><a class="button greenbutton nav-first nav-last" href="//play.pokemonshowdown.com/">Play</a></li>
		</ul></div>
	</header>

	<div class="main" id="main">

		<noscript><section class="section">You need to enable JavaScript to use this page; sorry!</section></noscript>

	</div>

</div>

<script defer nomodule src="//play.pokemonshowdown.com/js/lib/ps-polyfill.js"></script>
<script defer src="//play.pokemonshowdown.com/js/lib/preact.min.js"></script>

<script defer src="//play.pokemonshowdown.com/config/config.js?2bddbc15"></script>
<script defer src="//play.pokemonshowdown.com/js/lib/jquery-1.11.0.min.js"></script>
<script defer src="//play.pokemonshowdown.com/js/lib/html-sanitizer-minified.js"></script>
<script defer src="//play.pokemonshowdown.com/js/battle-sound.js"></script>
<script defer src="//play.pokemonshowdown.com/js/battledata.js?0.7209276989879541"></script>
<script defer src="//play.pokemonshowdown.com/data/pokedex-mini.js?0.6111056340867951"></script>
<script defer src="//play.pokemonshowdown.com/data/pokedex-mini-bw.js?0.3532142036491459"></script>
<script defer src="//play.pokemonshowdown.com/data/graphics.js?0.24223875632456182"></script>
<script defer src="//play.pokemonshowdown.com/data/pokedex.js?0.38839984266356864"></script>
<script defer src="//play.pokemonshowdown.com/data/moves.js?0.21866028504024015"></script>
<script defer src="//play.pokemonshowdown.com/data/abilities.js?0.2005157953846628"></script>
<script defer src="//play.pokemonshowdown.com/data/items.js?0.9894211263848525"></script>
<script defer src="//play.pokemonshowdown.com/data/teambuilder-tables.js?0.6008791140282215"></script>
<script defer src="//play.pokemonshowdown.com/js/battle-tooltips.js?0.7580118955022959"></script>
<script defer src="//play.pokemonshowdown.com/js/battle.js?0.6057722274234274"></script>

<script defer src="js/utils.js?e31f9a17"></script>
<script defer src="js/replays-battle.js?7008c182"></script>

<!-- don't scrape this data! just add .json or .log after the URL!
Full API docs: https://github.com/smogon/pokemon-showdown-client/blob/master/WEB-API.md -->
<script type="text/plain" class="log" id="replaylog-smogtours-gen3ou-804905">
|inactive|Battle timer is ON: inactive players will automatically lose when time's up.
|t:|1730828346
|gametype|singles
|player|p1|antantantantant|170|
|player|p2|Sieeeffmon|169|
|teamsize|p1|6
|teamsize|p2|6
|gen|3
|tier|[Gen 3] OU
|rule|Sleep Clause Mod: Limit one foe put to sleep
|rule|Switch Priority Clause Mod: Faster Pokémon switch first
|rule|Species Clause: Limit one of each Pokémon
|rule|OHKO Clause: OHKO moves are banned
|rule|Evasion Items Clause: Evasion items are banned
|rule|Evasion Moves Clause: Evasion moves are banned
|rule|Endless Battle Clause: Forcing endless battles is banned
|rule|HP Percentage Mod: HP is shown in percentages
|rule|One Boost Passer Clause: Limit one Baton Passer that has a way to boost its stats
|rule|Freeze Clause Mod: Limit one foe frozen
|
|t:|1730828346
|start
|switch|p1a: Jynx|Jynx, F|100/100
|switch|p2a: Jynx|Jynx, F|100/100
|turn|1
|c|☆Sieeeffmon|glhf! 
|c|☆antantantantant|you too! :)
|inactive|Sieeeffmon has 270 seconds left.
|
|t:|1730828388
|move|p1a: Jynx|Lovely Kiss|p2a: Jynx
|-status|p2a: Jynx|slp|[from] move: Lovely Kiss
|cant|p2a: Jynx|slp
|
|upkeep
|turn|2
|
|t:|1730828406
|switch|p2a: Metagross|Metagross|100/100
|move|p1a: Jynx|Mean Look|p2a: Metagross
|-activate|p2a: Metagross|trapped
|
|upkeep
|turn|3
|inactive|antantantantant has 270 seconds left.
|
|t:|1730828444
|move|p1a: Jynx|Perish Song|p1a: Jynx
|-start|p1a: Jynx|perish3|[silent]
|-start|p2a: Metagross|perish3|[silent]
|-fieldactivate|move: Perish Song
|move|p2a: Metagross|Earthquake|p1a: Jynx
|-damage|p1a: Jynx|0 fnt
|faint|p1a: Jynx
|
|t:|1730828448
|switch|p1a: Dugtrio|Dugtrio, M|100/100
|
|-start|p2a: Metagross|perish3
|upkeep
|turn|4
|
|t:|1730828452
|move|p1a: Dugtrio|Substitute|p1a: Dugtrio
|-start|p1a: Dugtrio|Substitute
|-damage|p1a: Dugtrio|76/100
|move|p2a: Metagross|Earthquake|p1a: Dugtrio
|-end|p1a: Dugtrio|Substitute
|
|-start|p2a: Metagross|perish2
|upkeep
|turn|5
|
|t:|1730828456
|move|p1a: Dugtrio|Substitute|p1a: Dugtrio
|-start|p1a: Dugtrio|Substitute
|-damage|p1a: Dugtrio|51/100
|move|p2a: Metagross|Earthquake|p1a: Dugtrio
|-end|p1a: Dugtrio|Substitute
|
|-start|p2a: Metagross|perish1
|upkeep
|turn|6
|
|t:|1730828461
|switch|p1a: Gengar|Gengar, M|100/100
|move|p2a: Metagross|Earthquake|p1a: Gengar
|-immune|p1a: Gengar
|
|-start|p2a: Metagross|perish0
|upkeep
|faint|p2a: Metagross
|
|t:|1730828485
|switch|p2a: Claydol|Claydol|100/100
|turn|7
|
|t:|1730828508
|switch|p1a: Metagross|Metagross|100/100
|move|p2a: Claydol|Psychic|p1a: Metagross
|-resisted|p1a: Metagross
|-damage|p1a: Metagross|94/100
|
|-heal|p1a: Metagross|99/100|[from] item: Leftovers
|upkeep
|turn|8
|
|t:|1730828515
|switch|p1a: Celebi|Celebi|100/100
|move|p2a: Claydol|Earthquake|p1a: Celebi
|-resisted|p1a: Celebi
|-damage|p1a: Celebi|87/100
|
|-heal|p1a: Celebi|93/100|[from] item: Leftovers
|upkeep
|turn|9
|
|t:|1730828524
|move|p1a: Celebi|Calm Mind|p1a: Celebi
|-boost|p1a: Celebi|spa|1
|-boost|p1a: Celebi|spd|1
|move|p2a: Claydol|Explosion|p1a: Celebi
|-damage|p1a: Celebi|0 fnt
|faint|p2a: Claydol
|faint|p1a: Celebi
|inactive|Sieeeffmon has 270 seconds left.
|
|t:|1730828555
|switch|p1a: Metagross|Metagross|99/100
|switch|p2a: Suicune|Suicune|100/100
|
|-heal|p1a: Metagross|100/100|[from] item: Leftovers
|upkeep
|turn|10
|
|t:|1730828564
|move|p2a: Suicune|Surf|p1a: Metagross
|-damage|p1a: Metagross|65/100
|move|p1a: Metagross|Explosion|p2a: Suicune
|-damage|p2a: Suicune|16/100
|faint|p1a: Metagross
|
|t:|1730828567
|switch|p1a: Dugtrio|Dugtrio, M|51/100
|
|-heal|p2a: Suicune|22/100|[from] item: Leftovers
|upkeep
|turn|11
|
|t:|1730828570
|move|p1a: Dugtrio|Earthquake|p2a: Suicune
|-damage|p2a: Suicune|0 fnt
|faint|p2a: Suicune
|
|t:|1730828587
|switch|p2a: Kingdra|Kingdra, M|100/100
|
|upkeep
|turn|12
|
|t:|1730828604
|switch|p1a: Suicune|Suicune|100/100
|move|p2a: Kingdra|Rain Dance|p2a: Kingdra
|-weather|RainDance
|
|-weather|RainDance|[upkeep]
|upkeep
|turn|13
|
|t:|1730828614
|move|p2a: Kingdra|Hidden Power|p1a: Suicune
|-supereffective|p1a: Suicune
|-crit|p1a: Suicune
|-damage|p1a: Suicune|40/100
|move|p1a: Suicune|Calm Mind|p1a: Suicune
|-boost|p1a: Suicune|spa|1
|-boost|p1a: Suicune|spd|1
|
|-weather|RainDance|[upkeep]
|-heal|p1a: Suicune|47/100|[from] item: Leftovers
|upkeep
|turn|14
|inactive|antantantantant has 270 seconds left.
|inactive|Sieeeffmon has 270 seconds left.
|c|☆Sieeeffmon|sorry that crit sucked
|c|☆antantantantant|nw
|
|t:|1730828683
|move|p2a: Kingdra|Hidden Power|p1a: Suicune
|-supereffective|p1a: Suicune
|-damage|p1a: Suicune|23/100
|move|p1a: Suicune|Surf|p2a: Kingdra
|-resisted|p2a: Kingdra
|-damage|p2a: Kingdra|83/100
|
|-weather|RainDance|[upkeep]
|-heal|p1a: Suicune|30/100|[from] item: Leftovers
|upkeep
|turn|15
|inactive|Sieeeffmon has 240 seconds left.
|
|t:|1730828703
|move|p2a: Kingdra|Hidden Power|p1a: Suicune
|-supereffective|p1a: Suicune
|-damage|p1a: Suicune|6/100
|move|p1a: Suicune|Rest|p1a: Suicune
|-status|p1a: Suicune|slp|[from] move: Rest
|-heal|p1a: Suicune|100/100 slp|[silent]
|
|-weather|RainDance|[upkeep]
|upkeep
|turn|16
|inactive|Sieeeffmon has 240 seconds left.
|
|t:|1730828729
|switch|p2a: Dugtrio|Dugtrio, M|100/100
|switch|p1a: Gengar|Gengar, M|100/100
|
|-weather|none
|upkeep
|turn|17
|inactive|antantantantant has 270 seconds left.
|
|t:|1730828738
|switch|p2a: Jynx|Jynx, F|100/100 slp
|move|p1a: Gengar|Ice Punch|p2a: Jynx
|-resisted|p2a: Jynx
|-damage|p2a: Jynx|88/100 slp
|
|-heal|p2a: Jynx|94/100 slp|[from] item: Leftovers
|upkeep
|turn|18
|
|t:|1730828746
|switch|p1a: Dugtrio|Dugtrio, M|51/100
|cant|p2a: Jynx|slp
|
|-heal|p2a: Jynx|99/100 slp|[from] item: Leftovers
|upkeep
|turn|19
|
|t:|1730828750
|move|p1a: Dugtrio|Earthquake|p2a: Jynx
|-damage|p2a: Jynx|0 fnt
|faint|p2a: Jynx
|
|t:|1730828753
|switch|p2a: Kingdra|Kingdra, M|83/100
|
|upkeep
|turn|20
|
|t:|1730828759
|move|p1a: Dugtrio|Earthquake|p2a: Kingdra
|-damage|p2a: Kingdra|22/100
|move|p2a: Kingdra|Rain Dance|p2a: Kingdra
|-weather|RainDance
|
|-weather|RainDance|[upkeep]
|upkeep
|turn|21
|
|t:|1730828768
|move|p2a: Kingdra|Ice Beam|p1a: Dugtrio
|-supereffective|p1a: Dugtrio
|-damage|p1a: Dugtrio|0 fnt
|faint|p1a: Dugtrio
|
|t:|1730828785
|switch|p1a: Gengar|Gengar, M|100/100
|
|-weather|RainDance|[upkeep]
|upkeep
|turn|22
|
|t:|1730828794
|move|p2a: Kingdra|Surf|p1a: Gengar
|-crit|p1a: Gengar
|-damage|p1a: Gengar|0 fnt
|faint|p1a: Gengar
|
|t:|1730828797
|switch|p1a: Suicune|Suicune|100/100 slp
|
|-weather|RainDance|[upkeep]
|upkeep
|turn|23
|
|t:|1730828802
|move|p2a: Kingdra|Hidden Power|p1a: Suicune
|-supereffective|p1a: Suicune
|-damage|p1a: Suicune|68/100 slp
|cant|p1a: Suicune|slp
|
|-weather|RainDance|[upkeep]
|-heal|p1a: Suicune|75/100 slp|[from] item: Leftovers
|upkeep
|turn|24
|
|t:|1730828806
|move|p2a: Kingdra|Hidden Power|p1a: Suicune
|-supereffective|p1a: Suicune
|-damage|p1a: Suicune|44/100 slp
|cant|p1a: Suicune|slp
|
|-weather|none
|-heal|p1a: Suicune|50/100 slp|[from] item: Leftovers
|upkeep
|turn|25
|
|t:|1730828841
|switch|p2a: Dugtrio|Dugtrio, M|100/100
|-curestatus|p1a: Suicune|slp|[msg]
|move|p1a: Suicune|Rest|p1a: Suicune
|-status|p1a: Suicune|slp|[from] move: Rest
|-heal|p1a: Suicune|100/100 slp|[silent]
|
|upkeep
|turn|26
|
|t:|1730828849
|move|p2a: Dugtrio|Earthquake|p1a: Suicune
|-damage|p1a: Suicune|67/100 slp
|cant|p1a: Suicune|slp
|
|-heal|p1a: Suicune|73/100 slp|[from] item: Leftovers
|upkeep
|turn|27
|
|t:|1730828855
|move|p2a: Dugtrio|Earthquake|p1a: Suicune
|-damage|p1a: Suicune|38/100 slp
|cant|p1a: Suicune|slp
|
|-heal|p1a: Suicune|44/100 slp|[from] item: Leftovers
|upkeep
|turn|28
|
|t:|1730828859
|move|p2a: Dugtrio|Earthquake|p1a: Suicune
|-damage|p1a: Suicune|8/100 slp
|-curestatus|p1a: Suicune|slp|[msg]
|move|p1a: Suicune|Rest|p1a: Suicune
|-status|p1a: Suicune|slp|[from] move: Rest
|-heal|p1a: Suicune|100/100 slp|[silent]
|
|upkeep
|turn|29
|
|t:|1730828863
|move|p2a: Dugtrio|Earthquake|p1a: Suicune
|-damage|p1a: Suicune|68/100 slp
|cant|p1a: Suicune|slp
|
|-heal|p1a: Suicune|74/100 slp|[from] item: Leftovers
|upkeep
|turn|30
|
|t:|1730828866
|move|p2a: Dugtrio|Earthquake|p1a: Suicune
|-damage|p1a: Suicune|39/100 slp
|cant|p1a: Suicune|slp
|
|-heal|p1a: Suicune|45/100 slp|[from] item: Leftovers
|upkeep
|turn|31
|
|t:|1730828869
|move|p2a: Dugtrio|Earthquake|p1a: Suicune
|-damage|p1a: Suicune|10/100 slp
|-curestatus|p1a: Suicune|slp|[msg]
|move|p1a: Suicune|Rest|p1a: Suicune
|-status|p1a: Suicune|slp|[from] move: Rest
|-heal|p1a: Suicune|100/100 slp|[silent]
|
|upkeep
|turn|32
|
|t:|1730828873
|move|p2a: Dugtrio|Earthquake|p1a: Suicune
|-damage|p1a: Suicune|64/100 slp
|cant|p1a: Suicune|slp
|
|-heal|p1a: Suicune|71/100 slp|[from] item: Leftovers
|upkeep
|turn|33
|
|t:|1730828876
|move|p2a: Dugtrio|Earthquake|p1a: Suicune
|-damage|p1a: Suicune|35/100 slp
|cant|p1a: Suicune|slp
|
|-heal|p1a: Suicune|41/100 slp|[from] item: Leftovers
|upkeep
|turn|34
|
|t:|1730828886
|switch|p2a: Kingdra|Kingdra, M|22/100
|-curestatus|p1a: Suicune|slp|[msg]
|move|p1a: Suicune|Calm Mind|p1a: Suicune
|-boost|p1a: Suicune|spa|1
|-boost|p1a: Suicune|spd|1
|
|-heal|p1a: Suicune|48/100|[from] item: Leftovers
|upkeep
|turn|35
|
|t:|1730828895
|move|p2a: Kingdra|Hidden Power|p1a: Suicune
|-supereffective|p1a: Suicune
|-damage|p1a: Suicune|24/100
|move|p1a: Suicune|Calm Mind|p1a: Suicune
|-boost|p1a: Suicune|spa|1
|-boost|p1a: Suicune|spd|1
|
|-heal|p1a: Suicune|31/100|[from] item: Leftovers
|upkeep
|turn|36
|
|t:|1730828900
|move|p2a: Kingdra|Hidden Power|p1a: Suicune
|-supereffective|p1a: Suicune
|-damage|p1a: Suicune|15/100
|move|p1a: Suicune|Rest|p1a: Suicune
|-status|p1a: Suicune|slp|[from] move: Rest
|-heal|p1a: Suicune|100/100 slp|[silent]
|
|upkeep
|turn|37
|
|t:|1730828903
|move|p2a: Kingdra|Hidden Power|p1a: Suicune
|-supereffective|p1a: Suicune
|-damage|p1a: Suicune|83/100 slp
|cant|p1a: Suicune|slp
|
|-heal|p1a: Suicune|89/100 slp|[from] item: Leftovers
|upkeep
|turn|38
|
|t:|1730828906
|move|p2a: Kingdra|Hidden Power|p1a: Suicune
|-supereffective|p1a: Suicune
|-damage|p1a: Suicune|72/100 slp
|cant|p1a: Suicune|slp
|
|-heal|p1a: Suicune|78/100 slp|[from] item: Leftovers
|upkeep
|turn|39
|
|t:|1730828908
|move|p2a: Kingdra|Hidden Power|p1a: Suicune
|-supereffective|p1a: Suicune
|-damage|p1a: Suicune|62/100 slp
|-curestatus|p1a: Suicune|slp|[msg]
|move|p1a: Suicune|Surf|p2a: Kingdra
|-resisted|p2a: Kingdra
|-damage|p2a: Kingdra|5/100
|
|-heal|p1a: Suicune|68/100|[from] item: Leftovers
|upkeep
|turn|40
|
|t:|1730828919
|move|p2a: Kingdra|Ice Beam|p1a: Suicune
|-resisted|p1a: Suicune
|-damage|p1a: Suicune|62/100
|move|p1a: Suicune|Surf|p2a: Kingdra
|-resisted|p2a: Kingdra
|-crit|p2a: Kingdra
|-damage|p2a: Kingdra|0 fnt
|faint|p2a: Kingdra
|
|t:|1730828921
|switch|p2a: Dugtrio|Dugtrio, M|100/100
|
|-heal|p1a: Suicune|69/100|[from] item: Leftovers
|upkeep
|turn|41
|c|☆antantantantant|gg
|
|t:|1730828926
|move|p2a: Dugtrio|Aerial Ace|p1a: Suicune
|-crit|p1a: Suicune
|-damage|p1a: Suicune|41/100
|move|p1a: Suicune|Surf|p2a: Dugtrio
|-supereffective|p2a: Dugtrio
|-damage|p2a: Dugtrio|0 fnt
|faint|p2a: Dugtrio
|
|win|antantantantant
|c|☆Sieeeffmon|gg

</script>
<script type="application/json" class="data" id="replaydata-smogtours-gen3ou-804905">
{"id":"smogtours-gen3ou-804905","format":"[Gen 3] OU","players":["antantantantant","Sieeeffmon"],"uploadtime":1730828926,"views":58,"formatid":"gen3ou","rating":null,"private":0,"password":null}
</script>

<script defer src="js/replays.js?9d40a366"></script>
