<!DOCTYPE html>
<meta charset="utf-8" />
<meta name="viewport" content="width=device-width" />

<title>[Gen 3] OU: Aquafier vs. less19chara - Replays - Pok&eacute;mon Showdown!</title>

<meta name="description" content="Watch a replay of a Pok&eacute;mon battle between Aquafier and less19chara! Format: [Gen 3] OU; Date: Oct 19, 2024" />
<!--

Hey, you! Looking in the source for the replay log?

You can find them in JSON format, just add `.json` at the end of a replay URL.

https://replay.pokemonshowdown.com/gen7randomdoublesbattle-865046831.json

Or, if you only need the log itself, add `.log` instead:

https://replay.pokemonshowdown.com/gen7randomdoublesbattle-865046831.log

-->

<link rel="stylesheet" href="//pokemonshowdown.com/style/global.css?0.023195364461161105" />
<link rel="stylesheet" href="//play.pokemonshowdown.com/style/font-awesome.css?0.13261647063804238" />
<link rel="stylesheet" href="//play.pokemonshowdown.com/style/battle.css?0.8753245789963631" />
<link rel="stylesheet" href="//play.pokemonshowdown.com/style/utilichart.css?0.8627959624976733" />

<!-- Global site tag (gtag.js) - Google Analytics -->
<script async src="https://www.googletagmanager.com/gtag/js?id=UA-26211653-1"></script>
<script>
  window.dataLayer = window.dataLayer || [];
  function gtag(){dataLayer.push(arguments);}
  gtag('js', new Date());

  gtag('config', 'UA-26211653-1');
</script>
<!-- End Google Analytics -->
<!-- Venatus Ad Manager - Install in <HEAD> of page -->
	<script src="https://hb.vntsm.com/v3/live/ad-manager.min.js" type="text/javascript" data-site-id="642aba63ec9a7b11c3c9c1be" data-mode="scan" async></script>
<!-- / Venatus Ad Manager -->

<style>
	@media (max-width:820px) {
		.battle {
			margin: 0 auto;
		}
		.battle-log {
			margin: 7px auto 0;
			max-width: 640px;
			height: 300px;
			position: static;
		}
	}
	.optgroup {
		display: inline-block;
		line-height: 22px;
		font-size: 10pt;
	}
	.optgroup .button {
		height: 25px;
		padding-top: 0;
		padding-bottom: 0;
	}
	.optgroup button.button {
		padding-left: 12px;
		padding-right: 12px;
	}
	.linklist {
		list-style: none;
		margin: 0.5em 0;
		padding: 0;
	}
	.linklist li {
		padding: 2px 0;
	}
	.sidebar {
		float: left;
		width: 320px;
	}
	.bar-wrapper {
		max-width: 1100px;
		margin: 0 auto;
	}
	.bar-wrapper.has-sidebar {
		max-width: 1430px;
	}
	.mainbar {
		margin: 0;
		padding-right: 1px;
	}
	.mainbar.has-sidebar {
		margin-left: 330px;
	}
	@media (min-width: 1511px) {
		.sidebar {
			width: 400px;
		}
		.bar-wrapper.has-sidebar {
			max-width: 1510px;
		}
		.mainbar.has-sidebar {
			margin-left: 410px;
		}
	}
	.section.first-section {
		margin-top: 9px;
	}
	.blocklink small {
		white-space: normal;
	}
	.button {
		vertical-align: middle;
	}
	.replay-controls {
		padding-top: 10px;
	}
	.replay-controls h1 {
		font-size: 16pt;
		font-weight: normal;
		color: #CCC;
	}
	.pagelink {
		text-align: center;
	}
	.pagelink a {
		width: 150px;
	}
	.textbox, .button {
		font-size: 11pt;
		vertical-align: middle;
	}
	@media (max-width: 450px) {
		.button {
			font-size: 9pt;
		}
	}
</style>

<div>

	<header>
		<div class="nav-wrapper"><ul class="nav">
			<li><a class="button nav-first" href="//pokemonshowdown.com/"><img src="//pokemonshowdown.com/images/pokemonshowdownbeta.png" srcset="//pokemonshowdown.com/images/pokemonshowdownbeta.png 1x, //pokemonshowdown.com/images/pokemonshowdownbeta@2x.png 2x" alt="Pok&eacute;mon Showdown" width="146" height="44" /> Home</a></li>
			<li><a class="button" href="//pokemonshowdown.com/dex/">Pok&eacute;dex</a></li>
			<li><a class="button cur" href="/">Replays</a></li>
			<li><a class="button" href="//pokemonshowdown.com/ladder/">Ladder</a></li>
			<li><a class="button nav-last" href="//pokemonshowdown.com/forums/">Forum</a></li>
			<li><a class="button greenbutton nav-first nav-last" href="//play.pokemonshowdown.com/">Play</a></li>
		</ul></div>
	</header>

	<div class="main" id="main">

		<noscript><section class="section">You need to enable JavaScript to use this page; sorry!</section></noscript>

	</div>

</div>

<script defer nomodule src="//play.pokemonshowdown.com/js/lib/ps-polyfill.js"></script>
<script defer src="//play.pokemonshowdown.com/js/lib/preact.min.js"></script>

<script defer src="//play.pokemonshowdown.com/config/config.js?2bddbc15"></script>
<script defer src="//play.pokemonshowdown.com/js/lib/jquery-1.11.0.min.js"></script>
<script defer src="//play.pokemonshowdown.com/js/lib/html-sanitizer-minified.js"></script>
<script defer src="//play.pokemonshowdown.com/js/battle-sound.js"></script>
<script defer src="//play.pokemonshowdown.com/js/battledata.js?0.7209276989879541"></script>
<script defer src="//play.pokemonshowdown.com/data/pokedex-mini.js?0.6111056340867951"></script>
<script defer src="//play.pokemonshowdown.com/data/pokedex-mini-bw.js?0.3532142036491459"></script>
<script defer src="//play.pokemonshowdown.com/data/graphics.js?0.24223875632456182"></script>
<script defer src="//play.pokemonshowdown.com/data/pokedex.js?0.38839984266356864"></script>
<script defer src="//play.pokemonshowdown.com/data/moves.js?0.21866028504024015"></script>
<script defer src="//play.pokemonshowdown.com/data/abilities.js?0.2005157953846628"></script>
<script defer src="//play.pokemonshowdown.com/data/items.js?0.9894211263848525"></script>
<script defer src="//play.pokemonshowdown.com/data/teambuilder-tables.js?0.6008791140282215"></script>
<script defer src="//play.pokemonshowdown.com/js/battle-tooltips.js?0.7580118955022959"></script>
<script defer src="//play.pokemonshowdown.com/js/battle.js?0.6057722274234274"></script>

<script defer src="js/utils.js?e31f9a17"></script>
<script defer src="js/replays-battle.js?7008c182"></script>

<!-- don't scrape this data! just add .json or .log after the URL!
Full API docs: https://github.com/smogon/pokemon-showdown-client/blob/master/WEB-API.md -->
<script type="text/plain" class="log" id="replaylog-smogtours-gen3ou-799908">
|inactive|Battle timer is ON: inactive players will automatically lose when time's up.
|t:|1729351412
|gametype|singles
|player|p1|Aquafier|102|
|player|p2|less19chara|policeman-gen4|
|teamsize|p1|6
|teamsize|p2|6
|gen|3
|tier|[Gen 3] OU
|rule|Sleep Clause Mod: Limit one foe put to sleep
|rule|Switch Priority Clause Mod: Faster Pokémon switch first
|rule|Species Clause: Limit one of each Pokémon
|rule|OHKO Clause: OHKO moves are banned
|rule|Evasion Items Clause: Evasion items are banned
|rule|Evasion Moves Clause: Evasion moves are banned
|rule|Endless Battle Clause: Forcing endless battles is banned
|rule|HP Percentage Mod: HP is shown in percentages
|rule|One Boost Passer Clause: Limit one Baton Passer that has a way to boost its stats
|rule|Freeze Clause Mod: Limit one foe frozen
|
|t:|1729351412
|start
|switch|p1a: Tyranitar|Tyranitar, F|100/100
|switch|p2a: Charizard|Charizard, F, shiny|100/100
|-weather|Sandstorm|[from] ability: Sand Stream|[of] p1a: Tyranitar
|turn|1
|inactive|Aquafier has 270 seconds left.
|inactive|less19chara has 270 seconds left.
|inactive|Aquafier has 240 seconds left.
|
|t:|1729351482
|switch|p2a: Tyranitar|Tyranitar, F|100/100
|switch|p1a: Aerodactyl|Aerodactyl, F|100/100
|
|-weather|Sandstorm|[upkeep]
|upkeep
|turn|2
|inactive|Aquafier has 270 seconds left.
|
|t:|1729351524
|move|p1a: Aerodactyl|Substitute|p1a: Aerodactyl
|-start|p1a: Aerodactyl|Substitute
|-damage|p1a: Aerodactyl|75/100
|move|p2a: Tyranitar|Thunder Wave||[still]
|-fail|p2a: Tyranitar
|
|-weather|Sandstorm|[upkeep]
|upkeep
|turn|3
|
|t:|1729351533
|switch|p2a: Flygon|Flygon, M|100/100
|move|p1a: Aerodactyl|Rock Slide|p2a: Flygon
|-resisted|p2a: Flygon
|-damage|p2a: Flygon|78/100
|
|-weather|Sandstorm|[upkeep]
|-heal|p2a: Flygon|84/100|[from] item: Leftovers
|upkeep
|turn|4
|inactive|Aquafier has 270 seconds left.
|
|t:|1729351553
|switch|p2a: Gengar|Gengar, F|100/100
|move|p1a: Aerodactyl|Double-Edge|p2a: Gengar
|-immune|p2a: Gengar
|
|-weather|Sandstorm|[upkeep]
|-damage|p2a: Gengar|94/100|[from] Sandstorm
|-heal|p2a: Gengar|100/100|[from] item: Leftovers
|upkeep
|turn|5
|
|t:|1729351561
|move|p1a: Aerodactyl|Rock Slide|p2a: Gengar
|-damage|p2a: Gengar|48/100
|cant|p2a: Gengar|flinch
|
|-weather|Sandstorm|[upkeep]
|-damage|p2a: Gengar|42/100|[from] Sandstorm
|-heal|p2a: Gengar|48/100|[from] item: Leftovers
|upkeep
|turn|6
|
|t:|1729351568
|move|p1a: Aerodactyl|Rock Slide|p2a: Gengar
|-damage|p2a: Gengar|0 fnt
|faint|p2a: Gengar
|
|t:|1729351574
|switch|p2a: Starmie|Starmie|100/100
|
|-weather|Sandstorm|[upkeep]
|-damage|p2a: Starmie|94/100|[from] Sandstorm
|-heal|p2a: Starmie|100/100|[from] item: Leftovers
|upkeep
|turn|7
|
|t:|1729351590
|move|p1a: Aerodactyl|Double-Edge|p2a: Starmie
|-damage|p2a: Starmie|49/100
|move|p2a: Starmie|Ice Beam|p1a: Aerodactyl
|-supereffective|p1a: Aerodactyl
|-end|p1a: Aerodactyl|Substitute
|
|-weather|Sandstorm|[upkeep]
|-damage|p2a: Starmie|43/100|[from] Sandstorm
|-heal|p2a: Starmie|49/100|[from] item: Leftovers
|upkeep
|turn|8
|inactive|less19chara has 270 seconds left.
|
|t:|1729351628
|switch|p2a: Tyranitar|Tyranitar, F|100/100
|move|p1a: Aerodactyl|Double-Edge|p2a: Tyranitar
|-resisted|p2a: Tyranitar
|-damage|p2a: Tyranitar|86/100
|
|-weather|Sandstorm|[upkeep]
|-heal|p2a: Tyranitar|92/100|[from] item: Leftovers
|upkeep
|turn|9
|
|t:|1729351633
|move|p1a: Aerodactyl|Substitute|p1a: Aerodactyl
|-start|p1a: Aerodactyl|Substitute
|-damage|p1a: Aerodactyl|50/100
|move|p2a: Tyranitar|Crunch|p1a: Aerodactyl
|-end|p1a: Aerodactyl|Substitute
|
|-weather|Sandstorm|[upkeep]
|-heal|p2a: Tyranitar|99/100|[from] item: Leftovers
|upkeep
|turn|10
|
|t:|1729351639
|move|p1a: Aerodactyl|Substitute|p1a: Aerodactyl
|-start|p1a: Aerodactyl|Substitute
|-damage|p1a: Aerodactyl|25/100
|move|p2a: Tyranitar|Crunch|p1a: Aerodactyl
|-end|p1a: Aerodactyl|Substitute
|
|-weather|Sandstorm|[upkeep]
|-enditem|p1a: Aerodactyl|Liechi Berry|[eat]
|-boost|p1a: Aerodactyl|atk|1|[from] item: Liechi Berry
|-heal|p2a: Tyranitar|100/100|[from] item: Leftovers
|upkeep
|turn|11
|
|t:|1729351661
|move|p1a: Aerodactyl|Rock Slide|p2a: Tyranitar
|-damage|p2a: Tyranitar|60/100
|move|p2a: Tyranitar|Crunch|p1a: Aerodactyl
|-damage|p1a: Aerodactyl|0 fnt
|faint|p1a: Aerodactyl
|inactive|Aquafier has 270 seconds left.
|
|t:|1729351683
|switch|p1a: Magneton|Magneton|100/100
|
|-weather|Sandstorm|[upkeep]
|-heal|p2a: Tyranitar|66/100|[from] item: Leftovers
|upkeep
|turn|12
|
|t:|1729351689
|move|p1a: Magneton|Substitute|p1a: Magneton
|-start|p1a: Magneton|Substitute
|-damage|p1a: Magneton|76/100
|move|p2a: Tyranitar|Fire Blast|p1a: Magneton
|-supereffective|p1a: Magneton
|-end|p1a: Magneton|Substitute
|
|-weather|Sandstorm|[upkeep]
|-heal|p2a: Tyranitar|73/100|[from] item: Leftovers
|upkeep
|turn|13
|inactive|Aquafier has 270 seconds left.
|inactive|Aquafier has 240 seconds left.
|
|t:|1729351741
|move|p1a: Magneton|Thunder Wave|p2a: Tyranitar
|-status|p2a: Tyranitar|par
|cant|p2a: Tyranitar|par
|
|-weather|Sandstorm|[upkeep]
|-heal|p2a: Tyranitar|79/100 par|[from] item: Leftovers
|upkeep
|turn|14
|
|t:|1729351749
|move|p1a: Magneton|Substitute|p1a: Magneton
|-start|p1a: Magneton|Substitute
|-damage|p1a: Magneton|51/100
|move|p2a: Tyranitar|Fire Blast|p1a: Magneton
|-supereffective|p1a: Magneton
|-crit|p1a: Magneton
|-end|p1a: Magneton|Substitute
|
|-weather|Sandstorm|[upkeep]
|-heal|p2a: Tyranitar|85/100 par|[from] item: Leftovers
|upkeep
|turn|15
|
|t:|1729351759
|move|p1a: Magneton|Substitute|p1a: Magneton
|-start|p1a: Magneton|Substitute
|-damage|p1a: Magneton|26/100
|move|p2a: Tyranitar|Fire Blast|p1a: Magneton
|-supereffective|p1a: Magneton
|-end|p1a: Magneton|Substitute
|
|-weather|Sandstorm|[upkeep]
|-heal|p2a: Tyranitar|91/100 par|[from] item: Leftovers
|upkeep
|turn|16
|
|t:|1729351763
|move|p1a: Magneton|Substitute|p1a: Magneton
|-start|p1a: Magneton|Substitute
|-damage|p1a: Magneton|1/100
|move|p2a: Tyranitar|Fire Blast|p1a: Magneton|[miss]
|-miss|p2a: Tyranitar|p1a: Magneton
|
|-weather|Sandstorm|[upkeep]
|-heal|p2a: Tyranitar|97/100 par|[from] item: Leftovers
|upkeep
|turn|17
|
|t:|1729351767
|move|p1a: Magneton|Thunderbolt|p2a: Tyranitar
|-damage|p2a: Tyranitar|50/100 par
|cant|p2a: Tyranitar|par
|
|-weather|Sandstorm|[upkeep]
|-heal|p2a: Tyranitar|56/100 par|[from] item: Leftovers
|upkeep
|turn|18
|
|t:|1729351775
|move|p1a: Magneton|Thunderbolt|p2a: Tyranitar
|-damage|p2a: Tyranitar|10/100 par
|move|p2a: Tyranitar|Fire Blast|p1a: Magneton
|-supereffective|p1a: Magneton
|-end|p1a: Magneton|Substitute
|
|-weather|Sandstorm|[upkeep]
|-heal|p2a: Tyranitar|17/100 par|[from] item: Leftovers
|upkeep
|turn|19
|
|t:|1729351783
|switch|p2a: Flygon|Flygon, M|84/100
|move|p1a: Magneton|Hidden Power|p2a: Flygon
|-crit|p2a: Flygon
|-damage|p2a: Flygon|24/100
|
|-weather|Sandstorm|[upkeep]
|-heal|p2a: Flygon|30/100|[from] item: Leftovers
|upkeep
|turn|20
|
|t:|1729351795
|move|p2a: Flygon|Hidden Power|p1a: Magneton
|-resisted|p1a: Magneton
|-damage|p1a: Magneton|0 fnt
|faint|p1a: Magneton
|inactive|Aquafier has 270 seconds left.
|inactive|Aquafier has 240 seconds left.
|
|t:|1729351864
|switch|p1a: Tyranitar|Tyranitar, F|100/100
|
|-weather|Sandstorm|[upkeep]
|-heal|p2a: Flygon|36/100|[from] item: Leftovers
|upkeep
|turn|21
|inactive|Aquafier has 240 seconds left.
|inactive|less19chara has 270 seconds left.
|
|t:|1729351901
|move|p2a: Flygon|Substitute|p2a: Flygon
|-start|p2a: Flygon|Substitute
|-damage|p2a: Flygon|11/100
|move|p1a: Tyranitar|Crunch|p2a: Flygon
|-crit|p2a: Flygon
|-end|p2a: Flygon|Substitute
|
|-weather|Sandstorm|[upkeep]
|-heal|p2a: Flygon|17/100|[from] item: Leftovers
|upkeep
|turn|22
|inactive|less19chara has 270 seconds left.
|
|t:|1729351912
|-activate|p2a: Flygon|move: Pursuit
|move|p1a: Tyranitar|Pursuit|p2a: Flygon|[from]Pursuit
|-damage|p2a: Flygon|0 fnt
|faint|p2a: Flygon
|-hint|Previously chosen switches continue in Gen 2-4 after a Pursuit target faints.
|switch|p2a: Tyranitar|Tyranitar, F|17/100 par
|
|-weather|Sandstorm|[upkeep]
|-heal|p2a: Tyranitar|23/100 par|[from] item: Leftovers
|upkeep
|turn|23
|
|t:|1729351930
|move|p1a: Tyranitar|Brick Break|p2a: Tyranitar
|-supereffective|p2a: Tyranitar
|-damage|p2a: Tyranitar|0 fnt
|faint|p2a: Tyranitar
|
|t:|1729351935
|switch|p2a: Smeargle|Smeargle, M, shiny|100/100
|
|-weather|Sandstorm|[upkeep]
|-damage|p2a: Smeargle|94/100|[from] Sandstorm
|-heal|p2a: Smeargle|100/100|[from] item: Leftovers
|upkeep
|turn|24
|inactive|Aquafier has 210 seconds left.
|
|t:|1729351965
|move|p2a: Smeargle|Spore|p1a: Tyranitar
|-status|p1a: Tyranitar|slp|[from] move: Spore
|cant|p1a: Tyranitar|slp
|
|-weather|Sandstorm|[upkeep]
|-damage|p2a: Smeargle|94/100|[from] Sandstorm
|-heal|p2a: Smeargle|100/100|[from] item: Leftovers
|upkeep
|turn|25
|inactive|Aquafier has 210 seconds left.
|
|t:|1729351973
|switch|p1a: Metagross|Metagross|100/100
|move|p2a: Smeargle|Substitute|p2a: Smeargle
|-start|p2a: Smeargle|Substitute
|-damage|p2a: Smeargle|76/100
|
|-weather|Sandstorm|[upkeep]
|-damage|p2a: Smeargle|70/100|[from] Sandstorm
|-heal|p2a: Smeargle|76/100|[from] item: Leftovers
|upkeep
|turn|26
|
|t:|1729351982
|move|p2a: Smeargle|Dragon Dance|p2a: Smeargle
|-boost|p2a: Smeargle|atk|1
|-boost|p2a: Smeargle|spe|1
|move|p1a: Metagross|Agility|p1a: Metagross
|-boost|p1a: Metagross|spe|2
|
|-weather|Sandstorm|[upkeep]
|-damage|p2a: Smeargle|70/100|[from] Sandstorm
|-heal|p2a: Smeargle|76/100|[from] item: Leftovers
|upkeep
|turn|27
|
|t:|1729351987
|move|p1a: Metagross|Meteor Mash|p2a: Smeargle
|-end|p2a: Smeargle|Substitute
|move|p2a: Smeargle|Dragon Dance|p2a: Smeargle
|-boost|p2a: Smeargle|atk|1
|-boost|p2a: Smeargle|spe|1
|
|-weather|Sandstorm|[upkeep]
|-damage|p2a: Smeargle|70/100|[from] Sandstorm
|-heal|p2a: Smeargle|76/100|[from] item: Leftovers
|upkeep
|turn|28
|
|t:|1729351992
|move|p2a: Smeargle|Substitute|p2a: Smeargle
|-start|p2a: Smeargle|Substitute
|-damage|p2a: Smeargle|51/100
|move|p1a: Metagross|Meteor Mash|p2a: Smeargle
|-end|p2a: Smeargle|Substitute
|
|-weather|Sandstorm|[upkeep]
|-damage|p2a: Smeargle|45/100|[from] Sandstorm
|-heal|p2a: Smeargle|51/100|[from] item: Leftovers
|upkeep
|turn|29
|
|t:|1729351999
|move|p2a: Smeargle|Baton Pass|p2a: Smeargle
|
|t:|1729352006
|switch|p2a: Starmie|Starmie|49/100|[from] Baton Pass
|move|p1a: Metagross|Meteor Mash|p2a: Starmie|[miss]
|-miss|p1a: Metagross|p2a: Starmie
|
|-weather|Sandstorm|[upkeep]
|-damage|p2a: Starmie|43/100|[from] Sandstorm
|-heal|p2a: Starmie|49/100|[from] item: Leftovers
|upkeep
|turn|30
|
|t:|1729352013
|move|p2a: Starmie|Hydro Pump|p1a: Metagross
|-crit|p1a: Metagross
|-damage|p1a: Metagross|0 fnt
|faint|p1a: Metagross
|inactive|Aquafier has 240 seconds left.
|
|t:|1729352055
|switch|p1a: Celebi|Celebi|100/100
|
|-weather|Sandstorm|[upkeep]
|-damage|p2a: Starmie|43/100|[from] Sandstorm
|-damage|p1a: Celebi|94/100|[from] Sandstorm
|-heal|p2a: Starmie|49/100|[from] item: Leftovers
|-heal|p1a: Celebi|100/100|[from] item: Leftovers
|upkeep
|turn|31
|
|t:|1729352082
|move|p2a: Starmie|Ice Beam|p1a: Celebi
|-supereffective|p1a: Celebi
|-crit|p1a: Celebi
|-damage|p1a: Celebi|23/100
|move|p1a: Celebi|Leech Seed|p2a: Starmie
|-start|p2a: Starmie|move: Leech Seed
|
|-weather|Sandstorm|[upkeep]
|-damage|p2a: Starmie|43/100|[from] Sandstorm
|-damage|p1a: Celebi|17/100|[from] Sandstorm
|-heal|p2a: Starmie|49/100|[from] item: Leftovers
|-damage|p2a: Starmie|37/100|[from] Leech Seed|[of] p1a: Celebi
|-heal|p1a: Celebi|25/100|[silent]
|-heal|p1a: Celebi|31/100|[from] item: Leftovers
|upkeep
|turn|32
|inactive|Aquafier has 240 seconds left.
|
|t:|1729352091
|switch|p1a: Tyranitar|Tyranitar, F|100/100 slp
|move|p2a: Starmie|Rapid Spin|p1a: Tyranitar
|-resisted|p1a: Tyranitar
|-damage|p1a: Tyranitar|98/100 slp
|-end|p2a: Starmie|Leech Seed|[from] move: Rapid Spin|[of] p2a: Starmie
|
|-weather|Sandstorm|[upkeep]
|-damage|p2a: Starmie|31/100|[from] Sandstorm
|-heal|p2a: Starmie|37/100|[from] item: Leftovers
|-heal|p1a: Tyranitar|100/100 slp|[from] item: Leftovers
|upkeep
|turn|33
|
|t:|1729352096
|move|p2a: Starmie|Hydro Pump|p1a: Tyranitar
|-supereffective|p1a: Tyranitar
|-damage|p1a: Tyranitar|17/100 slp
|cant|p1a: Tyranitar|slp
|
|-weather|Sandstorm|[upkeep]
|-damage|p2a: Starmie|31/100|[from] Sandstorm
|-heal|p2a: Starmie|37/100|[from] item: Leftovers
|-heal|p1a: Tyranitar|23/100 slp|[from] item: Leftovers
|upkeep
|turn|34
|
|t:|1729352101
|move|p2a: Starmie|Ice Beam|p1a: Tyranitar
|-damage|p1a: Tyranitar|0 fnt
|faint|p1a: Tyranitar
|
|t:|1729352105
|switch|p1a: Celebi|Celebi|31/100
|
|-weather|Sandstorm|[upkeep]
|-damage|p2a: Starmie|31/100|[from] Sandstorm
|-damage|p1a: Celebi|25/100|[from] Sandstorm
|-heal|p2a: Starmie|37/100|[from] item: Leftovers
|-heal|p1a: Celebi|31/100|[from] item: Leftovers
|upkeep
|turn|35
|inactive|Aquafier has 270 seconds left.
|
|t:|1729352131
|move|p2a: Starmie|Ice Beam|p1a: Celebi
|-supereffective|p1a: Celebi
|-damage|p1a: Celebi|0 fnt
|faint|p1a: Celebi
|
|t:|1729352137
|switch|p1a: Swampert|Swampert, F|100/100
|
|-weather|Sandstorm|[upkeep]
|-damage|p2a: Starmie|31/100|[from] Sandstorm
|-heal|p2a: Starmie|37/100|[from] item: Leftovers
|upkeep
|turn|36
|inactive|Aquafier has 240 seconds left.
|
|t:|1729352160
|move|p2a: Starmie|Hydro Pump|p1a: Swampert
|-damage|p1a: Swampert|37/100
|move|p1a: Swampert|Earthquake|p2a: Starmie
|-damage|p2a: Starmie|0 fnt
|faint|p2a: Starmie
|
|t:|1729352166
|switch|p2a: Smeargle|Smeargle, M, shiny|51/100
|
|-weather|Sandstorm|[upkeep]
|-damage|p2a: Smeargle|45/100|[from] Sandstorm
|-heal|p2a: Smeargle|51/100|[from] item: Leftovers
|-heal|p1a: Swampert|43/100|[from] item: Leftovers
|upkeep
|turn|37
|
|t:|1729352172
|move|p2a: Smeargle|Spore|p1a: Swampert
|-status|p1a: Swampert|slp|[from] move: Spore
|cant|p1a: Swampert|slp
|
|-weather|Sandstorm|[upkeep]
|-damage|p2a: Smeargle|45/100|[from] Sandstorm
|-heal|p2a: Smeargle|51/100|[from] item: Leftovers
|-heal|p1a: Swampert|49/100 slp|[from] item: Leftovers
|upkeep
|turn|38
|
|t:|1729352175
|switch|p2a: Charizard|Charizard, F, shiny|100/100
|cant|p1a: Swampert|slp
|
|-weather|Sandstorm|[upkeep]
|-damage|p2a: Charizard|94/100|[from] Sandstorm
|-heal|p2a: Charizard|100/100|[from] item: Leftovers
|-heal|p1a: Swampert|55/100 slp|[from] item: Leftovers
|upkeep
|turn|39
|
|t:|1729352181
|move|p2a: Charizard|Substitute|p2a: Charizard
|-start|p2a: Charizard|Substitute
|-damage|p2a: Charizard|76/100
|cant|p1a: Swampert|slp
|
|-weather|Sandstorm|[upkeep]
|-damage|p2a: Charizard|70/100|[from] Sandstorm
|-heal|p2a: Charizard|76/100|[from] item: Leftovers
|-heal|p1a: Swampert|61/100 slp|[from] item: Leftovers
|upkeep
|turn|40
|
|t:|1729352185
|move|p2a: Charizard|Fire Blast|p1a: Swampert
|-resisted|p1a: Swampert
|-damage|p1a: Swampert|28/100 slp
|cant|p1a: Swampert|slp
|
|-weather|Sandstorm|[upkeep]
|-damage|p2a: Charizard|70/100|[from] Sandstorm
|-heal|p2a: Charizard|76/100|[from] item: Leftovers
|-heal|p1a: Swampert|35/100 slp|[from] item: Leftovers
|upkeep
|turn|41
|
|t:|1729352189
|move|p2a: Charizard|Fire Blast|p1a: Swampert
|-resisted|p1a: Swampert
|-damage|p1a: Swampert|2/100 slp
|-curestatus|p1a: Swampert|slp|[msg]
|move|p1a: Swampert|Hydro Pump|p2a: Charizard
|-supereffective|p2a: Charizard
|-end|p2a: Charizard|Substitute
|
|-weather|Sandstorm|[upkeep]
|-damage|p2a: Charizard|70/100|[from] Sandstorm
|-heal|p2a: Charizard|76/100|[from] item: Leftovers
|-heal|p1a: Swampert|8/100|[from] item: Leftovers
|upkeep
|turn|42
|
|t:|1729352197
|move|p2a: Charizard|Fire Blast|p1a: Swampert
|-resisted|p1a: Swampert
|-damage|p1a: Swampert|0 fnt
|faint|p1a: Swampert
|
|win|less19chara
|c|☆Aquafier|ggs
|c|☆less19chara|gg
|player|p1|
|c|☆less19chara|i was really lucky with crit sorry

</script>
<script type="application/json" class="data" id="replaydata-smogtours-gen3ou-799908">
{"id":"smogtours-gen3ou-799908","format":"[Gen 3] OU","players":["Aquafier","less19chara"],"uploadtime":1729352197,"views":75,"formatid":"gen3ou","rating":null,"private":0,"password":null}
</script>

<script defer src="js/replays.js?9d40a366"></script>
