<!DOCTYPE html>
<meta charset="utf-8" />
<meta name="viewport" content="width=device-width" />

<title>[Gen 3] OU: Doc. Steel vs. HeyYa!_Forte - Replays - Pok&eacute;mon Showdown!</title>

<meta name="description" content="Watch a replay of a Pok&eacute;mon battle between Doc. Steel and HeyYa!_Forte! Format: [Gen 3] OU; Date: Oct 2, 2024" />
<!--

Hey, you! Looking in the source for the replay log?

You can find them in JSON format, just add `.json` at the end of a replay URL.

https://replay.pokemonshowdown.com/gen7randomdoublesbattle-865046831.json

Or, if you only need the log itself, add `.log` instead:

https://replay.pokemonshowdown.com/gen7randomdoublesbattle-865046831.log

-->

<link rel="stylesheet" href="//pokemonshowdown.com/style/global.css?0.767286132409787" />
<link rel="stylesheet" href="//play.pokemonshowdown.com/style/font-awesome.css?0.9266228007934947" />
<link rel="stylesheet" href="//play.pokemonshowdown.com/style/battle.css?0.7924700842790926" />
<link rel="stylesheet" href="//play.pokemonshowdown.com/style/utilichart.css?0.8777417872839479" />

<!-- Global site tag (gtag.js) - Google Analytics -->
<script async src="https://www.googletagmanager.com/gtag/js?id=UA-26211653-1"></script>
<script>
  window.dataLayer = window.dataLayer || [];
  function gtag(){dataLayer.push(arguments);}
  gtag('js', new Date());

  gtag('config', 'UA-26211653-1');
</script>
<!-- End Google Analytics -->
<!-- Venatus Ad Manager - Install in <HEAD> of page -->
	<script src="https://hb.vntsm.com/v3/live/ad-manager.min.js" type="text/javascript" data-site-id="642aba63ec9a7b11c3c9c1be" data-mode="scan" async></script>
<!-- / Venatus Ad Manager -->

<style>
	@media (max-width:820px) {
		.battle {
			margin: 0 auto;
		}
		.battle-log {
			margin: 7px auto 0;
			max-width: 640px;
			height: 300px;
			position: static;
		}
	}
	.optgroup {
		display: inline-block;
		line-height: 22px;
		font-size: 10pt;
	}
	.optgroup .button {
		height: 25px;
		padding-top: 0;
		padding-bottom: 0;
	}
	.optgroup button.button {
		padding-left: 12px;
		padding-right: 12px;
	}
	.linklist {
		list-style: none;
		margin: 0.5em 0;
		padding: 0;
	}
	.linklist li {
		padding: 2px 0;
	}
	.sidebar {
		float: left;
		width: 320px;
	}
	.bar-wrapper {
		max-width: 1100px;
		margin: 0 auto;
	}
	.bar-wrapper.has-sidebar {
		max-width: 1430px;
	}
	.mainbar {
		margin: 0;
		padding-right: 1px;
	}
	.mainbar.has-sidebar {
		margin-left: 330px;
	}
	@media (min-width: 1511px) {
		.sidebar {
			width: 400px;
		}
		.bar-wrapper.has-sidebar {
			max-width: 1510px;
		}
		.mainbar.has-sidebar {
			margin-left: 410px;
		}
	}
	.section.first-section {
		margin-top: 9px;
	}
	.blocklink small {
		white-space: normal;
	}
	.button {
		vertical-align: middle;
	}
	.replay-controls {
		padding-top: 10px;
	}
	.replay-controls h1 {
		font-size: 16pt;
		font-weight: normal;
		color: #CCC;
	}
	.pagelink {
		text-align: center;
	}
	.pagelink a {
		width: 150px;
	}
	.textbox, .button {
		font-size: 11pt;
		vertical-align: middle;
	}
	@media (max-width: 450px) {
		.button {
			font-size: 9pt;
		}
	}
</style>

<div>

	<header>
		<div class="nav-wrapper"><ul class="nav">
			<li><a class="button nav-first" href="//pokemonshowdown.com/"><img src="//pokemonshowdown.com/images/pokemonshowdownbeta.png" srcset="//pokemonshowdown.com/images/pokemonshowdownbeta.png 1x, //pokemonshowdown.com/images/pokemonshowdownbeta@2x.png 2x" alt="Pok&eacute;mon Showdown" width="146" height="44" /> Home</a></li>
			<li><a class="button" href="//pokemonshowdown.com/dex/">Pok&eacute;dex</a></li>
			<li><a class="button cur" href="/">Replays</a></li>
			<li><a class="button" href="//pokemonshowdown.com/ladder/">Ladder</a></li>
			<li><a class="button nav-last" href="//pokemonshowdown.com/forums/">Forum</a></li>
			<li><a class="button greenbutton nav-first nav-last" href="//play.pokemonshowdown.com/">Play</a></li>
		</ul></div>
	</header>

	<div class="main" id="main">

		<noscript><section class="section">You need to enable JavaScript to use this page; sorry!</section></noscript>

	</div>

</div>

<script defer nomodule src="//play.pokemonshowdown.com/js/lib/ps-polyfill.js"></script>
<script defer src="//play.pokemonshowdown.com/js/lib/preact.min.js"></script>

<script defer src="//play.pokemonshowdown.com/config/config.js?6dec07f6"></script>
<script defer src="//play.pokemonshowdown.com/js/lib/jquery-1.11.0.min.js"></script>
<script defer src="//play.pokemonshowdown.com/js/lib/html-sanitizer-minified.js"></script>
<script defer src="//play.pokemonshowdown.com/js/battle-sound.js"></script>
<script defer src="//play.pokemonshowdown.com/js/battledata.js?0.6315294753075389"></script>
<script defer src="//play.pokemonshowdown.com/data/pokedex-mini.js?0.7603743185311358"></script>
<script defer src="//play.pokemonshowdown.com/data/pokedex-mini-bw.js?0.030888842834281283"></script>
<script defer src="//play.pokemonshowdown.com/data/graphics.js?0.05593094747507488"></script>
<script defer src="//play.pokemonshowdown.com/data/pokedex.js?0.47064822249611904"></script>
<script defer src="//play.pokemonshowdown.com/data/moves.js?0.8583693120512459"></script>
<script defer src="//play.pokemonshowdown.com/data/abilities.js?0.16017181182386842"></script>
<script defer src="//play.pokemonshowdown.com/data/items.js?0.4163379185673943"></script>
<script defer src="//play.pokemonshowdown.com/data/teambuilder-tables.js?0.31075597372830477"></script>
<script defer src="//play.pokemonshowdown.com/js/battle-tooltips.js?0.6536193500708172"></script>
<script defer src="//play.pokemonshowdown.com/js/battle.js?0.1916591943277901"></script>

<script defer src="js/utils.js?e31f9a17"></script>
<script defer src="js/replays-battle.js?7008c182"></script>

<!-- don't scrape this data! just add .json or .log after the URL!
Full API docs: https://github.com/smogon/pokemon-showdown-client/blob/master/WEB-API.md -->
<script type="text/plain" class="log" id="replaylog-smogtours-gen3ou-794043">
|inactive|Battle timer is ON: inactive players will automatically lose when time's up.
|t:|1727901842
|gametype|singles
|player|p1|Doc. Steel|1|
|player|p2|HeyYa!_Forte|backers|
|teamsize|p1|6
|teamsize|p2|6
|gen|3
|tier|[Gen 3] OU
|rule|Sleep Clause Mod: Limit one foe put to sleep
|rule|Switch Priority Clause Mod: Faster Pokémon switch first
|rule|Species Clause: Limit one of each Pokémon
|rule|OHKO Clause: OHKO moves are banned
|rule|Evasion Items Clause: Evasion items are banned
|rule|Evasion Moves Clause: Evasion moves are banned
|rule|Endless Battle Clause: Forcing endless battles is banned
|rule|HP Percentage Mod: HP is shown in percentages
|rule|One Boost Passer Clause: Limit one Baton Passer that has a way to boost its stats
|rule|Freeze Clause Mod: Limit one foe frozen
|
|t:|1727901842
|start
|switch|p1a: Tyranitar|Tyranitar, M|100/100
|switch|p2a: Oop|Skarmory, F|100/100
|-weather|Sandstorm|[from] ability: Sand Stream|[of] p1a: Tyranitar
|turn|1
|c|☆HeyYa!_Forte|glhf
|c|☆Doc. Steel|glhf
|inactive|HeyYa!_Forte has 270 seconds left.
|
|t:|1727901886
|move|p1a: Tyranitar|Fire Blast|p2a: Oop
|-supereffective|p2a: Oop
|-damage|p2a: Oop|42/100
|-status|p2a: Oop|brn
|move|p2a: Oop|Spikes|p1a: Tyranitar
|-sidestart|p1: Doc. Steel|Spikes
|
|-weather|Sandstorm|[upkeep]
|-heal|p2a: Oop|48/100 brn|[from] item: Leftovers
|-damage|p2a: Oop|35/100 brn|[from] brn
|upkeep
|turn|2
|c|☆Doc. Steel|mb
|
|t:|1727901901
|switch|p2a: Whoa|Blissey, F|100/100
|move|p1a: Tyranitar|Fire Blast|p2a: Whoa
|-damage|p2a: Whoa|87/100
|
|-weather|Sandstorm|[upkeep]
|-damage|p2a: Whoa|80/100|[from] Sandstorm
|-heal|p2a: Whoa|87/100|[from] item: Leftovers
|upkeep
|turn|3
|c|☆HeyYa!_Forte|it be that way
|
|t:|1727901916
|switch|p1a: Blissey|Blissey, F|100/100
|-damage|p1a: Blissey|88/100|[from] Spikes
|move|p2a: Whoa|Toxic|p1a: Blissey
|-status|p1a: Blissey|tox
|
|-weather|Sandstorm|[upkeep]
|-damage|p2a: Whoa|80/100|[from] Sandstorm
|-damage|p1a: Blissey|82/100 tox|[from] Sandstorm
|-heal|p2a: Whoa|87/100|[from] item: Leftovers
|-heal|p1a: Blissey|88/100 tox|[from] item: Leftovers
|-damage|p1a: Blissey|82/100 tox|[from] psn
|upkeep
|turn|4
|
|t:|1727901927
|-curestatus|p1a: Blissey|tox|[from] ability: Natural Cure
|switch|p1a: Skarmory|Skarmory, M|100/100
|move|p2a: Whoa|Seismic Toss|p1a: Skarmory
|-damage|p1a: Skarmory|71/100
|
|-weather|Sandstorm|[upkeep]
|-damage|p2a: Whoa|80/100|[from] Sandstorm
|-heal|p2a: Whoa|87/100|[from] item: Leftovers
|upkeep
|turn|5
|
|t:|1727901932
|switch|p2a: Oop|Skarmory, F|35/100 brn
|move|p1a: Skarmory|Thief|p2a: Oop
|-resisted|p2a: Oop
|-damage|p2a: Oop|34/100 brn
|-enditem|p2a: Oop|Leftovers|[silent]|[from] move: Thief|[of] p1a: Skarmory
|-item|p1a: Skarmory|Leftovers|[from] move: Thief|[of] p2a: Oop
|
|-weather|Sandstorm|[upkeep]
|-damage|p2a: Oop|21/100 brn|[from] brn
|-heal|p1a: Skarmory|77/100|[from] item: Leftovers
|upkeep
|turn|6
|
|t:|1727901950
|move|p2a: Oop|Spikes|p1a: Skarmory
|-sidestart|p1: Doc. Steel|Spikes
|move|p1a: Skarmory|Roar|p2a: Oop
|drag|p2a: Doh|Flygon, F|100/100
|
|-weather|Sandstorm|[upkeep]
|-heal|p1a: Skarmory|83/100|[from] item: Leftovers
|upkeep
|turn|7
|
|t:|1727901959
|switch|p2a: Oop|Skarmory, F|21/100 brn
|move|p1a: Skarmory|Spikes|p2a: Oop
|-sidestart|p2: HeyYa!_Forte|Spikes
|
|-weather|Sandstorm|[upkeep]
|-damage|p2a: Oop|9/100 brn|[from] brn
|-heal|p1a: Skarmory|89/100|[from] item: Leftovers
|upkeep
|turn|8
|
|t:|1727901965
|move|p2a: Oop|Spikes|p1a: Skarmory
|-sidestart|p1: Doc. Steel|Spikes
|move|p1a: Skarmory|Spikes|p2a: Oop
|-sidestart|p2: HeyYa!_Forte|Spikes
|
|-weather|Sandstorm|[upkeep]
|-damage|p2a: Oop|0 fnt|[from] brn
|faint|p2a: Oop
|-heal|p1a: Skarmory|95/100|[from] item: Leftovers
|upkeep
|
|t:|1727901973
|switch|p2a: Yikes|Zapdos|100/100
|turn|9
|
|t:|1727901988
|switch|p1a: Blissey|Blissey, F|82/100
|-damage|p1a: Blissey|57/100|[from] Spikes
|move|p2a: Yikes|Roar|p1a: Blissey
|drag|p1a: Tyranitar|Tyranitar, M|100/100
|-damage|p1a: Tyranitar|76/100|[from] Spikes
|
|-weather|Sandstorm|[upkeep]
|-damage|p2a: Yikes|94/100|[from] Sandstorm
|-heal|p2a: Yikes|100/100|[from] item: Leftovers
|upkeep
|turn|10
|
|t:|1727902008
|move|p2a: Yikes|Thunderbolt|p1a: Tyranitar
|-damage|p1a: Tyranitar|39/100
|move|p1a: Tyranitar|Ice Beam|p2a: Yikes
|-supereffective|p2a: Yikes
|-damage|p2a: Yikes|64/100
|
|-weather|Sandstorm|[upkeep]
|-damage|p2a: Yikes|58/100|[from] Sandstorm
|-heal|p2a: Yikes|64/100|[from] item: Leftovers
|upkeep
|turn|11
|
|t:|1727902025
|switch|p2a: Whoa|Blissey, F|87/100
|-damage|p2a: Whoa|70/100|[from] Spikes
|move|p1a: Tyranitar|Ice Beam|p2a: Whoa
|-damage|p2a: Whoa|58/100
|
|-weather|Sandstorm|[upkeep]
|-damage|p2a: Whoa|52/100|[from] Sandstorm
|-heal|p2a: Whoa|58/100|[from] item: Leftovers
|upkeep
|turn|12
|
|t:|1727902032
|move|p1a: Tyranitar|Brick Break|p2a: Whoa
|-supereffective|p2a: Whoa
|-damage|p2a: Whoa|19/100
|move|p2a: Whoa|Soft-Boiled|p2a: Whoa
|-heal|p2a: Whoa|69/100
|
|-weather|Sandstorm|[upkeep]
|-damage|p2a: Whoa|63/100|[from] Sandstorm
|-heal|p2a: Whoa|69/100|[from] item: Leftovers
|upkeep
|turn|13
|
|t:|1727902058
|switch|p1a: Jumpluff|Jumpluff, F|100/100
|move|p2a: Whoa|Soft-Boiled|p2a: Whoa
|-heal|p2a: Whoa|100/100
|
|-weather|Sandstorm|[upkeep]
|-damage|p1a: Jumpluff|94/100|[from] Sandstorm
|-damage|p2a: Whoa|94/100|[from] Sandstorm
|-heal|p1a: Jumpluff|100/100|[from] item: Leftovers
|-heal|p2a: Whoa|100/100|[from] item: Leftovers
|upkeep
|turn|14
|
|t:|1727902066
|move|p1a: Jumpluff|Encore|p2a: Whoa
|-start|p2a: Whoa|Encore
|move|p2a: Whoa|Soft-Boiled||[still]
|-fail|p2a: Whoa|heal
|
|-weather|Sandstorm|[upkeep]
|-damage|p1a: Jumpluff|94/100|[from] Sandstorm
|-damage|p2a: Whoa|94/100|[from] Sandstorm
|-heal|p1a: Jumpluff|100/100|[from] item: Leftovers
|-heal|p2a: Whoa|100/100|[from] item: Leftovers
|upkeep
|turn|15
|
|t:|1727902089
|move|p1a: Jumpluff|Leech Seed|p2a: Whoa
|-start|p2a: Whoa|move: Leech Seed
|move|p2a: Whoa|Soft-Boiled||[still]
|-fail|p2a: Whoa|heal
|
|-weather|Sandstorm|[upkeep]
|-damage|p1a: Jumpluff|94/100|[from] Sandstorm
|-damage|p2a: Whoa|94/100|[from] Sandstorm
|-heal|p1a: Jumpluff|100/100|[from] item: Leftovers
|-heal|p2a: Whoa|100/100|[from] item: Leftovers
|-damage|p2a: Whoa|88/100|[from] Leech Seed|[of] p1a: Jumpluff
|upkeep
|turn|16
|
|t:|1727902103
|switch|p2a: Ope|Tyranitar, F|100/100
|-damage|p2a: Ope|84/100|[from] Spikes
|move|p1a: Jumpluff|Sleep Powder|p2a: Ope
|-status|p2a: Ope|slp|[from] move: Sleep Powder
|
|-weather|Sandstorm|[upkeep]
|-damage|p1a: Jumpluff|94/100|[from] Sandstorm
|-heal|p1a: Jumpluff|100/100|[from] item: Leftovers
|-heal|p2a: Ope|90/100 slp|[from] item: Leftovers
|upkeep
|turn|17
|
|t:|1727902125
|move|p1a: Jumpluff|Leech Seed|p2a: Ope
|-start|p2a: Ope|move: Leech Seed
|cant|p2a: Ope|slp
|
|-weather|Sandstorm|[upkeep]
|-damage|p1a: Jumpluff|94/100|[from] Sandstorm
|-heal|p1a: Jumpluff|100/100|[from] item: Leftovers
|-heal|p2a: Ope|97/100 slp|[from] item: Leftovers
|-damage|p2a: Ope|84/100 slp|[from] Leech Seed|[of] p1a: Jumpluff
|upkeep
|turn|18
|
|t:|1727902130
|move|p1a: Jumpluff|Substitute|p1a: Jumpluff
|-start|p1a: Jumpluff|Substitute
|-damage|p1a: Jumpluff|75/100
|-curestatus|p2a: Ope|slp|[msg]
|move|p2a: Ope|Fire Blast|p1a: Jumpluff
|-supereffective|p1a: Jumpluff
|-end|p1a: Jumpluff|Substitute
|
|-weather|Sandstorm|[upkeep]
|-damage|p1a: Jumpluff|69/100|[from] Sandstorm
|-heal|p1a: Jumpluff|75/100|[from] item: Leftovers
|-heal|p2a: Ope|90/100|[from] item: Leftovers
|-damage|p2a: Ope|78/100|[from] Leech Seed|[of] p1a: Jumpluff
|-heal|p1a: Jumpluff|93/100|[silent]
|upkeep
|turn|19
|
|t:|1727902140
|move|p1a: Jumpluff|Substitute|p1a: Jumpluff
|-start|p1a: Jumpluff|Substitute
|-damage|p1a: Jumpluff|68/100
|move|p2a: Ope|Fire Blast|p1a: Jumpluff
|-supereffective|p1a: Jumpluff
|-end|p1a: Jumpluff|Substitute
|
|-weather|Sandstorm|[upkeep]
|-damage|p1a: Jumpluff|61/100|[from] Sandstorm
|-heal|p1a: Jumpluff|68/100|[from] item: Leftovers
|-heal|p2a: Ope|84/100|[from] item: Leftovers
|-damage|p2a: Ope|72/100|[from] Leech Seed|[of] p1a: Jumpluff
|-heal|p1a: Jumpluff|85/100|[silent]
|upkeep
|turn|20
|
|t:|1727902150
|move|p1a: Jumpluff|Substitute|p1a: Jumpluff
|-start|p1a: Jumpluff|Substitute
|-damage|p1a: Jumpluff|60/100
|move|p2a: Ope|Crunch|p1a: Jumpluff
|-end|p1a: Jumpluff|Substitute
|
|-weather|Sandstorm|[upkeep]
|-damage|p1a: Jumpluff|54/100|[from] Sandstorm
|-heal|p1a: Jumpluff|60/100|[from] item: Leftovers
|-heal|p2a: Ope|78/100|[from] item: Leftovers
|-damage|p2a: Ope|65/100|[from] Leech Seed|[of] p1a: Jumpluff
|-heal|p1a: Jumpluff|77/100|[silent]
|upkeep
|turn|21
|
|t:|1727902159
|switch|p2a: Yikes|Zapdos|64/100
|move|p1a: Jumpluff|Substitute|p1a: Jumpluff
|-start|p1a: Jumpluff|Substitute
|-damage|p1a: Jumpluff|52/100
|
|-weather|Sandstorm|[upkeep]
|-damage|p1a: Jumpluff|46/100|[from] Sandstorm
|-damage|p2a: Yikes|58/100|[from] Sandstorm
|-heal|p1a: Jumpluff|52/100|[from] item: Leftovers
|-heal|p2a: Yikes|64/100|[from] item: Leftovers
|upkeep
|turn|22
|
|t:|1727902171
|move|p1a: Jumpluff|Sleep Powder|p2a: Yikes|[miss]
|-miss|p1a: Jumpluff|p2a: Yikes
|move|p2a: Yikes|Thunderbolt|p1a: Jumpluff
|-end|p1a: Jumpluff|Substitute
|
|-weather|Sandstorm|[upkeep]
|-damage|p1a: Jumpluff|46/100|[from] Sandstorm
|-damage|p2a: Yikes|58/100|[from] Sandstorm
|-heal|p1a: Jumpluff|52/100|[from] item: Leftovers
|-heal|p2a: Yikes|64/100|[from] item: Leftovers
|upkeep
|turn|23
|
|t:|1727902182
|move|p1a: Jumpluff|Sleep Powder|p2a: Yikes
|-status|p2a: Yikes|slp|[from] move: Sleep Powder
|cant|p2a: Yikes|slp
|
|-weather|Sandstorm|[upkeep]
|-damage|p1a: Jumpluff|46/100|[from] Sandstorm
|-damage|p2a: Yikes|58/100 slp|[from] Sandstorm
|-heal|p1a: Jumpluff|52/100|[from] item: Leftovers
|-heal|p2a: Yikes|64/100 slp|[from] item: Leftovers
|upkeep
|turn|24
|
|t:|1727902187
|move|p1a: Jumpluff|Leech Seed|p2a: Yikes
|-start|p2a: Yikes|move: Leech Seed
|-curestatus|p2a: Yikes|slp|[msg]
|move|p2a: Yikes|Thunderbolt|p1a: Jumpluff
|-damage|p1a: Jumpluff|12/100
|
|-weather|Sandstorm|[upkeep]
|-damage|p1a: Jumpluff|6/100|[from] Sandstorm
|-damage|p2a: Yikes|58/100|[from] Sandstorm
|-heal|p1a: Jumpluff|12/100|[from] item: Leftovers
|-heal|p2a: Yikes|64/100|[from] item: Leftovers
|-damage|p2a: Yikes|51/100|[from] Leech Seed|[of] p1a: Jumpluff
|-heal|p1a: Jumpluff|29/100|[silent]
|upkeep
|turn|25
|
|t:|1727902206
|switch|p2a: Ope|Tyranitar, F|65/100
|-damage|p2a: Ope|49/100|[from] Spikes
|move|p1a: Jumpluff|Sleep Powder|p2a: Ope
|-status|p2a: Ope|slp|[from] move: Sleep Powder
|
|-weather|Sandstorm|[upkeep]
|-damage|p1a: Jumpluff|22/100|[from] Sandstorm
|-heal|p1a: Jumpluff|29/100|[from] item: Leftovers
|-heal|p2a: Ope|55/100 slp|[from] item: Leftovers
|upkeep
|turn|26
|
|t:|1727902228
|switch|p1a: Tyranitar|Tyranitar, M|39/100
|-damage|p1a: Tyranitar|14/100|[from] Spikes
|cant|p2a: Ope|slp
|
|-weather|Sandstorm|[upkeep]
|-heal|p2a: Ope|61/100 slp|[from] item: Leftovers
|upkeep
|turn|27
|
|t:|1727902243
|switch|p2a: AH|Gengar, M|100/100
|move|p1a: Tyranitar|Ice Beam|p2a: AH
|-damage|p2a: AH|68/100
|
|-weather|Sandstorm|[upkeep]
|-damage|p2a: AH|63/100|[from] Sandstorm
|-heal|p2a: AH|68/100|[from] item: Leftovers
|upkeep
|turn|28
|
|t:|1727902255
|move|p2a: AH|Giga Drain|p1a: Tyranitar
|-supereffective|p1a: Tyranitar
|-damage|p1a: Tyranitar|0 fnt
|-heal|p2a: AH|76/100|[from] drain|[of] p1a: Tyranitar
|faint|p1a: Tyranitar
|
|t:|1727902271
|switch|p1a: Jumpluff|Jumpluff, F|29/100
|
|-weather|Sandstorm|[upkeep]
|-damage|p1a: Jumpluff|22/100|[from] Sandstorm
|-damage|p2a: AH|70/100|[from] Sandstorm
|-heal|p1a: Jumpluff|29/100|[from] item: Leftovers
|-heal|p2a: AH|76/100|[from] item: Leftovers
|upkeep
|turn|29
|inactive|Doc. Steel has 270 seconds left.
|
|t:|1727902289
|switch|p2a: Yikes|Zapdos|51/100
|move|p1a: Jumpluff|Encore||[still]
|-fail|p1a: Jumpluff
|
|-weather|Sandstorm|[upkeep]
|-damage|p1a: Jumpluff|22/100|[from] Sandstorm
|-damage|p2a: Yikes|45/100|[from] Sandstorm
|-heal|p1a: Jumpluff|29/100|[from] item: Leftovers
|-heal|p2a: Yikes|51/100|[from] item: Leftovers
|upkeep
|turn|30
|
|t:|1727902292
|move|p1a: Jumpluff|Leech Seed|p2a: Yikes
|-start|p2a: Yikes|move: Leech Seed
|move|p2a: Yikes|Thunderbolt|p1a: Jumpluff
|-damage|p1a: Jumpluff|0 fnt
|faint|p1a: Jumpluff
|
|t:|1727902300
|switch|p1a: Blissey|Blissey, F|57/100
|-damage|p1a: Blissey|32/100|[from] Spikes
|
|-weather|Sandstorm|[upkeep]
|-damage|p2a: Yikes|45/100|[from] Sandstorm
|-damage|p1a: Blissey|26/100|[from] Sandstorm
|-heal|p2a: Yikes|51/100|[from] item: Leftovers
|-damage|p2a: Yikes|39/100|[from] Leech Seed|[of] p1a: Blissey
|-heal|p1a: Blissey|33/100|[silent]
|-heal|p1a: Blissey|40/100|[from] item: Leftovers
|upkeep
|turn|31
|
|t:|1727902312
|switch|p2a: Ope|Tyranitar, F|61/100 slp
|-damage|p2a: Ope|45/100 slp|[from] Spikes
|move|p1a: Blissey|Soft-Boiled|p1a: Blissey
|-heal|p1a: Blissey|89/100
|
|-weather|Sandstorm|[upkeep]
|-damage|p1a: Blissey|83/100|[from] Sandstorm
|-heal|p2a: Ope|51/100 slp|[from] item: Leftovers
|-heal|p1a: Blissey|89/100|[from] item: Leftovers
|upkeep
|turn|32
|
|t:|1727902318
|cant|p2a: Ope|slp
|move|p1a: Blissey|Seismic Toss|p2a: Ope
|-damage|p2a: Ope|26/100 slp
|
|-weather|Sandstorm|[upkeep]
|-damage|p1a: Blissey|83/100|[from] Sandstorm
|-heal|p2a: Ope|32/100 slp|[from] item: Leftovers
|-heal|p1a: Blissey|89/100|[from] item: Leftovers
|upkeep
|turn|33
|
|t:|1727902326
|cant|p2a: Ope|slp
|move|p1a: Blissey|Seismic Toss|p2a: Ope
|-damage|p2a: Ope|7/100 slp
|
|-weather|Sandstorm|[upkeep]
|-damage|p1a: Blissey|83/100|[from] Sandstorm
|-heal|p2a: Ope|14/100 slp|[from] item: Leftovers
|-heal|p1a: Blissey|89/100|[from] item: Leftovers
|upkeep
|turn|34
|
|t:|1727902330
|cant|p2a: Ope|slp
|move|p1a: Blissey|Seismic Toss|p2a: Ope
|-damage|p2a: Ope|0 fnt
|faint|p2a: Ope
|
|t:|1727902346
|switch|p2a: Yikes|Zapdos|39/100
|
|-weather|Sandstorm|[upkeep]
|-damage|p2a: Yikes|33/100|[from] Sandstorm
|-damage|p1a: Blissey|83/100|[from] Sandstorm
|-heal|p2a: Yikes|39/100|[from] item: Leftovers
|-heal|p1a: Blissey|89/100|[from] item: Leftovers
|upkeep
|turn|35
|
|t:|1727902355
|move|p2a: Yikes|Rest|p2a: Yikes
|-status|p2a: Yikes|slp|[from] move: Rest
|-heal|p2a: Yikes|100/100 slp|[silent]
|move|p1a: Blissey|Ice Beam|p2a: Yikes
|-supereffective|p2a: Yikes
|-damage|p2a: Yikes|63/100 slp
|
|-weather|Sandstorm|[upkeep]
|-damage|p2a: Yikes|56/100 slp|[from] Sandstorm
|-damage|p1a: Blissey|83/100|[from] Sandstorm
|-heal|p2a: Yikes|63/100 slp|[from] item: Leftovers
|-heal|p1a: Blissey|89/100|[from] item: Leftovers
|upkeep
|turn|36
|
|t:|1727902365
|switch|p2a: Whoa|Blissey, F|88/100
|-damage|p2a: Whoa|71/100|[from] Spikes
|move|p1a: Blissey|Ice Beam|p2a: Whoa
|-damage|p2a: Whoa|61/100
|
|-weather|Sandstorm|[upkeep]
|-damage|p1a: Blissey|83/100|[from] Sandstorm
|-damage|p2a: Whoa|55/100|[from] Sandstorm
|-heal|p2a: Whoa|61/100|[from] item: Leftovers
|-heal|p1a: Blissey|89/100|[from] item: Leftovers
|upkeep
|turn|37
|
|t:|1727902381
|switch|p1a: Metagross|Metagross|100/100
|-damage|p1a: Metagross|75/100|[from] Spikes
|move|p2a: Whoa|Seismic Toss|p1a: Metagross
|-damage|p1a: Metagross|48/100
|
|-weather|Sandstorm|[upkeep]
|-damage|p2a: Whoa|55/100|[from] Sandstorm
|-heal|p1a: Metagross|54/100|[from] item: Leftovers
|-heal|p2a: Whoa|61/100|[from] item: Leftovers
|upkeep
|turn|38
|
|t:|1727902401
|switch|p2a: Doh|Flygon, F|100/100
|move|p1a: Metagross|Meteor Mash|p2a: Doh
|-damage|p2a: Doh|56/100
|
|-weather|Sandstorm|[upkeep]
|-heal|p2a: Doh|62/100|[from] item: Leftovers
|-heal|p1a: Metagross|60/100|[from] item: Leftovers
|upkeep
|turn|39
|
|t:|1727902413
|switch|p1a: Skarmory|Skarmory, M|95/100
|move|p2a: Doh|Flamethrower|p1a: Skarmory
|-supereffective|p1a: Skarmory
|-damage|p1a: Skarmory|63/100
|
|-weather|Sandstorm|[upkeep]
|-heal|p2a: Doh|68/100|[from] item: Leftovers
|-heal|p1a: Skarmory|69/100|[from] item: Leftovers
|upkeep
|turn|40
|
|t:|1727902419
|move|p2a: Doh|Protect|p2a: Doh
|-singleturn|p2a: Doh|Protect
|move|p1a: Skarmory|Spikes|p2a: Doh
|-sidestart|p2: HeyYa!_Forte|Spikes
|
|-weather|Sandstorm|[upkeep]
|-heal|p2a: Doh|74/100|[from] item: Leftovers
|-heal|p1a: Skarmory|75/100|[from] item: Leftovers
|upkeep
|turn|41
|
|t:|1727902438
|switch|p2a: AH|Gengar, M|76/100
|switch|p1a: Gyarados|Gyarados, F|100/100
|-ability|p1a: Gyarados|Intimidate|boost
|-unboost|p2a: AH|atk|1
|
|-weather|Sandstorm|[upkeep]
|-damage|p2a: AH|70/100|[from] Sandstorm
|-damage|p1a: Gyarados|94/100|[from] Sandstorm
|-heal|p2a: AH|76/100|[from] item: Leftovers
|-heal|p1a: Gyarados|100/100|[from] item: Leftovers
|upkeep
|turn|42
|
|t:|1727902464
|switch|p1a: Skarmory|Skarmory, M|75/100
|move|p2a: AH|Will-O-Wisp|p1a: Skarmory
|-status|p1a: Skarmory|brn
|
|-weather|Sandstorm|[upkeep]
|-damage|p2a: AH|70/100|[from] Sandstorm
|-heal|p2a: AH|76/100|[from] item: Leftovers
|-heal|p1a: Skarmory|81/100 brn|[from] item: Leftovers
|-damage|p1a: Skarmory|69/100 brn|[from] brn
|upkeep
|turn|43
|
|t:|1727902476
|switch|p2a: Yikes|Zapdos|63/100 slp
|move|p1a: Skarmory|Roar|p2a: Yikes
|drag|p2a: Whoa|Blissey, F|61/100
|-damage|p2a: Whoa|36/100|[from] Spikes
|
|-weather|Sandstorm|[upkeep]
|-damage|p2a: Whoa|30/100|[from] Sandstorm
|-heal|p1a: Skarmory|75/100 brn|[from] item: Leftovers
|-damage|p1a: Skarmory|62/100 brn|[from] brn
|-heal|p2a: Whoa|36/100|[from] item: Leftovers
|upkeep
|turn|44
|inactive|Doc. Steel has 270 seconds left.
|
|t:|1727902499
|switch|p1a: Gyarados|Gyarados, F|100/100
|-ability|p1a: Gyarados|Intimidate|boost
|-unboost|p2a: Whoa|atk|1
|move|p2a: Whoa|Soft-Boiled|p2a: Whoa
|-heal|p2a: Whoa|86/100
|
|-weather|Sandstorm|[upkeep]
|-damage|p1a: Gyarados|94/100|[from] Sandstorm
|-damage|p2a: Whoa|80/100|[from] Sandstorm
|-heal|p1a: Gyarados|100/100|[from] item: Leftovers
|-heal|p2a: Whoa|86/100|[from] item: Leftovers
|upkeep
|turn|45
|inactive|Doc. Steel has 270 seconds left.
|
|t:|1727902513
|switch|p1a: Metagross|Metagross|60/100
|-damage|p1a: Metagross|35/100|[from] Spikes
|move|p2a: Whoa|Toxic|p1a: Metagross
|-immune|p1a: Metagross
|
|-weather|Sandstorm|[upkeep]
|-damage|p2a: Whoa|80/100|[from] Sandstorm
|-heal|p1a: Metagross|41/100|[from] item: Leftovers
|-heal|p2a: Whoa|86/100|[from] item: Leftovers
|upkeep
|turn|46
|
|t:|1727902523
|switch|p2a: Doh|Flygon, F|74/100
|move|p1a: Metagross|Explosion|p2a: Doh
|-damage|p2a: Doh|0 fnt
|faint|p1a: Metagross
|faint|p2a: Doh
|inactive|Doc. Steel has 270 seconds left.
|
|t:|1727902544
|switch|p2a: AH|Gengar, M|76/100
|switch|p1a: Skarmory|Skarmory, M|62/100 brn
|
|-weather|Sandstorm|[upkeep]
|-damage|p2a: AH|70/100|[from] Sandstorm
|-heal|p2a: AH|76/100|[from] item: Leftovers
|-heal|p1a: Skarmory|68/100 brn|[from] item: Leftovers
|-damage|p1a: Skarmory|56/100 brn|[from] brn
|upkeep
|turn|47
|inactive|Doc. Steel has 270 seconds left.
|
|t:|1727902552
|move|p2a: AH|Thunderbolt|p1a: Skarmory
|-supereffective|p1a: Skarmory
|-damage|p1a: Skarmory|7/100 brn
|move|p1a: Skarmory|Roar|p2a: AH
|drag|p2a: Whoa|Blissey, F|86/100
|-damage|p2a: Whoa|61/100|[from] Spikes
|
|-weather|Sandstorm|[upkeep]
|-damage|p2a: Whoa|55/100|[from] Sandstorm
|-heal|p1a: Skarmory|13/100 brn|[from] item: Leftovers
|-damage|p1a: Skarmory|0 fnt|[from] brn
|faint|p1a: Skarmory
|-heal|p2a: Whoa|61/100|[from] item: Leftovers
|upkeep
|inactive|Doc. Steel has 270 seconds left.
|
|t:|1727902559
|switch|p1a: Gyarados|Gyarados, F|100/100
|-ability|p1a: Gyarados|Intimidate|boost
|-unboost|p2a: Whoa|atk|1
|turn|48
|
|t:|1727902568
|move|p1a: Gyarados|Dragon Dance|p1a: Gyarados
|-boost|p1a: Gyarados|atk|1
|-boost|p1a: Gyarados|spe|1
|move|p2a: Whoa|Toxic|p1a: Gyarados
|-status|p1a: Gyarados|tox
|
|-weather|Sandstorm|[upkeep]
|-damage|p1a: Gyarados|94/100 tox|[from] Sandstorm
|-damage|p2a: Whoa|55/100|[from] Sandstorm
|-heal|p1a: Gyarados|100/100 tox|[from] item: Leftovers
|-damage|p1a: Gyarados|94/100 tox|[from] psn
|-heal|p2a: Whoa|61/100|[from] item: Leftovers
|upkeep
|turn|49
|
|t:|1727902579
|move|p1a: Gyarados|Double-Edge|p2a: Whoa
|-damage|p2a: Whoa|0 fnt
|-damage|p1a: Gyarados|57/100 tox|[from] Recoil|[of] p2a: Whoa
|faint|p2a: Whoa
|
|t:|1727902583
|switch|p2a: Yikes|Zapdos|63/100 slp
|
|-weather|Sandstorm|[upkeep]
|-damage|p1a: Gyarados|51/100 tox|[from] Sandstorm
|-damage|p2a: Yikes|56/100 slp|[from] Sandstorm
|-heal|p1a: Gyarados|57/100 tox|[from] item: Leftovers
|-damage|p1a: Gyarados|45/100 tox|[from] psn
|-heal|p2a: Yikes|63/100 slp|[from] item: Leftovers
|upkeep
|turn|50
|inactive|Doc. Steel has 270 seconds left.
|
|t:|1727902631
|switch|p2a: AH|Gengar, M|76/100
|move|p1a: Gyarados|Double-Edge|p2a: AH
|-immune|p2a: AH
|
|-weather|Sandstorm|[upkeep]
|-damage|p1a: Gyarados|39/100 tox|[from] Sandstorm
|-damage|p2a: AH|70/100|[from] Sandstorm
|-heal|p1a: Gyarados|45/100 tox|[from] item: Leftovers
|-damage|p1a: Gyarados|26/100 tox|[from] psn
|-heal|p2a: AH|76/100|[from] item: Leftovers
|upkeep
|turn|51
|
|t:|1727902651
|switch|p2a: Yikes|Zapdos|63/100 slp
|move|p1a: Gyarados|Hidden Power|p2a: Yikes
|-resisted|p2a: Yikes
|-damage|p2a: Yikes|33/100 slp
|
|-weather|Sandstorm|[upkeep]
|-damage|p1a: Gyarados|20/100 tox|[from] Sandstorm
|-damage|p2a: Yikes|27/100 slp|[from] Sandstorm
|-heal|p1a: Gyarados|26/100 tox|[from] item: Leftovers
|-damage|p1a: Gyarados|2/100 tox|[from] psn
|-heal|p2a: Yikes|33/100 slp|[from] item: Leftovers
|upkeep
|turn|52
|inactive|Doc. Steel has 270 seconds left.
|
|t:|1727902660
|move|p1a: Gyarados|Hidden Power|p2a: Yikes
|-resisted|p2a: Yikes
|-damage|p2a: Yikes|5/100 slp
|cant|p2a: Yikes|slp
|
|-weather|Sandstorm|[upkeep]
|-damage|p1a: Gyarados|0 fnt|[from] Sandstorm
|-damage|p2a: Yikes|0 fnt|[from] Sandstorm
|faint|p1a: Gyarados
|faint|p2a: Yikes
|upkeep
|
|t:|1727902666
|switch|p1a: Blissey|Blissey, F|89/100
|switch|p2a: AH|Gengar, M|76/100
|-damage|p1a: Blissey|65/100|[from] Spikes
|turn|53
|
|t:|1727902676
|move|p2a: AH|Explosion|p1a: Blissey
|-damage|p1a: Blissey|0 fnt
|faint|p2a: AH
|faint|p1a: Blissey
|
|tie

</script>
<script type="application/json" class="data" id="replaydata-smogtours-gen3ou-794043">
{"id":"smogtours-gen3ou-794043","format":"[Gen 3] OU","players":["Doc. Steel","HeyYa!_Forte"],"uploadtime":1727902676,"views":141,"formatid":"gen3ou","rating":null,"private":0,"password":null}
</script>

<script defer src="js/replays.js?9d40a366"></script>
