<!DOCTYPE html>
<meta charset="utf-8" />
<meta name="viewport" content="width=device-width" />

<title>[Gen 3] OU: zinc3 vs. CCGeek - Replays - Pok&eacute;mon Showdown!</title>

<meta name="description" content="Watch a replay of a Pok&eacute;mon battle between zinc3 and CCGeek! Format: [Gen 3] OU; Date: Oct 13, 2024" />
<!--

Hey, you! Looking in the source for the replay log?

You can find them in JSON format, just add `.json` at the end of a replay URL.

https://replay.pokemonshowdown.com/gen7randomdoublesbattle-865046831.json

Or, if you only need the log itself, add `.log` instead:

https://replay.pokemonshowdown.com/gen7randomdoublesbattle-865046831.log

-->

<link rel="stylesheet" href="//pokemonshowdown.com/style/global.css?0.023195364461161105" />
<link rel="stylesheet" href="//play.pokemonshowdown.com/style/font-awesome.css?0.13261647063804238" />
<link rel="stylesheet" href="//play.pokemonshowdown.com/style/battle.css?0.8753245789963631" />
<link rel="stylesheet" href="//play.pokemonshowdown.com/style/utilichart.css?0.8627959624976733" />

<!-- Global site tag (gtag.js) - Google Analytics -->
<script async src="https://www.googletagmanager.com/gtag/js?id=UA-26211653-1"></script>
<script>
  window.dataLayer = window.dataLayer || [];
  function gtag(){dataLayer.push(arguments);}
  gtag('js', new Date());

  gtag('config', 'UA-26211653-1');
</script>
<!-- End Google Analytics -->
<!-- Venatus Ad Manager - Install in <HEAD> of page -->
	<script src="https://hb.vntsm.com/v3/live/ad-manager.min.js" type="text/javascript" data-site-id="642aba63ec9a7b11c3c9c1be" data-mode="scan" async></script>
<!-- / Venatus Ad Manager -->

<style>
	@media (max-width:820px) {
		.battle {
			margin: 0 auto;
		}
		.battle-log {
			margin: 7px auto 0;
			max-width: 640px;
			height: 300px;
			position: static;
		}
	}
	.optgroup {
		display: inline-block;
		line-height: 22px;
		font-size: 10pt;
	}
	.optgroup .button {
		height: 25px;
		padding-top: 0;
		padding-bottom: 0;
	}
	.optgroup button.button {
		padding-left: 12px;
		padding-right: 12px;
	}
	.linklist {
		list-style: none;
		margin: 0.5em 0;
		padding: 0;
	}
	.linklist li {
		padding: 2px 0;
	}
	.sidebar {
		float: left;
		width: 320px;
	}
	.bar-wrapper {
		max-width: 1100px;
		margin: 0 auto;
	}
	.bar-wrapper.has-sidebar {
		max-width: 1430px;
	}
	.mainbar {
		margin: 0;
		padding-right: 1px;
	}
	.mainbar.has-sidebar {
		margin-left: 330px;
	}
	@media (min-width: 1511px) {
		.sidebar {
			width: 400px;
		}
		.bar-wrapper.has-sidebar {
			max-width: 1510px;
		}
		.mainbar.has-sidebar {
			margin-left: 410px;
		}
	}
	.section.first-section {
		margin-top: 9px;
	}
	.blocklink small {
		white-space: normal;
	}
	.button {
		vertical-align: middle;
	}
	.replay-controls {
		padding-top: 10px;
	}
	.replay-controls h1 {
		font-size: 16pt;
		font-weight: normal;
		color: #CCC;
	}
	.pagelink {
		text-align: center;
	}
	.pagelink a {
		width: 150px;
	}
	.textbox, .button {
		font-size: 11pt;
		vertical-align: middle;
	}
	@media (max-width: 450px) {
		.button {
			font-size: 9pt;
		}
	}
</style>

<div>

	<header>
		<div class="nav-wrapper"><ul class="nav">
			<li><a class="button nav-first" href="//pokemonshowdown.com/"><img src="//pokemonshowdown.com/images/pokemonshowdownbeta.png" srcset="//pokemonshowdown.com/images/pokemonshowdownbeta.png 1x, //pokemonshowdown.com/images/pokemonshowdownbeta@2x.png 2x" alt="Pok&eacute;mon Showdown" width="146" height="44" /> Home</a></li>
			<li><a class="button" href="//pokemonshowdown.com/dex/">Pok&eacute;dex</a></li>
			<li><a class="button cur" href="/">Replays</a></li>
			<li><a class="button" href="//pokemonshowdown.com/ladder/">Ladder</a></li>
			<li><a class="button nav-last" href="//pokemonshowdown.com/forums/">Forum</a></li>
			<li><a class="button greenbutton nav-first nav-last" href="//play.pokemonshowdown.com/">Play</a></li>
		</ul></div>
	</header>

	<div class="main" id="main">

		<noscript><section class="section">You need to enable JavaScript to use this page; sorry!</section></noscript>

	</div>

</div>

<script defer nomodule src="//play.pokemonshowdown.com/js/lib/ps-polyfill.js"></script>
<script defer src="//play.pokemonshowdown.com/js/lib/preact.min.js"></script>

<script defer src="//play.pokemonshowdown.com/config/config.js?2bddbc15"></script>
<script defer src="//play.pokemonshowdown.com/js/lib/jquery-1.11.0.min.js"></script>
<script defer src="//play.pokemonshowdown.com/js/lib/html-sanitizer-minified.js"></script>
<script defer src="//play.pokemonshowdown.com/js/battle-sound.js"></script>
<script defer src="//play.pokemonshowdown.com/js/battledata.js?0.7209276989879541"></script>
<script defer src="//play.pokemonshowdown.com/data/pokedex-mini.js?0.6111056340867951"></script>
<script defer src="//play.pokemonshowdown.com/data/pokedex-mini-bw.js?0.3532142036491459"></script>
<script defer src="//play.pokemonshowdown.com/data/graphics.js?0.24223875632456182"></script>
<script defer src="//play.pokemonshowdown.com/data/pokedex.js?0.38839984266356864"></script>
<script defer src="//play.pokemonshowdown.com/data/moves.js?0.21866028504024015"></script>
<script defer src="//play.pokemonshowdown.com/data/abilities.js?0.2005157953846628"></script>
<script defer src="//play.pokemonshowdown.com/data/items.js?0.9894211263848525"></script>
<script defer src="//play.pokemonshowdown.com/data/teambuilder-tables.js?0.6008791140282215"></script>
<script defer src="//play.pokemonshowdown.com/js/battle-tooltips.js?0.7580118955022959"></script>
<script defer src="//play.pokemonshowdown.com/js/battle.js?0.6057722274234274"></script>

<script defer src="js/utils.js?e31f9a17"></script>
<script defer src="js/replays-battle.js?7008c182"></script>

<!-- don't scrape this data! just add .json or .log after the URL!
Full API docs: https://github.com/smogon/pokemon-showdown-client/blob/master/WEB-API.md -->
<script type="text/plain" class="log" id="replaylog-smogtours-gen3ou-798188">
|inactive|Battle timer is ON: inactive players will automatically lose when time's up.
|t:|1728840004
|gametype|singles
|player|p1|zinc3|tulip|
|player|p2|CCGeek|selene-masters|
|teamsize|p1|6
|teamsize|p2|6
|gen|3
|tier|[Gen 3] OU
|rule|Sleep Clause Mod: Limit one foe put to sleep
|rule|Switch Priority Clause Mod: Faster Pokémon switch first
|rule|Species Clause: Limit one of each Pokémon
|rule|OHKO Clause: OHKO moves are banned
|rule|Evasion Items Clause: Evasion items are banned
|rule|Evasion Moves Clause: Evasion moves are banned
|rule|Endless Battle Clause: Forcing endless battles is banned
|rule|HP Percentage Mod: HP is shown in percentages
|rule|One Boost Passer Clause: Limit one Baton Passer that has a way to boost its stats
|rule|Freeze Clause Mod: Limit one foe frozen
|
|t:|1728840004
|start
|switch|p1a: Tyranitar|Tyranitar, F|100/100
|switch|p2a: not hpice|Zapdos|100/100
|-weather|Sandstorm|[from] ability: Sand Stream|[of] p1a: Tyranitar
|turn|1
|
|t:|1728840020
|switch|p2a: not psyfire|Metagross|100/100
|move|p1a: Tyranitar|Ancient Power|p2a: not psyfire
|-resisted|p2a: not psyfire
|-damage|p2a: not psyfire|91/100
|
|-weather|Sandstorm|[upkeep]
|-heal|p2a: not psyfire|97/100|[from] item: Leftovers
|upkeep
|turn|2
|
|t:|1728840035
|switch|p1a: Zapdos|Zapdos|100/100
|move|p2a: not psyfire|Meteor Mash|p1a: Zapdos
|-resisted|p1a: Zapdos
|-damage|p1a: Zapdos|74/100
|
|-weather|Sandstorm|[upkeep]
|-damage|p1a: Zapdos|68/100|[from] Sandstorm
|-heal|p1a: Zapdos|74/100|[from] item: Leftovers
|-heal|p2a: not psyfire|100/100|[from] item: Leftovers
|upkeep
|turn|3
|
|t:|1728840053
|move|p1a: Zapdos|Thunderbolt|p2a: not psyfire
|-damage|p2a: not psyfire|37/100
|move|p2a: not psyfire|Psychic|p1a: Zapdos
|-damage|p1a: Zapdos|27/100
|
|-weather|Sandstorm|[upkeep]
|-damage|p1a: Zapdos|20/100|[from] Sandstorm
|-heal|p1a: Zapdos|27/100|[from] item: Leftovers
|-heal|p2a: not psyfire|43/100|[from] item: Leftovers
|upkeep
|turn|4
|inactive|CCGeek has 270 seconds left.
|inactive|CCGeek has 240 seconds left.
|
|t:|1728840132
|switch|p2a: not curse|Swampert, F|100/100
|move|p1a: Zapdos|Thunderbolt|p2a: not curse
|-immune|p2a: not curse
|
|-weather|Sandstorm|[upkeep]
|-damage|p1a: Zapdos|20/100|[from] Sandstorm
|-heal|p1a: Zapdos|27/100|[from] item: Leftovers
|upkeep
|turn|5
|
|t:|1728840151
|switch|p2a: not hpice|Zapdos|100/100
|move|p1a: Zapdos|Hidden Power|p2a: not hpice
|-resisted|p2a: not hpice
|-damage|p2a: not hpice|89/100
|
|-weather|Sandstorm|[upkeep]
|-damage|p2a: not hpice|83/100|[from] Sandstorm
|-damage|p1a: Zapdos|20/100|[from] Sandstorm
|-heal|p2a: not hpice|89/100|[from] item: Leftovers
|-heal|p1a: Zapdos|27/100|[from] item: Leftovers
|upkeep
|turn|6
|
|t:|1728840170
|switch|p1a: Snorlax|Snorlax, F|100/100
|move|p2a: not hpice|Thunderbolt|p1a: Snorlax
|-damage|p1a: Snorlax|74/100
|-status|p1a: Snorlax|par
|
|-weather|Sandstorm|[upkeep]
|-damage|p2a: not hpice|83/100|[from] Sandstorm
|-damage|p1a: Snorlax|67/100 par|[from] Sandstorm
|-heal|p2a: not hpice|89/100|[from] item: Leftovers
|-heal|p1a: Snorlax|74/100 par|[from] item: Leftovers
|upkeep
|turn|7
|
|t:|1728840178
|switch|p2a: not psyfire|Metagross|43/100
|move|p1a: Snorlax|Body Slam|p2a: not psyfire
|-resisted|p2a: not psyfire
|-damage|p2a: not psyfire|28/100
|
|-weather|Sandstorm|[upkeep]
|-damage|p1a: Snorlax|67/100 par|[from] Sandstorm
|-heal|p2a: not psyfire|34/100|[from] item: Leftovers
|-heal|p1a: Snorlax|74/100 par|[from] item: Leftovers
|upkeep
|turn|8
|inactive|CCGeek has 210 seconds left.
|
|t:|1728840205
|switch|p1a: Zapdos|Zapdos|27/100
|move|p2a: not psyfire|Meteor Mash|p1a: Zapdos
|-resisted|p1a: Zapdos
|-damage|p1a: Zapdos|0 fnt
|faint|p1a: Zapdos
|
|t:|1728840219
|switch|p1a: Metagross|Metagross|100/100
|
|-weather|Sandstorm|[upkeep]
|-heal|p2a: not psyfire|40/100|[from] item: Leftovers
|upkeep
|turn|9
|inactive|CCGeek has 210 seconds left.
|
|t:|1728840257
|switch|p2a: not curse|Swampert, F|100/100
|move|p1a: Metagross|Hidden Power|p2a: not curse
|-resisted|p2a: not curse
|-damage|p2a: not curse|90/100
|
|-weather|Sandstorm|[upkeep]
|-heal|p2a: not curse|96/100|[from] item: Leftovers
|upkeep
|turn|10
|
|t:|1728840270
|move|p1a: Metagross|Psychic|p2a: not curse
|-crit|p2a: not curse
|-damage|p2a: not curse|19/100
|-unboost|p2a: not curse|spd|1
|move|p2a: not curse|Earthquake|p1a: Metagross
|-supereffective|p1a: Metagross
|-damage|p1a: Metagross|40/100
|
|-weather|Sandstorm|[upkeep]
|-heal|p1a: Metagross|46/100|[from] item: Leftovers
|-heal|p2a: not curse|25/100|[from] item: Leftovers
|upkeep
|turn|11
|inactive|CCGeek has 180 seconds left.
|
|t:|1728840297
|move|p1a: Metagross|Psychic|p2a: not curse
|-damage|p2a: not curse|0 fnt
|faint|p2a: not curse
|
|t:|1728840304
|switch|p2a: not mono|Suicune|100/100
|
|-weather|Sandstorm|[upkeep]
|-damage|p2a: not mono|94/100|[from] Sandstorm
|-heal|p2a: not mono|100/100|[from] item: Leftovers
|-heal|p1a: Metagross|52/100|[from] item: Leftovers
|upkeep
|turn|12
|
|t:|1728840327
|switch|p1a: Snorlax|Snorlax, F|74/100 par
|move|p2a: not mono|Substitute|p2a: not mono
|-start|p2a: not mono|Substitute
|-damage|p2a: not mono|75/100
|
|-weather|Sandstorm|[upkeep]
|-damage|p2a: not mono|69/100|[from] Sandstorm
|-damage|p1a: Snorlax|67/100 par|[from] Sandstorm
|-heal|p2a: not mono|75/100|[from] item: Leftovers
|-heal|p1a: Snorlax|74/100 par|[from] item: Leftovers
|upkeep
|turn|13
|
|t:|1728840339
|move|p2a: not mono|Calm Mind|p2a: not mono
|-boost|p2a: not mono|spa|1
|-boost|p2a: not mono|spd|1
|cant|p1a: Snorlax|par
|
|-weather|Sandstorm|[upkeep]
|-damage|p2a: not mono|69/100|[from] Sandstorm
|-damage|p1a: Snorlax|67/100 par|[from] Sandstorm
|-heal|p2a: not mono|75/100|[from] item: Leftovers
|-heal|p1a: Snorlax|74/100 par|[from] item: Leftovers
|upkeep
|turn|14
|
|t:|1728840344
|move|p2a: not mono|Surf|p1a: Snorlax
|-damage|p1a: Snorlax|39/100 par
|cant|p1a: Snorlax|par
|
|-weather|Sandstorm|[upkeep]
|-damage|p2a: not mono|69/100|[from] Sandstorm
|-damage|p1a: Snorlax|32/100 par|[from] Sandstorm
|-heal|p2a: not mono|75/100|[from] item: Leftovers
|-heal|p1a: Snorlax|39/100 par|[from] item: Leftovers
|upkeep
|turn|15
|c|☆CCGeek|sorry
|
|t:|1728840352
|move|p2a: not mono|Surf|p1a: Snorlax
|-damage|p1a: Snorlax|4/100 par
|move|p1a: Snorlax|Body Slam|p2a: not mono
|-end|p2a: not mono|Substitute
|
|-weather|Sandstorm|[upkeep]
|-damage|p2a: not mono|69/100|[from] Sandstorm
|-damage|p1a: Snorlax|0 fnt|[from] Sandstorm
|faint|p1a: Snorlax
|-heal|p2a: not mono|75/100|[from] item: Leftovers
|upkeep
|c|☆zinc3|it happens
|
|t:|1728840358
|switch|p1a: Gengar|Gengar, F|100/100
|turn|16
|
|t:|1728840367
|move|p1a: Gengar|Hypnosis|p2a: not mono
|-status|p2a: not mono|slp|[from] move: Hypnosis
|cant|p2a: not mono|slp
|
|-weather|Sandstorm|[upkeep]
|-damage|p1a: Gengar|94/100|[from] Sandstorm
|-damage|p2a: not mono|69/100 slp|[from] Sandstorm
|-heal|p1a: Gengar|100/100|[from] item: Leftovers
|-heal|p2a: not mono|75/100 slp|[from] item: Leftovers
|upkeep
|turn|17
|inactive|CCGeek has 210 seconds left.
|
|t:|1728840381
|move|p1a: Gengar|Thunderbolt|p2a: not mono
|-supereffective|p2a: not mono
|-damage|p2a: not mono|44/100 slp
|cant|p2a: not mono|slp
|
|-weather|Sandstorm|[upkeep]
|-damage|p1a: Gengar|94/100|[from] Sandstorm
|-damage|p2a: not mono|38/100 slp|[from] Sandstorm
|-heal|p1a: Gengar|100/100|[from] item: Leftovers
|-heal|p2a: not mono|44/100 slp|[from] item: Leftovers
|upkeep
|turn|18
|inactive|CCGeek has 210 seconds left.
|
|t:|1728840386
|move|p1a: Gengar|Thunderbolt|p2a: not mono
|-supereffective|p2a: not mono
|-damage|p2a: not mono|9/100 slp
|cant|p2a: not mono|slp
|
|-weather|Sandstorm|[upkeep]
|-damage|p1a: Gengar|94/100|[from] Sandstorm
|-damage|p2a: not mono|3/100 slp|[from] Sandstorm
|-heal|p1a: Gengar|100/100|[from] item: Leftovers
|-heal|p2a: not mono|9/100 slp|[from] item: Leftovers
|upkeep
|turn|19
|
|t:|1728840395
|move|p1a: Gengar|Thunderbolt|p2a: not mono
|-supereffective|p2a: not mono
|-damage|p2a: not mono|0 fnt
|faint|p2a: not mono
|
|t:|1728840401
|switch|p2a: not hpbug|Tyranitar, F|100/100
|
|-weather|Sandstorm|[upkeep]
|-damage|p1a: Gengar|94/100|[from] Sandstorm
|-heal|p1a: Gengar|100/100|[from] item: Leftovers
|upkeep
|turn|20
|
|t:|1728840411
|switch|p1a: Swampert|Swampert, F|100/100
|move|p2a: not hpbug|Dragon Dance|p2a: not hpbug
|-boost|p2a: not hpbug|atk|1
|-boost|p2a: not hpbug|spe|1
|
|-weather|Sandstorm|[upkeep]
|upkeep
|turn|21
|
|t:|1728840426
|move|p2a: not hpbug|Dragon Dance|p2a: not hpbug
|-boost|p2a: not hpbug|atk|1
|-boost|p2a: not hpbug|spe|1
|move|p1a: Swampert|Earthquake|p2a: not hpbug
|-supereffective|p2a: not hpbug
|-damage|p2a: not hpbug|39/100
|
|-weather|Sandstorm|[upkeep]
|-heal|p2a: not hpbug|45/100|[from] item: Leftovers
|upkeep
|turn|22
|
|t:|1728840434
|move|p2a: not hpbug|Double-Edge|p1a: Swampert
|-damage|p1a: Swampert|14/100
|-damage|p2a: not hpbug|15/100|[from] Recoil|[of] p1a: Swampert
|move|p1a: Swampert|Earthquake|p2a: not hpbug
|-supereffective|p2a: not hpbug
|-damage|p2a: not hpbug|0 fnt
|faint|p2a: not hpbug
|
|t:|1728840442
|switch|p2a: not psyfire|Metagross|40/100
|
|-weather|Sandstorm|[upkeep]
|-heal|p2a: not psyfire|46/100|[from] item: Leftovers
|-heal|p1a: Swampert|21/100|[from] item: Leftovers
|upkeep
|turn|23
|
|t:|1728840456
|move|p2a: not psyfire|Psychic|p1a: Swampert
|-damage|p1a: Swampert|0 fnt
|faint|p1a: Swampert
|
|t:|1728840468
|switch|p1a: Tyranitar|Tyranitar, F|100/100
|
|-weather|Sandstorm|[upkeep]
|-heal|p2a: not psyfire|52/100|[from] item: Leftovers
|upkeep
|turn|24
|
|t:|1728840478
|switch|p2a: not hpice|Zapdos|89/100
|move|p1a: Tyranitar|Fire Blast|p2a: not hpice
|-damage|p2a: not hpice|54/100
|
|-weather|Sandstorm|[upkeep]
|-damage|p2a: not hpice|47/100|[from] Sandstorm
|-heal|p2a: not hpice|54/100|[from] item: Leftovers
|upkeep
|turn|25
|
|t:|1728840487
|move|p2a: not hpice|Thunderbolt|p1a: Tyranitar
|-damage|p1a: Tyranitar|52/100
|move|p1a: Tyranitar|Ancient Power|p2a: not hpice
|-supereffective|p2a: not hpice
|-damage|p2a: not hpice|0 fnt
|faint|p2a: not hpice
|
|t:|1728840493
|switch|p2a: not brickbreak|Salamence, F|100/100
|-ability|p2a: not brickbreak|Intimidate|boost
|-unboost|p1a: Tyranitar|atk|1
|
|-weather|Sandstorm|[upkeep]
|-damage|p2a: not brickbreak|94/100|[from] Sandstorm
|-heal|p2a: not brickbreak|100/100|[from] item: Leftovers
|upkeep
|turn|26
|inactive|CCGeek has 240 seconds left.
|inactive|CCGeek has 210 seconds left.
|
|t:|1728840529
|move|p2a: not brickbreak|Earthquake|p1a: Tyranitar
|-supereffective|p1a: Tyranitar
|-crit|p1a: Tyranitar
|-damage|p1a: Tyranitar|0 fnt
|faint|p1a: Tyranitar
|inactive|zinc3 has 270 seconds left.
|
|t:|1728840546
|switch|p1a: Gengar|Gengar, F|100/100
|
|-weather|Sandstorm|[upkeep]
|-damage|p1a: Gengar|94/100|[from] Sandstorm
|-damage|p2a: not brickbreak|94/100|[from] Sandstorm
|-heal|p1a: Gengar|100/100|[from] item: Leftovers
|-heal|p2a: not brickbreak|100/100|[from] item: Leftovers
|upkeep
|turn|27
|inactive|zinc3 has 270 seconds left.
|inactive|CCGeek has 210 seconds left.
|
|t:|1728840562
|move|p1a: Gengar|Hypnosis|p2a: not brickbreak|[miss]
|-miss|p1a: Gengar|p2a: not brickbreak
|move|p2a: not brickbreak|Dragon Dance|p2a: not brickbreak
|-boost|p2a: not brickbreak|atk|1
|-boost|p2a: not brickbreak|spe|1
|
|-weather|Sandstorm|[upkeep]
|-damage|p2a: not brickbreak|94/100|[from] Sandstorm
|-damage|p1a: Gengar|94/100|[from] Sandstorm
|-heal|p2a: not brickbreak|100/100|[from] item: Leftovers
|-heal|p1a: Gengar|100/100|[from] item: Leftovers
|upkeep
|turn|28
|c|☆zinc3|damn
|c|☆CCGeek|yeah no that was game deciding
|inactive|CCGeek has 210 seconds left.
|c|☆CCGeek|sorry
|c|☆CCGeek|i got lucky
|c|☆zinc3|hmm
|c|☆zinc3|i thought you would go meta tbh
|
|t:|1728840587
|move|p2a: not brickbreak|Hidden Power|p1a: Gengar
|-damage|p1a: Gengar|0 fnt
|faint|p1a: Gengar
|c|☆zinc3|whatevs
|
|t:|1728840592
|switch|p1a: Metagross|Metagross|52/100
|
|-weather|Sandstorm|[upkeep]
|-damage|p2a: not brickbreak|94/100|[from] Sandstorm
|-heal|p2a: not brickbreak|100/100|[from] item: Leftovers
|-heal|p1a: Metagross|59/100|[from] item: Leftovers
|upkeep
|turn|29
|c|☆zinc3|ggs
|inactive|CCGeek has 210 seconds left.
|c|☆CCGeek|yea no if i went meta and hypnosis connected
|c|☆CCGeek|i insta lost
|c|☆zinc3|if you stay in and i ice punch...
|c|☆zinc3|do you live or uhh
|c|☆zinc3|well regardless
|inactive|CCGeek has 180 seconds left.
|c|☆zinc3|i made a rng midground
|c|☆zinc3|it happens
|c|☆CCGeek|yea
|c|☆CCGeek|fair
|c|☆CCGeek|calc with dex set shows 50% i lived
|
|t:|1728840645
|move|p2a: not brickbreak|Earthquake|p1a: Metagross
|-supereffective|p1a: Metagross
|-damage|p1a: Metagross|0 fnt
|faint|p1a: Metagross
|
|win|CCGeek

</script>
<script type="application/json" class="data" id="replaydata-smogtours-gen3ou-798188">
{"id":"smogtours-gen3ou-798188","format":"[Gen 3] OU","players":["zinc3","CCGeek"],"uploadtime":1728840645,"views":113,"formatid":"gen3ou","rating":null,"private":0,"password":null}
</script>

<script defer src="js/replays.js?9d40a366"></script>
