<!DOCTYPE html>
<meta charset="utf-8" />
<meta name="viewport" content="width=device-width" />

<title>[Gen 3] OU: Mwah_Bang vs. HoChi_Pro - Replays - Pok&eacute;mon Showdown!</title>

<meta name="description" content="Watch a replay of a Pok&eacute;mon battle between Mwah_Bang and HoChi_Pro! Format: [Gen 3] OU; Date: Oct 4, 2024" />
<!--

Hey, you! Looking in the source for the replay log?

You can find them in JSON format, just add `.json` at the end of a replay URL.

https://replay.pokemonshowdown.com/gen7randomdoublesbattle-865046831.json

Or, if you only need the log itself, add `.log` instead:

https://replay.pokemonshowdown.com/gen7randomdoublesbattle-865046831.log

-->

<link rel="stylesheet" href="//pokemonshowdown.com/style/global.css?0.023195364461161105" />
<link rel="stylesheet" href="//play.pokemonshowdown.com/style/font-awesome.css?0.13261647063804238" />
<link rel="stylesheet" href="//play.pokemonshowdown.com/style/battle.css?0.8753245789963631" />
<link rel="stylesheet" href="//play.pokemonshowdown.com/style/utilichart.css?0.8627959624976733" />

<!-- Global site tag (gtag.js) - Google Analytics -->
<script async src="https://www.googletagmanager.com/gtag/js?id=UA-26211653-1"></script>
<script>
  window.dataLayer = window.dataLayer || [];
  function gtag(){dataLayer.push(arguments);}
  gtag('js', new Date());

  gtag('config', 'UA-26211653-1');
</script>
<!-- End Google Analytics -->
<!-- Venatus Ad Manager - Install in <HEAD> of page -->
	<script src="https://hb.vntsm.com/v3/live/ad-manager.min.js" type="text/javascript" data-site-id="642aba63ec9a7b11c3c9c1be" data-mode="scan" async></script>
<!-- / Venatus Ad Manager -->

<style>
	@media (max-width:820px) {
		.battle {
			margin: 0 auto;
		}
		.battle-log {
			margin: 7px auto 0;
			max-width: 640px;
			height: 300px;
			position: static;
		}
	}
	.optgroup {
		display: inline-block;
		line-height: 22px;
		font-size: 10pt;
	}
	.optgroup .button {
		height: 25px;
		padding-top: 0;
		padding-bottom: 0;
	}
	.optgroup button.button {
		padding-left: 12px;
		padding-right: 12px;
	}
	.linklist {
		list-style: none;
		margin: 0.5em 0;
		padding: 0;
	}
	.linklist li {
		padding: 2px 0;
	}
	.sidebar {
		float: left;
		width: 320px;
	}
	.bar-wrapper {
		max-width: 1100px;
		margin: 0 auto;
	}
	.bar-wrapper.has-sidebar {
		max-width: 1430px;
	}
	.mainbar {
		margin: 0;
		padding-right: 1px;
	}
	.mainbar.has-sidebar {
		margin-left: 330px;
	}
	@media (min-width: 1511px) {
		.sidebar {
			width: 400px;
		}
		.bar-wrapper.has-sidebar {
			max-width: 1510px;
		}
		.mainbar.has-sidebar {
			margin-left: 410px;
		}
	}
	.section.first-section {
		margin-top: 9px;
	}
	.blocklink small {
		white-space: normal;
	}
	.button {
		vertical-align: middle;
	}
	.replay-controls {
		padding-top: 10px;
	}
	.replay-controls h1 {
		font-size: 16pt;
		font-weight: normal;
		color: #CCC;
	}
	.pagelink {
		text-align: center;
	}
	.pagelink a {
		width: 150px;
	}
	.textbox, .button {
		font-size: 11pt;
		vertical-align: middle;
	}
	@media (max-width: 450px) {
		.button {
			font-size: 9pt;
		}
	}
</style>

<div>

	<header>
		<div class="nav-wrapper"><ul class="nav">
			<li><a class="button nav-first" href="//pokemonshowdown.com/"><img src="//pokemonshowdown.com/images/pokemonshowdownbeta.png" srcset="//pokemonshowdown.com/images/pokemonshowdownbeta.png 1x, //pokemonshowdown.com/images/pokemonshowdownbeta@2x.png 2x" alt="Pok&eacute;mon Showdown" width="146" height="44" /> Home</a></li>
			<li><a class="button" href="//pokemonshowdown.com/dex/">Pok&eacute;dex</a></li>
			<li><a class="button cur" href="/">Replays</a></li>
			<li><a class="button" href="//pokemonshowdown.com/ladder/">Ladder</a></li>
			<li><a class="button nav-last" href="//pokemonshowdown.com/forums/">Forum</a></li>
			<li><a class="button greenbutton nav-first nav-last" href="//play.pokemonshowdown.com/">Play</a></li>
		</ul></div>
	</header>

	<div class="main" id="main">

		<noscript><section class="section">You need to enable JavaScript to use this page; sorry!</section></noscript>

	</div>

</div>

<script defer nomodule src="//play.pokemonshowdown.com/js/lib/ps-polyfill.js"></script>
<script defer src="//play.pokemonshowdown.com/js/lib/preact.min.js"></script>

<script defer src="//play.pokemonshowdown.com/config/config.js?2bddbc15"></script>
<script defer src="//play.pokemonshowdown.com/js/lib/jquery-1.11.0.min.js"></script>
<script defer src="//play.pokemonshowdown.com/js/lib/html-sanitizer-minified.js"></script>
<script defer src="//play.pokemonshowdown.com/js/battle-sound.js"></script>
<script defer src="//play.pokemonshowdown.com/js/battledata.js?0.7209276989879541"></script>
<script defer src="//play.pokemonshowdown.com/data/pokedex-mini.js?0.6111056340867951"></script>
<script defer src="//play.pokemonshowdown.com/data/pokedex-mini-bw.js?0.3532142036491459"></script>
<script defer src="//play.pokemonshowdown.com/data/graphics.js?0.24223875632456182"></script>
<script defer src="//play.pokemonshowdown.com/data/pokedex.js?0.38839984266356864"></script>
<script defer src="//play.pokemonshowdown.com/data/moves.js?0.21866028504024015"></script>
<script defer src="//play.pokemonshowdown.com/data/abilities.js?0.2005157953846628"></script>
<script defer src="//play.pokemonshowdown.com/data/items.js?0.9894211263848525"></script>
<script defer src="//play.pokemonshowdown.com/data/teambuilder-tables.js?0.6008791140282215"></script>
<script defer src="//play.pokemonshowdown.com/js/battle-tooltips.js?0.7580118955022959"></script>
<script defer src="//play.pokemonshowdown.com/js/battle.js?0.6057722274234274"></script>

<script defer src="js/utils.js?e31f9a17"></script>
<script defer src="js/replays-battle.js?7008c182"></script>

<!-- don't scrape this data! just add .json or .log after the URL!
Full API docs: https://github.com/smogon/pokemon-showdown-client/blob/master/WEB-API.md -->
<script type="text/plain" class="log" id="replaylog-smogtours-gen3ou-794580">
|inactive|Battle timer is ON: inactive players will automatically lose when time's up.
|t:|1728060115
|gametype|singles
|player|p1|Mwah_Bang|kris-gen2|
|player|p2|HoChi_Pro|2|
|teamsize|p1|6
|teamsize|p2|6
|gen|3
|tier|[Gen 3] OU
|rule|Sleep Clause Mod: Limit one foe put to sleep
|rule|Switch Priority Clause Mod: Faster Pokémon switch first
|rule|Species Clause: Limit one of each Pokémon
|rule|OHKO Clause: OHKO moves are banned
|rule|Evasion Items Clause: Evasion items are banned
|rule|Evasion Moves Clause: Evasion moves are banned
|rule|Endless Battle Clause: Forcing endless battles is banned
|rule|HP Percentage Mod: HP is shown in percentages
|rule|One Boost Passer Clause: Limit one Baton Passer that has a way to boost its stats
|rule|Freeze Clause Mod: Limit one foe frozen
|
|t:|1728060115
|start
|switch|p1a: Paul Allen|Zapdos|100/100
|switch|p2a: Forretress|Forretress, F|100/100
|turn|1
|c|☆HoChi_Pro|gl
|c|☆Mwah_Bang|gl
|
|t:|1728060139
|move|p1a: Paul Allen|Thunderbolt|p2a: Forretress
|-damage|p2a: Forretress|54/100
|move|p2a: Forretress|Spikes|p1a: Paul Allen
|-sidestart|p1: Mwah_Bang|Spikes
|
|-heal|p2a: Forretress|60/100|[from] item: Leftovers
|upkeep
|turn|2
|
|t:|1728060169
|switch|p2a: Blissey|Blissey, F|100/100
|move|p1a: Paul Allen|Thunderbolt|p2a: Blissey
|-damage|p2a: Blissey|82/100
|
|-heal|p2a: Blissey|88/100|[from] item: Leftovers
|upkeep
|turn|3
|
|t:|1728060181
|switch|p1a: Donald Kimball|Skarmory, F|100/100
|move|p2a: Blissey|Ice Beam|p1a: Donald Kimball
|-damage|p1a: Donald Kimball|85/100
|
|-heal|p1a: Donald Kimball|91/100|[from] item: Leftovers
|-heal|p2a: Blissey|94/100|[from] item: Leftovers
|upkeep
|turn|4
|
|t:|1728060194
|move|p2a: Blissey|Calm Mind|p2a: Blissey
|-boost|p2a: Blissey|spa|1
|-boost|p2a: Blissey|spd|1
|move|p1a: Donald Kimball|Roar|p2a: Blissey
|drag|p2a: Aerodactyl|Aerodactyl, F|100/100
|
|-heal|p1a: Donald Kimball|97/100|[from] item: Leftovers
|upkeep
|turn|5
|
|t:|1728060202
|switch|p2a: Forretress|Forretress, F|60/100
|move|p1a: Donald Kimball|Spikes|p2a: Forretress
|-sidestart|p2: HoChi_Pro|Spikes
|
|-heal|p1a: Donald Kimball|100/100|[from] item: Leftovers
|-heal|p2a: Forretress|66/100|[from] item: Leftovers
|upkeep
|turn|6
|
|t:|1728060212
|move|p1a: Donald Kimball|Drill Peck|p2a: Forretress
|-damage|p2a: Forretress|49/100
|move|p2a: Forretress|Spikes|p1a: Donald Kimball
|-sidestart|p1: Mwah_Bang|Spikes
|
|-heal|p2a: Forretress|55/100|[from] item: Leftovers
|upkeep
|turn|7
|
|t:|1728060217
|move|p1a: Donald Kimball|Spikes|p2a: Forretress
|-sidestart|p2: HoChi_Pro|Spikes
|move|p2a: Forretress|Spikes|p1a: Donald Kimball
|-sidestart|p1: Mwah_Bang|Spikes
|
|-heal|p2a: Forretress|62/100|[from] item: Leftovers
|upkeep
|turn|8
|
|t:|1728060229
|move|p1a: Donald Kimball|Spikes|p2a: Forretress
|-sidestart|p2: HoChi_Pro|Spikes
|move|p2a: Forretress|Rapid Spin|p1a: Donald Kimball
|-resisted|p1a: Donald Kimball
|-crit|p1a: Donald Kimball
|-damage|p1a: Donald Kimball|97/100
|-sideend|p2: HoChi_Pro|Spikes|[from] move: Rapid Spin|[of] p2a: Forretress
|
|-heal|p1a: Donald Kimball|100/100|[from] item: Leftovers
|-heal|p2a: Forretress|68/100|[from] item: Leftovers
|upkeep
|turn|9
|
|t:|1728060238
|switch|p2a: Venusaur|Venusaur, M|100/100
|move|p1a: Donald Kimball|Spikes|p2a: Venusaur
|-sidestart|p2: HoChi_Pro|Spikes
|
|upkeep
|turn|10
|
|t:|1728060265
|move|p2a: Venusaur|Sleep Powder|p1a: Donald Kimball
|-status|p1a: Donald Kimball|slp|[from] move: Sleep Powder
|cant|p1a: Donald Kimball|slp
|
|upkeep
|turn|11
|
|t:|1728060269
|switch|p1a: Christie|Blissey, F|100/100
|-damage|p1a: Christie|76/100|[from] Spikes
|move|p2a: Venusaur|Leech Seed|p1a: Christie
|-start|p1a: Christie|move: Leech Seed
|
|-heal|p1a: Christie|82/100|[from] item: Leftovers
|-damage|p1a: Christie|69/100|[from] Leech Seed|[of] p2a: Venusaur
|upkeep
|turn|12
|
|t:|1728060283
|switch|p2a: Forretress|Forretress, F|68/100
|-damage|p2a: Forretress|55/100|[from] Spikes
|move|p1a: Christie|Aromatherapy|p1a: Christie
|-cureteam|p1a: Christie|[from] move: Aromatherapy
|
|-heal|p1a: Christie|76/100|[from] item: Leftovers
|-damage|p1a: Christie|63/100|[from] Leech Seed|[of] p2a: Forretress
|-heal|p2a: Forretress|78/100|[silent]
|-heal|p2a: Forretress|85/100|[from] item: Leftovers
|upkeep
|turn|13
|
|t:|1728060296
|switch|p1a: Donald Kimball|Skarmory, F|100/100
|move|p2a: Forretress|Rapid Spin|p1a: Donald Kimball
|-resisted|p1a: Donald Kimball
|-crit|p1a: Donald Kimball
|-damage|p1a: Donald Kimball|97/100
|-sideend|p2: HoChi_Pro|Spikes|[from] move: Rapid Spin|[of] p2a: Forretress
|
|-heal|p1a: Donald Kimball|100/100|[from] item: Leftovers
|-heal|p2a: Forretress|91/100|[from] item: Leftovers
|upkeep
|turn|14
|
|t:|1728060306
|switch|p2a: Blissey|Blissey, F|94/100
|move|p1a: Donald Kimball|Drill Peck|p2a: Blissey
|-damage|p2a: Blissey|74/100
|
|-heal|p2a: Blissey|80/100|[from] item: Leftovers
|upkeep
|turn|15
|
|t:|1728060311
|move|p1a: Donald Kimball|Toxic|p2a: Blissey
|-status|p2a: Blissey|tox
|move|p2a: Blissey|Thunderbolt|p1a: Donald Kimball
|-supereffective|p1a: Donald Kimball
|-damage|p1a: Donald Kimball|68/100
|
|-heal|p1a: Donald Kimball|74/100|[from] item: Leftovers
|-heal|p2a: Blissey|86/100 tox|[from] item: Leftovers
|-damage|p2a: Blissey|80/100 tox|[from] psn
|upkeep
|turn|16
|
|t:|1728060320
|move|p1a: Donald Kimball|Spikes|p2a: Blissey
|-sidestart|p2: HoChi_Pro|Spikes
|move|p2a: Blissey|Thunderbolt|p1a: Donald Kimball
|-supereffective|p1a: Donald Kimball
|-damage|p1a: Donald Kimball|40/100
|
|-heal|p1a: Donald Kimball|46/100|[from] item: Leftovers
|-heal|p2a: Blissey|86/100 tox|[from] item: Leftovers
|-damage|p2a: Blissey|74/100 tox|[from] psn
|upkeep
|turn|17
|
|t:|1728060326
|switch|p1a: David Van Patten|Claydol|100/100
|-curestatus|p2a: Blissey|tox|[from] ability: Natural Cure
|switch|p2a: Venusaur|Venusaur, M|100/100
|-damage|p2a: Venusaur|88/100|[from] Spikes
|
|-heal|p2a: Venusaur|94/100|[from] item: Leftovers
|upkeep
|turn|18
|inactive|Mwah_Bang has 270 seconds left.
|
|t:|1728060381
|switch|p2a: Forretress|Forretress, F|91/100
|-damage|p2a: Forretress|78/100|[from] Spikes
|move|p1a: David Van Patten|Rapid Spin|p2a: Forretress
|-resisted|p2a: Forretress
|-damage|p2a: Forretress|77/100
|-sideend|p1: Mwah_Bang|Spikes|[from] move: Rapid Spin|[of] p1a: David Van Patten
|
|-heal|p2a: Forretress|83/100|[from] item: Leftovers
|upkeep
|turn|19
|
|t:|1728060394
|switch|p1a: Paul Allen|Zapdos|100/100
|move|p2a: Forretress|Rapid Spin|p1a: Paul Allen
|-damage|p1a: Paul Allen|95/100
|-sideend|p2: HoChi_Pro|Spikes|[from] move: Rapid Spin|[of] p2a: Forretress
|
|-heal|p1a: Paul Allen|100/100|[from] item: Leftovers
|-heal|p2a: Forretress|89/100|[from] item: Leftovers
|upkeep
|turn|20
|
|t:|1728060416
|switch|p2a: Swampert|Swampert, F|100/100
|move|p1a: Paul Allen|Thunder Wave|p2a: Swampert
|-immune|p2a: Swampert
|
|upkeep
|turn|21
|
|t:|1728060426
|switch|p1a: Patrick Bateman|Suicune|100/100
|move|p2a: Swampert|Protect||[still]
|-fail|p2a: Swampert
|
|upkeep
|turn|22
|
|t:|1728060444
|switch|p2a: Tyranitar|Tyranitar, F|100/100
|-weather|Sandstorm|[from] ability: Sand Stream|[of] p2a: Tyranitar
|move|p1a: Patrick Bateman|Surf|p2a: Tyranitar
|-supereffective|p2a: Tyranitar
|-damage|p2a: Tyranitar|46/100
|
|-weather|Sandstorm|[upkeep]
|-damage|p1a: Patrick Bateman|94/100|[from] Sandstorm
|-heal|p1a: Patrick Bateman|100/100|[from] item: Leftovers
|-heal|p2a: Tyranitar|52/100|[from] item: Leftovers
|upkeep
|turn|23
|inactive|Mwah_Bang has 240 seconds left.
|
|t:|1728060475
|switch|p2a: Venusaur|Venusaur, M|94/100
|move|p1a: Patrick Bateman|Surf|p2a: Venusaur
|-resisted|p2a: Venusaur
|-damage|p2a: Venusaur|77/100
|
|-weather|Sandstorm|[upkeep]
|-damage|p2a: Venusaur|71/100|[from] Sandstorm
|-damage|p1a: Patrick Bateman|94/100|[from] Sandstorm
|-heal|p2a: Venusaur|77/100|[from] item: Leftovers
|-heal|p1a: Patrick Bateman|100/100|[from] item: Leftovers
|upkeep
|turn|24
|inactive|Mwah_Bang has 240 seconds left.
|
|t:|1728060485
|switch|p1a: Christie|Blissey, F|63/100
|move|p2a: Venusaur|Leech Seed|p1a: Christie
|-start|p1a: Christie|move: Leech Seed
|
|-weather|Sandstorm|[upkeep]
|-damage|p2a: Venusaur|71/100|[from] Sandstorm
|-damage|p1a: Christie|57/100|[from] Sandstorm
|-heal|p2a: Venusaur|77/100|[from] item: Leftovers
|-heal|p1a: Christie|63/100|[from] item: Leftovers
|-damage|p1a: Christie|51/100|[from] Leech Seed|[of] p2a: Venusaur
|-heal|p2a: Venusaur|100/100|[silent]
|upkeep
|turn|25
|
|t:|1728060488
|move|p2a: Venusaur|Sleep Powder|p1a: Christie|[miss]
|-miss|p2a: Venusaur|p1a: Christie
|move|p1a: Christie|Soft-Boiled|p1a: Christie
|-heal|p1a: Christie|100/100
|
|-weather|Sandstorm|[upkeep]
|-damage|p2a: Venusaur|95/100|[from] Sandstorm
|-damage|p1a: Christie|94/100|[from] Sandstorm
|-heal|p2a: Venusaur|100/100|[from] item: Leftovers
|-heal|p1a: Christie|100/100|[from] item: Leftovers
|-damage|p1a: Christie|88/100|[from] Leech Seed|[of] p2a: Venusaur
|upkeep
|turn|26
|
|t:|1728060495
|move|p2a: Venusaur|Sleep Powder|p1a: Christie
|-status|p1a: Christie|slp|[from] move: Sleep Powder
|cant|p1a: Christie|slp
|
|-weather|Sandstorm|[upkeep]
|-damage|p2a: Venusaur|95/100|[from] Sandstorm
|-damage|p1a: Christie|82/100 slp|[from] Sandstorm
|-heal|p2a: Venusaur|100/100|[from] item: Leftovers
|-heal|p1a: Christie|88/100 slp|[from] item: Leftovers
|-damage|p1a: Christie|76/100 slp|[from] Leech Seed|[of] p2a: Venusaur
|upkeep
|turn|27
|
|t:|1728060504
|-curestatus|p1a: Christie|slp|[from] ability: Natural Cure
|switch|p1a: Donald Kimball|Skarmory, F|46/100
|move|p2a: Venusaur|Sleep Powder|p1a: Donald Kimball
|-status|p1a: Donald Kimball|slp|[from] move: Sleep Powder
|
|-weather|Sandstorm|[upkeep]
|-damage|p2a: Venusaur|95/100|[from] Sandstorm
|-heal|p2a: Venusaur|100/100|[from] item: Leftovers
|-heal|p1a: Donald Kimball|52/100 slp|[from] item: Leftovers
|upkeep
|turn|28
|
|t:|1728060511
|switch|p1a: Christie|Blissey, F|76/100
|move|p2a: Venusaur|Leech Seed|p1a: Christie|[miss]
|-miss|p2a: Venusaur|p1a: Christie
|
|-weather|Sandstorm|[upkeep]
|-damage|p2a: Venusaur|95/100|[from] Sandstorm
|-damage|p1a: Christie|70/100|[from] Sandstorm
|-heal|p2a: Venusaur|100/100|[from] item: Leftovers
|-heal|p1a: Christie|76/100|[from] item: Leftovers
|upkeep
|turn|29
|
|t:|1728060524
|switch|p2a: Forretress|Forretress, F|89/100
|move|p1a: Christie|Seismic Toss|p2a: Forretress
|-damage|p2a: Forretress|61/100
|
|-weather|Sandstorm|[upkeep]
|-damage|p1a: Christie|70/100|[from] Sandstorm
|-heal|p1a: Christie|76/100|[from] item: Leftovers
|-heal|p2a: Forretress|67/100|[from] item: Leftovers
|upkeep
|turn|30
|
|t:|1728060537
|move|p1a: Christie|Aromatherapy|p1a: Christie
|-cureteam|p1a: Christie|[from] move: Aromatherapy
|move|p2a: Forretress|Earthquake|p1a: Christie
|-damage|p1a: Christie|54/100
|
|-weather|Sandstorm|[upkeep]
|-damage|p1a: Christie|48/100|[from] Sandstorm
|-heal|p1a: Christie|54/100|[from] item: Leftovers
|-heal|p2a: Forretress|73/100|[from] item: Leftovers
|upkeep
|turn|31
|
|t:|1728060543
|switch|p1a: Donald Kimball|Skarmory, F|52/100
|move|p2a: Forretress|Spikes|p1a: Donald Kimball
|-sidestart|p1: Mwah_Bang|Spikes
|
|-weather|Sandstorm|[upkeep]
|-heal|p1a: Donald Kimball|58/100|[from] item: Leftovers
|-heal|p2a: Forretress|80/100|[from] item: Leftovers
|upkeep
|turn|32
|
|t:|1728060555
|move|p1a: Donald Kimball|Spikes|p2a: Forretress
|-sidestart|p2: HoChi_Pro|Spikes
|move|p2a: Forretress|Spikes|p1a: Donald Kimball
|-sidestart|p1: Mwah_Bang|Spikes
|
|-weather|Sandstorm|[upkeep]
|-heal|p1a: Donald Kimball|64/100|[from] item: Leftovers
|-heal|p2a: Forretress|86/100|[from] item: Leftovers
|upkeep
|turn|33
|
|t:|1728060561
|move|p1a: Donald Kimball|Spikes|p2a: Forretress
|-sidestart|p2: HoChi_Pro|Spikes
|move|p2a: Forretress|Spikes|p1a: Donald Kimball
|-sidestart|p1: Mwah_Bang|Spikes
|
|-weather|Sandstorm|[upkeep]
|-heal|p1a: Donald Kimball|70/100|[from] item: Leftovers
|-heal|p2a: Forretress|92/100|[from] item: Leftovers
|upkeep
|turn|34
|
|t:|1728060567
|move|p1a: Donald Kimball|Spikes|p2a: Forretress
|-sidestart|p2: HoChi_Pro|Spikes
|move|p2a: Forretress|Rapid Spin|p1a: Donald Kimball
|-resisted|p1a: Donald Kimball
|-damage|p1a: Donald Kimball|69/100
|-sideend|p2: HoChi_Pro|Spikes|[from] move: Rapid Spin|[of] p2a: Forretress
|
|-weather|Sandstorm|[upkeep]
|-heal|p1a: Donald Kimball|75/100|[from] item: Leftovers
|-heal|p2a: Forretress|98/100|[from] item: Leftovers
|upkeep
|turn|35
|
|t:|1728060575
|switch|p2a: Tyranitar|Tyranitar, F|52/100
|move|p1a: Donald Kimball|Drill Peck|p2a: Tyranitar
|-resisted|p2a: Tyranitar
|-crit|p2a: Tyranitar
|-damage|p2a: Tyranitar|34/100
|
|-weather|Sandstorm|[upkeep]
|-heal|p2a: Tyranitar|40/100|[from] item: Leftovers
|-heal|p1a: Donald Kimball|81/100|[from] item: Leftovers
|upkeep
|turn|36
|
|t:|1728060585
|move|p2a: Tyranitar|Fire Blast|p1a: Donald Kimball
|-supereffective|p1a: Donald Kimball
|-damage|p1a: Donald Kimball|10/100
|move|p1a: Donald Kimball|Spikes|p2a: Tyranitar
|-sidestart|p2: HoChi_Pro|Spikes
|
|-weather|Sandstorm|[upkeep]
|-heal|p2a: Tyranitar|47/100|[from] item: Leftovers
|-heal|p1a: Donald Kimball|16/100|[from] item: Leftovers
|upkeep
|turn|37
|
|t:|1728060592
|switch|p1a: Patrick Bateman|Suicune|100/100
|-damage|p1a: Patrick Bateman|76/100|[from] Spikes
|move|p2a: Tyranitar|Roar|p1a: Patrick Bateman
|drag|p1a: Marcus Halberstram|Dugtrio, M|100/100
|-damage|p1a: Marcus Halberstram|76/100|[from] Spikes
|
|-weather|Sandstorm|[upkeep]
|-heal|p2a: Tyranitar|53/100|[from] item: Leftovers
|upkeep
|turn|38
|
|t:|1728060600
|move|p1a: Marcus Halberstram|Earthquake|p2a: Tyranitar
|-supereffective|p2a: Tyranitar
|-damage|p2a: Tyranitar|0 fnt
|faint|p2a: Tyranitar
|
|t:|1728060613
|switch|p2a: Aerodactyl|Aerodactyl, F|100/100
|
|-weather|Sandstorm|[upkeep]
|upkeep
|turn|39
|
|t:|1728060620
|switch|p1a: David Van Patten|Claydol|100/100
|move|p2a: Aerodactyl|Double-Edge|p1a: David Van Patten
|-damage|p1a: David Van Patten|44/100
|
|-weather|Sandstorm|[upkeep]
|-heal|p1a: David Van Patten|50/100|[from] item: Leftovers
|upkeep
|turn|40
|inactive|Mwah_Bang has 270 seconds left.
|
|t:|1728060659
|switch|p1a: Donald Kimball|Skarmory, F|16/100
|move|p2a: Aerodactyl|Double-Edge|p1a: Donald Kimball
|-resisted|p1a: Donald Kimball
|-damage|p1a: Donald Kimball|0 fnt
|faint|p1a: Donald Kimball
|
|t:|1728060662
|switch|p1a: Patrick Bateman|Suicune|76/100
|-damage|p1a: Patrick Bateman|51/100|[from] Spikes
|
|-weather|Sandstorm|[upkeep]
|-damage|p1a: Patrick Bateman|44/100|[from] Sandstorm
|-heal|p1a: Patrick Bateman|51/100|[from] item: Leftovers
|upkeep
|turn|41
|
|t:|1728060672
|move|p2a: Aerodactyl|Double-Edge|p1a: Patrick Bateman
|-damage|p1a: Patrick Bateman|21/100
|move|p1a: Patrick Bateman|Surf|p2a: Aerodactyl
|-supereffective|p2a: Aerodactyl
|-damage|p2a: Aerodactyl|10/100
|
|-weather|Sandstorm|[upkeep]
|-damage|p1a: Patrick Bateman|15/100|[from] Sandstorm
|-heal|p1a: Patrick Bateman|21/100|[from] item: Leftovers
|upkeep
|turn|42
|inactive|Mwah_Bang has 270 seconds left.
|
|t:|1728060690
|move|p2a: Aerodactyl|Double-Edge|p1a: Patrick Bateman
|-damage|p1a: Patrick Bateman|0 fnt
|faint|p1a: Patrick Bateman
|
|t:|1728060693
|switch|p1a: Paul Allen|Zapdos|100/100
|
|-weather|Sandstorm|[upkeep]
|-damage|p1a: Paul Allen|94/100|[from] Sandstorm
|-heal|p1a: Paul Allen|100/100|[from] item: Leftovers
|upkeep
|turn|43
|
|t:|1728060707
|switch|p2a: Blissey|Blissey, F|74/100
|-damage|p2a: Blissey|61/100|[from] Spikes
|move|p1a: Paul Allen|Hidden Power|p2a: Blissey
|-damage|p2a: Blissey|53/100
|
|-weather|Sandstorm|[upkeep]
|-damage|p1a: Paul Allen|94/100|[from] Sandstorm
|-damage|p2a: Blissey|47/100|[from] Sandstorm
|-heal|p1a: Paul Allen|100/100|[from] item: Leftovers
|-heal|p2a: Blissey|53/100|[from] item: Leftovers
|upkeep
|turn|44
|
|t:|1728060717
|switch|p1a: David Van Patten|Claydol|50/100
|move|p2a: Blissey|Soft-Boiled|p2a: Blissey
|-heal|p2a: Blissey|100/100
|
|-weather|Sandstorm|[upkeep]
|-damage|p2a: Blissey|94/100|[from] Sandstorm
|-heal|p1a: David Van Patten|56/100|[from] item: Leftovers
|-heal|p2a: Blissey|100/100|[from] item: Leftovers
|upkeep
|turn|45
|
|t:|1728060722
|move|p1a: David Van Patten|Rapid Spin|p2a: Blissey
|-damage|p2a: Blissey|96/100
|-sideend|p1: Mwah_Bang|Spikes|[from] move: Rapid Spin|[of] p1a: David Van Patten
|move|p2a: Blissey|Ice Beam|p1a: David Van Patten
|-supereffective|p1a: David Van Patten
|-damage|p1a: David Van Patten|27/100
|
|-weather|Sandstorm|[upkeep]
|-damage|p2a: Blissey|89/100|[from] Sandstorm
|-heal|p1a: David Van Patten|33/100|[from] item: Leftovers
|-heal|p2a: Blissey|96/100|[from] item: Leftovers
|upkeep
|turn|46
|
|t:|1728060735
|switch|p1a: Christie|Blissey, F|54/100
|switch|p2a: Forretress|Forretress, F|98/100
|-damage|p2a: Forretress|86/100|[from] Spikes
|
|-weather|Sandstorm|[upkeep]
|-damage|p1a: Christie|48/100|[from] Sandstorm
|-heal|p1a: Christie|54/100|[from] item: Leftovers
|-heal|p2a: Forretress|92/100|[from] item: Leftovers
|upkeep
|turn|47
|
|t:|1728060742
|move|p1a: Christie|Soft-Boiled|p1a: Christie
|-heal|p1a: Christie|100/100
|move|p2a: Forretress|Rapid Spin|p1a: Christie
|-damage|p1a: Christie|96/100
|-sideend|p2: HoChi_Pro|Spikes|[from] move: Rapid Spin|[of] p2a: Forretress
|
|-weather|Sandstorm|[upkeep]
|-damage|p1a: Christie|90/100|[from] Sandstorm
|-heal|p1a: Christie|96/100|[from] item: Leftovers
|-heal|p2a: Forretress|98/100|[from] item: Leftovers
|upkeep
|turn|48
|
|t:|1728060766
|switch|p1a: David Van Patten|Claydol|33/100
|move|p2a: Forretress|Spikes|p1a: David Van Patten
|-sidestart|p1: Mwah_Bang|Spikes
|
|-weather|Sandstorm|[upkeep]
|-heal|p1a: David Van Patten|39/100|[from] item: Leftovers
|-heal|p2a: Forretress|100/100|[from] item: Leftovers
|upkeep
|turn|49
|
|t:|1728060770
|move|p1a: David Van Patten|Rapid Spin|p2a: Forretress
|-resisted|p2a: Forretress
|-damage|p2a: Forretress|99/100
|-sideend|p1: Mwah_Bang|Spikes|[from] move: Rapid Spin|[of] p1a: David Van Patten
|move|p2a: Forretress|Hidden Power|p1a: David Van Patten
|-supereffective|p1a: David Van Patten
|-damage|p1a: David Van Patten|0 fnt
|faint|p1a: David Van Patten
|
|t:|1728060774
|switch|p1a: Paul Allen|Zapdos|100/100
|
|-weather|Sandstorm|[upkeep]
|-damage|p1a: Paul Allen|94/100|[from] Sandstorm
|-heal|p1a: Paul Allen|100/100|[from] item: Leftovers
|-heal|p2a: Forretress|100/100|[from] item: Leftovers
|upkeep
|turn|50
|
|t:|1728060782
|switch|p1a: Marcus Halberstram|Dugtrio, M|76/100
|move|p2a: Forretress|Spikes|p1a: Marcus Halberstram
|-sidestart|p1: Mwah_Bang|Spikes
|
|-weather|Sandstorm|[upkeep]
|upkeep
|turn|51
|
|t:|1728060787
|move|p1a: Marcus Halberstram|Earthquake|p2a: Forretress
|-damage|p2a: Forretress|63/100
|move|p2a: Forretress|Earthquake|p1a: Marcus Halberstram
|-damage|p1a: Marcus Halberstram|19/100
|
|-weather|Sandstorm|[upkeep]
|-heal|p2a: Forretress|69/100|[from] item: Leftovers
|upkeep
|turn|52
|
|t:|1728060791
|move|p1a: Marcus Halberstram|Earthquake|p2a: Forretress
|-damage|p2a: Forretress|28/100
|move|p2a: Forretress|Earthquake|p1a: Marcus Halberstram
|-damage|p1a: Marcus Halberstram|0 fnt
|faint|p1a: Marcus Halberstram
|
|t:|1728060793
|switch|p1a: Paul Allen|Zapdos|100/100
|
|-weather|Sandstorm|[upkeep]
|-damage|p1a: Paul Allen|94/100|[from] Sandstorm
|-heal|p1a: Paul Allen|100/100|[from] item: Leftovers
|-heal|p2a: Forretress|35/100|[from] item: Leftovers
|upkeep
|turn|53
|
|t:|1728060798
|move|p1a: Paul Allen|Thunderbolt|p2a: Forretress
|-damage|p2a: Forretress|0 fnt
|faint|p2a: Forretress
|
|t:|1728060803
|switch|p2a: Venusaur|Venusaur, M|100/100
|
|-weather|Sandstorm|[upkeep]
|-damage|p1a: Paul Allen|94/100|[from] Sandstorm
|-damage|p2a: Venusaur|95/100|[from] Sandstorm
|-heal|p1a: Paul Allen|100/100|[from] item: Leftovers
|-heal|p2a: Venusaur|100/100|[from] item: Leftovers
|upkeep
|turn|54
|
|t:|1728060807
|move|p1a: Paul Allen|Thunder Wave|p2a: Venusaur
|-status|p2a: Venusaur|par
|move|p2a: Venusaur|Sleep Powder|p1a: Paul Allen|[miss]
|-miss|p2a: Venusaur|p1a: Paul Allen
|
|-weather|Sandstorm|[upkeep]
|-damage|p1a: Paul Allen|94/100|[from] Sandstorm
|-damage|p2a: Venusaur|95/100 par|[from] Sandstorm
|-heal|p1a: Paul Allen|100/100|[from] item: Leftovers
|-heal|p2a: Venusaur|100/100 par|[from] item: Leftovers
|upkeep
|turn|55
|
|t:|1728060812
|move|p1a: Paul Allen|Hidden Power|p2a: Venusaur
|-supereffective|p2a: Venusaur
|-damage|p2a: Venusaur|44/100 par
|cant|p2a: Venusaur|par
|
|-weather|Sandstorm|[upkeep]
|-damage|p1a: Paul Allen|94/100|[from] Sandstorm
|-damage|p2a: Venusaur|38/100 par|[from] Sandstorm
|-heal|p1a: Paul Allen|100/100|[from] item: Leftovers
|-heal|p2a: Venusaur|44/100 par|[from] item: Leftovers
|upkeep
|turn|56
|
|t:|1728060823
|switch|p2a: Swampert|Swampert, F|100/100
|move|p1a: Paul Allen|Hidden Power|p2a: Swampert
|-damage|p2a: Swampert|79/100
|
|-weather|Sandstorm|[upkeep]
|-damage|p1a: Paul Allen|94/100|[from] Sandstorm
|-heal|p1a: Paul Allen|100/100|[from] item: Leftovers
|-heal|p2a: Swampert|86/100|[from] item: Leftovers
|upkeep
|turn|57
|
|t:|1728060828
|switch|p1a: Christie|Blissey, F|96/100
|-damage|p1a: Christie|83/100|[from] Spikes
|move|p2a: Swampert|Ice Beam|p1a: Christie
|-damage|p1a: Christie|75/100
|
|-weather|Sandstorm|[upkeep]
|-damage|p1a: Christie|68/100|[from] Sandstorm
|-heal|p1a: Christie|75/100|[from] item: Leftovers
|-heal|p2a: Swampert|92/100|[from] item: Leftovers
|upkeep
|turn|58
|
|t:|1728060835
|move|p1a: Christie|Seismic Toss|p2a: Swampert
|-damage|p2a: Swampert|67/100
|move|p2a: Swampert|Earthquake|p1a: Christie
|-damage|p1a: Christie|39/100
|
|-weather|Sandstorm|[upkeep]
|-damage|p1a: Christie|33/100|[from] Sandstorm
|-heal|p1a: Christie|39/100|[from] item: Leftovers
|-heal|p2a: Swampert|73/100|[from] item: Leftovers
|upkeep
|turn|59
|
|t:|1728060840
|move|p1a: Christie|Soft-Boiled|p1a: Christie
|-heal|p1a: Christie|89/100
|move|p2a: Swampert|Earthquake|p1a: Christie
|-damage|p1a: Christie|51/100
|
|-weather|Sandstorm|[upkeep]
|-damage|p1a: Christie|44/100|[from] Sandstorm
|-heal|p1a: Christie|51/100|[from] item: Leftovers
|-heal|p2a: Swampert|79/100|[from] item: Leftovers
|upkeep
|turn|60
|
|t:|1728060847
|switch|p2a: Blissey|Blissey, F|96/100
|move|p1a: Christie|Soft-Boiled|p1a: Christie
|-heal|p1a: Christie|100/100
|
|-weather|Sandstorm|[upkeep]
|-damage|p1a: Christie|94/100|[from] Sandstorm
|-damage|p2a: Blissey|89/100|[from] Sandstorm
|-heal|p1a: Christie|100/100|[from] item: Leftovers
|-heal|p2a: Blissey|96/100|[from] item: Leftovers
|upkeep
|turn|61
|
|t:|1728060851
|move|p1a: Christie|Seismic Toss|p2a: Blissey
|-damage|p2a: Blissey|82/100
|move|p2a: Blissey|Calm Mind|p2a: Blissey
|-boost|p2a: Blissey|spa|1
|-boost|p2a: Blissey|spd|1
|
|-weather|Sandstorm|[upkeep]
|-damage|p1a: Christie|94/100|[from] Sandstorm
|-damage|p2a: Blissey|75/100|[from] Sandstorm
|-heal|p1a: Christie|100/100|[from] item: Leftovers
|-heal|p2a: Blissey|82/100|[from] item: Leftovers
|upkeep
|turn|62
|
|t:|1728060861
|switch|p1a: Paul Allen|Zapdos|100/100
|move|p2a: Blissey|Calm Mind|p2a: Blissey
|-boost|p2a: Blissey|spa|1
|-boost|p2a: Blissey|spd|1
|
|-weather|Sandstorm|[upkeep]
|-damage|p1a: Paul Allen|94/100|[from] Sandstorm
|-damage|p2a: Blissey|75/100|[from] Sandstorm
|-heal|p1a: Paul Allen|100/100|[from] item: Leftovers
|-heal|p2a: Blissey|82/100|[from] item: Leftovers
|upkeep
|turn|63
|
|t:|1728060866
|move|p1a: Paul Allen|Thunder Wave|p2a: Blissey
|-status|p2a: Blissey|par
|move|p2a: Blissey|Ice Beam|p1a: Paul Allen
|-supereffective|p1a: Paul Allen
|-damage|p1a: Paul Allen|22/100
|
|-weather|Sandstorm|[upkeep]
|-damage|p1a: Paul Allen|16/100|[from] Sandstorm
|-damage|p2a: Blissey|75/100 par|[from] Sandstorm
|-heal|p1a: Paul Allen|22/100|[from] item: Leftovers
|-heal|p2a: Blissey|82/100 par|[from] item: Leftovers
|upkeep
|turn|64
|
|t:|1728060872
|move|p1a: Paul Allen|Rest|p1a: Paul Allen
|-status|p1a: Paul Allen|slp|[from] move: Rest
|-heal|p1a: Paul Allen|100/100 slp|[silent]
|move|p2a: Blissey|Ice Beam|p1a: Paul Allen
|-supereffective|p1a: Paul Allen
|-damage|p1a: Paul Allen|21/100 slp
|
|-weather|Sandstorm|[upkeep]
|-damage|p1a: Paul Allen|14/100 slp|[from] Sandstorm
|-damage|p2a: Blissey|75/100 par|[from] Sandstorm
|-heal|p1a: Paul Allen|21/100 slp|[from] item: Leftovers
|-heal|p2a: Blissey|82/100 par|[from] item: Leftovers
|upkeep
|turn|65
|
|t:|1728060879
|switch|p1a: Christie|Blissey, F|100/100
|-damage|p1a: Christie|88/100|[from] Spikes
|-curestatus|p2a: Blissey|par|[from] ability: Natural Cure
|switch|p2a: Aerodactyl|Aerodactyl, F|10/100
|
|-weather|Sandstorm|[upkeep]
|-damage|p1a: Christie|82/100|[from] Sandstorm
|-heal|p1a: Christie|88/100|[from] item: Leftovers
|upkeep
|turn|66
|
|t:|1728060888
|switch|p2a: Swampert|Swampert, F|79/100
|move|p1a: Christie|Seismic Toss|p2a: Swampert
|-damage|p2a: Swampert|55/100
|
|-weather|Sandstorm|[upkeep]
|-damage|p1a: Christie|82/100|[from] Sandstorm
|-heal|p1a: Christie|88/100|[from] item: Leftovers
|-heal|p2a: Swampert|61/100|[from] item: Leftovers
|upkeep
|turn|67
|
|t:|1728060893
|move|p2a: Swampert|Protect|p2a: Swampert
|-singleturn|p2a: Swampert|Protect
|move|p1a: Christie|Aromatherapy|p1a: Christie
|-cureteam|p1a: Christie|[from] move: Aromatherapy
|
|-weather|Sandstorm|[upkeep]
|-damage|p1a: Christie|82/100|[from] Sandstorm
|-heal|p1a: Christie|88/100|[from] item: Leftovers
|-heal|p2a: Swampert|67/100|[from] item: Leftovers
|upkeep
|turn|68
|
|t:|1728060897
|move|p1a: Christie|Seismic Toss|p2a: Swampert
|-damage|p2a: Swampert|42/100
|move|p2a: Swampert|Ice Beam|p1a: Christie
|-damage|p1a: Christie|80/100
|
|-weather|Sandstorm|[upkeep]
|-damage|p1a: Christie|74/100|[from] Sandstorm
|-heal|p1a: Christie|80/100|[from] item: Leftovers
|-heal|p2a: Swampert|48/100|[from] item: Leftovers
|upkeep
|turn|69
|
|t:|1728060903
|move|p2a: Swampert|Protect|p2a: Swampert
|-singleturn|p2a: Swampert|Protect
|move|p1a: Christie|Seismic Toss|p2a: Swampert
|-activate|p2a: Swampert|Protect
|
|-weather|Sandstorm|[upkeep]
|-damage|p1a: Christie|74/100|[from] Sandstorm
|-heal|p1a: Christie|80/100|[from] item: Leftovers
|-heal|p2a: Swampert|55/100|[from] item: Leftovers
|upkeep
|turn|70
|
|t:|1728060907
|switch|p2a: Blissey|Blissey, F|82/100
|move|p1a: Christie|Ice Beam|p2a: Blissey
|-damage|p2a: Blissey|72/100
|
|-weather|Sandstorm|[upkeep]
|-damage|p1a: Christie|74/100|[from] Sandstorm
|-damage|p2a: Blissey|66/100|[from] Sandstorm
|-heal|p1a: Christie|80/100|[from] item: Leftovers
|-heal|p2a: Blissey|72/100|[from] item: Leftovers
|upkeep
|turn|71
|
|t:|1728060912
|move|p1a: Christie|Seismic Toss|p2a: Blissey
|-damage|p2a: Blissey|58/100
|move|p2a: Blissey|Calm Mind|p2a: Blissey
|-boost|p2a: Blissey|spa|1
|-boost|p2a: Blissey|spd|1
|
|-weather|Sandstorm|[upkeep]
|-damage|p1a: Christie|74/100|[from] Sandstorm
|-damage|p2a: Blissey|52/100|[from] Sandstorm
|-heal|p1a: Christie|80/100|[from] item: Leftovers
|-heal|p2a: Blissey|58/100|[from] item: Leftovers
|upkeep
|turn|72
|
|t:|1728060918
|move|p1a: Christie|Ice Beam|p2a: Blissey
|-damage|p2a: Blissey|52/100
|move|p2a: Blissey|Soft-Boiled|p2a: Blissey
|-heal|p2a: Blissey|100/100
|
|-weather|Sandstorm|[upkeep]
|-damage|p1a: Christie|74/100|[from] Sandstorm
|-damage|p2a: Blissey|94/100|[from] Sandstorm
|-heal|p1a: Christie|80/100|[from] item: Leftovers
|-heal|p2a: Blissey|100/100|[from] item: Leftovers
|upkeep
|turn|73
|
|t:|1728060926
|switch|p1a: Paul Allen|Zapdos|21/100
|move|p2a: Blissey|Calm Mind|p2a: Blissey
|-boost|p2a: Blissey|spa|1
|-boost|p2a: Blissey|spd|1
|
|-weather|Sandstorm|[upkeep]
|-damage|p1a: Paul Allen|14/100|[from] Sandstorm
|-damage|p2a: Blissey|94/100|[from] Sandstorm
|-heal|p1a: Paul Allen|21/100|[from] item: Leftovers
|-heal|p2a: Blissey|100/100|[from] item: Leftovers
|upkeep
|turn|74
|
|t:|1728060930
|move|p1a: Paul Allen|Rest|p1a: Paul Allen
|-status|p1a: Paul Allen|slp|[from] move: Rest
|-heal|p1a: Paul Allen|100/100 slp|[silent]
|move|p2a: Blissey|Ice Beam|p1a: Paul Allen
|-supereffective|p1a: Paul Allen
|-damage|p1a: Paul Allen|18/100 slp
|
|-weather|Sandstorm|[upkeep]
|-damage|p1a: Paul Allen|12/100 slp|[from] Sandstorm
|-damage|p2a: Blissey|94/100|[from] Sandstorm
|-heal|p1a: Paul Allen|18/100 slp|[from] item: Leftovers
|-heal|p2a: Blissey|100/100|[from] item: Leftovers
|upkeep
|turn|75
|
|t:|1728060935
|switch|p1a: Christie|Blissey, F|80/100
|-damage|p1a: Christie|68/100|[from] Spikes
|move|p2a: Blissey|Calm Mind|p2a: Blissey
|-boost|p2a: Blissey|spa|1
|-boost|p2a: Blissey|spd|1
|
|-weather|Sandstorm|[upkeep]
|-damage|p1a: Christie|62/100|[from] Sandstorm
|-damage|p2a: Blissey|94/100|[from] Sandstorm
|-heal|p1a: Christie|68/100|[from] item: Leftovers
|-heal|p2a: Blissey|100/100|[from] item: Leftovers
|upkeep
|turn|76
|
|t:|1728060940
|move|p1a: Christie|Seismic Toss|p2a: Blissey
|-damage|p2a: Blissey|86/100
|move|p2a: Blissey|Calm Mind|p2a: Blissey
|-boost|p2a: Blissey|spa|1
|-boost|p2a: Blissey|spd|1
|
|-weather|Sandstorm|[upkeep]
|-damage|p1a: Christie|62/100|[from] Sandstorm
|-damage|p2a: Blissey|80/100|[from] Sandstorm
|-heal|p1a: Christie|68/100|[from] item: Leftovers
|-heal|p2a: Blissey|86/100|[from] item: Leftovers
|upkeep
|turn|77
|
|t:|1728060944
|move|p1a: Christie|Seismic Toss|p2a: Blissey
|-damage|p2a: Blissey|72/100
|move|p2a: Blissey|Calm Mind|p2a: Blissey
|-boost|p2a: Blissey|spa|1
|-boost|p2a: Blissey|spd|1
|
|-weather|Sandstorm|[upkeep]
|-damage|p1a: Christie|62/100|[from] Sandstorm
|-damage|p2a: Blissey|66/100|[from] Sandstorm
|-heal|p1a: Christie|68/100|[from] item: Leftovers
|-heal|p2a: Blissey|72/100|[from] item: Leftovers
|upkeep
|turn|78
|
|t:|1728060947
|move|p1a: Christie|Seismic Toss|p2a: Blissey
|-damage|p2a: Blissey|58/100
|move|p2a: Blissey|Calm Mind|p2a: Blissey
|-boost|p2a: Blissey|spa|1
|-boost|p2a: Blissey|spd|1
|
|-weather|Sandstorm|[upkeep]
|-damage|p1a: Christie|62/100|[from] Sandstorm
|-damage|p2a: Blissey|52/100|[from] Sandstorm
|-heal|p1a: Christie|68/100|[from] item: Leftovers
|-heal|p2a: Blissey|58/100|[from] item: Leftovers
|upkeep
|turn|79
|
|t:|1728060952
|move|p1a: Christie|Ice Beam|p2a: Blissey
|-damage|p2a: Blissey|56/100
|move|p2a: Blissey|Soft-Boiled|p2a: Blissey
|-heal|p2a: Blissey|100/100
|
|-weather|Sandstorm|[upkeep]
|-damage|p1a: Christie|62/100|[from] Sandstorm
|-damage|p2a: Blissey|94/100|[from] Sandstorm
|-heal|p1a: Christie|68/100|[from] item: Leftovers
|-heal|p2a: Blissey|100/100|[from] item: Leftovers
|upkeep
|turn|80
|
|t:|1728060956
|move|p1a: Christie|Ice Beam|p2a: Blissey
|-damage|p2a: Blissey|98/100
|move|p2a: Blissey|Thunderbolt|p1a: Christie
|-damage|p1a: Christie|38/100
|
|-weather|Sandstorm|[upkeep]
|-damage|p1a: Christie|32/100|[from] Sandstorm
|-damage|p2a: Blissey|92/100|[from] Sandstorm
|-heal|p1a: Christie|38/100|[from] item: Leftovers
|-heal|p2a: Blissey|98/100|[from] item: Leftovers
|upkeep
|turn|81
|
|t:|1728060964
|move|p1a: Christie|Soft-Boiled|p1a: Christie
|-heal|p1a: Christie|88/100
|move|p2a: Blissey|Thunderbolt|p1a: Christie
|-damage|p1a: Christie|59/100
|
|-weather|Sandstorm|[upkeep]
|-damage|p1a: Christie|53/100|[from] Sandstorm
|-damage|p2a: Blissey|92/100|[from] Sandstorm
|-heal|p1a: Christie|59/100|[from] item: Leftovers
|-heal|p2a: Blissey|98/100|[from] item: Leftovers
|upkeep
|turn|82
|
|t:|1728060969
|move|p1a: Christie|Soft-Boiled|p1a: Christie
|-heal|p1a: Christie|100/100
|move|p2a: Blissey|Thunderbolt|p1a: Christie
|-damage|p1a: Christie|73/100
|
|-weather|Sandstorm|[upkeep]
|-damage|p1a: Christie|67/100|[from] Sandstorm
|-damage|p2a: Blissey|92/100|[from] Sandstorm
|-heal|p1a: Christie|73/100|[from] item: Leftovers
|-heal|p2a: Blissey|98/100|[from] item: Leftovers
|upkeep
|turn|83
|
|t:|1728060972
|move|p1a: Christie|Ice Beam|p2a: Blissey
|-crit|p2a: Blissey
|-damage|p2a: Blissey|80/100
|move|p2a: Blissey|Thunderbolt|p1a: Christie
|-damage|p1a: Christie|44/100
|
|-weather|Sandstorm|[upkeep]
|-damage|p1a: Christie|38/100|[from] Sandstorm
|-damage|p2a: Blissey|74/100|[from] Sandstorm
|-heal|p1a: Christie|44/100|[from] item: Leftovers
|-heal|p2a: Blissey|80/100|[from] item: Leftovers
|upkeep
|turn|84
|
|t:|1728060975
|move|p1a: Christie|Soft-Boiled|p1a: Christie
|-heal|p1a: Christie|94/100
|move|p2a: Blissey|Thunderbolt|p1a: Christie
|-damage|p1a: Christie|68/100
|
|-weather|Sandstorm|[upkeep]
|-damage|p1a: Christie|62/100|[from] Sandstorm
|-damage|p2a: Blissey|74/100|[from] Sandstorm
|-heal|p1a: Christie|68/100|[from] item: Leftovers
|-heal|p2a: Blissey|80/100|[from] item: Leftovers
|upkeep
|turn|85
|
|t:|1728060977
|move|p1a: Christie|Ice Beam|p2a: Blissey
|-damage|p2a: Blissey|78/100
|move|p2a: Blissey|Thunderbolt|p1a: Christie
|-damage|p1a: Christie|41/100
|
|-weather|Sandstorm|[upkeep]
|-damage|p1a: Christie|35/100|[from] Sandstorm
|-damage|p2a: Blissey|71/100|[from] Sandstorm
|-heal|p1a: Christie|41/100|[from] item: Leftovers
|-heal|p2a: Blissey|78/100|[from] item: Leftovers
|upkeep
|turn|86
|
|t:|1728060981
|move|p1a: Christie|Soft-Boiled|p1a: Christie
|-heal|p1a: Christie|91/100
|move|p2a: Blissey|Thunderbolt|p1a: Christie
|-damage|p1a: Christie|62/100
|
|-weather|Sandstorm|[upkeep]
|-damage|p1a: Christie|56/100|[from] Sandstorm
|-damage|p2a: Blissey|71/100|[from] Sandstorm
|-heal|p1a: Christie|62/100|[from] item: Leftovers
|-heal|p2a: Blissey|78/100|[from] item: Leftovers
|upkeep
|turn|87
|
|t:|1728060983
|move|p1a: Christie|Ice Beam|p2a: Blissey
|-damage|p2a: Blissey|75/100
|move|p2a: Blissey|Thunderbolt|p1a: Christie
|-damage|p1a: Christie|33/100
|
|-weather|Sandstorm|[upkeep]
|-damage|p1a: Christie|26/100|[from] Sandstorm
|-damage|p2a: Blissey|69/100|[from] Sandstorm
|-heal|p1a: Christie|33/100|[from] item: Leftovers
|-heal|p2a: Blissey|75/100|[from] item: Leftovers
|upkeep
|turn|88
|
|t:|1728060986
|move|p1a: Christie|Soft-Boiled|p1a: Christie
|-heal|p1a: Christie|83/100
|move|p2a: Blissey|Thunderbolt|p1a: Christie
|-damage|p1a: Christie|57/100
|
|-weather|Sandstorm|[upkeep]
|-damage|p1a: Christie|50/100|[from] Sandstorm
|-damage|p2a: Blissey|69/100|[from] Sandstorm
|-heal|p1a: Christie|57/100|[from] item: Leftovers
|-heal|p2a: Blissey|75/100|[from] item: Leftovers
|upkeep
|turn|89
|
|t:|1728060991
|move|p1a: Christie|Soft-Boiled|p1a: Christie
|-heal|p1a: Christie|100/100
|move|p2a: Blissey|Thunderbolt|p1a: Christie
|-damage|p1a: Christie|71/100
|
|-weather|Sandstorm|[upkeep]
|-damage|p1a: Christie|65/100|[from] Sandstorm
|-damage|p2a: Blissey|69/100|[from] Sandstorm
|-heal|p1a: Christie|71/100|[from] item: Leftovers
|-heal|p2a: Blissey|75/100|[from] item: Leftovers
|upkeep
|turn|90
|
|t:|1728060995
|move|p1a: Christie|Ice Beam|p2a: Blissey
|-damage|p2a: Blissey|73/100
|move|p2a: Blissey|Soft-Boiled|p2a: Blissey
|-heal|p2a: Blissey|100/100
|
|-weather|Sandstorm|[upkeep]
|-damage|p1a: Christie|65/100|[from] Sandstorm
|-damage|p2a: Blissey|94/100|[from] Sandstorm
|-heal|p1a: Christie|71/100|[from] item: Leftovers
|-heal|p2a: Blissey|100/100|[from] item: Leftovers
|upkeep
|turn|91
|
|t:|1728060998
|move|p1a: Christie|Ice Beam|p2a: Blissey
|-damage|p2a: Blissey|98/100
|move|p2a: Blissey|Calm Mind|p2a: Blissey
|-boost|p2a: Blissey|spa|0
|-boost|p2a: Blissey|spd|0
|
|-weather|Sandstorm|[upkeep]
|-damage|p1a: Christie|65/100|[from] Sandstorm
|-damage|p2a: Blissey|92/100|[from] Sandstorm
|-heal|p1a: Christie|71/100|[from] item: Leftovers
|-heal|p2a: Blissey|98/100|[from] item: Leftovers
|upkeep
|turn|92
|
|t:|1728061003
|move|p1a: Christie|Aromatherapy|p1a: Christie
|-cureteam|p1a: Christie|[from] move: Aromatherapy
|move|p2a: Blissey|Calm Mind|p2a: Blissey
|-boost|p2a: Blissey|spa|0
|-boost|p2a: Blissey|spd|0
|
|-weather|Sandstorm|[upkeep]
|-damage|p1a: Christie|65/100|[from] Sandstorm
|-damage|p2a: Blissey|92/100|[from] Sandstorm
|-heal|p1a: Christie|71/100|[from] item: Leftovers
|-heal|p2a: Blissey|98/100|[from] item: Leftovers
|upkeep
|turn|93
|
|t:|1728061008
|move|p1a: Christie|Ice Beam|p2a: Blissey
|-damage|p2a: Blissey|96/100
|move|p2a: Blissey|Calm Mind|p2a: Blissey
|-boost|p2a: Blissey|spa|0
|-boost|p2a: Blissey|spd|0
|
|-weather|Sandstorm|[upkeep]
|-damage|p1a: Christie|65/100|[from] Sandstorm
|-damage|p2a: Blissey|90/100|[from] Sandstorm
|-heal|p1a: Christie|71/100|[from] item: Leftovers
|-heal|p2a: Blissey|96/100|[from] item: Leftovers
|upkeep
|turn|94
|
|t:|1728061011
|move|p1a: Christie|Seismic Toss|p2a: Blissey
|-damage|p2a: Blissey|82/100
|move|p2a: Blissey|Calm Mind|p2a: Blissey
|-boost|p2a: Blissey|spa|0
|-boost|p2a: Blissey|spd|0
|
|-weather|Sandstorm|[upkeep]
|-damage|p1a: Christie|65/100|[from] Sandstorm
|-damage|p2a: Blissey|76/100|[from] Sandstorm
|-heal|p1a: Christie|71/100|[from] item: Leftovers
|-heal|p2a: Blissey|82/100|[from] item: Leftovers
|upkeep
|turn|95
|
|t:|1728061014
|move|p1a: Christie|Seismic Toss|p2a: Blissey
|-damage|p2a: Blissey|68/100
|move|p2a: Blissey|Calm Mind|p2a: Blissey
|-boost|p2a: Blissey|spa|0
|-boost|p2a: Blissey|spd|0
|
|-weather|Sandstorm|[upkeep]
|-damage|p1a: Christie|65/100|[from] Sandstorm
|-damage|p2a: Blissey|62/100|[from] Sandstorm
|-heal|p1a: Christie|71/100|[from] item: Leftovers
|-heal|p2a: Blissey|68/100|[from] item: Leftovers
|upkeep
|turn|96
|
|t:|1728061016
|move|p1a: Christie|Seismic Toss|p2a: Blissey
|-damage|p2a: Blissey|54/100
|move|p2a: Blissey|Calm Mind|p2a: Blissey
|-boost|p2a: Blissey|spa|0
|-boost|p2a: Blissey|spd|0
|
|-weather|Sandstorm|[upkeep]
|-damage|p1a: Christie|65/100|[from] Sandstorm
|-damage|p2a: Blissey|48/100|[from] Sandstorm
|-heal|p1a: Christie|71/100|[from] item: Leftovers
|-heal|p2a: Blissey|54/100|[from] item: Leftovers
|upkeep
|turn|97
|
|t:|1728061018
|move|p1a: Christie|Ice Beam|p2a: Blissey
|-damage|p2a: Blissey|51/100
|move|p2a: Blissey|Soft-Boiled|p2a: Blissey
|-heal|p2a: Blissey|100/100
|
|-weather|Sandstorm|[upkeep]
|-damage|p1a: Christie|65/100|[from] Sandstorm
|-damage|p2a: Blissey|94/100|[from] Sandstorm
|-heal|p1a: Christie|71/100|[from] item: Leftovers
|-heal|p2a: Blissey|100/100|[from] item: Leftovers
|upkeep
|turn|98
|
|t:|1728061020
|move|p1a: Christie|Seismic Toss|p2a: Blissey
|-damage|p2a: Blissey|86/100
|move|p2a: Blissey|Calm Mind|p2a: Blissey
|-boost|p2a: Blissey|spa|0
|-boost|p2a: Blissey|spd|0
|
|-weather|Sandstorm|[upkeep]
|-damage|p1a: Christie|65/100|[from] Sandstorm
|-damage|p2a: Blissey|80/100|[from] Sandstorm
|-heal|p1a: Christie|71/100|[from] item: Leftovers
|-heal|p2a: Blissey|86/100|[from] item: Leftovers
|upkeep
|turn|99
|
|t:|1728061023
|move|p1a: Christie|Seismic Toss|p2a: Blissey
|-damage|p2a: Blissey|72/100
|move|p2a: Blissey|Calm Mind|p2a: Blissey
|-boost|p2a: Blissey|spa|0
|-boost|p2a: Blissey|spd|0
|
|-weather|Sandstorm|[upkeep]
|-damage|p1a: Christie|65/100|[from] Sandstorm
|-damage|p2a: Blissey|66/100|[from] Sandstorm
|-heal|p1a: Christie|71/100|[from] item: Leftovers
|-heal|p2a: Blissey|72/100|[from] item: Leftovers
|upkeep
|turn|100
|
|t:|1728061026
|move|p1a: Christie|Seismic Toss|p2a: Blissey
|-damage|p2a: Blissey|58/100
|move|p2a: Blissey|Calm Mind|p2a: Blissey
|-boost|p2a: Blissey|spa|0
|-boost|p2a: Blissey|spd|0
|
|-weather|Sandstorm|[upkeep]
|-damage|p1a: Christie|65/100|[from] Sandstorm
|-damage|p2a: Blissey|52/100|[from] Sandstorm
|-heal|p1a: Christie|71/100|[from] item: Leftovers
|-heal|p2a: Blissey|58/100|[from] item: Leftovers
|upkeep
|turn|101
|
|t:|1728061027
|move|p1a: Christie|Ice Beam|p2a: Blissey
|-damage|p2a: Blissey|56/100
|move|p2a: Blissey|Soft-Boiled|p2a: Blissey
|-heal|p2a: Blissey|100/100
|
|-weather|Sandstorm|[upkeep]
|-damage|p1a: Christie|65/100|[from] Sandstorm
|-damage|p2a: Blissey|94/100|[from] Sandstorm
|-heal|p1a: Christie|71/100|[from] item: Leftovers
|-heal|p2a: Blissey|100/100|[from] item: Leftovers
|upkeep
|turn|102
|
|t:|1728061032
|move|p1a: Christie|Seismic Toss|p2a: Blissey
|-damage|p2a: Blissey|86/100
|move|p2a: Blissey|Calm Mind|p2a: Blissey
|-boost|p2a: Blissey|spa|0
|-boost|p2a: Blissey|spd|0
|
|-weather|Sandstorm|[upkeep]
|-damage|p1a: Christie|65/100|[from] Sandstorm
|-damage|p2a: Blissey|80/100|[from] Sandstorm
|-heal|p1a: Christie|71/100|[from] item: Leftovers
|-heal|p2a: Blissey|86/100|[from] item: Leftovers
|upkeep
|turn|103
|
|t:|1728061040
|move|p1a: Christie|Seismic Toss|p2a: Blissey
|-damage|p2a: Blissey|72/100
|move|p2a: Blissey|Thunderbolt|p1a: Christie
|-damage|p1a: Christie|42/100
|
|-weather|Sandstorm|[upkeep]
|-damage|p1a: Christie|36/100|[from] Sandstorm
|-damage|p2a: Blissey|66/100|[from] Sandstorm
|-heal|p1a: Christie|42/100|[from] item: Leftovers
|-heal|p2a: Blissey|72/100|[from] item: Leftovers
|upkeep
|turn|104
|
|t:|1728061045
|move|p1a: Christie|Soft-Boiled|p1a: Christie
|-heal|p1a: Christie|92/100
|move|p2a: Blissey|Thunderbolt|p1a: Christie
|-damage|p1a: Christie|63/100
|
|-weather|Sandstorm|[upkeep]
|-damage|p1a: Christie|57/100|[from] Sandstorm
|-damage|p2a: Blissey|66/100|[from] Sandstorm
|-heal|p1a: Christie|63/100|[from] item: Leftovers
|-heal|p2a: Blissey|72/100|[from] item: Leftovers
|upkeep
|turn|105
|
|t:|1728061053
|move|p1a: Christie|Ice Beam|p2a: Blissey
|-damage|p2a: Blissey|70/100
|move|p2a: Blissey|Thunderbolt|p1a: Christie
|-damage|p1a: Christie|35/100
|
|-weather|Sandstorm|[upkeep]
|-damage|p1a: Christie|29/100|[from] Sandstorm
|-damage|p2a: Blissey|64/100|[from] Sandstorm
|-heal|p1a: Christie|35/100|[from] item: Leftovers
|-heal|p2a: Blissey|70/100|[from] item: Leftovers
|upkeep
|turn|106
|
|t:|1728061059
|move|p1a: Christie|Soft-Boiled|p1a: Christie
|-heal|p1a: Christie|85/100
|move|p2a: Blissey|Thunderbolt|p1a: Christie
|-damage|p1a: Christie|59/100
|
|-weather|Sandstorm|[upkeep]
|-damage|p1a: Christie|52/100|[from] Sandstorm
|-damage|p2a: Blissey|64/100|[from] Sandstorm
|-heal|p1a: Christie|59/100|[from] item: Leftovers
|-heal|p2a: Blissey|70/100|[from] item: Leftovers
|upkeep
|turn|107
|
|t:|1728061065
|move|p1a: Christie|Soft-Boiled|p1a: Christie
|-heal|p1a: Christie|100/100
|move|p2a: Blissey|Calm Mind|p2a: Blissey
|-boost|p2a: Blissey|spa|0
|-boost|p2a: Blissey|spd|0
|
|-weather|Sandstorm|[upkeep]
|-damage|p1a: Christie|94/100|[from] Sandstorm
|-damage|p2a: Blissey|64/100|[from] Sandstorm
|-heal|p1a: Christie|100/100|[from] item: Leftovers
|-heal|p2a: Blissey|70/100|[from] item: Leftovers
|upkeep
|turn|108
|
|t:|1728061070
|move|p1a: Christie|Seismic Toss|p2a: Blissey
|-damage|p2a: Blissey|56/100
|move|p2a: Blissey|Soft-Boiled|p2a: Blissey
|-heal|p2a: Blissey|100/100
|
|-weather|Sandstorm|[upkeep]
|-damage|p1a: Christie|94/100|[from] Sandstorm
|-damage|p2a: Blissey|94/100|[from] Sandstorm
|-heal|p1a: Christie|100/100|[from] item: Leftovers
|-heal|p2a: Blissey|100/100|[from] item: Leftovers
|upkeep
|turn|109
|
|t:|1728061073
|move|p1a: Christie|Seismic Toss|p2a: Blissey
|-damage|p2a: Blissey|86/100
|move|p2a: Blissey|Calm Mind|p2a: Blissey
|-boost|p2a: Blissey|spa|0
|-boost|p2a: Blissey|spd|0
|
|-weather|Sandstorm|[upkeep]
|-damage|p1a: Christie|94/100|[from] Sandstorm
|-damage|p2a: Blissey|80/100|[from] Sandstorm
|-heal|p1a: Christie|100/100|[from] item: Leftovers
|-heal|p2a: Blissey|86/100|[from] item: Leftovers
|upkeep
|turn|110
|
|t:|1728061078
|move|p1a: Christie|Seismic Toss|p2a: Blissey
|-damage|p2a: Blissey|72/100
|move|p2a: Blissey|Ice Beam|p1a: Christie
|-damage|p1a: Christie|75/100
|
|-weather|Sandstorm|[upkeep]
|-damage|p1a: Christie|68/100|[from] Sandstorm
|-damage|p2a: Blissey|66/100|[from] Sandstorm
|-heal|p1a: Christie|75/100|[from] item: Leftovers
|-heal|p2a: Blissey|72/100|[from] item: Leftovers
|upkeep
|turn|111
|
|t:|1728061082
|move|p1a: Christie|Ice Beam|p2a: Blissey
|-damage|p2a: Blissey|70/100
|move|p2a: Blissey|Soft-Boiled|p2a: Blissey
|-heal|p2a: Blissey|100/100
|
|-weather|Sandstorm|[upkeep]
|-damage|p1a: Christie|68/100|[from] Sandstorm
|-damage|p2a: Blissey|94/100|[from] Sandstorm
|-heal|p1a: Christie|75/100|[from] item: Leftovers
|-heal|p2a: Blissey|100/100|[from] item: Leftovers
|upkeep
|turn|112
|
|t:|1728061090
|move|p1a: Christie|Seismic Toss|p2a: Blissey
|-damage|p2a: Blissey|86/100
|move|p2a: Blissey|Calm Mind|p2a: Blissey
|-boost|p2a: Blissey|spa|0
|-boost|p2a: Blissey|spd|0
|
|-weather|Sandstorm|[upkeep]
|-damage|p1a: Christie|68/100|[from] Sandstorm
|-damage|p2a: Blissey|80/100|[from] Sandstorm
|-heal|p1a: Christie|75/100|[from] item: Leftovers
|-heal|p2a: Blissey|86/100|[from] item: Leftovers
|upkeep
|turn|113
|
|t:|1728061095
|move|p1a: Christie|Seismic Toss|p2a: Blissey
|-damage|p2a: Blissey|72/100
|move|p2a: Blissey|Calm Mind|p2a: Blissey
|-boost|p2a: Blissey|spa|0
|-boost|p2a: Blissey|spd|0
|
|-weather|Sandstorm|[upkeep]
|-damage|p1a: Christie|68/100|[from] Sandstorm
|-damage|p2a: Blissey|66/100|[from] Sandstorm
|-heal|p1a: Christie|75/100|[from] item: Leftovers
|-heal|p2a: Blissey|72/100|[from] item: Leftovers
|upkeep
|turn|114
|
|t:|1728061098
|move|p1a: Christie|Ice Beam|p2a: Blissey
|-damage|p2a: Blissey|70/100
|move|p2a: Blissey|Soft-Boiled|p2a: Blissey
|-heal|p2a: Blissey|100/100
|
|-weather|Sandstorm|[upkeep]
|-damage|p1a: Christie|68/100|[from] Sandstorm
|-damage|p2a: Blissey|94/100|[from] Sandstorm
|-heal|p1a: Christie|75/100|[from] item: Leftovers
|-heal|p2a: Blissey|100/100|[from] item: Leftovers
|upkeep
|turn|115
|
|t:|1728061105
|move|p1a: Christie|Seismic Toss|p2a: Blissey
|-damage|p2a: Blissey|86/100
|move|p2a: Blissey|Thunderbolt|p1a: Christie
|-damage|p1a: Christie|45/100
|
|-weather|Sandstorm|[upkeep]
|-damage|p1a: Christie|39/100|[from] Sandstorm
|-damage|p2a: Blissey|80/100|[from] Sandstorm
|-heal|p1a: Christie|45/100|[from] item: Leftovers
|-heal|p2a: Blissey|86/100|[from] item: Leftovers
|upkeep
|turn|116
|
|t:|1728061108
|move|p1a: Christie|Soft-Boiled|p1a: Christie
|-heal|p1a: Christie|95/100
|move|p2a: Blissey|Thunderbolt|p1a: Christie
|-damage|p1a: Christie|69/100
|
|-weather|Sandstorm|[upkeep]
|-damage|p1a: Christie|63/100|[from] Sandstorm
|-damage|p2a: Blissey|80/100|[from] Sandstorm
|-heal|p1a: Christie|69/100|[from] item: Leftovers
|-heal|p2a: Blissey|86/100|[from] item: Leftovers
|upkeep
|turn|117
|
|t:|1728061117
|move|p1a: Christie|Seismic Toss|p2a: Blissey
|-damage|p2a: Blissey|72/100
|move|p2a: Blissey|Calm Mind|p2a: Blissey
|-boost|p2a: Blissey|spa|0
|-boost|p2a: Blissey|spd|0
|
|-weather|Sandstorm|[upkeep]
|-damage|p1a: Christie|63/100|[from] Sandstorm
|-damage|p2a: Blissey|66/100|[from] Sandstorm
|-heal|p1a: Christie|69/100|[from] item: Leftovers
|-heal|p2a: Blissey|72/100|[from] item: Leftovers
|upkeep
|turn|118
|
|t:|1728061130
|move|p1a: Christie|Seismic Toss|p2a: Blissey
|-damage|p2a: Blissey|58/100
|move|p2a: Blissey|Calm Mind|p2a: Blissey
|-boost|p2a: Blissey|spa|0
|-boost|p2a: Blissey|spd|0
|
|-weather|Sandstorm|[upkeep]
|-damage|p1a: Christie|63/100|[from] Sandstorm
|-damage|p2a: Blissey|52/100|[from] Sandstorm
|-heal|p1a: Christie|69/100|[from] item: Leftovers
|-heal|p2a: Blissey|58/100|[from] item: Leftovers
|upkeep
|turn|119
|
|t:|1728061132
|move|p1a: Christie|Ice Beam|p2a: Blissey
|-damage|p2a: Blissey|56/100
|move|p2a: Blissey|Soft-Boiled|p2a: Blissey
|-heal|p2a: Blissey|100/100
|
|-weather|Sandstorm|[upkeep]
|-damage|p1a: Christie|63/100|[from] Sandstorm
|-damage|p2a: Blissey|94/100|[from] Sandstorm
|-heal|p1a: Christie|69/100|[from] item: Leftovers
|-heal|p2a: Blissey|100/100|[from] item: Leftovers
|upkeep
|turn|120
|
|t:|1728061136
|move|p1a: Christie|Seismic Toss|p2a: Blissey
|-damage|p2a: Blissey|86/100
|move|p2a: Blissey|Calm Mind|p2a: Blissey
|-boost|p2a: Blissey|spa|0
|-boost|p2a: Blissey|spd|0
|
|-weather|Sandstorm|[upkeep]
|-damage|p1a: Christie|63/100|[from] Sandstorm
|-damage|p2a: Blissey|80/100|[from] Sandstorm
|-heal|p1a: Christie|69/100|[from] item: Leftovers
|-heal|p2a: Blissey|86/100|[from] item: Leftovers
|upkeep
|turn|121
|
|t:|1728061139
|move|p1a: Christie|Seismic Toss|p2a: Blissey
|-damage|p2a: Blissey|72/100
|move|p2a: Blissey|Thunderbolt|p1a: Christie
|-damage|p1a: Christie|42/100
|
|-weather|Sandstorm|[upkeep]
|-damage|p1a: Christie|36/100|[from] Sandstorm
|-damage|p2a: Blissey|66/100|[from] Sandstorm
|-heal|p1a: Christie|42/100|[from] item: Leftovers
|-heal|p2a: Blissey|72/100|[from] item: Leftovers
|upkeep
|turn|122
|
|t:|1728061143
|move|p1a: Christie|Soft-Boiled|p1a: Christie
|-heal|p1a: Christie|92/100
|move|p2a: Blissey|Calm Mind|p2a: Blissey
|-boost|p2a: Blissey|spa|0
|-boost|p2a: Blissey|spd|0
|
|-weather|Sandstorm|[upkeep]
|-damage|p1a: Christie|86/100|[from] Sandstorm
|-damage|p2a: Blissey|66/100|[from] Sandstorm
|-heal|p1a: Christie|92/100|[from] item: Leftovers
|-heal|p2a: Blissey|72/100|[from] item: Leftovers
|upkeep
|turn|123
|
|t:|1728061146
|move|p1a: Christie|Seismic Toss|p2a: Blissey
|-damage|p2a: Blissey|58/100
|move|p2a: Blissey|Soft-Boiled|p2a: Blissey
|-heal|p2a: Blissey|100/100
|
|-weather|Sandstorm|[upkeep]
|-damage|p1a: Christie|86/100|[from] Sandstorm
|-damage|p2a: Blissey|94/100|[from] Sandstorm
|-heal|p1a: Christie|92/100|[from] item: Leftovers
|-heal|p2a: Blissey|100/100|[from] item: Leftovers
|upkeep
|turn|124
|
|t:|1728061151
|switch|p1a: Paul Allen|Zapdos|18/100
|move|p2a: Blissey|Calm Mind|p2a: Blissey
|-boost|p2a: Blissey|spa|0
|-boost|p2a: Blissey|spd|0
|
|-weather|Sandstorm|[upkeep]
|-damage|p1a: Paul Allen|12/100|[from] Sandstorm
|-damage|p2a: Blissey|94/100|[from] Sandstorm
|-heal|p1a: Paul Allen|18/100|[from] item: Leftovers
|-heal|p2a: Blissey|100/100|[from] item: Leftovers
|upkeep
|turn|125
|
|t:|1728061154
|switch|p1a: Christie|Blissey, F|92/100
|-damage|p1a: Christie|80/100|[from] Spikes
|move|p2a: Blissey|Ice Beam|p1a: Christie
|-damage|p1a: Christie|52/100
|
|-weather|Sandstorm|[upkeep]
|-damage|p1a: Christie|46/100|[from] Sandstorm
|-damage|p2a: Blissey|94/100|[from] Sandstorm
|-heal|p1a: Christie|52/100|[from] item: Leftovers
|-heal|p2a: Blissey|100/100|[from] item: Leftovers
|upkeep
|turn|126
|
|t:|1728061161
|move|p1a: Christie|Seismic Toss|p2a: Blissey
|-damage|p2a: Blissey|86/100
|move|p2a: Blissey|Ice Beam|p1a: Christie
|-damage|p1a: Christie|23/100
|
|-weather|Sandstorm|[upkeep]
|-damage|p1a: Christie|16/100|[from] Sandstorm
|-damage|p2a: Blissey|80/100|[from] Sandstorm
|-heal|p1a: Christie|23/100|[from] item: Leftovers
|-heal|p2a: Blissey|86/100|[from] item: Leftovers
|upkeep
|turn|127
|
|t:|1728061168
|move|p1a: Christie|Soft-Boiled|p1a: Christie
|-heal|p1a: Christie|73/100
|move|p2a: Blissey|Thunderbolt|p1a: Christie
|-damage|p1a: Christie|43/100
|
|-weather|Sandstorm|[upkeep]
|-damage|p1a: Christie|37/100|[from] Sandstorm
|-damage|p2a: Blissey|80/100|[from] Sandstorm
|-heal|p1a: Christie|43/100|[from] item: Leftovers
|-heal|p2a: Blissey|86/100|[from] item: Leftovers
|upkeep
|turn|128
|
|t:|1728061175
|move|p1a: Christie|Seismic Toss|p2a: Blissey
|-damage|p2a: Blissey|72/100
|move|p2a: Blissey|Thunderbolt|p1a: Christie
|-damage|p1a: Christie|14/100
|
|-weather|Sandstorm|[upkeep]
|-damage|p1a: Christie|8/100|[from] Sandstorm
|-damage|p2a: Blissey|66/100|[from] Sandstorm
|-heal|p1a: Christie|14/100|[from] item: Leftovers
|-heal|p2a: Blissey|72/100|[from] item: Leftovers
|upkeep
|turn|129
|
|t:|1728061178
|move|p1a: Christie|Seismic Toss|p2a: Blissey
|-damage|p2a: Blissey|58/100
|move|p2a: Blissey|Soft-Boiled|p2a: Blissey
|-heal|p2a: Blissey|100/100
|
|-weather|Sandstorm|[upkeep]
|-damage|p1a: Christie|8/100|[from] Sandstorm
|-damage|p2a: Blissey|94/100|[from] Sandstorm
|-heal|p1a: Christie|14/100|[from] item: Leftovers
|-heal|p2a: Blissey|100/100|[from] item: Leftovers
|upkeep
|turn|130
|
|t:|1728061181
|move|p1a: Christie|Aromatherapy|p1a: Christie
|-cureteam|p1a: Christie|[from] move: Aromatherapy
|move|p2a: Blissey|Thunderbolt|p1a: Christie
|-damage|p1a: Christie|0 fnt
|faint|p1a: Christie
|
|t:|1728061183
|switch|p1a: Paul Allen|Zapdos|18/100
|
|-weather|Sandstorm|[upkeep]
|-damage|p1a: Paul Allen|12/100|[from] Sandstorm
|-damage|p2a: Blissey|94/100|[from] Sandstorm
|-heal|p1a: Paul Allen|18/100|[from] item: Leftovers
|-heal|p2a: Blissey|100/100|[from] item: Leftovers
|upkeep
|turn|131
|
|t:|1728061185
|move|p1a: Paul Allen|Thunder Wave|p2a: Blissey
|-status|p2a: Blissey|par
|cant|p2a: Blissey|par
|
|-weather|Sandstorm|[upkeep]
|-damage|p1a: Paul Allen|12/100|[from] Sandstorm
|-damage|p2a: Blissey|94/100 par|[from] Sandstorm
|-heal|p1a: Paul Allen|18/100|[from] item: Leftovers
|-heal|p2a: Blissey|100/100 par|[from] item: Leftovers
|upkeep
|turn|132
|
|t:|1728061190
|move|p1a: Paul Allen|Rest|p1a: Paul Allen
|-status|p1a: Paul Allen|slp|[from] move: Rest
|-heal|p1a: Paul Allen|100/100 slp|[silent]
|move|p2a: Blissey|Ice Beam|p1a: Paul Allen
|-supereffective|p1a: Paul Allen
|-damage|p1a: Paul Allen|0 fnt
|faint|p1a: Paul Allen
|
|win|HoChi_Pro
|c|☆Mwah_Bang|gg
|c|☆HoChi_Pro|gg

</script>
<script type="application/json" class="data" id="replaydata-smogtours-gen3ou-794580">
{"id":"smogtours-gen3ou-794580","format":"[Gen 3] OU","players":["Mwah_Bang","HoChi_Pro"],"uploadtime":1728061190,"views":114,"formatid":"gen3ou","rating":null,"private":0,"password":null}
</script>

<script defer src="js/replays.js?9d40a366"></script>
