<!DOCTYPE html>
<meta charset="utf-8" />
<meta name="viewport" content="width=device-width" />

<title>[Gen 3] OU: McNULL vs. wavyish - Replays - Pok&eacute;mon Showdown!</title>

<meta name="description" content="Watch a replay of a Pok&eacute;mon battle between McNULL and wavyish! Format: [Gen 3] OU; Date: Oct 2, 2024" />
<!--

Hey, you! Looking in the source for the replay log?

You can find them in JSON format, just add `.json` at the end of a replay URL.

https://replay.pokemonshowdown.com/gen7randomdoublesbattle-865046831.json

Or, if you only need the log itself, add `.log` instead:

https://replay.pokemonshowdown.com/gen7randomdoublesbattle-865046831.log

-->

<link rel="stylesheet" href="//pokemonshowdown.com/style/global.css?0.023195364461161105" />
<link rel="stylesheet" href="//play.pokemonshowdown.com/style/font-awesome.css?0.13261647063804238" />
<link rel="stylesheet" href="//play.pokemonshowdown.com/style/battle.css?0.8753245789963631" />
<link rel="stylesheet" href="//play.pokemonshowdown.com/style/utilichart.css?0.8627959624976733" />

<!-- Global site tag (gtag.js) - Google Analytics -->
<script async src="https://www.googletagmanager.com/gtag/js?id=UA-26211653-1"></script>
<script>
  window.dataLayer = window.dataLayer || [];
  function gtag(){dataLayer.push(arguments);}
  gtag('js', new Date());

  gtag('config', 'UA-26211653-1');
</script>
<!-- End Google Analytics -->
<!-- Venatus Ad Manager - Install in <HEAD> of page -->
	<script src="https://hb.vntsm.com/v3/live/ad-manager.min.js" type="text/javascript" data-site-id="642aba63ec9a7b11c3c9c1be" data-mode="scan" async></script>
<!-- / Venatus Ad Manager -->

<style>
	@media (max-width:820px) {
		.battle {
			margin: 0 auto;
		}
		.battle-log {
			margin: 7px auto 0;
			max-width: 640px;
			height: 300px;
			position: static;
		}
	}
	.optgroup {
		display: inline-block;
		line-height: 22px;
		font-size: 10pt;
	}
	.optgroup .button {
		height: 25px;
		padding-top: 0;
		padding-bottom: 0;
	}
	.optgroup button.button {
		padding-left: 12px;
		padding-right: 12px;
	}
	.linklist {
		list-style: none;
		margin: 0.5em 0;
		padding: 0;
	}
	.linklist li {
		padding: 2px 0;
	}
	.sidebar {
		float: left;
		width: 320px;
	}
	.bar-wrapper {
		max-width: 1100px;
		margin: 0 auto;
	}
	.bar-wrapper.has-sidebar {
		max-width: 1430px;
	}
	.mainbar {
		margin: 0;
		padding-right: 1px;
	}
	.mainbar.has-sidebar {
		margin-left: 330px;
	}
	@media (min-width: 1511px) {
		.sidebar {
			width: 400px;
		}
		.bar-wrapper.has-sidebar {
			max-width: 1510px;
		}
		.mainbar.has-sidebar {
			margin-left: 410px;
		}
	}
	.section.first-section {
		margin-top: 9px;
	}
	.blocklink small {
		white-space: normal;
	}
	.button {
		vertical-align: middle;
	}
	.replay-controls {
		padding-top: 10px;
	}
	.replay-controls h1 {
		font-size: 16pt;
		font-weight: normal;
		color: #CCC;
	}
	.pagelink {
		text-align: center;
	}
	.pagelink a {
		width: 150px;
	}
	.textbox, .button {
		font-size: 11pt;
		vertical-align: middle;
	}
	@media (max-width: 450px) {
		.button {
			font-size: 9pt;
		}
	}
</style>

<div>

	<header>
		<div class="nav-wrapper"><ul class="nav">
			<li><a class="button nav-first" href="//pokemonshowdown.com/"><img src="//pokemonshowdown.com/images/pokemonshowdownbeta.png" srcset="//pokemonshowdown.com/images/pokemonshowdownbeta.png 1x, //pokemonshowdown.com/images/pokemonshowdownbeta@2x.png 2x" alt="Pok&eacute;mon Showdown" width="146" height="44" /> Home</a></li>
			<li><a class="button" href="//pokemonshowdown.com/dex/">Pok&eacute;dex</a></li>
			<li><a class="button cur" href="/">Replays</a></li>
			<li><a class="button" href="//pokemonshowdown.com/ladder/">Ladder</a></li>
			<li><a class="button nav-last" href="//pokemonshowdown.com/forums/">Forum</a></li>
			<li><a class="button greenbutton nav-first nav-last" href="//play.pokemonshowdown.com/">Play</a></li>
		</ul></div>
	</header>

	<div class="main" id="main">

		<noscript><section class="section">You need to enable JavaScript to use this page; sorry!</section></noscript>

	</div>

</div>

<script defer nomodule src="//play.pokemonshowdown.com/js/lib/ps-polyfill.js"></script>
<script defer src="//play.pokemonshowdown.com/js/lib/preact.min.js"></script>

<script defer src="//play.pokemonshowdown.com/config/config.js?2bddbc15"></script>
<script defer src="//play.pokemonshowdown.com/js/lib/jquery-1.11.0.min.js"></script>
<script defer src="//play.pokemonshowdown.com/js/lib/html-sanitizer-minified.js"></script>
<script defer src="//play.pokemonshowdown.com/js/battle-sound.js"></script>
<script defer src="//play.pokemonshowdown.com/js/battledata.js?0.7209276989879541"></script>
<script defer src="//play.pokemonshowdown.com/data/pokedex-mini.js?0.6111056340867951"></script>
<script defer src="//play.pokemonshowdown.com/data/pokedex-mini-bw.js?0.3532142036491459"></script>
<script defer src="//play.pokemonshowdown.com/data/graphics.js?0.24223875632456182"></script>
<script defer src="//play.pokemonshowdown.com/data/pokedex.js?0.38839984266356864"></script>
<script defer src="//play.pokemonshowdown.com/data/moves.js?0.21866028504024015"></script>
<script defer src="//play.pokemonshowdown.com/data/abilities.js?0.2005157953846628"></script>
<script defer src="//play.pokemonshowdown.com/data/items.js?0.9894211263848525"></script>
<script defer src="//play.pokemonshowdown.com/data/teambuilder-tables.js?0.6008791140282215"></script>
<script defer src="//play.pokemonshowdown.com/js/battle-tooltips.js?0.7580118955022959"></script>
<script defer src="//play.pokemonshowdown.com/js/battle.js?0.6057722274234274"></script>

<script defer src="js/utils.js?e31f9a17"></script>
<script defer src="js/replays-battle.js?7008c182"></script>

<!-- don't scrape this data! just add .json or .log after the URL!
Full API docs: https://github.com/smogon/pokemon-showdown-client/blob/master/WEB-API.md -->
<script type="text/plain" class="log" id="replaylog-smogtours-gen3ou-793958">
|inactive|Battle timer is ON: inactive players will automatically lose when time's up.
|t:|1727884488
|gametype|singles
|player|p1|McNULL|1|
|player|p2|wavyish|akari|
|teamsize|p1|6
|teamsize|p2|6
|gen|3
|tier|[Gen 3] OU
|rule|Sleep Clause Mod: Limit one foe put to sleep
|rule|Switch Priority Clause Mod: Faster Pokémon switch first
|rule|Species Clause: Limit one of each Pokémon
|rule|OHKO Clause: OHKO moves are banned
|rule|Evasion Items Clause: Evasion items are banned
|rule|Evasion Moves Clause: Evasion moves are banned
|rule|Endless Battle Clause: Forcing endless battles is banned
|rule|HP Percentage Mod: HP is shown in percentages
|rule|One Boost Passer Clause: Limit one Baton Passer that has a way to boost its stats
|rule|Freeze Clause Mod: Limit one foe frozen
|
|t:|1727884488
|start
|switch|p1a: Raikou|Raikou|100/100
|switch|p2a: Breloom|Breloom, F|100/100
|turn|1
|c|☆wavyish|glhf
|c|☆McNULL|glhf
|
|t:|1727884506
|move|p1a: Raikou|Substitute|p1a: Raikou
|-start|p1a: Raikou|Substitute
|-damage|p1a: Raikou|76/100
|move|p2a: Breloom|Sky Uppercut|p1a: Raikou
|-end|p1a: Raikou|Substitute
|
|-heal|p1a: Raikou|82/100|[from] item: Leftovers
|upkeep
|turn|2
|
|t:|1727884523
|move|p1a: Raikou|Substitute|p1a: Raikou
|-start|p1a: Raikou|Substitute
|-damage|p1a: Raikou|57/100
|move|p2a: Breloom|Sky Uppercut|p1a: Raikou
|-end|p1a: Raikou|Substitute
|
|-heal|p1a: Raikou|63/100|[from] item: Leftovers
|upkeep
|turn|3
|
|t:|1727884537
|switch|p1a: Jirachi|Jirachi|100/100
|move|p2a: Breloom|Sky Uppercut|p1a: Jirachi
|-damage|p1a: Jirachi|67/100
|
|-heal|p1a: Jirachi|73/100|[from] item: Leftovers
|upkeep
|turn|4
|inactive|wavyish has 270 seconds left.
|
|t:|1727884569
|switch|p2a: Tyranitar|Tyranitar, M|100/100
|-weather|Sandstorm|[from] ability: Sand Stream|[of] p2a: Tyranitar
|move|p1a: Jirachi|Wish|p1a: Jirachi
|
|-weather|Sandstorm|[upkeep]
|-heal|p1a: Jirachi|80/100|[from] item: Leftovers
|upkeep
|turn|5
|
|t:|1727884576
|switch|p1a: Swampert|Swampert, M|100/100
|move|p2a: Tyranitar|Roar|p1a: Swampert
|drag|p1a: Suicune|Suicune|100/100
|
|-weather|Sandstorm|[upkeep]
|-damage|p1a: Suicune|94/100|[from] Sandstorm
|-heal|p1a: Suicune|100/100|[from] item: Leftovers
|upkeep
|turn|6
|
|t:|1727884583
|switch|p2a: Zapdos|Zapdos|100/100
|move|p1a: Suicune|Calm Mind|p1a: Suicune
|-boost|p1a: Suicune|spa|1
|-boost|p1a: Suicune|spd|1
|
|-weather|Sandstorm|[upkeep]
|-damage|p2a: Zapdos|94/100|[from] Sandstorm
|-damage|p1a: Suicune|94/100|[from] Sandstorm
|-heal|p2a: Zapdos|100/100|[from] item: Leftovers
|-heal|p1a: Suicune|100/100|[from] item: Leftovers
|upkeep
|turn|7
|
|t:|1727884587
|move|p2a: Zapdos|Thunderbolt|p1a: Suicune
|-supereffective|p1a: Suicune
|-damage|p1a: Suicune|50/100
|move|p1a: Suicune|Ice Beam|p2a: Zapdos
|-supereffective|p2a: Zapdos
|-damage|p2a: Zapdos|31/100
|-status|p2a: Zapdos|frz
|
|-weather|Sandstorm|[upkeep]
|-damage|p2a: Zapdos|25/100 frz|[from] Sandstorm
|-damage|p1a: Suicune|44/100|[from] Sandstorm
|-heal|p2a: Zapdos|31/100 frz|[from] item: Leftovers
|-heal|p1a: Suicune|50/100|[from] item: Leftovers
|upkeep
|turn|8
|c|☆McNULL|mb
|c|☆wavyish|its okay
|c|☆wavyish|thats ball game though lowkey
|
|t:|1727884608
|-curestatus|p2a: Zapdos|frz|[msg]
|move|p2a: Zapdos|Thunderbolt|p1a: Suicune
|-supereffective|p1a: Suicune
|-damage|p1a: Suicune|4/100
|-status|p1a: Suicune|par
|move|p1a: Suicune|Calm Mind|p1a: Suicune
|-boost|p1a: Suicune|spa|1
|-boost|p1a: Suicune|spd|1
|
|-weather|Sandstorm|[upkeep]
|-damage|p2a: Zapdos|25/100|[from] Sandstorm
|-damage|p1a: Suicune|0 fnt|[from] Sandstorm
|faint|p1a: Suicune
|-heal|p2a: Zapdos|31/100|[from] item: Leftovers
|upkeep
|c|☆wavyish|oh
|c|☆McNULL|all good
|
|t:|1727884628
|switch|p1a: Snorlax|Snorlax, F|100/100
|turn|9
|
|t:|1727884640
|move|p2a: Zapdos|Baton Pass|p2a: Zapdos
|
|t:|1727884642
|switch|p2a: Swampert|Swampert, M|100/100|[from] Baton Pass
|move|p1a: Snorlax|Curse|p1a: Snorlax
|-unboost|p1a: Snorlax|spe|1
|-boost|p1a: Snorlax|atk|1
|-boost|p1a: Snorlax|def|1
|
|-weather|Sandstorm|[upkeep]
|-damage|p1a: Snorlax|94/100|[from] Sandstorm
|-heal|p1a: Snorlax|100/100|[from] item: Leftovers
|upkeep
|turn|10
|
|t:|1727884648
|move|p2a: Swampert|Hydro Pump|p1a: Snorlax
|-damage|p1a: Snorlax|70/100
|move|p1a: Snorlax|Body Slam|p2a: Swampert
|-damage|p2a: Swampert|42/100
|-status|p2a: Swampert|par
|
|-weather|Sandstorm|[upkeep]
|-damage|p1a: Snorlax|63/100|[from] Sandstorm
|-heal|p1a: Snorlax|70/100|[from] item: Leftovers
|-heal|p2a: Swampert|49/100 par|[from] item: Leftovers
|upkeep
|turn|11
|
|t:|1727884654
|move|p1a: Snorlax|Body Slam|p2a: Swampert
|-damage|p2a: Swampert|0 fnt
|faint|p2a: Swampert
|
|t:|1727884656
|switch|p2a: Breloom|Breloom, F|100/100
|
|-weather|Sandstorm|[upkeep]
|-damage|p2a: Breloom|94/100|[from] Sandstorm
|-damage|p1a: Snorlax|63/100|[from] Sandstorm
|-heal|p2a: Breloom|100/100|[from] item: Leftovers
|-heal|p1a: Snorlax|70/100|[from] item: Leftovers
|upkeep
|turn|12
|inactive|McNULL has 270 seconds left.
|
|t:|1727884690
|move|p2a: Breloom|Spore|p1a: Snorlax
|-status|p1a: Snorlax|slp|[from] move: Spore
|cant|p1a: Snorlax|slp
|
|-weather|Sandstorm|[upkeep]
|-damage|p2a: Breloom|94/100|[from] Sandstorm
|-damage|p1a: Snorlax|63/100 slp|[from] Sandstorm
|-heal|p2a: Breloom|100/100|[from] item: Leftovers
|-heal|p1a: Snorlax|70/100 slp|[from] item: Leftovers
|upkeep
|turn|13
|
|t:|1727884702
|-singleturn|p2a: Breloom|move: Focus Punch
|cant|p1a: Snorlax|slp
|move|p2a: Breloom|Focus Punch|p1a: Snorlax
|-supereffective|p1a: Snorlax
|-damage|p1a: Snorlax|0 fnt
|faint|p1a: Snorlax
|inactive|McNULL has 270 seconds left.
|
|t:|1727884714
|switch|p1a: Dugtrio|Dugtrio, M|100/100
|
|-weather|Sandstorm|[upkeep]
|-damage|p2a: Breloom|94/100|[from] Sandstorm
|-heal|p2a: Breloom|100/100|[from] item: Leftovers
|upkeep
|turn|14
|
|t:|1727884717
|move|p2a: Breloom|Mach Punch|p1a: Dugtrio
|-damage|p1a: Dugtrio|43/100
|move|p1a: Dugtrio|Aerial Ace|p2a: Breloom
|-supereffective|p2a: Breloom
|-damage|p2a: Breloom|0 fnt
|faint|p2a: Breloom
|
|t:|1727884720
|switch|p2a: Tyranitar|Tyranitar, M|100/100
|
|-weather|Sandstorm|[upkeep]
|upkeep
|turn|15
|
|t:|1727884723
|-activate|p1a: Dugtrio|move: Pursuit
|move|p2a: Tyranitar|Pursuit|p1a: Dugtrio|[from]Pursuit
|-damage|p1a: Dugtrio|0 fnt
|faint|p1a: Dugtrio
|-hint|Previously chosen switches continue in Gen 2-4 after a Pursuit target faints.
|switch|p1a: Swampert|Swampert, M|100/100
|
|-weather|Sandstorm|[upkeep]
|upkeep
|turn|16
|
|t:|1727884738
|switch|p2a: Charizard|Charizard, F|100/100
|move|p1a: Swampert|Ice Beam|p2a: Charizard
|-damage|p2a: Charizard|76/100
|
|-weather|Sandstorm|[upkeep]
|-damage|p2a: Charizard|70/100|[from] Sandstorm
|-heal|p2a: Charizard|76/100|[from] item: Leftovers
|upkeep
|turn|17
|
|t:|1727884749
|move|p2a: Charizard|Hidden Power|p1a: Swampert
|-supereffective|p1a: Swampert
|-damage|p1a: Swampert|48/100
|move|p1a: Swampert|Surf|p2a: Charizard
|-supereffective|p2a: Charizard
|-damage|p2a: Charizard|0 fnt
|faint|p2a: Charizard
|
|t:|1727884752
|switch|p2a: Zapdos|Zapdos|31/100
|
|-weather|Sandstorm|[upkeep]
|-damage|p2a: Zapdos|25/100|[from] Sandstorm
|-heal|p2a: Zapdos|31/100|[from] item: Leftovers
|-heal|p1a: Swampert|54/100|[from] item: Leftovers
|upkeep
|turn|18
|
|t:|1727884756
|move|p1a: Swampert|Protect|p1a: Swampert
|-singleturn|p1a: Swampert|Protect
|move|p2a: Zapdos|Hidden Power|p1a: Swampert
|-activate|p1a: Swampert|Protect
|
|-weather|Sandstorm|[upkeep]
|-damage|p2a: Zapdos|25/100|[from] Sandstorm
|-heal|p2a: Zapdos|31/100|[from] item: Leftovers
|-heal|p1a: Swampert|60/100|[from] item: Leftovers
|upkeep
|turn|19
|
|t:|1727884766
|move|p2a: Zapdos|Thunderbolt|p1a: Swampert
|-immune|p1a: Swampert
|move|p1a: Swampert|Ice Beam|p2a: Zapdos
|-supereffective|p2a: Zapdos
|-damage|p2a: Zapdos|0 fnt
|faint|p2a: Zapdos
|
|t:|1727884769
|switch|p2a: Jirachi|Jirachi|100/100
|
|-weather|Sandstorm|[upkeep]
|-heal|p1a: Swampert|66/100|[from] item: Leftovers
|upkeep
|turn|20
|
|t:|1727884777
|move|p2a: Jirachi|Wish|p2a: Jirachi
|move|p1a: Swampert|Earthquake|p2a: Jirachi
|-supereffective|p2a: Jirachi
|-damage|p2a: Jirachi|41/100
|
|-weather|Sandstorm|[upkeep]
|-heal|p2a: Jirachi|47/100|[from] item: Leftovers
|-heal|p1a: Swampert|73/100|[from] item: Leftovers
|upkeep
|turn|21
|
|t:|1727884783
|switch|p1a: Jirachi|Jirachi|80/100
|move|p2a: Jirachi|Protect||[still]
|-fail|p2a: Jirachi
|
|-heal|p2a: Jirachi|97/100|[from] move: Wish|[wisher] Jirachi
|-weather|Sandstorm|[upkeep]
|-heal|p1a: Jirachi|86/100|[from] item: Leftovers
|-heal|p2a: Jirachi|100/100|[from] item: Leftovers
|upkeep
|turn|22
|
|t:|1727884795
|move|p1a: Jirachi|Calm Mind|p1a: Jirachi
|-boost|p1a: Jirachi|spa|1
|-boost|p1a: Jirachi|spd|1
|move|p2a: Jirachi|Fire Punch|p1a: Jirachi
|-supereffective|p1a: Jirachi
|-damage|p1a: Jirachi|69/100
|
|-weather|Sandstorm|[upkeep]
|-heal|p1a: Jirachi|75/100|[from] item: Leftovers
|upkeep
|turn|23
|
|t:|1727884803
|switch|p2a: Tyranitar|Tyranitar, M|100/100
|move|p1a: Jirachi|Fire Punch|p2a: Tyranitar
|-resisted|p2a: Tyranitar
|-damage|p2a: Tyranitar|89/100
|-status|p2a: Tyranitar|brn
|
|-weather|Sandstorm|[upkeep]
|-heal|p1a: Jirachi|81/100|[from] item: Leftovers
|-heal|p2a: Tyranitar|95/100 brn|[from] item: Leftovers
|-damage|p2a: Tyranitar|83/100 brn|[from] brn
|upkeep
|turn|24
|
|t:|1727884811
|move|p1a: Jirachi|Hidden Power|p2a: Tyranitar
|-supereffective|p2a: Tyranitar
|-damage|p2a: Tyranitar|40/100 brn
|move|p2a: Tyranitar|Roar|p1a: Jirachi
|drag|p1a: Raikou|Raikou|63/100
|
|-weather|Sandstorm|[upkeep]
|-damage|p1a: Raikou|57/100|[from] Sandstorm
|-heal|p1a: Raikou|63/100|[from] item: Leftovers
|-heal|p2a: Tyranitar|46/100 brn|[from] item: Leftovers
|-damage|p2a: Tyranitar|34/100 brn|[from] brn
|upkeep
|turn|25
|
|t:|1727884814
|switch|p2a: Jirachi|Jirachi|100/100
|move|p1a: Raikou|Hidden Power|p2a: Jirachi
|-resisted|p2a: Jirachi
|-damage|p2a: Jirachi|93/100
|
|-weather|Sandstorm|[upkeep]
|-damage|p1a: Raikou|57/100|[from] Sandstorm
|-heal|p1a: Raikou|63/100|[from] item: Leftovers
|-heal|p2a: Jirachi|99/100|[from] item: Leftovers
|upkeep
|turn|26
|
|t:|1727884819
|move|p1a: Raikou|Calm Mind|p1a: Raikou
|-boost|p1a: Raikou|spa|1
|-boost|p1a: Raikou|spd|1
|move|p2a: Jirachi|Fire Punch|p1a: Raikou
|-damage|p1a: Raikou|51/100
|
|-weather|Sandstorm|[upkeep]
|-damage|p1a: Raikou|45/100|[from] Sandstorm
|-heal|p1a: Raikou|51/100|[from] item: Leftovers
|-heal|p2a: Jirachi|100/100|[from] item: Leftovers
|upkeep
|turn|27
|
|t:|1727884822
|move|p1a: Raikou|Thunderbolt|p2a: Jirachi
|-damage|p2a: Jirachi|53/100
|move|p2a: Jirachi|Body Slam|p1a: Raikou
|-damage|p1a: Raikou|28/100
|-status|p1a: Raikou|par
|
|-weather|Sandstorm|[upkeep]
|-damage|p1a: Raikou|21/100 par|[from] Sandstorm
|-heal|p2a: Jirachi|59/100|[from] item: Leftovers
|-heal|p1a: Raikou|28/100 par|[from] item: Leftovers
|upkeep
|turn|28
|
|t:|1727884831
|move|p2a: Jirachi|Protect|p2a: Jirachi
|-singleturn|p2a: Jirachi|Protect
|cant|p1a: Raikou|par
|
|-weather|Sandstorm|[upkeep]
|-damage|p1a: Raikou|21/100 par|[from] Sandstorm
|-heal|p2a: Jirachi|66/100|[from] item: Leftovers
|-heal|p1a: Raikou|28/100 par|[from] item: Leftovers
|upkeep
|turn|29
|
|t:|1727884834
|move|p2a: Jirachi|Body Slam|p1a: Raikou
|-damage|p1a: Raikou|5/100 par
|move|p1a: Raikou|Thunderbolt|p2a: Jirachi
|-crit|p2a: Jirachi
|-damage|p2a: Jirachi|0 fnt
|faint|p2a: Jirachi
|c|☆wavyish|gg
|c|☆McNULL|mb
|
|t:|1727884842
|switch|p2a: Tyranitar|Tyranitar, M|34/100 brn
|
|-weather|Sandstorm|[upkeep]
|-damage|p1a: Raikou|0 fnt|[from] Sandstorm
|faint|p1a: Raikou
|-heal|p2a: Tyranitar|40/100 brn|[from] item: Leftovers
|-damage|p2a: Tyranitar|27/100 brn|[from] brn
|upkeep
|
|t:|1727884845
|switch|p1a: Swampert|Swampert, M|73/100
|turn|30
|
|t:|1727884847
|move|p2a: Tyranitar|Crunch|p1a: Swampert
|-damage|p1a: Swampert|48/100
|move|p1a: Swampert|Earthquake|p2a: Tyranitar
|-supereffective|p2a: Tyranitar
|-damage|p2a: Tyranitar|0 fnt
|faint|p2a: Tyranitar
|
|win|McNULL
|c|☆McNULL|gg
|player|p2|
|player|p2|wavyish|akari|

</script>
<script type="application/json" class="data" id="replaydata-smogtours-gen3ou-793958">
{"id":"smogtours-gen3ou-793958","format":"[Gen 3] OU","players":["McNULL","wavyish"],"uploadtime":1727884847,"views":120,"formatid":"gen3ou","rating":null,"private":0,"password":null}
</script>

<script defer src="js/replays.js?9d40a366"></script>
