<!DOCTYPE html>
<meta charset="utf-8" />
<meta name="viewport" content="width=device-width" />

<title>[Gen 3] OU: Team Constantin vs. Fear - Replays - Pok&eacute;mon Showdown!</title>

<meta name="description" content="Watch a replay of a Pok&eacute;mon battle between Team Constantin and Fear! Format: [Gen 3] OU; Date: Oct 24, 2024" />
<!--

Hey, you! Looking in the source for the replay log?

You can find them in JSON format, just add `.json` at the end of a replay URL.

https://replay.pokemonshowdown.com/gen7randomdoublesbattle-865046831.json

Or, if you only need the log itself, add `.log` instead:

https://replay.pokemonshowdown.com/gen7randomdoublesbattle-865046831.log

-->

<link rel="stylesheet" href="//pokemonshowdown.com/style/global.css?0.023195364461161105" />
<link rel="stylesheet" href="//play.pokemonshowdown.com/style/font-awesome.css?0.13261647063804238" />
<link rel="stylesheet" href="//play.pokemonshowdown.com/style/battle.css?0.8753245789963631" />
<link rel="stylesheet" href="//play.pokemonshowdown.com/style/utilichart.css?0.8627959624976733" />

<!-- Global site tag (gtag.js) - Google Analytics -->
<script async src="https://www.googletagmanager.com/gtag/js?id=UA-26211653-1"></script>
<script>
  window.dataLayer = window.dataLayer || [];
  function gtag(){dataLayer.push(arguments);}
  gtag('js', new Date());

  gtag('config', 'UA-26211653-1');
</script>
<!-- End Google Analytics -->
<!-- Venatus Ad Manager - Install in <HEAD> of page -->
	<script src="https://hb.vntsm.com/v3/live/ad-manager.min.js" type="text/javascript" data-site-id="642aba63ec9a7b11c3c9c1be" data-mode="scan" async></script>
<!-- / Venatus Ad Manager -->

<style>
	@media (max-width:820px) {
		.battle {
			margin: 0 auto;
		}
		.battle-log {
			margin: 7px auto 0;
			max-width: 640px;
			height: 300px;
			position: static;
		}
	}
	.optgroup {
		display: inline-block;
		line-height: 22px;
		font-size: 10pt;
	}
	.optgroup .button {
		height: 25px;
		padding-top: 0;
		padding-bottom: 0;
	}
	.optgroup button.button {
		padding-left: 12px;
		padding-right: 12px;
	}
	.linklist {
		list-style: none;
		margin: 0.5em 0;
		padding: 0;
	}
	.linklist li {
		padding: 2px 0;
	}
	.sidebar {
		float: left;
		width: 320px;
	}
	.bar-wrapper {
		max-width: 1100px;
		margin: 0 auto;
	}
	.bar-wrapper.has-sidebar {
		max-width: 1430px;
	}
	.mainbar {
		margin: 0;
		padding-right: 1px;
	}
	.mainbar.has-sidebar {
		margin-left: 330px;
	}
	@media (min-width: 1511px) {
		.sidebar {
			width: 400px;
		}
		.bar-wrapper.has-sidebar {
			max-width: 1510px;
		}
		.mainbar.has-sidebar {
			margin-left: 410px;
		}
	}
	.section.first-section {
		margin-top: 9px;
	}
	.blocklink small {
		white-space: normal;
	}
	.button {
		vertical-align: middle;
	}
	.replay-controls {
		padding-top: 10px;
	}
	.replay-controls h1 {
		font-size: 16pt;
		font-weight: normal;
		color: #CCC;
	}
	.pagelink {
		text-align: center;
	}
	.pagelink a {
		width: 150px;
	}
	.textbox, .button {
		font-size: 11pt;
		vertical-align: middle;
	}
	@media (max-width: 450px) {
		.button {
			font-size: 9pt;
		}
	}
</style>

<div>

	<header>
		<div class="nav-wrapper"><ul class="nav">
			<li><a class="button nav-first" href="//pokemonshowdown.com/"><img src="//pokemonshowdown.com/images/pokemonshowdownbeta.png" srcset="//pokemonshowdown.com/images/pokemonshowdownbeta.png 1x, //pokemonshowdown.com/images/pokemonshowdownbeta@2x.png 2x" alt="Pok&eacute;mon Showdown" width="146" height="44" /> Home</a></li>
			<li><a class="button" href="//pokemonshowdown.com/dex/">Pok&eacute;dex</a></li>
			<li><a class="button cur" href="/">Replays</a></li>
			<li><a class="button" href="//pokemonshowdown.com/ladder/">Ladder</a></li>
			<li><a class="button nav-last" href="//pokemonshowdown.com/forums/">Forum</a></li>
			<li><a class="button greenbutton nav-first nav-last" href="//play.pokemonshowdown.com/">Play</a></li>
		</ul></div>
	</header>

	<div class="main" id="main">

		<noscript><section class="section">You need to enable JavaScript to use this page; sorry!</section></noscript>

	</div>

</div>

<script defer nomodule src="//play.pokemonshowdown.com/js/lib/ps-polyfill.js"></script>
<script defer src="//play.pokemonshowdown.com/js/lib/preact.min.js"></script>

<script defer src="//play.pokemonshowdown.com/config/config.js?2bddbc15"></script>
<script defer src="//play.pokemonshowdown.com/js/lib/jquery-1.11.0.min.js"></script>
<script defer src="//play.pokemonshowdown.com/js/lib/html-sanitizer-minified.js"></script>
<script defer src="//play.pokemonshowdown.com/js/battle-sound.js"></script>
<script defer src="//play.pokemonshowdown.com/js/battledata.js?0.7209276989879541"></script>
<script defer src="//play.pokemonshowdown.com/data/pokedex-mini.js?0.6111056340867951"></script>
<script defer src="//play.pokemonshowdown.com/data/pokedex-mini-bw.js?0.3532142036491459"></script>
<script defer src="//play.pokemonshowdown.com/data/graphics.js?0.24223875632456182"></script>
<script defer src="//play.pokemonshowdown.com/data/pokedex.js?0.38839984266356864"></script>
<script defer src="//play.pokemonshowdown.com/data/moves.js?0.21866028504024015"></script>
<script defer src="//play.pokemonshowdown.com/data/abilities.js?0.2005157953846628"></script>
<script defer src="//play.pokemonshowdown.com/data/items.js?0.9894211263848525"></script>
<script defer src="//play.pokemonshowdown.com/data/teambuilder-tables.js?0.6008791140282215"></script>
<script defer src="//play.pokemonshowdown.com/js/battle-tooltips.js?0.7580118955022959"></script>
<script defer src="//play.pokemonshowdown.com/js/battle.js?0.6057722274234274"></script>

<script defer src="js/utils.js?e31f9a17"></script>
<script defer src="js/replays-battle.js?7008c182"></script>

<!-- don't scrape this data! just add .json or .log after the URL!
Full API docs: https://github.com/smogon/pokemon-showdown-client/blob/master/WEB-API.md -->
<script type="text/plain" class="log" id="replaylog-smogtours-gen3ou-801616">
|inactive|Battle timer is ON: inactive players will automatically lose when time's up.
|t:|1729798789
|gametype|singles
|player|p1|Team Constantin|hilbert-wonderlauncher|
|player|p2|Fear|#gscpl3ironmanmachamps|
|teamsize|p1|6
|teamsize|p2|6
|gen|3
|tier|[Gen 3] OU
|rule|Sleep Clause Mod: Limit one foe put to sleep
|rule|Switch Priority Clause Mod: Faster Pokémon switch first
|rule|Species Clause: Limit one of each Pokémon
|rule|OHKO Clause: OHKO moves are banned
|rule|Evasion Items Clause: Evasion items are banned
|rule|Evasion Moves Clause: Evasion moves are banned
|rule|Endless Battle Clause: Forcing endless battles is banned
|rule|HP Percentage Mod: HP is shown in percentages
|rule|One Boost Passer Clause: Limit one Baton Passer that has a way to boost its stats
|rule|Freeze Clause Mod: Limit one foe frozen
|
|t:|1729798789
|start
|switch|p1a: Tyranitar|Tyranitar, F|100/100
|switch|p2a: Tyranitar|Tyranitar, F|100/100
|-weather|Sandstorm|[from] ability: Sand Stream|[of] p2a: Tyranitar
|turn|1
|c|☆Team Constantin|hf
|c|☆Fear|u2
|inactive|Team Constantin has 270 seconds left.
|
|t:|1729798832
|switch|p2a: Skarmory|Skarmory, M|100/100
|switch|p1a: Milotic|Milotic, M|100/100
|
|-weather|Sandstorm|[upkeep]
|-damage|p1a: Milotic|94/100|[from] Sandstorm
|-heal|p1a: Milotic|100/100|[from] item: Leftovers
|upkeep
|turn|2
|inactive|Team Constantin has 270 seconds left.
|
|t:|1729798875
|switch|p1a: Tyranitar|Tyranitar, F|100/100
|move|p2a: Skarmory|Spikes|p1a: Tyranitar
|-sidestart|p1: Team Constantin|Spikes
|
|-weather|Sandstorm|[upkeep]
|upkeep
|turn|3
|inactive|Fear has 270 seconds left.
|
|t:|1729798910
|switch|p2a: Starmie|Starmie|100/100
|move|p1a: Tyranitar|Brick Break|p2a: Starmie
|-resisted|p2a: Starmie
|-damage|p2a: Starmie|83/100
|
|-weather|Sandstorm|[upkeep]
|-damage|p2a: Starmie|77/100|[from] Sandstorm
|-heal|p2a: Starmie|83/100|[from] item: Leftovers
|upkeep
|turn|4
|
|t:|1729798915
|switch|p1a: Blissey|Blissey, F|100/100
|-damage|p1a: Blissey|88/100|[from] Spikes
|move|p2a: Starmie|Surf|p1a: Blissey
|-crit|p1a: Blissey
|-damage|p1a: Blissey|54/100
|
|-weather|Sandstorm|[upkeep]
|-damage|p2a: Starmie|77/100|[from] Sandstorm
|-damage|p1a: Blissey|48/100|[from] Sandstorm
|-heal|p2a: Starmie|83/100|[from] item: Leftovers
|-heal|p1a: Blissey|54/100|[from] item: Leftovers
|upkeep
|turn|5
|inactive|Team Constantin has 270 seconds left.
|inactive|Fear has 270 seconds left.
|
|t:|1729798936
|switch|p2a: Tyranitar|Tyranitar, F|100/100
|move|p1a: Blissey|Soft-Boiled|p1a: Blissey
|-heal|p1a: Blissey|100/100
|
|-weather|Sandstorm|[upkeep]
|-damage|p1a: Blissey|94/100|[from] Sandstorm
|-heal|p1a: Blissey|100/100|[from] item: Leftovers
|upkeep
|turn|6
|
|t:|1729798944
|switch|p1a: Skarmory|Skarmory, M|100/100
|move|p2a: Tyranitar|Taunt|p1a: Skarmory
|-start|p1a: Skarmory|move: Taunt
|
|-weather|Sandstorm|[upkeep]
|upkeep
|turn|7
|inactive|Fear has 270 seconds left.
|
|t:|1729798961
|switch|p1a: Milotic|Milotic, M|100/100
|-damage|p1a: Milotic|88/100|[from] Spikes
|move|p2a: Tyranitar|Hidden Power|p1a: Milotic
|-supereffective|p1a: Milotic
|-damage|p1a: Milotic|57/100
|
|-weather|Sandstorm|[upkeep]
|-damage|p1a: Milotic|51/100|[from] Sandstorm
|-heal|p1a: Milotic|57/100|[from] item: Leftovers
|upkeep
|turn|8
|
|t:|1729798972
|move|p2a: Tyranitar|Taunt|p1a: Milotic
|-start|p1a: Milotic|move: Taunt
|move|p1a: Milotic|Surf|p2a: Tyranitar
|-supereffective|p2a: Tyranitar
|-damage|p2a: Tyranitar|35/100
|
|-weather|Sandstorm|[upkeep]
|-damage|p1a: Milotic|51/100|[from] Sandstorm
|-heal|p2a: Tyranitar|41/100|[from] item: Leftovers
|-heal|p1a: Milotic|57/100|[from] item: Leftovers
|upkeep
|turn|9
|inactive|Team Constantin has 270 seconds left.
|
|t:|1729798990
|switch|p2a: Starmie|Starmie|83/100
|switch|p1a: Blissey|Blissey, F|100/100
|-damage|p1a: Blissey|88/100|[from] Spikes
|
|-weather|Sandstorm|[upkeep]
|-damage|p2a: Starmie|77/100|[from] Sandstorm
|-damage|p1a: Blissey|82/100|[from] Sandstorm
|-heal|p2a: Starmie|83/100|[from] item: Leftovers
|-heal|p1a: Blissey|88/100|[from] item: Leftovers
|upkeep
|turn|10
|
|t:|1729799000
|switch|p2a: Blissey|Blissey, F|100/100
|move|p1a: Blissey|Seismic Toss|p2a: Blissey
|-damage|p2a: Blissey|86/100
|
|-weather|Sandstorm|[upkeep]
|-damage|p2a: Blissey|80/100|[from] Sandstorm
|-damage|p1a: Blissey|82/100|[from] Sandstorm
|-heal|p2a: Blissey|86/100|[from] item: Leftovers
|-heal|p1a: Blissey|88/100|[from] item: Leftovers
|upkeep
|turn|11
|
|t:|1729799012
|switch|p2a: Skarmory|Skarmory, M|100/100
|move|p1a: Blissey|Thunder Wave|p2a: Skarmory
|-status|p2a: Skarmory|par
|
|-weather|Sandstorm|[upkeep]
|-damage|p1a: Blissey|82/100|[from] Sandstorm
|-heal|p1a: Blissey|88/100|[from] item: Leftovers
|upkeep
|turn|12
|
|t:|1729799030
|switch|p1a: Skarmory|Skarmory, M|100/100
|move|p2a: Skarmory|Taunt|p1a: Skarmory
|-start|p1a: Skarmory|move: Taunt
|
|-weather|Sandstorm|[upkeep]
|upkeep
|turn|13
|
|t:|1729799036
|switch|p1a: Tyranitar|Tyranitar, F|100/100
|-damage|p1a: Tyranitar|88/100|[from] Spikes
|switch|p2a: Tyranitar|Tyranitar, F|41/100
|
|-weather|Sandstorm|[upkeep]
|-heal|p2a: Tyranitar|47/100|[from] item: Leftovers
|-heal|p1a: Tyranitar|94/100|[from] item: Leftovers
|upkeep
|turn|14
|
|t:|1729799054
|switch|p2a: Starmie|Starmie|83/100
|move|p1a: Tyranitar|Brick Break|p2a: Starmie
|-resisted|p2a: Starmie
|-damage|p2a: Starmie|67/100
|
|-weather|Sandstorm|[upkeep]
|-damage|p2a: Starmie|61/100|[from] Sandstorm
|-heal|p2a: Starmie|67/100|[from] item: Leftovers
|-heal|p1a: Tyranitar|100/100|[from] item: Leftovers
|upkeep
|turn|15
|inactive|Team Constantin has 270 seconds left.
|
|t:|1729799073
|switch|p1a: Blissey|Blissey, F|88/100
|-damage|p1a: Blissey|76/100|[from] Spikes
|move|p2a: Starmie|Recover|p2a: Starmie
|-heal|p2a: Starmie|100/100
|
|-weather|Sandstorm|[upkeep]
|-damage|p2a: Starmie|94/100|[from] Sandstorm
|-damage|p1a: Blissey|69/100|[from] Sandstorm
|-heal|p2a: Starmie|100/100|[from] item: Leftovers
|-heal|p1a: Blissey|76/100|[from] item: Leftovers
|upkeep
|turn|16
|
|t:|1729799078
|switch|p2a: Skarmory|Skarmory, M|100/100 par
|move|p1a: Blissey|Seismic Toss|p2a: Skarmory
|-damage|p2a: Skarmory|70/100 par
|
|-weather|Sandstorm|[upkeep]
|-damage|p1a: Blissey|69/100|[from] Sandstorm
|-heal|p1a: Blissey|76/100|[from] item: Leftovers
|-heal|p2a: Skarmory|76/100 par|[from] item: Leftovers
|upkeep
|turn|17
|
|t:|1729799083
|switch|p1a: Milotic|Milotic, M|57/100
|-damage|p1a: Milotic|45/100|[from] Spikes
|move|p2a: Skarmory|Spikes|p1a: Milotic
|-sidestart|p1: Team Constantin|Spikes
|
|-weather|Sandstorm|[upkeep]
|-damage|p1a: Milotic|38/100|[from] Sandstorm
|-heal|p1a: Milotic|45/100|[from] item: Leftovers
|-heal|p2a: Skarmory|82/100 par|[from] item: Leftovers
|upkeep
|turn|18
|
|t:|1729799088
|move|p1a: Milotic|Recover|p1a: Milotic
|-heal|p1a: Milotic|94/100
|cant|p2a: Skarmory|par
|
|-weather|Sandstorm|[upkeep]
|-damage|p1a: Milotic|88/100|[from] Sandstorm
|-heal|p1a: Milotic|94/100|[from] item: Leftovers
|-heal|p2a: Skarmory|88/100 par|[from] item: Leftovers
|upkeep
|turn|19
|
|t:|1729799097
|switch|p1a: Skarmory|Skarmory, M|100/100
|cant|p2a: Skarmory|par
|
|-weather|Sandstorm|[upkeep]
|-heal|p2a: Skarmory|94/100 par|[from] item: Leftovers
|upkeep
|turn|20
|
|t:|1729799102
|move|p1a: Skarmory|Spikes|p2a: Skarmory
|-sidestart|p2: Fear|Spikes
|move|p2a: Skarmory|Taunt|p1a: Skarmory
|-start|p1a: Skarmory|move: Taunt
|
|-weather|Sandstorm|[upkeep]
|-heal|p2a: Skarmory|100/100 par|[from] item: Leftovers
|upkeep
|turn|21
|
|t:|1729799121
|move|p1a: Skarmory|Drill Peck|p2a: Skarmory
|-resisted|p2a: Skarmory
|-damage|p2a: Skarmory|92/100 par
|cant|p2a: Skarmory|par
|
|-weather|Sandstorm|[upkeep]
|-end|p1a: Skarmory|move: Taunt|[silent]
|-heal|p2a: Skarmory|98/100 par|[from] item: Leftovers
|upkeep
|turn|22
|
|t:|1729799129
|switch|p1a: Tyranitar|Tyranitar, F|100/100
|-damage|p1a: Tyranitar|84/100|[from] Spikes
|move|p2a: Skarmory|Spikes|p1a: Tyranitar
|-sidestart|p1: Team Constantin|Spikes
|
|-weather|Sandstorm|[upkeep]
|-heal|p1a: Tyranitar|90/100|[from] item: Leftovers
|-heal|p2a: Skarmory|100/100 par|[from] item: Leftovers
|upkeep
|turn|23
|
|t:|1729799137
|move|p1a: Tyranitar|Hidden Power|p2a: Skarmory
|-resisted|p2a: Skarmory
|-damage|p2a: Skarmory|95/100 par
|cant|p2a: Skarmory|par
|
|-weather|Sandstorm|[upkeep]
|-heal|p1a: Tyranitar|96/100|[from] item: Leftovers
|-heal|p2a: Skarmory|100/100 par|[from] item: Leftovers
|upkeep
|turn|24
|
|t:|1729799146
|move|p1a: Tyranitar|Fire Blast|p2a: Skarmory
|-supereffective|p2a: Skarmory
|-damage|p2a: Skarmory|21/100 par
|cant|p2a: Skarmory|par
|
|-weather|Sandstorm|[upkeep]
|-heal|p1a: Tyranitar|100/100|[from] item: Leftovers
|-heal|p2a: Skarmory|27/100 par|[from] item: Leftovers
|upkeep
|turn|25
|inactive|Team Constantin has 270 seconds left.
|inactive|Fear has 270 seconds left.
|inactive|Team Constantin has 240 seconds left.
|
|t:|1729799230
|move|p1a: Tyranitar|Ancient Power|p2a: Skarmory
|-damage|p2a: Skarmory|8/100 par
|cant|p2a: Skarmory|par
|
|-weather|Sandstorm|[upkeep]
|-heal|p2a: Skarmory|14/100 par|[from] item: Leftovers
|upkeep
|turn|26
|
|t:|1729799237
|switch|p2a: Claydol|Claydol|100/100
|move|p1a: Tyranitar|Ancient Power|p2a: Claydol
|-resisted|p2a: Claydol
|-damage|p2a: Claydol|83/100
|-boost|p1a: Tyranitar|atk|1
|-boost|p1a: Tyranitar|def|1
|-boost|p1a: Tyranitar|spa|1
|-boost|p1a: Tyranitar|spd|1
|-boost|p1a: Tyranitar|spe|1
|
|-weather|Sandstorm|[upkeep]
|-heal|p2a: Claydol|89/100|[from] item: Leftovers
|upkeep
|turn|27
|
|t:|1729799247
|move|p1a: Tyranitar|Hidden Power|p2a: Claydol
|-supereffective|p2a: Claydol
|-damage|p2a: Claydol|42/100
|move|p2a: Claydol|Earthquake|p1a: Tyranitar
|-supereffective|p1a: Tyranitar
|-damage|p1a: Tyranitar|61/100
|
|-weather|Sandstorm|[upkeep]
|-heal|p1a: Tyranitar|68/100|[from] item: Leftovers
|-heal|p2a: Claydol|48/100|[from] item: Leftovers
|upkeep
|turn|28
|
|t:|1729799261
|switch|p2a: Tyranitar|Tyranitar, F|47/100
|-damage|p2a: Tyranitar|35/100|[from] Spikes
|move|p1a: Tyranitar|Hidden Power|p2a: Tyranitar
|-supereffective|p2a: Tyranitar
|-damage|p2a: Tyranitar|0 fnt
|faint|p2a: Tyranitar
|
|t:|1729799263
|switch|p2a: Dugtrio|Dugtrio, F|100/100
|-damage|p2a: Dugtrio|88/100|[from] Spikes
|
|-weather|Sandstorm|[upkeep]
|-heal|p1a: Tyranitar|74/100|[from] item: Leftovers
|upkeep
|turn|29
|
|t:|1729799277
|move|p2a: Dugtrio|Earthquake|p1a: Tyranitar
|-supereffective|p1a: Tyranitar
|-damage|p1a: Tyranitar|20/100
|move|p1a: Tyranitar|Hidden Power|p2a: Dugtrio
|-supereffective|p2a: Dugtrio
|-damage|p2a: Dugtrio|0 fnt
|faint|p2a: Dugtrio
|
|t:|1729799286
|switch|p2a: Starmie|Starmie|100/100
|-damage|p2a: Starmie|88/100|[from] Spikes
|
|-weather|Sandstorm|[upkeep]
|-damage|p2a: Starmie|82/100|[from] Sandstorm
|-heal|p2a: Starmie|88/100|[from] item: Leftovers
|-heal|p1a: Tyranitar|26/100|[from] item: Leftovers
|upkeep
|turn|30
|
|t:|1729799302
|move|p2a: Starmie|Surf|p1a: Tyranitar
|-supereffective|p1a: Tyranitar
|-damage|p1a: Tyranitar|0 fnt
|faint|p1a: Tyranitar
|inactive|Team Constantin has 240 seconds left.
|inactive|Team Constantin has 210 seconds left.
|
|t:|1729799344
|switch|p1a: Swampert|Swampert, M|100/100
|-damage|p1a: Swampert|76/100|[from] Spikes
|
|-weather|Sandstorm|[upkeep]
|-damage|p2a: Starmie|82/100|[from] Sandstorm
|-heal|p2a: Starmie|88/100|[from] item: Leftovers
|upkeep
|turn|31
|inactive|Fear has 270 seconds left.
|inactive|Team Constantin has 210 seconds left.
|inactive|Fear has 240 seconds left.
|inactive|Fear has 210 seconds left.
|
|t:|1729799436
|move|p2a: Starmie|Ice Beam|p1a: Swampert
|-damage|p1a: Swampert|42/100
|move|p1a: Swampert|Substitute|p1a: Swampert
|-start|p1a: Swampert|Substitute
|-damage|p1a: Swampert|18/100
|
|-weather|Sandstorm|[upkeep]
|-damage|p2a: Starmie|82/100|[from] Sandstorm
|-heal|p2a: Starmie|88/100|[from] item: Leftovers
|-enditem|p1a: Swampert|Salac Berry|[eat]
|-boost|p1a: Swampert|spe|1|[from] item: Salac Berry
|upkeep
|turn|32
|
|t:|1729799444
|move|p1a: Swampert|Endeavor|p2a: Starmie
|-damage|p2a: Starmie|23/100
|move|p2a: Starmie|Recover|p2a: Starmie
|-heal|p2a: Starmie|73/100
|
|-weather|Sandstorm|[upkeep]
|-damage|p2a: Starmie|66/100|[from] Sandstorm
|-heal|p2a: Starmie|73/100|[from] item: Leftovers
|upkeep
|turn|33
|
|t:|1729799451
|move|p1a: Swampert|Ice Beam|p2a: Starmie
|-resisted|p2a: Starmie
|-damage|p2a: Starmie|56/100
|move|p2a: Starmie|Recover|p2a: Starmie
|-heal|p2a: Starmie|100/100
|
|-weather|Sandstorm|[upkeep]
|-damage|p2a: Starmie|94/100|[from] Sandstorm
|-heal|p2a: Starmie|100/100|[from] item: Leftovers
|upkeep
|turn|34
|
|t:|1729799456
|move|p1a: Swampert|Endeavor|p2a: Starmie
|-damage|p2a: Starmie|23/100
|move|p2a: Starmie|Recover|p2a: Starmie
|-heal|p2a: Starmie|73/100
|
|-weather|Sandstorm|[upkeep]
|-damage|p2a: Starmie|66/100|[from] Sandstorm
|-heal|p2a: Starmie|73/100|[from] item: Leftovers
|upkeep
|turn|35
|
|t:|1729799460
|move|p1a: Swampert|Ice Beam|p2a: Starmie
|-resisted|p2a: Starmie
|-damage|p2a: Starmie|55/100
|move|p2a: Starmie|Recover|p2a: Starmie
|-heal|p2a: Starmie|100/100
|
|-weather|Sandstorm|[upkeep]
|-damage|p2a: Starmie|94/100|[from] Sandstorm
|-heal|p2a: Starmie|100/100|[from] item: Leftovers
|upkeep
|turn|36
|
|t:|1729799463
|move|p1a: Swampert|Ice Beam|p2a: Starmie
|-resisted|p2a: Starmie
|-damage|p2a: Starmie|81/100
|move|p2a: Starmie|Recover|p2a: Starmie
|-heal|p2a: Starmie|100/100
|
|-weather|Sandstorm|[upkeep]
|-damage|p2a: Starmie|94/100|[from] Sandstorm
|-heal|p2a: Starmie|100/100|[from] item: Leftovers
|upkeep
|turn|37
|
|t:|1729799465
|move|p1a: Swampert|Ice Beam|p2a: Starmie
|-resisted|p2a: Starmie
|-damage|p2a: Starmie|83/100
|-status|p2a: Starmie|frz
|-curestatus|p2a: Starmie|frz|[msg]
|move|p2a: Starmie|Recover|p2a: Starmie
|-heal|p2a: Starmie|100/100
|
|-weather|Sandstorm|[upkeep]
|-damage|p2a: Starmie|94/100|[from] Sandstorm
|-heal|p2a: Starmie|100/100|[from] item: Leftovers
|upkeep
|turn|38
|
|t:|1729799468
|move|p1a: Swampert|Ice Beam|p2a: Starmie
|-resisted|p2a: Starmie
|-damage|p2a: Starmie|84/100
|move|p2a: Starmie|Recover|p2a: Starmie
|-heal|p2a: Starmie|100/100
|
|-weather|Sandstorm|[upkeep]
|-damage|p2a: Starmie|94/100|[from] Sandstorm
|-heal|p2a: Starmie|100/100|[from] item: Leftovers
|upkeep
|turn|39
|
|t:|1729799470
|move|p1a: Swampert|Ice Beam|p2a: Starmie
|-resisted|p2a: Starmie
|-damage|p2a: Starmie|82/100
|move|p2a: Starmie|Recover|p2a: Starmie
|-heal|p2a: Starmie|100/100
|
|-weather|Sandstorm|[upkeep]
|-damage|p2a: Starmie|94/100|[from] Sandstorm
|-heal|p2a: Starmie|100/100|[from] item: Leftovers
|upkeep
|turn|40
|
|t:|1729799472
|move|p1a: Swampert|Ice Beam|p2a: Starmie
|-resisted|p2a: Starmie
|-damage|p2a: Starmie|84/100
|move|p2a: Starmie|Recover|p2a: Starmie
|-heal|p2a: Starmie|100/100
|
|-weather|Sandstorm|[upkeep]
|-damage|p2a: Starmie|94/100|[from] Sandstorm
|-heal|p2a: Starmie|100/100|[from] item: Leftovers
|upkeep
|turn|41
|
|t:|1729799474
|move|p1a: Swampert|Ice Beam|p2a: Starmie
|-resisted|p2a: Starmie
|-crit|p2a: Starmie
|-damage|p2a: Starmie|66/100
|move|p2a: Starmie|Surf|p1a: Swampert
|-end|p1a: Swampert|Substitute
|
|-weather|Sandstorm|[upkeep]
|-damage|p2a: Starmie|60/100|[from] Sandstorm
|-heal|p2a: Starmie|66/100|[from] item: Leftovers
|upkeep
|turn|42
|
|t:|1729799482
|move|p1a: Swampert|Endeavor|p2a: Starmie
|-damage|p2a: Starmie|23/100
|move|p2a: Starmie|Recover|p2a: Starmie
|-heal|p2a: Starmie|73/100
|
|-weather|Sandstorm|[upkeep]
|-damage|p2a: Starmie|66/100|[from] Sandstorm
|-heal|p2a: Starmie|73/100|[from] item: Leftovers
|upkeep
|turn|43
|
|t:|1729799489
|move|p1a: Swampert|Endeavor|p2a: Starmie
|-damage|p2a: Starmie|23/100
|move|p2a: Starmie|Recover|p2a: Starmie
|-heal|p2a: Starmie|73/100
|
|-weather|Sandstorm|[upkeep]
|-damage|p2a: Starmie|66/100|[from] Sandstorm
|-heal|p2a: Starmie|73/100|[from] item: Leftovers
|upkeep
|turn|44
|
|t:|1729799492
|move|p1a: Swampert|Ice Beam|p2a: Starmie
|-resisted|p2a: Starmie
|-damage|p2a: Starmie|55/100
|move|p2a: Starmie|Recover|p2a: Starmie
|-heal|p2a: Starmie|100/100
|
|-weather|Sandstorm|[upkeep]
|-damage|p2a: Starmie|94/100|[from] Sandstorm
|-heal|p2a: Starmie|100/100|[from] item: Leftovers
|upkeep
|turn|45
|
|t:|1729799494
|move|p1a: Swampert|Endeavor|p2a: Starmie
|-damage|p2a: Starmie|23/100
|move|p2a: Starmie|Recover|p2a: Starmie
|-heal|p2a: Starmie|73/100
|
|-weather|Sandstorm|[upkeep]
|-damage|p2a: Starmie|66/100|[from] Sandstorm
|-heal|p2a: Starmie|73/100|[from] item: Leftovers
|upkeep
|turn|46
|
|t:|1729799498
|move|p1a: Swampert|Ice Beam|p2a: Starmie
|-resisted|p2a: Starmie
|-damage|p2a: Starmie|55/100
|move|p2a: Starmie|Recover|p2a: Starmie
|-heal|p2a: Starmie|100/100
|
|-weather|Sandstorm|[upkeep]
|-damage|p2a: Starmie|94/100|[from] Sandstorm
|-heal|p2a: Starmie|100/100|[from] item: Leftovers
|upkeep
|turn|47
|
|t:|1729799501
|move|p1a: Swampert|Endeavor|p2a: Starmie
|-damage|p2a: Starmie|23/100
|move|p2a: Starmie|Recover|p2a: Starmie
|-heal|p2a: Starmie|73/100
|
|-weather|Sandstorm|[upkeep]
|-damage|p2a: Starmie|66/100|[from] Sandstorm
|-heal|p2a: Starmie|73/100|[from] item: Leftovers
|upkeep
|turn|48
|
|t:|1729799503
|move|p1a: Swampert|Ice Beam|p2a: Starmie
|-resisted|p2a: Starmie
|-damage|p2a: Starmie|56/100
|move|p2a: Starmie|Recover|p2a: Starmie
|-heal|p2a: Starmie|100/100
|
|-weather|Sandstorm|[upkeep]
|-damage|p2a: Starmie|94/100|[from] Sandstorm
|-heal|p2a: Starmie|100/100|[from] item: Leftovers
|upkeep
|turn|49
|
|t:|1729799506
|move|p1a: Swampert|Endeavor|p2a: Starmie
|-damage|p2a: Starmie|23/100
|move|p2a: Starmie|Recover|p2a: Starmie
|-heal|p2a: Starmie|73/100
|
|-weather|Sandstorm|[upkeep]
|-damage|p2a: Starmie|66/100|[from] Sandstorm
|-heal|p2a: Starmie|73/100|[from] item: Leftovers
|upkeep
|turn|50
|
|t:|1729799508
|move|p1a: Swampert|Ice Beam|p2a: Starmie
|-resisted|p2a: Starmie
|-damage|p2a: Starmie|53/100
|move|p2a: Starmie|Recover|p2a: Starmie
|-heal|p2a: Starmie|100/100
|
|-weather|Sandstorm|[upkeep]
|-damage|p2a: Starmie|94/100|[from] Sandstorm
|-heal|p2a: Starmie|100/100|[from] item: Leftovers
|upkeep
|turn|51
|
|t:|1729799511
|move|p1a: Swampert|Endeavor|p2a: Starmie
|-damage|p2a: Starmie|23/100
|move|p2a: Starmie|Recover|p2a: Starmie
|-heal|p2a: Starmie|73/100
|
|-weather|Sandstorm|[upkeep]
|-damage|p2a: Starmie|66/100|[from] Sandstorm
|-heal|p2a: Starmie|73/100|[from] item: Leftovers
|upkeep
|turn|52
|
|t:|1729799514
|move|p1a: Swampert|Ice Beam|p2a: Starmie
|-resisted|p2a: Starmie
|-damage|p2a: Starmie|55/100
|-status|p2a: Starmie|frz
|cant|p2a: Starmie|frz
|
|-weather|Sandstorm|[upkeep]
|-damage|p2a: Starmie|49/100 frz|[from] Sandstorm
|-heal|p2a: Starmie|55/100 frz|[from] item: Leftovers
|upkeep
|turn|53
|
|t:|1729799521
|-curestatus|p2a: Starmie|frz|[from] ability: Natural Cure
|switch|p2a: Blissey|Blissey, F|86/100
|-damage|p2a: Blissey|74/100|[from] Spikes
|move|p1a: Swampert|Hydro Pump|p2a: Blissey
|-damage|p2a: Blissey|47/100
|
|-weather|Sandstorm|[upkeep]
|-damage|p2a: Blissey|41/100|[from] Sandstorm
|-heal|p2a: Blissey|47/100|[from] item: Leftovers
|upkeep
|turn|54
|inactive|Team Constantin has 270 seconds left.
|
|t:|1729799551
|switch|p1a: Milotic|Milotic, M|94/100
|-damage|p1a: Milotic|69/100|[from] Spikes
|move|p2a: Blissey|Soft-Boiled|p2a: Blissey
|-heal|p2a: Blissey|97/100
|
|-weather|Sandstorm|[upkeep]
|-damage|p1a: Milotic|63/100|[from] Sandstorm
|-damage|p2a: Blissey|91/100|[from] Sandstorm
|-heal|p1a: Milotic|69/100|[from] item: Leftovers
|-heal|p2a: Blissey|97/100|[from] item: Leftovers
|upkeep
|turn|55
|
|t:|1729799557
|switch|p2a: Starmie|Starmie|55/100
|-damage|p2a: Starmie|43/100|[from] Spikes
|move|p1a: Milotic|Toxic|p2a: Starmie
|-status|p2a: Starmie|tox
|
|-weather|Sandstorm|[upkeep]
|-damage|p2a: Starmie|37/100 tox|[from] Sandstorm
|-damage|p1a: Milotic|63/100|[from] Sandstorm
|-heal|p2a: Starmie|43/100 tox|[from] item: Leftovers
|-damage|p2a: Starmie|37/100 tox|[from] psn
|-heal|p1a: Milotic|69/100|[from] item: Leftovers
|upkeep
|turn|56
|
|t:|1729799562
|move|p2a: Starmie|Recover|p2a: Starmie
|-heal|p2a: Starmie|86/100 tox
|move|p1a: Milotic|Surf|p2a: Starmie
|-resisted|p2a: Starmie
|-damage|p2a: Starmie|64/100 tox
|
|-weather|Sandstorm|[upkeep]
|-damage|p2a: Starmie|58/100 tox|[from] Sandstorm
|-damage|p1a: Milotic|63/100|[from] Sandstorm
|-heal|p2a: Starmie|64/100 tox|[from] item: Leftovers
|-damage|p2a: Starmie|51/100 tox|[from] psn
|-heal|p1a: Milotic|69/100|[from] item: Leftovers
|upkeep
|turn|57
|
|t:|1729799569
|move|p2a: Starmie|Recover|p2a: Starmie
|-heal|p2a: Starmie|100/100 tox
|move|p1a: Milotic|Surf|p2a: Starmie
|-resisted|p2a: Starmie
|-damage|p2a: Starmie|77/100 tox
|
|-weather|Sandstorm|[upkeep]
|-damage|p2a: Starmie|71/100 tox|[from] Sandstorm
|-damage|p1a: Milotic|63/100|[from] Sandstorm
|-heal|p2a: Starmie|77/100 tox|[from] item: Leftovers
|-damage|p2a: Starmie|59/100 tox|[from] psn
|-heal|p1a: Milotic|69/100|[from] item: Leftovers
|upkeep
|turn|58
|
|t:|1729799573
|-curestatus|p2a: Starmie|tox|[from] ability: Natural Cure
|switch|p2a: Blissey|Blissey, F|97/100
|-damage|p2a: Blissey|84/100|[from] Spikes
|switch|p1a: Skarmory|Skarmory, M|100/100
|
|-weather|Sandstorm|[upkeep]
|-damage|p2a: Blissey|78/100|[from] Sandstorm
|-heal|p2a: Blissey|84/100|[from] item: Leftovers
|upkeep
|turn|59
|
|t:|1729799580
|switch|p2a: Starmie|Starmie|59/100
|-damage|p2a: Starmie|46/100|[from] Spikes
|move|p1a: Skarmory|Drill Peck|p2a: Starmie
|-damage|p2a: Starmie|10/100
|
|-weather|Sandstorm|[upkeep]
|-damage|p2a: Starmie|4/100|[from] Sandstorm
|-heal|p2a: Starmie|10/100|[from] item: Leftovers
|upkeep
|turn|60
|
|t:|1729799588
|move|p2a: Starmie|Recover|p2a: Starmie
|-heal|p2a: Starmie|60/100
|move|p1a: Skarmory|Roar|p2a: Starmie
|drag|p2a: Blissey|Blissey, F|84/100
|-damage|p2a: Blissey|72/100|[from] Spikes
|
|-weather|Sandstorm|[upkeep]
|-damage|p2a: Blissey|66/100|[from] Sandstorm
|-heal|p2a: Blissey|72/100|[from] item: Leftovers
|upkeep
|turn|61
|
|t:|1729799598
|switch|p1a: Swampert|Swampert, M|18/100
|-damage|p1a: Swampert|0 fnt|[from] Spikes
|faint|p1a: Swampert
|
|t:|1729799619
|switch|p1a: Skarmory|Skarmory, M|100/100
|
|-weather|Sandstorm|[upkeep]
|-damage|p2a: Blissey|66/100|[from] Sandstorm
|-heal|p2a: Blissey|72/100|[from] item: Leftovers
|upkeep
|turn|62
|
|t:|1729799627
|switch|p2a: Starmie|Starmie|60/100
|-damage|p2a: Starmie|48/100|[from] Spikes
|move|p1a: Skarmory|Spikes|p2a: Starmie
|-sidestart|p2: Fear|Spikes
|
|-weather|Sandstorm|[upkeep]
|-damage|p2a: Starmie|41/100|[from] Sandstorm
|-heal|p2a: Starmie|48/100|[from] item: Leftovers
|upkeep
|turn|63
|
|t:|1729799630
|move|p2a: Starmie|Recover|p2a: Starmie
|-heal|p2a: Starmie|97/100
|move|p1a: Skarmory|Drill Peck|p2a: Starmie
|-damage|p2a: Starmie|64/100
|
|-weather|Sandstorm|[upkeep]
|-damage|p2a: Starmie|58/100|[from] Sandstorm
|-heal|p2a: Starmie|64/100|[from] item: Leftovers
|upkeep
|turn|64
|
|t:|1729799632
|move|p2a: Starmie|Recover|p2a: Starmie
|-heal|p2a: Starmie|100/100
|move|p1a: Skarmory|Drill Peck|p2a: Starmie
|-damage|p2a: Starmie|69/100
|
|-weather|Sandstorm|[upkeep]
|-damage|p2a: Starmie|63/100|[from] Sandstorm
|-heal|p2a: Starmie|69/100|[from] item: Leftovers
|upkeep
|turn|65
|
|t:|1729799635
|move|p2a: Starmie|Recover|p2a: Starmie
|-heal|p2a: Starmie|100/100
|move|p1a: Skarmory|Drill Peck|p2a: Starmie
|-damage|p2a: Starmie|65/100
|
|-weather|Sandstorm|[upkeep]
|-damage|p2a: Starmie|59/100|[from] Sandstorm
|-heal|p2a: Starmie|65/100|[from] item: Leftovers
|upkeep
|turn|66
|
|t:|1729799637
|move|p2a: Starmie|Thunderbolt|p1a: Skarmory
|-supereffective|p1a: Skarmory
|-damage|p1a: Skarmory|45/100
|move|p1a: Skarmory|Roar|p2a: Starmie
|drag|p2a: Blissey|Blissey, F|72/100
|-damage|p2a: Blissey|55/100|[from] Spikes
|
|-weather|Sandstorm|[upkeep]
|-damage|p2a: Blissey|49/100|[from] Sandstorm
|-heal|p1a: Skarmory|51/100|[from] item: Leftovers
|-heal|p2a: Blissey|55/100|[from] item: Leftovers
|upkeep
|turn|67
|
|t:|1729799651
|move|p1a: Skarmory|Drill Peck|p2a: Blissey
|-damage|p2a: Blissey|35/100
|move|p2a: Blissey|Soft-Boiled|p2a: Blissey
|-heal|p2a: Blissey|85/100
|
|-weather|Sandstorm|[upkeep]
|-damage|p2a: Blissey|79/100|[from] Sandstorm
|-heal|p1a: Skarmory|57/100|[from] item: Leftovers
|-heal|p2a: Blissey|85/100|[from] item: Leftovers
|upkeep
|turn|68
|
|t:|1729799658
|move|p2a: Blissey|Seismic Toss|p1a: Skarmory
|-damage|p1a: Skarmory|27/100
|move|p1a: Skarmory|Roar|p2a: Blissey
|drag|p2a: Claydol|Claydol|48/100
|
|-weather|Sandstorm|[upkeep]
|-heal|p2a: Claydol|54/100|[from] item: Leftovers
|-heal|p1a: Skarmory|33/100|[from] item: Leftovers
|upkeep
|turn|69
|
|t:|1729799663
|move|p2a: Claydol|Rapid Spin|p1a: Skarmory
|-resisted|p1a: Skarmory
|-damage|p1a: Skarmory|31/100
|-sideend|p2: Fear|Spikes|[from] move: Rapid Spin|[of] p2a: Claydol
|move|p1a: Skarmory|Spikes|p2a: Claydol
|-sidestart|p2: Fear|Spikes
|
|-weather|Sandstorm|[upkeep]
|-heal|p2a: Claydol|61/100|[from] item: Leftovers
|-heal|p1a: Skarmory|37/100|[from] item: Leftovers
|upkeep
|turn|70
|
|t:|1729799670
|switch|p1a: Aerodactyl|Aerodactyl, M|100/100
|move|p2a: Claydol|Rapid Spin|p1a: Aerodactyl
|-resisted|p1a: Aerodactyl
|-damage|p1a: Aerodactyl|96/100
|-sideend|p2: Fear|Spikes|[from] move: Rapid Spin|[of] p2a: Claydol
|
|-weather|Sandstorm|[upkeep]
|-heal|p2a: Claydol|67/100|[from] item: Leftovers
|upkeep
|turn|71
|inactive|Team Constantin has 270 seconds left.
|
|t:|1729799717
|switch|p2a: Skarmory|Skarmory, M|14/100 par
|move|p1a: Aerodactyl|Double-Edge|p2a: Skarmory
|-resisted|p2a: Skarmory
|-damage|p2a: Skarmory|0 fnt
|faint|p2a: Skarmory
|inactive|Fear has 270 seconds left.
|inactive|Fear has 240 seconds left.
|inactive|Fear has 210 seconds left.
|
|t:|1729799806
|switch|p2a: Claydol|Claydol|67/100
|
|-weather|Sandstorm|[upkeep]
|-heal|p2a: Claydol|73/100|[from] item: Leftovers
|upkeep
|turn|72
|
|t:|1729799814
|move|p1a: Aerodactyl|Double-Edge|p2a: Claydol
|-damage|p2a: Claydol|12/100
|move|p2a: Claydol|Explosion|p1a: Aerodactyl
|-resisted|p1a: Aerodactyl
|-damage|p1a: Aerodactyl|0 fnt
|faint|p2a: Claydol
|faint|p1a: Aerodactyl
|inactive|Team Constantin has 270 seconds left.
|
|t:|1729799832
|switch|p1a: Blissey|Blissey, F|76/100
|switch|p2a: Starmie|Starmie|65/100
|-damage|p1a: Blissey|51/100|[from] Spikes
|
|-weather|Sandstorm|[upkeep]
|-damage|p2a: Starmie|59/100|[from] Sandstorm
|-damage|p1a: Blissey|45/100|[from] Sandstorm
|-heal|p2a: Starmie|65/100|[from] item: Leftovers
|-heal|p1a: Blissey|51/100|[from] item: Leftovers
|upkeep
|turn|73
|
|t:|1729799841
|move|p2a: Starmie|Recover|p2a: Starmie
|-heal|p2a: Starmie|100/100
|move|p1a: Blissey|Soft-Boiled|p1a: Blissey
|-heal|p1a: Blissey|100/100
|
|-weather|Sandstorm|[upkeep]
|-damage|p2a: Starmie|94/100|[from] Sandstorm
|-damage|p1a: Blissey|94/100|[from] Sandstorm
|-heal|p2a: Starmie|100/100|[from] item: Leftovers
|-heal|p1a: Blissey|100/100|[from] item: Leftovers
|upkeep
|turn|74
|
|t:|1729799845
|switch|p2a: Blissey|Blissey, F|85/100
|move|p1a: Blissey|Thunder Wave|p2a: Blissey
|-status|p2a: Blissey|par
|
|-weather|Sandstorm|[upkeep]
|-damage|p1a: Blissey|94/100|[from] Sandstorm
|-damage|p2a: Blissey|79/100 par|[from] Sandstorm
|-heal|p1a: Blissey|100/100|[from] item: Leftovers
|-heal|p2a: Blissey|85/100 par|[from] item: Leftovers
|upkeep
|turn|75
|inactive|Fear has 240 seconds left.
|
|t:|1729799851
|move|p1a: Blissey|Thunder Wave|p2a: Blissey
|-fail|p2a: Blissey|par
|move|p2a: Blissey|Seismic Toss|p1a: Blissey
|-damage|p1a: Blissey|85/100
|
|-weather|Sandstorm|[upkeep]
|-damage|p1a: Blissey|79/100|[from] Sandstorm
|-damage|p2a: Blissey|79/100 par|[from] Sandstorm
|-heal|p1a: Blissey|85/100|[from] item: Leftovers
|-heal|p2a: Blissey|85/100 par|[from] item: Leftovers
|upkeep
|turn|76
|
|t:|1729799854
|move|p1a: Blissey|Seismic Toss|p2a: Blissey
|-damage|p2a: Blissey|71/100 par
|move|p2a: Blissey|Toxic|p1a: Blissey
|-status|p1a: Blissey|tox
|
|-weather|Sandstorm|[upkeep]
|-damage|p1a: Blissey|79/100 tox|[from] Sandstorm
|-damage|p2a: Blissey|65/100 par|[from] Sandstorm
|-heal|p1a: Blissey|85/100 tox|[from] item: Leftovers
|-damage|p1a: Blissey|79/100 tox|[from] psn
|-heal|p2a: Blissey|71/100 par|[from] item: Leftovers
|upkeep
|turn|77
|
|t:|1729799860
|-curestatus|p2a: Blissey|par|[from] ability: Natural Cure
|switch|p2a: Starmie|Starmie|100/100
|move|p1a: Blissey|Thunder Wave|p2a: Starmie
|-status|p2a: Starmie|par
|
|-weather|Sandstorm|[upkeep]
|-damage|p1a: Blissey|73/100 tox|[from] Sandstorm
|-damage|p2a: Starmie|94/100 par|[from] Sandstorm
|-heal|p1a: Blissey|79/100 tox|[from] item: Leftovers
|-damage|p1a: Blissey|67/100 tox|[from] psn
|-heal|p2a: Starmie|100/100 par|[from] item: Leftovers
|upkeep
|turn|78
|
|t:|1729799865
|move|p1a: Blissey|Soft-Boiled|p1a: Blissey
|-heal|p1a: Blissey|100/100 tox
|move|p2a: Starmie|Thunderbolt|p1a: Blissey
|-damage|p1a: Blissey|89/100 tox
|
|-weather|Sandstorm|[upkeep]
|-damage|p1a: Blissey|83/100 tox|[from] Sandstorm
|-damage|p2a: Starmie|94/100 par|[from] Sandstorm
|-heal|p1a: Blissey|89/100 tox|[from] item: Leftovers
|-damage|p1a: Blissey|70/100 tox|[from] psn
|-heal|p2a: Starmie|100/100 par|[from] item: Leftovers
|upkeep
|turn|79
|inactive|Team Constantin has 270 seconds left.
|
|t:|1729799906
|-curestatus|p1a: Blissey|tox|[from] ability: Natural Cure
|switch|p1a: Milotic|Milotic, M|69/100
|-damage|p1a: Milotic|45/100|[from] Spikes
|cant|p2a: Starmie|par
|
|-weather|Sandstorm|[upkeep]
|-damage|p1a: Milotic|38/100|[from] Sandstorm
|-damage|p2a: Starmie|94/100 par|[from] Sandstorm
|-heal|p1a: Milotic|45/100|[from] item: Leftovers
|-heal|p2a: Starmie|100/100 par|[from] item: Leftovers
|upkeep
|turn|80
|
|t:|1729799913
|move|p1a: Milotic|Recover|p1a: Milotic
|-heal|p1a: Milotic|94/100
|cant|p2a: Starmie|par
|
|-weather|Sandstorm|[upkeep]
|-damage|p1a: Milotic|88/100|[from] Sandstorm
|-damage|p2a: Starmie|94/100 par|[from] Sandstorm
|-heal|p1a: Milotic|94/100|[from] item: Leftovers
|-heal|p2a: Starmie|100/100 par|[from] item: Leftovers
|upkeep
|turn|81
|
|t:|1729799919
|switch|p1a: Blissey|Blissey, F|70/100
|-damage|p1a: Blissey|45/100|[from] Spikes
|-curestatus|p2a: Starmie|par|[from] ability: Natural Cure
|switch|p2a: Blissey|Blissey, F|71/100
|
|-weather|Sandstorm|[upkeep]
|-damage|p2a: Blissey|65/100|[from] Sandstorm
|-damage|p1a: Blissey|39/100|[from] Sandstorm
|-heal|p2a: Blissey|71/100|[from] item: Leftovers
|-heal|p1a: Blissey|45/100|[from] item: Leftovers
|upkeep
|turn|82
|
|t:|1729799926
|switch|p1a: Skarmory|Skarmory, M|37/100
|move|p2a: Blissey|Toxic|p1a: Skarmory|[miss]
|-miss|p2a: Blissey|p1a: Skarmory
|
|-weather|Sandstorm|[upkeep]
|-damage|p2a: Blissey|65/100|[from] Sandstorm
|-heal|p1a: Skarmory|43/100|[from] item: Leftovers
|-heal|p2a: Blissey|71/100|[from] item: Leftovers
|upkeep
|turn|83
|
|t:|1729799930
|move|p1a: Skarmory|Spikes|p2a: Blissey
|-sidestart|p2: Fear|Spikes
|move|p2a: Blissey|Seismic Toss|p1a: Skarmory
|-damage|p1a: Skarmory|13/100
|
|-weather|Sandstorm|[upkeep]
|-damage|p2a: Blissey|65/100|[from] Sandstorm
|-heal|p1a: Skarmory|19/100|[from] item: Leftovers
|-heal|p2a: Blissey|71/100|[from] item: Leftovers
|upkeep
|turn|84
|
|t:|1729799934
|move|p1a: Skarmory|Protect|p1a: Skarmory
|-singleturn|p1a: Skarmory|Protect
|move|p2a: Blissey|Seismic Toss|p1a: Skarmory
|-activate|p1a: Skarmory|Protect
|
|-weather|Sandstorm|[upkeep]
|-damage|p2a: Blissey|65/100|[from] Sandstorm
|-heal|p1a: Skarmory|25/100|[from] item: Leftovers
|-heal|p2a: Blissey|71/100|[from] item: Leftovers
|upkeep
|turn|85
|
|t:|1729799945
|switch|p1a: Milotic|Milotic, M|94/100
|-damage|p1a: Milotic|69/100|[from] Spikes
|move|p2a: Blissey|Seismic Toss|p1a: Milotic
|-damage|p1a: Milotic|44/100
|
|-weather|Sandstorm|[upkeep]
|-damage|p1a: Milotic|38/100|[from] Sandstorm
|-damage|p2a: Blissey|65/100|[from] Sandstorm
|-heal|p1a: Milotic|44/100|[from] item: Leftovers
|-heal|p2a: Blissey|71/100|[from] item: Leftovers
|upkeep
|turn|86
|
|t:|1729799950
|move|p1a: Milotic|Recover|p1a: Milotic
|-heal|p1a: Milotic|94/100
|move|p2a: Blissey|Toxic|p1a: Milotic
|-status|p1a: Milotic|tox
|
|-weather|Sandstorm|[upkeep]
|-damage|p1a: Milotic|88/100 tox|[from] Sandstorm
|-damage|p2a: Blissey|65/100|[from] Sandstorm
|-heal|p1a: Milotic|94/100 tox|[from] item: Leftovers
|-damage|p1a: Milotic|88/100 tox|[from] psn
|-heal|p2a: Blissey|71/100|[from] item: Leftovers
|upkeep
|turn|87
|
|t:|1729799954
|move|p2a: Blissey|Snatch|p2a: Blissey
|-singleturn|p2a: Blissey|Snatch
|move|p1a: Milotic|Toxic|p2a: Blissey
|-status|p2a: Blissey|tox
|
|-weather|Sandstorm|[upkeep]
|-damage|p1a: Milotic|82/100 tox|[from] Sandstorm
|-damage|p2a: Blissey|65/100 tox|[from] Sandstorm
|-heal|p1a: Milotic|88/100 tox|[from] item: Leftovers
|-damage|p1a: Milotic|76/100 tox|[from] psn
|-heal|p2a: Blissey|71/100 tox|[from] item: Leftovers
|-damage|p2a: Blissey|65/100 tox|[from] psn
|upkeep
|turn|88
|
|t:|1729799963
|switch|p1a: Skarmory|Skarmory, M|25/100
|move|p2a: Blissey|Snatch|p2a: Blissey
|-singleturn|p2a: Blissey|Snatch
|
|-weather|Sandstorm|[upkeep]
|-damage|p2a: Blissey|59/100 tox|[from] Sandstorm
|-heal|p1a: Skarmory|31/100|[from] item: Leftovers
|-heal|p2a: Blissey|65/100 tox|[from] item: Leftovers
|-damage|p2a: Blissey|52/100 tox|[from] psn
|upkeep
|turn|89
|
|t:|1729799972
|-curestatus|p2a: Blissey|tox|[from] ability: Natural Cure
|switch|p2a: Starmie|Starmie|100/100
|-damage|p2a: Starmie|88/100|[from] Spikes
|move|p1a: Skarmory|Spikes|p2a: Starmie
|-sidestart|p2: Fear|Spikes
|
|-weather|Sandstorm|[upkeep]
|-damage|p2a: Starmie|82/100|[from] Sandstorm
|-heal|p2a: Starmie|88/100|[from] item: Leftovers
|-heal|p1a: Skarmory|37/100|[from] item: Leftovers
|upkeep
|turn|90
|
|t:|1729799977
|move|p1a: Skarmory|Protect|p1a: Skarmory
|-singleturn|p1a: Skarmory|Protect
|move|p2a: Starmie|Surf|p1a: Skarmory
|-activate|p1a: Skarmory|Protect
|
|-weather|Sandstorm|[upkeep]
|-damage|p2a: Starmie|82/100|[from] Sandstorm
|-heal|p2a: Starmie|88/100|[from] item: Leftovers
|-heal|p1a: Skarmory|43/100|[from] item: Leftovers
|upkeep
|turn|91
|
|t:|1729799985
|move|p2a: Starmie|Thunderbolt|p1a: Skarmory
|-supereffective|p1a: Skarmory
|-damage|p1a: Skarmory|0 fnt
|faint|p1a: Skarmory
|
|t:|1729799987
|switch|p1a: Blissey|Blissey, F|45/100
|-damage|p1a: Blissey|20/100|[from] Spikes
|
|-weather|Sandstorm|[upkeep]
|-damage|p2a: Starmie|82/100|[from] Sandstorm
|-damage|p1a: Blissey|14/100|[from] Sandstorm
|-heal|p2a: Starmie|88/100|[from] item: Leftovers
|-heal|p1a: Blissey|20/100|[from] item: Leftovers
|upkeep
|turn|92
|
|t:|1729799991
|switch|p2a: Blissey|Blissey, F|52/100
|-damage|p2a: Blissey|36/100|[from] Spikes
|move|p1a: Blissey|Soft-Boiled|p1a: Blissey
|-heal|p1a: Blissey|70/100
|
|-weather|Sandstorm|[upkeep]
|-damage|p2a: Blissey|30/100|[from] Sandstorm
|-damage|p1a: Blissey|64/100|[from] Sandstorm
|-heal|p2a: Blissey|36/100|[from] item: Leftovers
|-heal|p1a: Blissey|70/100|[from] item: Leftovers
|upkeep
|turn|93
|
|t:|1729799994
|move|p2a: Blissey|Soft-Boiled|p2a: Blissey
|-heal|p2a: Blissey|86/100
|move|p1a: Blissey|Thunder Wave|p2a: Blissey
|-status|p2a: Blissey|par
|
|-weather|Sandstorm|[upkeep]
|-damage|p1a: Blissey|64/100|[from] Sandstorm
|-damage|p2a: Blissey|80/100 par|[from] Sandstorm
|-heal|p1a: Blissey|70/100|[from] item: Leftovers
|-heal|p2a: Blissey|86/100 par|[from] item: Leftovers
|upkeep
|turn|94
|
|t:|1729800005
|switch|p1a: Milotic|Milotic, M|76/100 tox
|-damage|p1a: Milotic|51/100 tox|[from] Spikes
|move|p2a: Blissey|Seismic Toss|p1a: Milotic
|-damage|p1a: Milotic|25/100 tox
|
|-weather|Sandstorm|[upkeep]
|-damage|p1a: Milotic|19/100 tox|[from] Sandstorm
|-damage|p2a: Blissey|80/100 par|[from] Sandstorm
|-heal|p1a: Milotic|25/100 tox|[from] item: Leftovers
|-damage|p1a: Milotic|19/100 tox|[from] psn
|-heal|p2a: Blissey|86/100 par|[from] item: Leftovers
|upkeep
|turn|95
|
|t:|1729800009
|cant|p2a: Blissey|par
|move|p1a: Milotic|Recover|p1a: Milotic
|-heal|p1a: Milotic|69/100 tox
|
|-weather|Sandstorm|[upkeep]
|-damage|p1a: Milotic|63/100 tox|[from] Sandstorm
|-damage|p2a: Blissey|80/100 par|[from] Sandstorm
|-heal|p1a: Milotic|69/100 tox|[from] item: Leftovers
|-damage|p1a: Milotic|57/100 tox|[from] psn
|-heal|p2a: Blissey|86/100 par|[from] item: Leftovers
|upkeep
|turn|96
|
|t:|1729800011
|move|p2a: Blissey|Snatch|p2a: Blissey
|-singleturn|p2a: Blissey|Snatch
|move|p1a: Milotic|Refresh|p1a: Milotic
|-activate|p2a: Blissey|move: Snatch|[of] p1a: Milotic
|move|p2a: Blissey|Refresh|p2a: Blissey|[from]Snatch
|-curestatus|p2a: Blissey|par|[msg]
|
|-weather|Sandstorm|[upkeep]
|-damage|p1a: Milotic|51/100 tox|[from] Sandstorm
|-damage|p2a: Blissey|80/100|[from] Sandstorm
|-heal|p1a: Milotic|57/100 tox|[from] item: Leftovers
|-damage|p1a: Milotic|38/100 tox|[from] psn
|-heal|p2a: Blissey|86/100|[from] item: Leftovers
|upkeep
|turn|97
|
|t:|1729800032
|move|p2a: Blissey|Snatch|p2a: Blissey
|-singleturn|p2a: Blissey|Snatch
|move|p1a: Milotic|Recover|p1a: Milotic
|-activate|p2a: Blissey|move: Snatch|[of] p1a: Milotic
|move|p2a: Blissey|Recover|p2a: Blissey|[from]Snatch
|-heal|p2a: Blissey|100/100
|
|-weather|Sandstorm|[upkeep]
|-damage|p1a: Milotic|32/100 tox|[from] Sandstorm
|-damage|p2a: Blissey|94/100|[from] Sandstorm
|-heal|p1a: Milotic|38/100 tox|[from] item: Leftovers
|-damage|p1a: Milotic|14/100 tox|[from] psn
|-heal|p2a: Blissey|100/100|[from] item: Leftovers
|upkeep
|turn|98
|
|t:|1729800040
|switch|p1a: Blissey|Blissey, F|70/100
|-damage|p1a: Blissey|45/100|[from] Spikes
|move|p2a: Blissey|Seismic Toss|p1a: Blissey
|-damage|p1a: Blissey|30/100
|
|-weather|Sandstorm|[upkeep]
|-damage|p2a: Blissey|94/100|[from] Sandstorm
|-damage|p1a: Blissey|24/100|[from] Sandstorm
|-heal|p2a: Blissey|100/100|[from] item: Leftovers
|-heal|p1a: Blissey|30/100|[from] item: Leftovers
|upkeep
|turn|99
|
|t:|1729800046
|move|p2a: Blissey|Toxic|p1a: Blissey
|-status|p1a: Blissey|tox
|move|p1a: Blissey|Soft-Boiled|p1a: Blissey
|-heal|p1a: Blissey|80/100 tox
|
|-weather|Sandstorm|[upkeep]
|-damage|p2a: Blissey|94/100|[from] Sandstorm
|-damage|p1a: Blissey|74/100 tox|[from] Sandstorm
|-heal|p2a: Blissey|100/100|[from] item: Leftovers
|-heal|p1a: Blissey|80/100 tox|[from] item: Leftovers
|-damage|p1a: Blissey|74/100 tox|[from] psn
|upkeep
|turn|100
|
|t:|1729800049
|move|p2a: Blissey|Seismic Toss|p1a: Blissey
|-damage|p1a: Blissey|59/100 tox
|move|p1a: Blissey|Thunder Wave|p2a: Blissey
|-status|p2a: Blissey|par
|
|-weather|Sandstorm|[upkeep]
|-damage|p1a: Blissey|53/100 tox|[from] Sandstorm
|-damage|p2a: Blissey|94/100 par|[from] Sandstorm
|-heal|p1a: Blissey|59/100 tox|[from] item: Leftovers
|-damage|p1a: Blissey|46/100 tox|[from] psn
|-heal|p2a: Blissey|100/100 par|[from] item: Leftovers
|upkeep
|turn|101
|
|t:|1729800055
|-curestatus|p1a: Blissey|tox|[from] ability: Natural Cure
|switch|p1a: Milotic|Milotic, M|14/100 tox
|-damage|p1a: Milotic|0 fnt|[from] Spikes
|faint|p1a: Milotic
|
|t:|1729800058
|switch|p1a: Blissey|Blissey, F|46/100
|-damage|p1a: Blissey|21/100|[from] Spikes
|
|-weather|Sandstorm|[upkeep]
|-damage|p1a: Blissey|15/100|[from] Sandstorm
|-damage|p2a: Blissey|94/100 par|[from] Sandstorm
|-heal|p1a: Blissey|21/100|[from] item: Leftovers
|-heal|p2a: Blissey|100/100 par|[from] item: Leftovers
|upkeep
|turn|102
|
|t:|1729800060
|move|p1a: Blissey|Soft-Boiled|p1a: Blissey
|-heal|p1a: Blissey|71/100
|move|p2a: Blissey|Toxic|p1a: Blissey|[miss]
|-miss|p2a: Blissey|p1a: Blissey
|
|-weather|Sandstorm|[upkeep]
|-damage|p1a: Blissey|65/100|[from] Sandstorm
|-damage|p2a: Blissey|94/100 par|[from] Sandstorm
|-heal|p1a: Blissey|71/100|[from] item: Leftovers
|-heal|p2a: Blissey|100/100 par|[from] item: Leftovers
|upkeep
|turn|103
|
|t:|1729800063
|move|p1a: Blissey|Seismic Toss|p2a: Blissey
|-damage|p2a: Blissey|86/100 par
|move|p2a: Blissey|Toxic|p1a: Blissey
|-status|p1a: Blissey|tox
|
|-weather|Sandstorm|[upkeep]
|-damage|p1a: Blissey|65/100 tox|[from] Sandstorm
|-damage|p2a: Blissey|80/100 par|[from] Sandstorm
|-heal|p1a: Blissey|71/100 tox|[from] item: Leftovers
|-damage|p1a: Blissey|65/100 tox|[from] psn
|-heal|p2a: Blissey|86/100 par|[from] item: Leftovers
|upkeep
|turn|104
|
|t:|1729800066
|move|p1a: Blissey|Seismic Toss|p2a: Blissey
|-damage|p2a: Blissey|72/100 par
|move|p2a: Blissey|Soft-Boiled|p2a: Blissey
|-heal|p2a: Blissey|100/100 par
|
|-weather|Sandstorm|[upkeep]
|-damage|p1a: Blissey|59/100 tox|[from] Sandstorm
|-damage|p2a: Blissey|94/100 par|[from] Sandstorm
|-heal|p1a: Blissey|65/100 tox|[from] item: Leftovers
|-damage|p1a: Blissey|53/100 tox|[from] psn
|-heal|p2a: Blissey|100/100 par|[from] item: Leftovers
|upkeep
|turn|105
|
|t:|1729800068
|-curestatus|p2a: Blissey|par|[from] ability: Natural Cure
|switch|p2a: Starmie|Starmie|88/100
|-damage|p2a: Starmie|72/100|[from] Spikes
|move|p1a: Blissey|Seismic Toss|p2a: Starmie
|-damage|p2a: Starmie|33/100
|
|-weather|Sandstorm|[upkeep]
|-damage|p2a: Starmie|27/100|[from] Sandstorm
|-damage|p1a: Blissey|46/100 tox|[from] Sandstorm
|-heal|p2a: Starmie|33/100|[from] item: Leftovers
|-heal|p1a: Blissey|53/100 tox|[from] item: Leftovers
|-damage|p1a: Blissey|34/100 tox|[from] psn
|upkeep
|turn|106
|c|☆Team Constantin|gg
|
|t:|1729800071
|move|p2a: Starmie|Recover|p2a: Starmie
|-heal|p2a: Starmie|83/100
|move|p1a: Blissey|Seismic Toss|p2a: Starmie
|-damage|p2a: Starmie|45/100
|
|-weather|Sandstorm|[upkeep]
|-damage|p2a: Starmie|39/100|[from] Sandstorm
|-damage|p1a: Blissey|28/100 tox|[from] Sandstorm
|-heal|p2a: Starmie|45/100|[from] item: Leftovers
|-heal|p1a: Blissey|34/100 tox|[from] item: Leftovers
|-damage|p1a: Blissey|9/100 tox|[from] psn
|upkeep
|turn|107
|c|☆Fear|gg
|
|t:|1729800076
|move|p2a: Starmie|Surf|p1a: Blissey
|-damage|p1a: Blissey|0 fnt
|faint|p1a: Blissey
|
|win|Fear
|player|p1|

</script>
<script type="application/json" class="data" id="replaydata-smogtours-gen3ou-801616">
{"id":"smogtours-gen3ou-801616","format":"[Gen 3] OU","players":["Team Constantin","Fear"],"uploadtime":1729800076,"views":91,"formatid":"gen3ou","rating":null,"private":1,"password":null}
</script>

<script defer src="js/replays.js?9d40a366"></script>
