<!DOCTYPE html>
<meta charset="utf-8" />
<meta name="viewport" content="width=device-width" />

<title>[Gen 3] OU: SpeccyGames vs. realtimeglover - Replays - Pok&eacute;mon Showdown!</title>

<meta name="description" content="Watch a replay of a Pok&eacute;mon battle between SpeccyGames and realtimeglover! Format: [Gen 3] OU; Date: Oct 12, 2024" />
<!--

Hey, you! Looking in the source for the replay log?

You can find them in JSON format, just add `.json` at the end of a replay URL.

https://replay.pokemonshowdown.com/gen7randomdoublesbattle-865046831.json

Or, if you only need the log itself, add `.log` instead:

https://replay.pokemonshowdown.com/gen7randomdoublesbattle-865046831.log

-->

<link rel="stylesheet" href="//pokemonshowdown.com/style/global.css?0.023195364461161105" />
<link rel="stylesheet" href="//play.pokemonshowdown.com/style/font-awesome.css?0.13261647063804238" />
<link rel="stylesheet" href="//play.pokemonshowdown.com/style/battle.css?0.8753245789963631" />
<link rel="stylesheet" href="//play.pokemonshowdown.com/style/utilichart.css?0.8627959624976733" />

<!-- Global site tag (gtag.js) - Google Analytics -->
<script async src="https://www.googletagmanager.com/gtag/js?id=UA-26211653-1"></script>
<script>
  window.dataLayer = window.dataLayer || [];
  function gtag(){dataLayer.push(arguments);}
  gtag('js', new Date());

  gtag('config', 'UA-26211653-1');
</script>
<!-- End Google Analytics -->
<!-- Venatus Ad Manager - Install in <HEAD> of page -->
	<script src="https://hb.vntsm.com/v3/live/ad-manager.min.js" type="text/javascript" data-site-id="642aba63ec9a7b11c3c9c1be" data-mode="scan" async></script>
<!-- / Venatus Ad Manager -->

<style>
	@media (max-width:820px) {
		.battle {
			margin: 0 auto;
		}
		.battle-log {
			margin: 7px auto 0;
			max-width: 640px;
			height: 300px;
			position: static;
		}
	}
	.optgroup {
		display: inline-block;
		line-height: 22px;
		font-size: 10pt;
	}
	.optgroup .button {
		height: 25px;
		padding-top: 0;
		padding-bottom: 0;
	}
	.optgroup button.button {
		padding-left: 12px;
		padding-right: 12px;
	}
	.linklist {
		list-style: none;
		margin: 0.5em 0;
		padding: 0;
	}
	.linklist li {
		padding: 2px 0;
	}
	.sidebar {
		float: left;
		width: 320px;
	}
	.bar-wrapper {
		max-width: 1100px;
		margin: 0 auto;
	}
	.bar-wrapper.has-sidebar {
		max-width: 1430px;
	}
	.mainbar {
		margin: 0;
		padding-right: 1px;
	}
	.mainbar.has-sidebar {
		margin-left: 330px;
	}
	@media (min-width: 1511px) {
		.sidebar {
			width: 400px;
		}
		.bar-wrapper.has-sidebar {
			max-width: 1510px;
		}
		.mainbar.has-sidebar {
			margin-left: 410px;
		}
	}
	.section.first-section {
		margin-top: 9px;
	}
	.blocklink small {
		white-space: normal;
	}
	.button {
		vertical-align: middle;
	}
	.replay-controls {
		padding-top: 10px;
	}
	.replay-controls h1 {
		font-size: 16pt;
		font-weight: normal;
		color: #CCC;
	}
	.pagelink {
		text-align: center;
	}
	.pagelink a {
		width: 150px;
	}
	.textbox, .button {
		font-size: 11pt;
		vertical-align: middle;
	}
	@media (max-width: 450px) {
		.button {
			font-size: 9pt;
		}
	}
</style>

<div>

	<header>
		<div class="nav-wrapper"><ul class="nav">
			<li><a class="button nav-first" href="//pokemonshowdown.com/"><img src="//pokemonshowdown.com/images/pokemonshowdownbeta.png" srcset="//pokemonshowdown.com/images/pokemonshowdownbeta.png 1x, //pokemonshowdown.com/images/pokemonshowdownbeta@2x.png 2x" alt="Pok&eacute;mon Showdown" width="146" height="44" /> Home</a></li>
			<li><a class="button" href="//pokemonshowdown.com/dex/">Pok&eacute;dex</a></li>
			<li><a class="button cur" href="/">Replays</a></li>
			<li><a class="button" href="//pokemonshowdown.com/ladder/">Ladder</a></li>
			<li><a class="button nav-last" href="//pokemonshowdown.com/forums/">Forum</a></li>
			<li><a class="button greenbutton nav-first nav-last" href="//play.pokemonshowdown.com/">Play</a></li>
		</ul></div>
	</header>

	<div class="main" id="main">

		<noscript><section class="section">You need to enable JavaScript to use this page; sorry!</section></noscript>

	</div>

</div>

<script defer nomodule src="//play.pokemonshowdown.com/js/lib/ps-polyfill.js"></script>
<script defer src="//play.pokemonshowdown.com/js/lib/preact.min.js"></script>

<script defer src="//play.pokemonshowdown.com/config/config.js?2bddbc15"></script>
<script defer src="//play.pokemonshowdown.com/js/lib/jquery-1.11.0.min.js"></script>
<script defer src="//play.pokemonshowdown.com/js/lib/html-sanitizer-minified.js"></script>
<script defer src="//play.pokemonshowdown.com/js/battle-sound.js"></script>
<script defer src="//play.pokemonshowdown.com/js/battledata.js?0.7209276989879541"></script>
<script defer src="//play.pokemonshowdown.com/data/pokedex-mini.js?0.6111056340867951"></script>
<script defer src="//play.pokemonshowdown.com/data/pokedex-mini-bw.js?0.3532142036491459"></script>
<script defer src="//play.pokemonshowdown.com/data/graphics.js?0.24223875632456182"></script>
<script defer src="//play.pokemonshowdown.com/data/pokedex.js?0.38839984266356864"></script>
<script defer src="//play.pokemonshowdown.com/data/moves.js?0.21866028504024015"></script>
<script defer src="//play.pokemonshowdown.com/data/abilities.js?0.2005157953846628"></script>
<script defer src="//play.pokemonshowdown.com/data/items.js?0.9894211263848525"></script>
<script defer src="//play.pokemonshowdown.com/data/teambuilder-tables.js?0.6008791140282215"></script>
<script defer src="//play.pokemonshowdown.com/js/battle-tooltips.js?0.7580118955022959"></script>
<script defer src="//play.pokemonshowdown.com/js/battle.js?0.6057722274234274"></script>

<script defer src="js/utils.js?e31f9a17"></script>
<script defer src="js/replays-battle.js?7008c182"></script>

<!-- don't scrape this data! just add .json or .log after the URL!
Full API docs: https://github.com/smogon/pokemon-showdown-client/blob/master/WEB-API.md -->
<script type="text/plain" class="log" id="replaylog-smogtours-gen3ou-797426">
|inactive|Battle timer is ON: inactive players will automatically lose when time's up.
|t:|1728741470
|gametype|singles
|player|p1|SpeccyGames|cynthia-gen4|
|player|p2|realtimeglover|101|
|teamsize|p1|6
|teamsize|p2|6
|gen|3
|tier|[Gen 3] OU
|rule|Sleep Clause Mod: Limit one foe put to sleep
|rule|Switch Priority Clause Mod: Faster Pokémon switch first
|rule|Species Clause: Limit one of each Pokémon
|rule|OHKO Clause: OHKO moves are banned
|rule|Evasion Items Clause: Evasion items are banned
|rule|Evasion Moves Clause: Evasion moves are banned
|rule|Endless Battle Clause: Forcing endless battles is banned
|rule|HP Percentage Mod: HP is shown in percentages
|rule|One Boost Passer Clause: Limit one Baton Passer that has a way to boost its stats
|rule|Freeze Clause Mod: Limit one foe frozen
|
|t:|1728741470
|start
|switch|p1a: Regirock|Regirock|100/100
|switch|p2a: Skarmory|Skarmory, F|100/100
|turn|1
|
|t:|1728741479
|switch|p1a: Magneton|Magneton|100/100
|move|p2a: Skarmory|Spikes|p1a: Magneton
|-sidestart|p1: SpeccyGames|Spikes
|
|upkeep
|turn|2
|
|t:|1728741485
|move|p1a: Magneton|Thunderbolt|p2a: Skarmory
|-supereffective|p2a: Skarmory
|-damage|p2a: Skarmory|0 fnt
|faint|p2a: Skarmory
|
|t:|1728741498
|switch|p2a: Swampert|Swampert, F|100/100
|
|upkeep
|turn|3
|
|t:|1728741514
|move|p1a: Magneton|Toxic|p2a: Swampert
|-status|p2a: Swampert|tox
|move|p2a: Swampert|Earthquake|p1a: Magneton
|-supereffective|p1a: Magneton
|-damage|p1a: Magneton|0 fnt
|faint|p1a: Magneton
|inactive|SpeccyGames has 270 seconds left.
|
|t:|1728741545
|switch|p1a: Snorlax|Snorlax, M|100/100
|-damage|p1a: Snorlax|88/100|[from] Spikes
|
|-damage|p2a: Swampert|94/100 tox|[from] psn
|-heal|p1a: Snorlax|94/100|[from] item: Leftovers
|upkeep
|turn|4
|
|t:|1728741567
|switch|p2a: Gengar|Gengar, F|100/100
|move|p1a: Snorlax|Curse|p1a: Snorlax
|-unboost|p1a: Snorlax|spe|1
|-boost|p1a: Snorlax|atk|1
|-boost|p1a: Snorlax|def|1
|
|-heal|p1a: Snorlax|99/100|[from] item: Leftovers
|upkeep
|turn|5
|
|t:|1728741578
|switch|p2a: Tyranitar|Tyranitar, F|100/100
|-weather|Sandstorm|[from] ability: Sand Stream|[of] p2a: Tyranitar
|move|p1a: Snorlax|Shadow Ball|p2a: Tyranitar
|-resisted|p2a: Tyranitar
|-damage|p2a: Tyranitar|86/100
|
|-weather|Sandstorm|[upkeep]
|-damage|p1a: Snorlax|94/100|[from] Sandstorm
|-heal|p2a: Tyranitar|92/100|[from] item: Leftovers
|-heal|p1a: Snorlax|99/100|[from] item: Leftovers
|upkeep
|turn|6
|
|t:|1728741594
|-singleturn|p2a: Tyranitar|move: Focus Punch
|move|p1a: Snorlax|Earthquake|p2a: Tyranitar
|-supereffective|p2a: Tyranitar
|-damage|p2a: Tyranitar|15/100
|move|p2a: Tyranitar|Focus Punch||[still]
|cant|p2a: Tyranitar|Focus Punch|Focus Punch
|
|-weather|Sandstorm|[upkeep]
|-damage|p1a: Snorlax|94/100|[from] Sandstorm
|-heal|p2a: Tyranitar|21/100|[from] item: Leftovers
|-heal|p1a: Snorlax|99/100|[from] item: Leftovers
|upkeep
|turn|7
|inactive|SpeccyGames has 240 seconds left.
|
|t:|1728741630
|switch|p2a: Gengar|Gengar, F|100/100
|move|p1a: Snorlax|Earthquake|p2a: Gengar
|-immune|p2a: Gengar
|
|-weather|Sandstorm|[upkeep]
|-damage|p2a: Gengar|95/100|[from] Sandstorm
|-damage|p1a: Snorlax|94/100|[from] Sandstorm
|-heal|p2a: Gengar|100/100|[from] item: Leftovers
|-heal|p1a: Snorlax|99/100|[from] item: Leftovers
|upkeep
|turn|8
|
|t:|1728741634
|move|p2a: Gengar|Will-O-Wisp|p1a: Snorlax
|-status|p1a: Snorlax|brn
|move|p1a: Snorlax|Shadow Ball|p2a: Gengar
|-supereffective|p2a: Gengar
|-damage|p2a: Gengar|27/100
|
|-weather|Sandstorm|[upkeep]
|-damage|p2a: Gengar|21/100|[from] Sandstorm
|-damage|p1a: Snorlax|94/100 brn|[from] Sandstorm
|-heal|p2a: Gengar|27/100|[from] item: Leftovers
|-heal|p1a: Snorlax|99/100 brn|[from] item: Leftovers
|-damage|p1a: Snorlax|88/100 brn|[from] brn
|upkeep
|turn|9
|inactive|SpeccyGames has 240 seconds left.
|
|t:|1728741654
|switch|p2a: Swampert|Swampert, F|94/100 tox
|move|p1a: Snorlax|Shadow Ball|p2a: Swampert
|-damage|p2a: Swampert|78/100 tox
|
|-weather|Sandstorm|[upkeep]
|-damage|p1a: Snorlax|82/100 brn|[from] Sandstorm
|-heal|p2a: Swampert|85/100 tox|[from] item: Leftovers
|-damage|p2a: Swampert|78/100 tox|[from] psn
|-heal|p1a: Snorlax|88/100 brn|[from] item: Leftovers
|-damage|p1a: Snorlax|76/100 brn|[from] brn
|upkeep
|turn|10
|inactive|SpeccyGames has 240 seconds left.
|
|t:|1728741668
|move|p2a: Swampert|Hydro Pump|p1a: Snorlax
|-damage|p1a: Snorlax|54/100 brn
|move|p1a: Snorlax|Curse|p1a: Snorlax
|-unboost|p1a: Snorlax|spe|1
|-boost|p1a: Snorlax|atk|1
|-boost|p1a: Snorlax|def|1
|
|-weather|Sandstorm|[upkeep]
|-damage|p1a: Snorlax|48/100 brn|[from] Sandstorm
|-heal|p2a: Swampert|85/100 tox|[from] item: Leftovers
|-damage|p2a: Swampert|72/100 tox|[from] psn
|-heal|p1a: Snorlax|54/100 brn|[from] item: Leftovers
|-damage|p1a: Snorlax|42/100 brn|[from] brn
|upkeep
|turn|11
|inactive|SpeccyGames has 240 seconds left.
|inactive|SpeccyGames has 210 seconds left.
|
|t:|1728741715
|move|p2a: Swampert|Protect|p2a: Swampert
|-singleturn|p2a: Swampert|Protect
|move|p1a: Snorlax|Self-Destruct|p2a: Swampert
|-activate|p2a: Swampert|Protect
|faint|p1a: Snorlax
|
|t:|1728741737
|switch|p1a: Suicune|Suicune|100/100
|-damage|p1a: Suicune|88/100|[from] Spikes
|
|-weather|Sandstorm|[upkeep]
|-damage|p1a: Suicune|82/100|[from] Sandstorm
|-heal|p1a: Suicune|88/100|[from] item: Leftovers
|-heal|p2a: Swampert|78/100 tox|[from] item: Leftovers
|-damage|p2a: Swampert|60/100 tox|[from] psn
|upkeep
|turn|12
|inactive|SpeccyGames has 180 seconds left.
|inactive|realtimeglover has 270 seconds left.
|
|t:|1728741781
|switch|p2a: Blissey|Blissey, F, shiny|100/100
|move|p1a: Suicune|Calm Mind|p1a: Suicune
|-boost|p1a: Suicune|spa|1
|-boost|p1a: Suicune|spd|1
|
|-weather|Sandstorm|[upkeep]
|-damage|p1a: Suicune|82/100|[from] Sandstorm
|-damage|p2a: Blissey|94/100|[from] Sandstorm
|-heal|p1a: Suicune|88/100|[from] item: Leftovers
|-heal|p2a: Blissey|100/100|[from] item: Leftovers
|upkeep
|turn|13
|inactive|SpeccyGames has 150 seconds left.
|
|t:|1728741797
|switch|p1a: Regirock|Regirock|100/100
|-damage|p1a: Regirock|88/100|[from] Spikes
|move|p2a: Blissey|Toxic|p1a: Regirock
|-status|p1a: Regirock|tox
|
|-weather|Sandstorm|[upkeep]
|-damage|p2a: Blissey|94/100|[from] Sandstorm
|-heal|p1a: Regirock|94/100 tox|[from] item: Leftovers
|-damage|p1a: Regirock|88/100 tox|[from] psn
|-heal|p2a: Blissey|100/100|[from] item: Leftovers
|upkeep
|turn|14
|inactive|realtimeglover has 270 seconds left.
|inactive|SpeccyGames has 150 seconds left.
|
|t:|1728741812
|switch|p2a: Swampert|Swampert, F|60/100 tox
|move|p1a: Regirock|Rock Slide|p2a: Swampert
|-resisted|p2a: Swampert
|-damage|p2a: Swampert|47/100 tox
|
|-weather|Sandstorm|[upkeep]
|-heal|p1a: Regirock|94/100 tox|[from] item: Leftovers
|-heal|p2a: Swampert|53/100 tox|[from] item: Leftovers
|-damage|p2a: Swampert|47/100 tox|[from] psn
|-damage|p1a: Regirock|82/100 tox|[from] psn
|upkeep
|turn|15
|inactive|SpeccyGames has 150 seconds left.
|
|t:|1728741828
|switch|p1a: Suicune|Suicune|88/100
|-damage|p1a: Suicune|76/100|[from] Spikes
|move|p2a: Swampert|Earthquake|p1a: Suicune
|-damage|p1a: Suicune|46/100
|
|-weather|Sandstorm|[upkeep]
|-damage|p1a: Suicune|40/100|[from] Sandstorm
|-heal|p1a: Suicune|46/100|[from] item: Leftovers
|-heal|p2a: Swampert|53/100 tox|[from] item: Leftovers
|-damage|p2a: Swampert|41/100 tox|[from] psn
|upkeep
|turn|16
|
|t:|1728741857
|switch|p2a: Blissey|Blissey, F, shiny|100/100
|move|p1a: Suicune|Rest|p1a: Suicune
|-status|p1a: Suicune|slp|[from] move: Rest
|-heal|p1a: Suicune|100/100 slp|[silent]
|
|-weather|Sandstorm|[upkeep]
|-damage|p1a: Suicune|94/100 slp|[from] Sandstorm
|-damage|p2a: Blissey|94/100|[from] Sandstorm
|-heal|p1a: Suicune|100/100 slp|[from] item: Leftovers
|-heal|p2a: Blissey|100/100|[from] item: Leftovers
|upkeep
|turn|17
|
|t:|1728741871
|switch|p2a: Starmie|Starmie|100/100
|cant|p1a: Suicune|slp
|move|p1a: Suicune|Sleep Talk|p1a: Suicune
|move|p1a: Suicune|Surf|p2a: Starmie|[from]Sleep Talk
|-resisted|p2a: Starmie
|-damage|p2a: Starmie|68/100
|
|-weather|Sandstorm|[upkeep]
|-damage|p2a: Starmie|62/100|[from] Sandstorm
|-damage|p1a: Suicune|94/100 slp|[from] Sandstorm
|-heal|p2a: Starmie|68/100|[from] item: Leftovers
|-heal|p1a: Suicune|100/100 slp|[from] item: Leftovers
|upkeep
|turn|18
|inactive|SpeccyGames has 120 seconds left.
|
|t:|1728741916
|switch|p1a: Metagross|Metagross|100/100
|-damage|p1a: Metagross|88/100|[from] Spikes
|move|p2a: Starmie|Thunderbolt|p1a: Metagross
|-damage|p1a: Metagross|56/100
|-status|p1a: Metagross|par
|
|-weather|Sandstorm|[upkeep]
|-damage|p2a: Starmie|62/100|[from] Sandstorm
|-heal|p2a: Starmie|68/100|[from] item: Leftovers
|-heal|p1a: Metagross|62/100 par|[from] item: Leftovers
|upkeep
|turn|19
|inactive|SpeccyGames has 90 seconds left.
|inactive|realtimeglover has 270 seconds left.
|
|t:|1728741946
|switch|p2a: Swampert|Swampert, F|41/100 tox
|move|p1a: Metagross|Explosion|p2a: Swampert
|-damage|p2a: Swampert|0 fnt
|faint|p1a: Metagross
|faint|p2a: Swampert
|inactive|realtimeglover has 270 seconds left.
|inactive|SpeccyGames has 60 seconds left.
|
|t:|1728741994
|switch|p1a: Regirock|Regirock|82/100 tox
|switch|p2a: Starmie|Starmie|68/100
|-damage|p1a: Regirock|70/100 tox|[from] Spikes
|
|-weather|Sandstorm|[upkeep]
|-damage|p2a: Starmie|62/100|[from] Sandstorm
|-heal|p2a: Starmie|68/100|[from] item: Leftovers
|-heal|p1a: Regirock|76/100 tox|[from] item: Leftovers
|-damage|p1a: Regirock|70/100 tox|[from] psn
|upkeep
|turn|20
|inactive|SpeccyGames has 30 seconds left.
|inactive|SpeccyGames has 20 seconds left.
|inactive|SpeccyGames has 15 seconds left.
|
|t:|1728742033
|switch|p1a: Suicune|Suicune|100/100 slp
|-damage|p1a: Suicune|88/100 slp|[from] Spikes
|move|p2a: Starmie|Hydro Pump|p1a: Suicune
|-resisted|p1a: Suicune
|-damage|p1a: Suicune|69/100 slp
|
|-weather|Sandstorm|[upkeep]
|-damage|p2a: Starmie|62/100|[from] Sandstorm
|-damage|p1a: Suicune|63/100 slp|[from] Sandstorm
|-heal|p2a: Starmie|68/100|[from] item: Leftovers
|-heal|p1a: Suicune|69/100 slp|[from] item: Leftovers
|upkeep
|turn|21
|inactive|SpeccyGames has 25 seconds left this turn.
|inactive|SpeccyGames has 20 seconds left.
|inactive|SpeccyGames has 15 seconds left.
|inactive|SpeccyGames has 10 seconds left.
|
|t:|1728742049
|move|p2a: Starmie|Thunderbolt|p1a: Suicune
|-supereffective|p1a: Suicune
|-damage|p1a: Suicune|30/100 slp
|cant|p1a: Suicune|slp
|move|p1a: Suicune|Sleep Talk|p1a: Suicune
|move|p1a: Suicune|Calm Mind|p1a: Suicune|[from]Sleep Talk
|-boost|p1a: Suicune|spa|1
|-boost|p1a: Suicune|spd|1
|
|-weather|Sandstorm|[upkeep]
|-damage|p2a: Starmie|62/100|[from] Sandstorm
|-damage|p1a: Suicune|24/100 slp|[from] Sandstorm
|-heal|p2a: Starmie|68/100|[from] item: Leftovers
|-heal|p1a: Suicune|30/100 slp|[from] item: Leftovers
|upkeep
|turn|22
|inactive|SpeccyGames has 20 seconds left this turn.
|inactive|SpeccyGames has 15 seconds left.
|inactive|SpeccyGames has 10 seconds left.
|
|t:|1728742063
|move|p2a: Starmie|Thunderbolt|p1a: Suicune
|-supereffective|p1a: Suicune
|-damage|p1a: Suicune|2/100 slp
|cant|p1a: Suicune|slp
|
|-weather|Sandstorm|[upkeep]
|-damage|p2a: Starmie|62/100|[from] Sandstorm
|-damage|p1a: Suicune|0 fnt|[from] Sandstorm
|faint|p1a: Suicune
|-heal|p2a: Starmie|68/100|[from] item: Leftovers
|upkeep
|inactive|SpeccyGames has 15 seconds left this turn.
|inactive|SpeccyGames has 10 seconds left.
|inactive|SpeccyGames has 5 seconds left.
|
|t:|1728742075
|switch|p1a: Regirock|Regirock|70/100 tox
|-damage|p1a: Regirock|58/100 tox|[from] Spikes
|turn|23
|inactive|SpeccyGames has 15 seconds left this turn.
|
|t:|1728742079
|move|p2a: Starmie|Hydro Pump|p1a: Regirock
|-supereffective|p1a: Regirock
|-crit|p1a: Regirock
|-damage|p1a: Regirock|0 fnt
|faint|p1a: Regirock
|inactive|SpeccyGames has 20 seconds left this turn.
|
|t:|1728742081
|switch|p1a: Salamence|Salamence, M|100/100
|-ability|p1a: Salamence|Intimidate|boost
|-unboost|p2a: Starmie|atk|1
|
|-weather|Sandstorm|[upkeep]
|-damage|p2a: Starmie|62/100|[from] Sandstorm
|-damage|p1a: Salamence|94/100|[from] Sandstorm
|-heal|p2a: Starmie|68/100|[from] item: Leftovers
|-heal|p1a: Salamence|100/100|[from] item: Leftovers
|upkeep
|turn|24
|inactive|SpeccyGames has 30 seconds left this turn.
|inactive|SpeccyGames has 20 seconds left.
|
|t:|1728742095
|move|p2a: Starmie|Ice Beam|p1a: Salamence
|-supereffective|p1a: Salamence
|-damage|p1a: Salamence|0 fnt
|faint|p1a: Salamence
|
|win|realtimeglover
|inactive|SpeccyGames has 25 seconds left this turn.
|player|p1|
|c|☆realtimeglover|ggs

</script>
<script type="application/json" class="data" id="replaydata-smogtours-gen3ou-797426">
{"id":"smogtours-gen3ou-797426","format":"[Gen 3] OU","players":["SpeccyGames","realtimeglover"],"uploadtime":1728742095,"views":142,"formatid":"gen3ou","rating":null,"private":0,"password":null}
</script>

<script defer src="js/replays.js?9d40a366"></script>
