<!DOCTYPE html>
<meta charset="utf-8" />
<meta name="viewport" content="width=device-width" />

<title>[Gen 3] OU: YungLindo vs. Rambode - Replays - Pok&eacute;mon Showdown!</title>

<meta name="description" content="Watch a replay of a Pok&eacute;mon battle between YungLindo and Rambode! Format: [Gen 3] OU; Date: Oct 10, 2024" />
<!--

Hey, you! Looking in the source for the replay log?

You can find them in JSON format, just add `.json` at the end of a replay URL.

https://replay.pokemonshowdown.com/gen7randomdoublesbattle-865046831.json

Or, if you only need the log itself, add `.log` instead:

https://replay.pokemonshowdown.com/gen7randomdoublesbattle-865046831.log

-->

<link rel="stylesheet" href="//pokemonshowdown.com/style/global.css?0.023195364461161105" />
<link rel="stylesheet" href="//play.pokemonshowdown.com/style/font-awesome.css?0.13261647063804238" />
<link rel="stylesheet" href="//play.pokemonshowdown.com/style/battle.css?0.8753245789963631" />
<link rel="stylesheet" href="//play.pokemonshowdown.com/style/utilichart.css?0.8627959624976733" />

<!-- Global site tag (gtag.js) - Google Analytics -->
<script async src="https://www.googletagmanager.com/gtag/js?id=UA-26211653-1"></script>
<script>
  window.dataLayer = window.dataLayer || [];
  function gtag(){dataLayer.push(arguments);}
  gtag('js', new Date());

  gtag('config', 'UA-26211653-1');
</script>
<!-- End Google Analytics -->
<!-- Venatus Ad Manager - Install in <HEAD> of page -->
	<script src="https://hb.vntsm.com/v3/live/ad-manager.min.js" type="text/javascript" data-site-id="642aba63ec9a7b11c3c9c1be" data-mode="scan" async></script>
<!-- / Venatus Ad Manager -->

<style>
	@media (max-width:820px) {
		.battle {
			margin: 0 auto;
		}
		.battle-log {
			margin: 7px auto 0;
			max-width: 640px;
			height: 300px;
			position: static;
		}
	}
	.optgroup {
		display: inline-block;
		line-height: 22px;
		font-size: 10pt;
	}
	.optgroup .button {
		height: 25px;
		padding-top: 0;
		padding-bottom: 0;
	}
	.optgroup button.button {
		padding-left: 12px;
		padding-right: 12px;
	}
	.linklist {
		list-style: none;
		margin: 0.5em 0;
		padding: 0;
	}
	.linklist li {
		padding: 2px 0;
	}
	.sidebar {
		float: left;
		width: 320px;
	}
	.bar-wrapper {
		max-width: 1100px;
		margin: 0 auto;
	}
	.bar-wrapper.has-sidebar {
		max-width: 1430px;
	}
	.mainbar {
		margin: 0;
		padding-right: 1px;
	}
	.mainbar.has-sidebar {
		margin-left: 330px;
	}
	@media (min-width: 1511px) {
		.sidebar {
			width: 400px;
		}
		.bar-wrapper.has-sidebar {
			max-width: 1510px;
		}
		.mainbar.has-sidebar {
			margin-left: 410px;
		}
	}
	.section.first-section {
		margin-top: 9px;
	}
	.blocklink small {
		white-space: normal;
	}
	.button {
		vertical-align: middle;
	}
	.replay-controls {
		padding-top: 10px;
	}
	.replay-controls h1 {
		font-size: 16pt;
		font-weight: normal;
		color: #CCC;
	}
	.pagelink {
		text-align: center;
	}
	.pagelink a {
		width: 150px;
	}
	.textbox, .button {
		font-size: 11pt;
		vertical-align: middle;
	}
	@media (max-width: 450px) {
		.button {
			font-size: 9pt;
		}
	}
</style>

<div>

	<header>
		<div class="nav-wrapper"><ul class="nav">
			<li><a class="button nav-first" href="//pokemonshowdown.com/"><img src="//pokemonshowdown.com/images/pokemonshowdownbeta.png" srcset="//pokemonshowdown.com/images/pokemonshowdownbeta.png 1x, //pokemonshowdown.com/images/pokemonshowdownbeta@2x.png 2x" alt="Pok&eacute;mon Showdown" width="146" height="44" /> Home</a></li>
			<li><a class="button" href="//pokemonshowdown.com/dex/">Pok&eacute;dex</a></li>
			<li><a class="button cur" href="/">Replays</a></li>
			<li><a class="button" href="//pokemonshowdown.com/ladder/">Ladder</a></li>
			<li><a class="button nav-last" href="//pokemonshowdown.com/forums/">Forum</a></li>
			<li><a class="button greenbutton nav-first nav-last" href="//play.pokemonshowdown.com/">Play</a></li>
		</ul></div>
	</header>

	<div class="main" id="main">

		<noscript><section class="section">You need to enable JavaScript to use this page; sorry!</section></noscript>

	</div>

</div>

<script defer nomodule src="//play.pokemonshowdown.com/js/lib/ps-polyfill.js"></script>
<script defer src="//play.pokemonshowdown.com/js/lib/preact.min.js"></script>

<script defer src="//play.pokemonshowdown.com/config/config.js?2bddbc15"></script>
<script defer src="//play.pokemonshowdown.com/js/lib/jquery-1.11.0.min.js"></script>
<script defer src="//play.pokemonshowdown.com/js/lib/html-sanitizer-minified.js"></script>
<script defer src="//play.pokemonshowdown.com/js/battle-sound.js"></script>
<script defer src="//play.pokemonshowdown.com/js/battledata.js?0.7209276989879541"></script>
<script defer src="//play.pokemonshowdown.com/data/pokedex-mini.js?0.6111056340867951"></script>
<script defer src="//play.pokemonshowdown.com/data/pokedex-mini-bw.js?0.3532142036491459"></script>
<script defer src="//play.pokemonshowdown.com/data/graphics.js?0.24223875632456182"></script>
<script defer src="//play.pokemonshowdown.com/data/pokedex.js?0.38839984266356864"></script>
<script defer src="//play.pokemonshowdown.com/data/moves.js?0.21866028504024015"></script>
<script defer src="//play.pokemonshowdown.com/data/abilities.js?0.2005157953846628"></script>
<script defer src="//play.pokemonshowdown.com/data/items.js?0.9894211263848525"></script>
<script defer src="//play.pokemonshowdown.com/data/teambuilder-tables.js?0.6008791140282215"></script>
<script defer src="//play.pokemonshowdown.com/js/battle-tooltips.js?0.7580118955022959"></script>
<script defer src="//play.pokemonshowdown.com/js/battle.js?0.6057722274234274"></script>

<script defer src="js/utils.js?e31f9a17"></script>
<script defer src="js/replays-battle.js?7008c182"></script>

<!-- don't scrape this data! just add .json or .log after the URL!
Full API docs: https://github.com/smogon/pokemon-showdown-client/blob/master/WEB-API.md -->
<script type="text/plain" class="log" id="replaylog-smogtours-gen3ou-796946">
|inactive|Battle timer is ON: inactive players will automatically lose when time's up.
|t:|1728583663
|gametype|singles
|player|p1|YungLindo|2|
|player|p2|Rambode|volkner|
|teamsize|p1|6
|teamsize|p2|6
|gen|3
|tier|[Gen 3] OU
|rule|Sleep Clause Mod: Limit one foe put to sleep
|rule|Switch Priority Clause Mod: Faster Pokémon switch first
|rule|Species Clause: Limit one of each Pokémon
|rule|OHKO Clause: OHKO moves are banned
|rule|Evasion Items Clause: Evasion items are banned
|rule|Evasion Moves Clause: Evasion moves are banned
|rule|Endless Battle Clause: Forcing endless battles is banned
|rule|HP Percentage Mod: HP is shown in percentages
|rule|One Boost Passer Clause: Limit one Baton Passer that has a way to boost its stats
|rule|Freeze Clause Mod: Limit one foe frozen
|
|t:|1728583663
|start
|switch|p1a: Salamence|Salamence, M|100/100
|switch|p2a: Four|Metagross|100/100
|-ability|p1a: Salamence|Intimidate|boost
|-fail|p2a: Four|unboost|[from] ability: Clear Body|[of] p2a: Four
|turn|1
|c|☆Rambode|gl hf
|c|☆YungLindo|gl!
|
|t:|1728583687
|move|p1a: Salamence|Earthquake|p2a: Four
|-supereffective|p2a: Four
|-damage|p2a: Four|19/100
|move|p2a: Four|Meteor Mash|p1a: Salamence
|-damage|p1a: Salamence|0 fnt
|-boost|p2a: Four|atk|1
|faint|p1a: Salamence
|
|t:|1728583694
|switch|p1a: Jirachi|Jirachi|100/100
|
|upkeep
|turn|2
|
|t:|1728583719
|switch|p2a: None|Claydol|100/100
|move|p1a: Jirachi|Fire Punch|p2a: None
|-damage|p2a: None|84/100
|
|-heal|p2a: None|90/100|[from] item: Leftovers
|upkeep
|turn|3
|
|t:|1728583735
|move|p1a: Jirachi|Toxic|p2a: None
|-status|p2a: None|tox
|move|p2a: None|Earthquake|p1a: Jirachi
|-supereffective|p1a: Jirachi
|-damage|p1a: Jirachi|51/100
|
|-heal|p1a: Jirachi|57/100|[from] item: Leftovers
|-heal|p2a: None|96/100 tox|[from] item: Leftovers
|-damage|p2a: None|90/100 tox|[from] psn
|upkeep
|turn|4
|inactive|Rambode has 270 seconds left.
|
|t:|1728583757
|move|p1a: Jirachi|Protect|p1a: Jirachi
|-singleturn|p1a: Jirachi|Protect
|move|p2a: None|Earthquake|p1a: Jirachi
|-activate|p1a: Jirachi|Protect
|
|-heal|p1a: Jirachi|63/100|[from] item: Leftovers
|-heal|p2a: None|96/100 tox|[from] item: Leftovers
|-damage|p2a: None|84/100 tox|[from] psn
|upkeep
|turn|5
|
|t:|1728583763
|move|p1a: Jirachi|Wish|p1a: Jirachi
|move|p2a: None|Earthquake|p1a: Jirachi
|-supereffective|p1a: Jirachi
|-damage|p1a: Jirachi|16/100
|
|-heal|p1a: Jirachi|22/100|[from] item: Leftovers
|-heal|p2a: None|90/100 tox|[from] item: Leftovers
|-damage|p2a: None|72/100 tox|[from] psn
|upkeep
|turn|6
|
|t:|1728583768
|switch|p2a: Two|Tyranitar, F, shiny|100/100
|-weather|Sandstorm|[from] ability: Sand Stream|[of] p2a: Two
|move|p1a: Jirachi|Protect||[still]
|-fail|p1a: Jirachi
|
|-heal|p1a: Jirachi|72/100|[from] move: Wish|[wisher] Jirachi
|-weather|Sandstorm|[upkeep]
|-heal|p1a: Jirachi|78/100|[from] item: Leftovers
|upkeep
|turn|7
|
|t:|1728583774
|switch|p1a: Hariyama|Hariyama, M|100/100
|move|p2a: Two|Fire Blast|p1a: Hariyama
|-damage|p1a: Hariyama|66/100
|
|-weather|Sandstorm|[upkeep]
|-damage|p1a: Hariyama|60/100|[from] Sandstorm
|-heal|p1a: Hariyama|66/100|[from] item: Leftovers
|upkeep
|turn|8
|inactive|Rambode has 270 seconds left.
|inactive|YungLindo has 270 seconds left.
|
|t:|1728583829
|switch|p2a: Four|Metagross|19/100
|move|p1a: Hariyama|Knock Off|p2a: Four
|-damage|p2a: Four|16/100
|-enditem|p2a: Four|Choice Band|[from] move: Knock Off|[of] p1a: Hariyama
|-hint|In Gens 3-4, Knock Off only makes the target's item unusable; it cannot obtain a new item.
|
|-weather|Sandstorm|[upkeep]
|-damage|p1a: Hariyama|60/100|[from] Sandstorm
|-heal|p1a: Hariyama|66/100|[from] item: Leftovers
|upkeep
|turn|9
|inactive|YungLindo has 270 seconds left.
|
|t:|1728583838
|switch|p1a: Claydol|Claydol|100/100
|move|p2a: Four|Explosion|p1a: Claydol
|-damage|p1a: Claydol|0 fnt
|faint|p2a: Four
|faint|p1a: Claydol
|inactive|YungLindo has 270 seconds left.
|
|t:|1728583869
|switch|p1a: Jirachi|Jirachi|78/100
|switch|p2a: None|Claydol|72/100 tox
|
|-weather|Sandstorm|[upkeep]
|-heal|p1a: Jirachi|84/100|[from] item: Leftovers
|-heal|p2a: None|78/100 tox|[from] item: Leftovers
|-damage|p2a: None|72/100 tox|[from] psn
|upkeep
|turn|10
|
|t:|1728583878
|switch|p2a: Two|Tyranitar, F, shiny|100/100
|move|p1a: Jirachi|Wish|p1a: Jirachi
|
|-weather|Sandstorm|[upkeep]
|-heal|p1a: Jirachi|90/100|[from] item: Leftovers
|upkeep
|turn|11
|
|t:|1728583890
|switch|p1a: Hariyama|Hariyama, M|66/100
|switch|p2a: None|Claydol|72/100 tox
|
|-heal|p1a: Hariyama|100/100|[from] move: Wish|[wisher] Jirachi
|-weather|Sandstorm|[upkeep]
|-damage|p1a: Hariyama|94/100|[from] Sandstorm
|-heal|p2a: None|78/100 tox|[from] item: Leftovers
|-damage|p2a: None|72/100 tox|[from] psn
|-heal|p1a: Hariyama|100/100|[from] item: Leftovers
|upkeep
|turn|12
|
|t:|1728583895
|switch|p1a: Blissey|Blissey, F|100/100
|move|p2a: None|Psychic|p1a: Blissey
|-damage|p1a: Blissey|91/100
|-unboost|p1a: Blissey|spd|1
|
|-weather|Sandstorm|[upkeep]
|-damage|p1a: Blissey|85/100|[from] Sandstorm
|-heal|p2a: None|78/100 tox|[from] item: Leftovers
|-damage|p2a: None|66/100 tox|[from] psn
|-heal|p1a: Blissey|91/100|[from] item: Leftovers
|upkeep
|turn|13
|
|t:|1728583899
|move|p2a: None|Explosion|p1a: Blissey
|-damage|p1a: Blissey|0 fnt
|faint|p2a: None
|faint|p1a: Blissey
|inactive|Rambode has 270 seconds left.
|
|t:|1728583924
|switch|p2a: Foour|Suicune, shiny|100/100
|switch|p1a: Hariyama|Hariyama, M|100/100
|
|-weather|Sandstorm|[upkeep]
|-damage|p2a: Foour|94/100|[from] Sandstorm
|-damage|p1a: Hariyama|94/100|[from] Sandstorm
|-heal|p2a: Foour|100/100|[from] item: Leftovers
|-heal|p1a: Hariyama|100/100|[from] item: Leftovers
|upkeep
|turn|14
|
|t:|1728583929
|move|p2a: Foour|Calm Mind|p2a: Foour
|-boost|p2a: Foour|spa|1
|-boost|p2a: Foour|spd|1
|move|p1a: Hariyama|Knock Off|p2a: Foour
|-damage|p2a: Foour|99/100
|-enditem|p2a: Foour|Leftovers|[from] move: Knock Off|[of] p1a: Hariyama
|
|-weather|Sandstorm|[upkeep]
|-damage|p2a: Foour|93/100|[from] Sandstorm
|-damage|p1a: Hariyama|94/100|[from] Sandstorm
|-heal|p1a: Hariyama|100/100|[from] item: Leftovers
|upkeep
|turn|15
|inactive|Rambode has 270 seconds left.
|
|t:|1728583943
|-singleturn|p1a: Hariyama|move: Focus Punch
|move|p2a: Foour|Hydro Pump|p1a: Hariyama
|-damage|p1a: Hariyama|23/100
|move|p1a: Hariyama|Focus Punch||[still]
|cant|p1a: Hariyama|Focus Punch|Focus Punch
|
|-weather|Sandstorm|[upkeep]
|-damage|p2a: Foour|87/100|[from] Sandstorm
|-damage|p1a: Hariyama|17/100|[from] Sandstorm
|-heal|p1a: Hariyama|23/100|[from] item: Leftovers
|upkeep
|turn|16
|inactive|Rambode has 270 seconds left.
|
|t:|1728583949
|switch|p1a: Suicune|Suicune|100/100
|move|p2a: Foour|Ice Beam|p1a: Suicune
|-resisted|p1a: Suicune
|-damage|p1a: Suicune|86/100
|
|-weather|Sandstorm|[upkeep]
|-damage|p2a: Foour|81/100|[from] Sandstorm
|-damage|p1a: Suicune|80/100|[from] Sandstorm
|-heal|p1a: Suicune|86/100|[from] item: Leftovers
|upkeep
|turn|17
|
|t:|1728583952
|move|p1a: Suicune|Calm Mind|p1a: Suicune
|-boost|p1a: Suicune|spa|1
|-boost|p1a: Suicune|spd|1
|move|p2a: Foour|Roar|p1a: Suicune
|drag|p1a: Hariyama|Hariyama, M|23/100
|
|-weather|Sandstorm|[upkeep]
|-damage|p2a: Foour|75/100|[from] Sandstorm
|-damage|p1a: Hariyama|17/100|[from] Sandstorm
|-heal|p1a: Hariyama|23/100|[from] item: Leftovers
|upkeep
|turn|18
|
|t:|1728583960
|switch|p1a: Suicune|Suicune|86/100
|move|p2a: Foour|Ice Beam|p1a: Suicune
|-resisted|p1a: Suicune
|-damage|p1a: Suicune|70/100
|
|-weather|Sandstorm|[upkeep]
|-damage|p2a: Foour|69/100|[from] Sandstorm
|-damage|p1a: Suicune|64/100|[from] Sandstorm
|-heal|p1a: Suicune|70/100|[from] item: Leftovers
|upkeep
|turn|19
|
|t:|1728583967
|switch|p2a: Two?|Snorlax, F|100/100
|move|p1a: Suicune|Roar|p2a: Two?
|drag|p2a: Two|Tyranitar, F, shiny|100/100
|
|-weather|Sandstorm|[upkeep]
|-damage|p1a: Suicune|64/100|[from] Sandstorm
|-heal|p1a: Suicune|70/100|[from] item: Leftovers
|upkeep
|turn|20
|
|t:|1728583974
|switch|p2a: Two?|Snorlax, F|100/100
|move|p1a: Suicune|Calm Mind|p1a: Suicune
|-boost|p1a: Suicune|spa|1
|-boost|p1a: Suicune|spd|1
|
|-weather|Sandstorm|[upkeep]
|-damage|p1a: Suicune|64/100|[from] Sandstorm
|-damage|p2a: Two?|94/100|[from] Sandstorm
|-heal|p1a: Suicune|70/100|[from] item: Leftovers
|-heal|p2a: Two?|100/100|[from] item: Leftovers
|upkeep
|turn|21
|
|t:|1728583982
|move|p1a: Suicune|Calm Mind|p1a: Suicune
|-boost|p1a: Suicune|spa|1
|-boost|p1a: Suicune|spd|1
|move|p2a: Two?|Body Slam|p1a: Suicune
|-damage|p1a: Suicune|46/100
|
|-weather|Sandstorm|[upkeep]
|-damage|p1a: Suicune|40/100|[from] Sandstorm
|-damage|p2a: Two?|94/100|[from] Sandstorm
|-heal|p1a: Suicune|46/100|[from] item: Leftovers
|-heal|p2a: Two?|100/100|[from] item: Leftovers
|upkeep
|turn|22
|
|t:|1728583990
|-singleturn|p2a: Two?|move: Focus Punch
|move|p1a: Suicune|Calm Mind|p1a: Suicune
|-boost|p1a: Suicune|spa|1
|-boost|p1a: Suicune|spd|1
|move|p2a: Two?|Focus Punch|p1a: Suicune
|-damage|p1a: Suicune|18/100
|
|-weather|Sandstorm|[upkeep]
|-damage|p1a: Suicune|12/100|[from] Sandstorm
|-damage|p2a: Two?|94/100|[from] Sandstorm
|-heal|p1a: Suicune|18/100|[from] item: Leftovers
|-heal|p2a: Two?|100/100|[from] item: Leftovers
|upkeep
|turn|23
|
|t:|1728583993
|move|p1a: Suicune|Rest|p1a: Suicune
|-status|p1a: Suicune|slp|[from] move: Rest
|-heal|p1a: Suicune|100/100 slp|[silent]
|move|p2a: Two?|Body Slam|p1a: Suicune
|-damage|p1a: Suicune|76/100 slp
|
|-weather|Sandstorm|[upkeep]
|-damage|p1a: Suicune|70/100 slp|[from] Sandstorm
|-damage|p2a: Two?|94/100|[from] Sandstorm
|-heal|p1a: Suicune|76/100 slp|[from] item: Leftovers
|-heal|p2a: Two?|100/100|[from] item: Leftovers
|upkeep
|turn|24
|
|t:|1728584003
|move|p2a: Two?|Curse|p2a: Two?
|-unboost|p2a: Two?|spe|1
|-boost|p2a: Two?|atk|1
|-boost|p2a: Two?|def|1
|cant|p1a: Suicune|slp
|
|-weather|Sandstorm|[upkeep]
|-damage|p1a: Suicune|70/100 slp|[from] Sandstorm
|-damage|p2a: Two?|94/100|[from] Sandstorm
|-heal|p1a: Suicune|76/100 slp|[from] item: Leftovers
|-heal|p2a: Two?|100/100|[from] item: Leftovers
|upkeep
|turn|25
|
|t:|1728584007
|move|p2a: Two?|Body Slam|p1a: Suicune
|-damage|p1a: Suicune|38/100 slp
|cant|p1a: Suicune|slp
|
|-weather|Sandstorm|[upkeep]
|-damage|p1a: Suicune|32/100 slp|[from] Sandstorm
|-damage|p2a: Two?|94/100|[from] Sandstorm
|-heal|p1a: Suicune|38/100 slp|[from] item: Leftovers
|-heal|p2a: Two?|100/100|[from] item: Leftovers
|upkeep
|turn|26
|
|t:|1728584012
|-curestatus|p1a: Suicune|slp|[msg]
|move|p1a: Suicune|Rest|p1a: Suicune
|-status|p1a: Suicune|slp|[from] move: Rest
|-heal|p1a: Suicune|100/100 slp|[silent]
|move|p2a: Two?|Body Slam|p1a: Suicune
|-damage|p1a: Suicune|67/100 slp
|
|-weather|Sandstorm|[upkeep]
|-damage|p1a: Suicune|61/100 slp|[from] Sandstorm
|-damage|p2a: Two?|94/100|[from] Sandstorm
|-heal|p1a: Suicune|67/100 slp|[from] item: Leftovers
|-heal|p2a: Two?|100/100|[from] item: Leftovers
|upkeep
|turn|27
|
|t:|1728584016
|move|p2a: Two?|Curse|p2a: Two?
|-unboost|p2a: Two?|spe|1
|-boost|p2a: Two?|atk|1
|-boost|p2a: Two?|def|1
|cant|p1a: Suicune|slp
|
|-weather|Sandstorm|[upkeep]
|-damage|p1a: Suicune|61/100 slp|[from] Sandstorm
|-damage|p2a: Two?|94/100|[from] Sandstorm
|-heal|p1a: Suicune|67/100 slp|[from] item: Leftovers
|-heal|p2a: Two?|100/100|[from] item: Leftovers
|upkeep
|turn|28
|
|t:|1728584019
|move|p2a: Two?|Body Slam|p1a: Suicune
|-damage|p1a: Suicune|15/100 slp
|cant|p1a: Suicune|slp
|
|-weather|Sandstorm|[upkeep]
|-damage|p1a: Suicune|9/100 slp|[from] Sandstorm
|-damage|p2a: Two?|94/100|[from] Sandstorm
|-heal|p1a: Suicune|15/100 slp|[from] item: Leftovers
|-heal|p2a: Two?|100/100|[from] item: Leftovers
|upkeep
|turn|29
|
|t:|1728584022
|-curestatus|p1a: Suicune|slp|[msg]
|move|p1a: Suicune|Surf|p2a: Two?
|-damage|p2a: Two?|55/100
|move|p2a: Two?|Body Slam|p1a: Suicune
|-damage|p1a: Suicune|0 fnt
|faint|p1a: Suicune
|
|t:|1728584025
|switch|p1a: Hariyama|Hariyama, M|23/100
|
|-weather|Sandstorm|[upkeep]
|-damage|p1a: Hariyama|17/100|[from] Sandstorm
|-damage|p2a: Two?|49/100|[from] Sandstorm
|-heal|p1a: Hariyama|23/100|[from] item: Leftovers
|-heal|p2a: Two?|55/100|[from] item: Leftovers
|upkeep
|turn|30
|
|t:|1728584034
|switch|p2a: Also Four|Salamence, F|100/100
|-ability|p2a: Also Four|Intimidate|boost
|-unboost|p1a: Hariyama|atk|1
|move|p1a: Hariyama|Brick Break|p2a: Also Four
|-resisted|p2a: Also Four
|-damage|p2a: Also Four|86/100
|
|-weather|Sandstorm|[upkeep]
|-damage|p2a: Also Four|80/100|[from] Sandstorm
|-damage|p1a: Hariyama|17/100|[from] Sandstorm
|-heal|p2a: Also Four|86/100|[from] item: Leftovers
|-heal|p1a: Hariyama|23/100|[from] item: Leftovers
|upkeep
|turn|31
|c|☆YungLindo|gg
|c|☆Rambode|gg
|-message|YungLindo forfeited.
|
|win|Rambode
|player|p1|

</script>
<script type="application/json" class="data" id="replaydata-smogtours-gen3ou-796946">
{"id":"smogtours-gen3ou-796946","format":"[Gen 3] OU","players":["YungLindo","Rambode"],"uploadtime":1728584045,"views":114,"formatid":"gen3ou","rating":null,"private":0,"password":null}
</script>

<script defer src="js/replays.js?9d40a366"></script>
