<!DOCTYPE html>
<meta charset="utf-8" />
<meta name="viewport" content="width=device-width" />

<title>[Gen 3] OU: Zoyotte vs. FlappleFan20 - Replays - Pok&eacute;mon Showdown!</title>

<meta name="description" content="Watch a replay of a Pok&eacute;mon battle between Zoyotte and FlappleFan20! Format: [Gen 3] OU; Date: Oct 30, 2024" />
<!--

Hey, you! Looking in the source for the replay log?

You can find them in JSON format, just add `.json` at the end of a replay URL.

https://replay.pokemonshowdown.com/gen7randomdoublesbattle-865046831.json

Or, if you only need the log itself, add `.log` instead:

https://replay.pokemonshowdown.com/gen7randomdoublesbattle-865046831.log

-->

<link rel="stylesheet" href="//pokemonshowdown.com/style/global.css?0.023195364461161105" />
<link rel="stylesheet" href="//play.pokemonshowdown.com/style/font-awesome.css?0.13261647063804238" />
<link rel="stylesheet" href="//play.pokemonshowdown.com/style/battle.css?0.8753245789963631" />
<link rel="stylesheet" href="//play.pokemonshowdown.com/style/utilichart.css?0.8627959624976733" />

<!-- Global site tag (gtag.js) - Google Analytics -->
<script async src="https://www.googletagmanager.com/gtag/js?id=UA-26211653-1"></script>
<script>
  window.dataLayer = window.dataLayer || [];
  function gtag(){dataLayer.push(arguments);}
  gtag('js', new Date());

  gtag('config', 'UA-26211653-1');
</script>
<!-- End Google Analytics -->
<!-- Venatus Ad Manager - Install in <HEAD> of page -->
	<script src="https://hb.vntsm.com/v3/live/ad-manager.min.js" type="text/javascript" data-site-id="642aba63ec9a7b11c3c9c1be" data-mode="scan" async></script>
<!-- / Venatus Ad Manager -->

<style>
	@media (max-width:820px) {
		.battle {
			margin: 0 auto;
		}
		.battle-log {
			margin: 7px auto 0;
			max-width: 640px;
			height: 300px;
			position: static;
		}
	}
	.optgroup {
		display: inline-block;
		line-height: 22px;
		font-size: 10pt;
	}
	.optgroup .button {
		height: 25px;
		padding-top: 0;
		padding-bottom: 0;
	}
	.optgroup button.button {
		padding-left: 12px;
		padding-right: 12px;
	}
	.linklist {
		list-style: none;
		margin: 0.5em 0;
		padding: 0;
	}
	.linklist li {
		padding: 2px 0;
	}
	.sidebar {
		float: left;
		width: 320px;
	}
	.bar-wrapper {
		max-width: 1100px;
		margin: 0 auto;
	}
	.bar-wrapper.has-sidebar {
		max-width: 1430px;
	}
	.mainbar {
		margin: 0;
		padding-right: 1px;
	}
	.mainbar.has-sidebar {
		margin-left: 330px;
	}
	@media (min-width: 1511px) {
		.sidebar {
			width: 400px;
		}
		.bar-wrapper.has-sidebar {
			max-width: 1510px;
		}
		.mainbar.has-sidebar {
			margin-left: 410px;
		}
	}
	.section.first-section {
		margin-top: 9px;
	}
	.blocklink small {
		white-space: normal;
	}
	.button {
		vertical-align: middle;
	}
	.replay-controls {
		padding-top: 10px;
	}
	.replay-controls h1 {
		font-size: 16pt;
		font-weight: normal;
		color: #CCC;
	}
	.pagelink {
		text-align: center;
	}
	.pagelink a {
		width: 150px;
	}
	.textbox, .button {
		font-size: 11pt;
		vertical-align: middle;
	}
	@media (max-width: 450px) {
		.button {
			font-size: 9pt;
		}
	}
</style>

<div>

	<header>
		<div class="nav-wrapper"><ul class="nav">
			<li><a class="button nav-first" href="//pokemonshowdown.com/"><img src="//pokemonshowdown.com/images/pokemonshowdownbeta.png" srcset="//pokemonshowdown.com/images/pokemonshowdownbeta.png 1x, //pokemonshowdown.com/images/pokemonshowdownbeta@2x.png 2x" alt="Pok&eacute;mon Showdown" width="146" height="44" /> Home</a></li>
			<li><a class="button" href="//pokemonshowdown.com/dex/">Pok&eacute;dex</a></li>
			<li><a class="button cur" href="/">Replays</a></li>
			<li><a class="button" href="//pokemonshowdown.com/ladder/">Ladder</a></li>
			<li><a class="button nav-last" href="//pokemonshowdown.com/forums/">Forum</a></li>
			<li><a class="button greenbutton nav-first nav-last" href="//play.pokemonshowdown.com/">Play</a></li>
		</ul></div>
	</header>

	<div class="main" id="main">

		<noscript><section class="section">You need to enable JavaScript to use this page; sorry!</section></noscript>

	</div>

</div>

<script defer nomodule src="//play.pokemonshowdown.com/js/lib/ps-polyfill.js"></script>
<script defer src="//play.pokemonshowdown.com/js/lib/preact.min.js"></script>

<script defer src="//play.pokemonshowdown.com/config/config.js?2bddbc15"></script>
<script defer src="//play.pokemonshowdown.com/js/lib/jquery-1.11.0.min.js"></script>
<script defer src="//play.pokemonshowdown.com/js/lib/html-sanitizer-minified.js"></script>
<script defer src="//play.pokemonshowdown.com/js/battle-sound.js"></script>
<script defer src="//play.pokemonshowdown.com/js/battledata.js?0.7209276989879541"></script>
<script defer src="//play.pokemonshowdown.com/data/pokedex-mini.js?0.6111056340867951"></script>
<script defer src="//play.pokemonshowdown.com/data/pokedex-mini-bw.js?0.3532142036491459"></script>
<script defer src="//play.pokemonshowdown.com/data/graphics.js?0.24223875632456182"></script>
<script defer src="//play.pokemonshowdown.com/data/pokedex.js?0.38839984266356864"></script>
<script defer src="//play.pokemonshowdown.com/data/moves.js?0.21866028504024015"></script>
<script defer src="//play.pokemonshowdown.com/data/abilities.js?0.2005157953846628"></script>
<script defer src="//play.pokemonshowdown.com/data/items.js?0.9894211263848525"></script>
<script defer src="//play.pokemonshowdown.com/data/teambuilder-tables.js?0.6008791140282215"></script>
<script defer src="//play.pokemonshowdown.com/js/battle-tooltips.js?0.7580118955022959"></script>
<script defer src="//play.pokemonshowdown.com/js/battle.js?0.6057722274234274"></script>

<script defer src="js/utils.js?e31f9a17"></script>
<script defer src="js/replays-battle.js?7008c182"></script>

<!-- don't scrape this data! just add .json or .log after the URL!
Full API docs: https://github.com/smogon/pokemon-showdown-client/blob/master/WEB-API.md -->
<script type="text/plain" class="log" id="replaylog-smogtours-gen3ou-803456">
|inactive|Battle timer is ON: inactive players will automatically lose when time's up.
|t:|1730319032
|gametype|singles
|player|p1|Zoyotte|#zoyotte|
|player|p2|FlappleFan20|swimmer-gen1|
|teamsize|p1|6
|teamsize|p2|6
|gen|3
|tier|[Gen 3] OU
|rule|Sleep Clause Mod: Limit one foe put to sleep
|rule|Switch Priority Clause Mod: Faster Pokémon switch first
|rule|Species Clause: Limit one of each Pokémon
|rule|OHKO Clause: OHKO moves are banned
|rule|Evasion Items Clause: Evasion items are banned
|rule|Evasion Moves Clause: Evasion moves are banned
|rule|Endless Battle Clause: Forcing endless battles is banned
|rule|HP Percentage Mod: HP is shown in percentages
|rule|One Boost Passer Clause: Limit one Baton Passer that has a way to boost its stats
|rule|Freeze Clause Mod: Limit one foe frozen
|
|t:|1730319032
|start
|switch|p1a: Salamence|Salamence, F|100/100
|switch|p2a: Zapdos|Zapdos|100/100
|-ability|p1a: Salamence|Intimidate|boost
|-unboost|p2a: Zapdos|atk|1
|turn|1
|
|t:|1730319042
|switch|p1a: Jirachi|Jirachi|100/100
|move|p2a: Zapdos|Thunderbolt|p1a: Jirachi
|-damage|p1a: Jirachi|73/100
|
|-heal|p1a: Jirachi|79/100|[from] item: Leftovers
|upkeep
|turn|2
|
|t:|1730319050
|move|p2a: Zapdos|Thunderbolt|p1a: Jirachi
|-damage|p1a: Jirachi|54/100
|move|p1a: Jirachi|Body Slam|p2a: Zapdos
|-damage|p2a: Zapdos|82/100
|
|-heal|p2a: Zapdos|89/100|[from] item: Leftovers
|-heal|p1a: Jirachi|60/100|[from] item: Leftovers
|upkeep
|turn|3
|
|t:|1730319057
|move|p2a: Zapdos|Thunderbolt|p1a: Jirachi
|-damage|p1a: Jirachi|33/100
|move|p1a: Jirachi|Wish|p1a: Jirachi
|
|-heal|p2a: Zapdos|95/100|[from] item: Leftovers
|-heal|p1a: Jirachi|39/100|[from] item: Leftovers
|upkeep
|turn|4
|
|t:|1730319065
|move|p1a: Jirachi|Body Slam|p2a: Zapdos
|-damage|p2a: Zapdos|76/100
|move|p2a: Zapdos|Roar|p1a: Jirachi
|drag|p1a: Tyranitar|Tyranitar, F|100/100
|-weather|Sandstorm|[from] ability: Sand Stream|[of] p1a: Tyranitar
|
|-weather|Sandstorm|[upkeep]
|-damage|p2a: Zapdos|70/100|[from] Sandstorm
|-heal|p2a: Zapdos|76/100|[from] item: Leftovers
|upkeep
|turn|5
|
|t:|1730319075
|-activate|p2a: Zapdos|move: Pursuit
|move|p1a: Tyranitar|Pursuit|p2a: Zapdos|[from]Pursuit
|-damage|p2a: Zapdos|50/100
|switch|p2a: Skarmory|Skarmory, F|100/100
|
|-weather|Sandstorm|[upkeep]
|upkeep
|turn|6
|
|t:|1730319080
|move|p2a: Skarmory|Protect|p2a: Skarmory
|-singleturn|p2a: Skarmory|Protect
|move|p1a: Tyranitar|Flamethrower|p2a: Skarmory
|-activate|p2a: Skarmory|Protect
|
|-weather|Sandstorm|[upkeep]
|upkeep
|turn|7
|
|t:|1730319086
|switch|p2a: Tyranitar|Tyranitar, M|100/100
|move|p1a: Tyranitar|Flamethrower|p2a: Tyranitar
|-resisted|p2a: Tyranitar
|-damage|p2a: Tyranitar|87/100
|
|-weather|Sandstorm|[upkeep]
|-heal|p2a: Tyranitar|93/100|[from] item: Leftovers
|upkeep
|turn|8
|
|t:|1730319093
|move|p2a: Tyranitar|Hidden Power|p1a: Tyranitar
|-supereffective|p1a: Tyranitar
|-damage|p1a: Tyranitar|63/100
|move|p1a: Tyranitar|Hidden Power|p2a: Tyranitar
|-supereffective|p2a: Tyranitar
|-damage|p2a: Tyranitar|54/100
|
|-weather|Sandstorm|[upkeep]
|-heal|p2a: Tyranitar|60/100|[from] item: Leftovers
|-heal|p1a: Tyranitar|69/100|[from] item: Leftovers
|upkeep
|turn|9
|
|t:|1730319098
|switch|p1a: Dugtrio|Dugtrio, M|100/100
|move|p2a: Tyranitar|Hidden Power|p1a: Dugtrio
|-supereffective|p1a: Dugtrio
|-crit|p1a: Dugtrio
|-damage|p1a: Dugtrio|0 fnt
|faint|p1a: Dugtrio
|c|☆Zoyotte|;
|c|☆FlappleFan20|mb
|
|t:|1730319116
|switch|p1a: Salamence|Salamence, F|100/100
|-ability|p1a: Salamence|Intimidate|boost
|-unboost|p2a: Tyranitar|atk|1
|
|-weather|Sandstorm|[upkeep]
|-damage|p1a: Salamence|94/100|[from] Sandstorm
|-heal|p1a: Salamence|100/100|[from] item: Leftovers
|-heal|p2a: Tyranitar|66/100|[from] item: Leftovers
|upkeep
|turn|10
|
|t:|1730319124
|switch|p2a: Skarmory|Skarmory, F|100/100
|move|p1a: Salamence|Dragon Claw|p2a: Skarmory
|-resisted|p2a: Skarmory
|-damage|p2a: Skarmory|81/100
|
|-weather|Sandstorm|[upkeep]
|-damage|p1a: Salamence|94/100|[from] Sandstorm
|-heal|p1a: Salamence|100/100|[from] item: Leftovers
|-heal|p2a: Skarmory|87/100|[from] item: Leftovers
|upkeep
|turn|11
|
|t:|1730319128
|move|p1a: Salamence|Fire Blast|p2a: Skarmory
|-supereffective|p2a: Skarmory
|-damage|p2a: Skarmory|17/100
|move|p2a: Skarmory|Toxic|p1a: Salamence
|-status|p1a: Salamence|tox
|
|-weather|Sandstorm|[upkeep]
|-damage|p1a: Salamence|94/100 tox|[from] Sandstorm
|-heal|p1a: Salamence|100/100 tox|[from] item: Leftovers
|-damage|p1a: Salamence|94/100 tox|[from] psn
|-heal|p2a: Skarmory|23/100|[from] item: Leftovers
|upkeep
|turn|12
|
|t:|1730319137
|switch|p1a: Jirachi|Jirachi|39/100
|move|p2a: Skarmory|Protect||[still]
|-fail|p2a: Skarmory
|
|-weather|Sandstorm|[upkeep]
|-heal|p1a: Jirachi|45/100|[from] item: Leftovers
|-heal|p2a: Skarmory|29/100|[from] item: Leftovers
|upkeep
|turn|13
|
|t:|1730319143
|move|p2a: Skarmory|Protect|p2a: Skarmory
|-singleturn|p2a: Skarmory|Protect
|move|p1a: Jirachi|Wish|p1a: Jirachi
|
|-weather|Sandstorm|[upkeep]
|-heal|p1a: Jirachi|51/100|[from] item: Leftovers
|-heal|p2a: Skarmory|35/100|[from] item: Leftovers
|upkeep
|turn|14
|
|t:|1730319147
|move|p1a: Jirachi|Fire Punch|p2a: Skarmory
|-supereffective|p2a: Skarmory
|-damage|p2a: Skarmory|4/100
|move|p2a: Skarmory|Spikes|p1a: Jirachi
|-sidestart|p1: Zoyotte|Spikes
|
|-heal|p1a: Jirachi|100/100|[from] move: Wish|[wisher] Jirachi
|-weather|Sandstorm|[upkeep]
|-heal|p2a: Skarmory|10/100|[from] item: Leftovers
|upkeep
|turn|15
|
|t:|1730319153
|move|p2a: Skarmory|Protect|p2a: Skarmory
|-singleturn|p2a: Skarmory|Protect
|move|p1a: Jirachi|Fire Punch|p2a: Skarmory
|-activate|p2a: Skarmory|Protect
|
|-weather|Sandstorm|[upkeep]
|-heal|p2a: Skarmory|16/100|[from] item: Leftovers
|upkeep
|turn|16
|
|t:|1730319160
|switch|p2a: Zapdos|Zapdos|50/100
|move|p1a: Jirachi|Fire Punch|p2a: Zapdos
|-damage|p2a: Zapdos|37/100
|
|-weather|Sandstorm|[upkeep]
|-damage|p2a: Zapdos|31/100|[from] Sandstorm
|-heal|p2a: Zapdos|37/100|[from] item: Leftovers
|upkeep
|turn|17
|
|t:|1730319164
|move|p2a: Zapdos|Rest|p2a: Zapdos
|-status|p2a: Zapdos|slp|[from] move: Rest
|-heal|p2a: Zapdos|100/100 slp|[silent]
|move|p1a: Jirachi|Body Slam|p2a: Zapdos
|-damage|p2a: Zapdos|80/100 slp
|
|-weather|Sandstorm|[upkeep]
|-damage|p2a: Zapdos|73/100 slp|[from] Sandstorm
|-heal|p2a: Zapdos|80/100 slp|[from] item: Leftovers
|upkeep
|turn|18
|
|t:|1730319177
|switch|p2a: Tyranitar|Tyranitar, M|66/100
|move|p1a: Jirachi|Wish|p1a: Jirachi
|
|-weather|Sandstorm|[upkeep]
|-heal|p2a: Tyranitar|72/100|[from] item: Leftovers
|upkeep
|turn|19
|
|t:|1730319188
|switch|p1a: Swampert|Swampert, F|100/100
|-damage|p1a: Swampert|88/100|[from] Spikes
|move|p2a: Tyranitar|Flamethrower|p1a: Swampert
|-resisted|p1a: Swampert
|-damage|p1a: Swampert|75/100
|
|-heal|p1a: Swampert|100/100|[from] move: Wish|[wisher] Jirachi
|-weather|Sandstorm|[upkeep]
|-heal|p2a: Tyranitar|78/100|[from] item: Leftovers
|upkeep
|turn|20
|
|t:|1730319204
|move|p2a: Tyranitar|Hidden Power|p1a: Swampert
|-supereffective|p1a: Swampert
|-damage|p1a: Swampert|23/100
|move|p1a: Swampert|Hydro Pump|p2a: Tyranitar
|-supereffective|p2a: Tyranitar
|-damage|p2a: Tyranitar|0 fnt
|faint|p2a: Tyranitar
|
|t:|1730319217
|switch|p2a: Aerodactyl|Aerodactyl, M|100/100
|
|-weather|Sandstorm|[upkeep]
|-heal|p1a: Swampert|29/100|[from] item: Leftovers
|upkeep
|turn|21
|
|t:|1730319224
|switch|p1a: Skarmory|Skarmory, F|100/100
|move|p2a: Aerodactyl|Earthquake|p1a: Skarmory
|-immune|p1a: Skarmory
|
|-weather|Sandstorm|[upkeep]
|upkeep
|turn|22
|
|t:|1730319228
|switch|p2a: Jirachi|Jirachi|100/100
|move|p1a: Skarmory|Spikes|p2a: Jirachi
|-sidestart|p2: FlappleFan20|Spikes
|
|-weather|Sandstorm|[upkeep]
|upkeep
|turn|23
|
|t:|1730319233
|switch|p1a: Jirachi|Jirachi|100/100
|-damage|p1a: Jirachi|88/100|[from] Spikes
|move|p2a: Jirachi|Fire Punch|p1a: Jirachi
|-supereffective|p1a: Jirachi
|-damage|p1a: Jirachi|63/100
|
|-weather|Sandstorm|[upkeep]
|-heal|p1a: Jirachi|70/100|[from] item: Leftovers
|upkeep
|turn|24
|
|t:|1730319237
|move|p2a: Jirachi|Fire Punch|p1a: Jirachi
|-supereffective|p1a: Jirachi
|-damage|p1a: Jirachi|48/100
|move|p1a: Jirachi|Wish|p1a: Jirachi
|
|-weather|Sandstorm|[upkeep]
|-heal|p1a: Jirachi|54/100|[from] item: Leftovers
|upkeep
|turn|25
|
|t:|1730319257
|switch|p1a: Swampert|Swampert, F|29/100
|-damage|p1a: Swampert|17/100|[from] Spikes
|move|p2a: Jirachi|Toxic|p1a: Swampert
|-status|p1a: Swampert|tox
|
|-heal|p1a: Swampert|67/100 tox|[from] move: Wish|[wisher] Jirachi
|-weather|Sandstorm|[upkeep]
|-heal|p1a: Swampert|73/100 tox|[from] item: Leftovers
|-damage|p1a: Swampert|67/100 tox|[from] psn
|upkeep
|turn|26
|
|t:|1730319266
|switch|p1a: Jirachi|Jirachi|54/100
|-damage|p1a: Jirachi|42/100|[from] Spikes
|move|p2a: Jirachi|Wish|p2a: Jirachi
|
|-weather|Sandstorm|[upkeep]
|-heal|p1a: Jirachi|48/100|[from] item: Leftovers
|upkeep
|turn|27
|
|t:|1730319276
|move|p2a: Jirachi|Fire Punch|p1a: Jirachi
|-supereffective|p1a: Jirachi
|-damage|p1a: Jirachi|26/100
|move|p1a: Jirachi|Fire Punch|p2a: Jirachi
|-supereffective|p2a: Jirachi
|-damage|p2a: Jirachi|76/100
|
|-heal|p2a: Jirachi|100/100|[from] move: Wish|[wisher] Jirachi
|-weather|Sandstorm|[upkeep]
|-heal|p1a: Jirachi|32/100|[from] item: Leftovers
|upkeep
|turn|28
|
|t:|1730319281
|move|p2a: Jirachi|Fire Punch|p1a: Jirachi
|-supereffective|p1a: Jirachi
|-damage|p1a: Jirachi|8/100
|move|p1a: Jirachi|Wish|p1a: Jirachi
|
|-weather|Sandstorm|[upkeep]
|-heal|p1a: Jirachi|14/100|[from] item: Leftovers
|upkeep
|turn|29
|
|t:|1730319287
|move|p1a: Jirachi|Protect|p1a: Jirachi
|-singleturn|p1a: Jirachi|Protect
|move|p2a: Jirachi|Fire Punch|p1a: Jirachi
|-activate|p1a: Jirachi|Protect
|
|-heal|p1a: Jirachi|64/100|[from] move: Wish|[wisher] Jirachi
|-weather|Sandstorm|[upkeep]
|-heal|p1a: Jirachi|71/100|[from] item: Leftovers
|upkeep
|turn|30
|
|t:|1730319292
|move|p2a: Jirachi|Fire Punch|p1a: Jirachi
|-supereffective|p1a: Jirachi
|-damage|p1a: Jirachi|46/100
|move|p1a: Jirachi|Wish|p1a: Jirachi
|
|-weather|Sandstorm|[upkeep]
|-heal|p1a: Jirachi|52/100|[from] item: Leftovers
|upkeep
|turn|31
|
|t:|1730319299
|move|p2a: Jirachi|Wish|p2a: Jirachi
|move|p1a: Jirachi|Body Slam|p2a: Jirachi
|-resisted|p2a: Jirachi
|-damage|p2a: Jirachi|93/100
|
|-heal|p1a: Jirachi|100/100|[from] move: Wish|[wisher] Jirachi
|-weather|Sandstorm|[upkeep]
|-heal|p2a: Jirachi|99/100|[from] item: Leftovers
|upkeep
|turn|32
|
|t:|1730319304
|move|p2a: Jirachi|Fire Punch|p1a: Jirachi
|-supereffective|p1a: Jirachi
|-damage|p1a: Jirachi|76/100
|move|p1a: Jirachi|Body Slam|p2a: Jirachi
|-resisted|p2a: Jirachi
|-damage|p2a: Jirachi|91/100
|-status|p2a: Jirachi|par
|
|-heal|p2a: Jirachi|100/100 par|[from] move: Wish|[wisher] Jirachi
|-weather|Sandstorm|[upkeep]
|-heal|p1a: Jirachi|82/100|[from] item: Leftovers
|upkeep
|turn|33
|
|t:|1730319310
|move|p1a: Jirachi|Wish|p1a: Jirachi
|cant|p2a: Jirachi|par
|
|-weather|Sandstorm|[upkeep]
|-heal|p1a: Jirachi|88/100|[from] item: Leftovers
|upkeep
|turn|34
|
|t:|1730319314
|switch|p1a: Swampert|Swampert, F|67/100 tox
|-damage|p1a: Swampert|55/100 tox|[from] Spikes
|move|p2a: Jirachi|Fire Punch|p1a: Swampert
|-resisted|p1a: Swampert
|-damage|p1a: Swampert|46/100 tox
|
|-heal|p1a: Swampert|96/100 tox|[from] move: Wish|[wisher] Jirachi
|-weather|Sandstorm|[upkeep]
|-heal|p1a: Swampert|100/100 tox|[from] item: Leftovers
|-damage|p1a: Swampert|94/100 tox|[from] psn
|upkeep
|turn|35
|
|t:|1730319320
|switch|p1a: Jirachi|Jirachi|88/100
|-damage|p1a: Jirachi|76/100|[from] Spikes
|switch|p2a: Zapdos|Zapdos|80/100 slp
|
|-weather|Sandstorm|[upkeep]
|-damage|p2a: Zapdos|73/100 slp|[from] Sandstorm
|-heal|p2a: Zapdos|80/100 slp|[from] item: Leftovers
|-heal|p1a: Jirachi|82/100|[from] item: Leftovers
|upkeep
|turn|36
|
|t:|1730319327
|cant|p2a: Zapdos|slp
|move|p2a: Zapdos|Sleep Talk|p2a: Zapdos
|move|p2a: Zapdos|Roar|p1a: Jirachi|[from]Sleep Talk
|drag|p1a: Tyranitar|Tyranitar, F|69/100
|-damage|p1a: Tyranitar|57/100|[from] Spikes
|
|-weather|Sandstorm|[upkeep]
|-damage|p2a: Zapdos|73/100 slp|[from] Sandstorm
|-heal|p2a: Zapdos|80/100 slp|[from] item: Leftovers
|-heal|p1a: Tyranitar|63/100|[from] item: Leftovers
|upkeep
|turn|37
|
|t:|1730319335
|cant|p2a: Zapdos|slp
|move|p2a: Zapdos|Sleep Talk|p2a: Zapdos
|move|p2a: Zapdos|Rest|p2a: Zapdos|[from]Sleep Talk
|move|p1a: Tyranitar|Crunch|p2a: Zapdos
|-crit|p2a: Zapdos
|-damage|p2a: Zapdos|29/100 slp
|
|-weather|Sandstorm|[upkeep]
|-damage|p2a: Zapdos|23/100 slp|[from] Sandstorm
|-heal|p2a: Zapdos|29/100 slp|[from] item: Leftovers
|-heal|p1a: Tyranitar|69/100|[from] item: Leftovers
|upkeep
|turn|38
|
|t:|1730319344
|-curestatus|p2a: Zapdos|slp|[msg]
|move|p2a: Zapdos|Rest|p2a: Zapdos
|-status|p2a: Zapdos|slp|[from] move: Rest
|-heal|p2a: Zapdos|100/100 slp|[silent]
|move|p1a: Tyranitar|Crunch|p2a: Zapdos
|-damage|p2a: Zapdos|75/100 slp
|
|-weather|Sandstorm|[upkeep]
|-damage|p2a: Zapdos|68/100 slp|[from] Sandstorm
|-heal|p2a: Zapdos|75/100 slp|[from] item: Leftovers
|-heal|p1a: Tyranitar|75/100|[from] item: Leftovers
|upkeep
|turn|39
|
|t:|1730319351
|switch|p2a: Flygon|Flygon, M|100/100
|move|p1a: Tyranitar|Crunch|p2a: Flygon
|-damage|p2a: Flygon|56/100
|
|-weather|Sandstorm|[upkeep]
|-heal|p2a: Flygon|62/100|[from] item: Leftovers
|-heal|p1a: Tyranitar|81/100|[from] item: Leftovers
|upkeep
|turn|40
|
|t:|1730319361
|switch|p1a: Skarmory|Skarmory, F|100/100
|move|p2a: Flygon|Earthquake|p1a: Skarmory
|-immune|p1a: Skarmory
|
|-weather|Sandstorm|[upkeep]
|-heal|p2a: Flygon|68/100|[from] item: Leftovers
|upkeep
|turn|41
|
|t:|1730319366
|move|p2a: Flygon|Protect|p2a: Flygon
|-singleturn|p2a: Flygon|Protect
|move|p1a: Skarmory|Spikes|p2a: Flygon
|-sidestart|p2: FlappleFan20|Spikes
|
|-weather|Sandstorm|[upkeep]
|-heal|p2a: Flygon|74/100|[from] item: Leftovers
|upkeep
|turn|42
|
|t:|1730319369
|move|p2a: Flygon|Flamethrower|p1a: Skarmory
|-supereffective|p1a: Skarmory
|-damage|p1a: Skarmory|71/100
|move|p1a: Skarmory|Toxic|p2a: Flygon
|-status|p2a: Flygon|tox
|
|-weather|Sandstorm|[upkeep]
|-heal|p2a: Flygon|80/100 tox|[from] item: Leftovers
|-damage|p2a: Flygon|74/100 tox|[from] psn
|-heal|p1a: Skarmory|77/100|[from] item: Leftovers
|upkeep
|turn|43
|
|t:|1730319377
|switch|p2a: Skarmory|Skarmory, F|16/100
|move|p1a: Skarmory|Roar|p2a: Skarmory
|drag|p2a: Flygon|Flygon, M|74/100 tox
|
|-weather|Sandstorm|[upkeep]
|-heal|p2a: Flygon|80/100 tox|[from] item: Leftovers
|-damage|p2a: Flygon|74/100 tox|[from] psn
|-heal|p1a: Skarmory|83/100|[from] item: Leftovers
|upkeep
|turn|44
|
|t:|1730319385
|move|p1a: Skarmory|Protect|p1a: Skarmory
|-singleturn|p1a: Skarmory|Protect
|move|p2a: Flygon|Flamethrower|p1a: Skarmory
|-activate|p1a: Skarmory|Protect
|
|-weather|Sandstorm|[upkeep]
|-heal|p2a: Flygon|80/100 tox|[from] item: Leftovers
|-damage|p2a: Flygon|68/100 tox|[from] psn
|-heal|p1a: Skarmory|89/100|[from] item: Leftovers
|upkeep
|turn|45
|
|t:|1730319389
|move|p2a: Flygon|Flamethrower|p1a: Skarmory
|-supereffective|p1a: Skarmory
|-crit|p1a: Skarmory
|-damage|p1a: Skarmory|23/100
|move|p1a: Skarmory|Spikes|p2a: Flygon
|-sidestart|p2: FlappleFan20|Spikes
|
|-weather|Sandstorm|[upkeep]
|-heal|p2a: Flygon|74/100 tox|[from] item: Leftovers
|-damage|p2a: Flygon|56/100 tox|[from] psn
|-heal|p1a: Skarmory|29/100|[from] item: Leftovers
|upkeep
|turn|46
|
|t:|1730319398
|switch|p2a: Aerodactyl|Aerodactyl, M|100/100
|move|p1a: Skarmory|Protect||[still]
|-fail|p1a: Skarmory
|
|-weather|Sandstorm|[upkeep]
|-heal|p1a: Skarmory|35/100|[from] item: Leftovers
|upkeep
|turn|47
|
|t:|1730319405
|move|p1a: Skarmory|Protect|p1a: Skarmory
|-singleturn|p1a: Skarmory|Protect
|move|p2a: Aerodactyl|Rock Slide|p1a: Skarmory
|-activate|p1a: Skarmory|Protect
|
|-weather|Sandstorm|[upkeep]
|-heal|p1a: Skarmory|41/100|[from] item: Leftovers
|upkeep
|turn|48
|
|t:|1730319412
|switch|p1a: Jirachi|Jirachi|82/100
|-damage|p1a: Jirachi|70/100|[from] Spikes
|move|p2a: Aerodactyl|Rock Slide|p1a: Jirachi
|-resisted|p1a: Jirachi
|-damage|p1a: Jirachi|49/100
|
|-weather|Sandstorm|[upkeep]
|-heal|p1a: Jirachi|55/100|[from] item: Leftovers
|upkeep
|turn|49
|
|t:|1730319419
|switch|p2a: Zapdos|Zapdos|75/100 slp
|move|p1a: Jirachi|Wish|p1a: Jirachi
|
|-weather|Sandstorm|[upkeep]
|-damage|p2a: Zapdos|68/100 slp|[from] Sandstorm
|-heal|p2a: Zapdos|75/100 slp|[from] item: Leftovers
|-heal|p1a: Jirachi|62/100|[from] item: Leftovers
|upkeep
|turn|50
|
|t:|1730319427
|move|p1a: Jirachi|Protect|p1a: Jirachi
|-singleturn|p1a: Jirachi|Protect
|cant|p2a: Zapdos|slp
|move|p2a: Zapdos|Sleep Talk|p2a: Zapdos
|move|p2a: Zapdos|Roar|p1a: Jirachi|[from]Sleep Talk
|-activate|p1a: Jirachi|Protect
|
|-heal|p1a: Jirachi|100/100|[from] move: Wish|[wisher] Jirachi
|-weather|Sandstorm|[upkeep]
|-damage|p2a: Zapdos|68/100 slp|[from] Sandstorm
|-heal|p2a: Zapdos|75/100 slp|[from] item: Leftovers
|upkeep
|turn|51
|
|t:|1730319435
|cant|p2a: Zapdos|slp
|move|p2a: Zapdos|Sleep Talk|p2a: Zapdos
|move|p2a: Zapdos|Rest|p2a: Zapdos|[from]Sleep Talk
|move|p1a: Jirachi|Wish|p1a: Jirachi
|
|-weather|Sandstorm|[upkeep]
|-damage|p2a: Zapdos|68/100 slp|[from] Sandstorm
|-heal|p2a: Zapdos|75/100 slp|[from] item: Leftovers
|upkeep
|turn|52
|
|t:|1730319442
|move|p1a: Jirachi|Body Slam|p2a: Zapdos
|-damage|p2a: Zapdos|54/100 slp
|-curestatus|p2a: Zapdos|slp|[msg]
|move|p2a: Zapdos|Roar|p1a: Jirachi
|drag|p1a: Tyranitar|Tyranitar, F|81/100
|-damage|p1a: Tyranitar|69/100|[from] Spikes
|
|-heal|p1a: Tyranitar|100/100|[from] move: Wish|[wisher] Jirachi
|-weather|Sandstorm|[upkeep]
|-damage|p2a: Zapdos|47/100|[from] Sandstorm
|-heal|p2a: Zapdos|54/100|[from] item: Leftovers
|upkeep
|turn|53
|
|t:|1730319457
|switch|p2a: Jirachi|Jirachi|100/100 par
|-damage|p2a: Jirachi|75/100 par|[from] Spikes
|move|p1a: Tyranitar|Crunch|p2a: Jirachi
|-damage|p2a: Jirachi|53/100 par
|
|-weather|Sandstorm|[upkeep]
|-heal|p2a: Jirachi|59/100 par|[from] item: Leftovers
|upkeep
|turn|54
|
|t:|1730319467
|move|p1a: Tyranitar|Flamethrower|p2a: Jirachi
|-supereffective|p2a: Jirachi
|-damage|p2a: Jirachi|19/100 par
|move|p2a: Jirachi|Wish|p2a: Jirachi
|
|-weather|Sandstorm|[upkeep]
|-heal|p2a: Jirachi|25/100 par|[from] item: Leftovers
|upkeep
|turn|55
|
|t:|1730319475
|move|p2a: Jirachi|Protect|p2a: Jirachi
|-singleturn|p2a: Jirachi|Protect
|move|p1a: Tyranitar|Flamethrower|p2a: Jirachi
|-activate|p2a: Jirachi|Protect
|
|-heal|p2a: Jirachi|75/100 par|[from] move: Wish|[wisher] Jirachi
|-weather|Sandstorm|[upkeep]
|-heal|p2a: Jirachi|81/100 par|[from] item: Leftovers
|upkeep
|turn|56
|
|t:|1730319479
|move|p1a: Tyranitar|Flamethrower|p2a: Jirachi
|-supereffective|p2a: Jirachi
|-damage|p2a: Jirachi|41/100 par
|move|p2a: Jirachi|Toxic|p1a: Tyranitar
|-status|p1a: Tyranitar|tox
|
|-weather|Sandstorm|[upkeep]
|-damage|p1a: Tyranitar|94/100 tox|[from] psn
|-heal|p2a: Jirachi|47/100 par|[from] item: Leftovers
|upkeep
|turn|57
|
|t:|1730319486
|move|p2a: Jirachi|Protect|p2a: Jirachi
|-singleturn|p2a: Jirachi|Protect
|move|p1a: Tyranitar|Flamethrower|p2a: Jirachi
|-activate|p2a: Jirachi|Protect
|
|-weather|Sandstorm|[upkeep]
|-heal|p1a: Tyranitar|100/100 tox|[from] item: Leftovers
|-damage|p1a: Tyranitar|88/100 tox|[from] psn
|-heal|p2a: Jirachi|53/100 par|[from] item: Leftovers
|upkeep
|turn|58
|
|t:|1730319489
|move|p1a: Tyranitar|Flamethrower|p2a: Jirachi
|-supereffective|p2a: Jirachi
|-damage|p2a: Jirachi|16/100 par
|cant|p2a: Jirachi|par
|
|-weather|Sandstorm|[upkeep]
|-heal|p1a: Tyranitar|94/100 tox|[from] item: Leftovers
|-damage|p1a: Tyranitar|76/100 tox|[from] psn
|-heal|p2a: Jirachi|22/100 par|[from] item: Leftovers
|upkeep
|turn|59
|
|t:|1730319501
|move|p2a: Jirachi|Protect|p2a: Jirachi
|-singleturn|p2a: Jirachi|Protect
|move|p1a: Tyranitar|Crunch|p2a: Jirachi
|-activate|p2a: Jirachi|Protect
|
|-weather|Sandstorm|[upkeep]
|-heal|p1a: Tyranitar|82/100 tox|[from] item: Leftovers
|-damage|p1a: Tyranitar|57/100 tox|[from] psn
|-heal|p2a: Jirachi|28/100 par|[from] item: Leftovers
|upkeep
|turn|60
|
|t:|1730319513
|switch|p2a: Skarmory|Skarmory, F|16/100
|move|p1a: Tyranitar|Flamethrower|p2a: Skarmory
|-supereffective|p2a: Skarmory
|-damage|p2a: Skarmory|0 fnt
|faint|p2a: Skarmory
|
|t:|1730319523
|switch|p2a: Aerodactyl|Aerodactyl, M|100/100
|
|-weather|Sandstorm|[upkeep]
|-heal|p1a: Tyranitar|63/100 tox|[from] item: Leftovers
|-damage|p1a: Tyranitar|32/100 tox|[from] psn
|upkeep
|turn|61
|
|t:|1730319527
|move|p2a: Aerodactyl|Rock Slide|p1a: Tyranitar
|-damage|p1a: Tyranitar|0 fnt
|faint|p1a: Tyranitar
|
|t:|1730319531
|switch|p1a: Skarmory|Skarmory, F|41/100
|
|-weather|Sandstorm|[upkeep]
|-heal|p1a: Skarmory|47/100|[from] item: Leftovers
|upkeep
|turn|62
|
|t:|1730319538
|move|p1a: Skarmory|Protect|p1a: Skarmory
|-singleturn|p1a: Skarmory|Protect
|move|p2a: Aerodactyl|Rock Slide|p1a: Skarmory
|-activate|p1a: Skarmory|Protect
|
|-weather|Sandstorm|[upkeep]
|-heal|p1a: Skarmory|53/100|[from] item: Leftovers
|upkeep
|turn|63
|
|t:|1730319543
|switch|p1a: Jirachi|Jirachi|100/100
|-damage|p1a: Jirachi|88/100|[from] Spikes
|move|p2a: Aerodactyl|Rock Slide|p1a: Jirachi
|-resisted|p1a: Jirachi
|-damage|p1a: Jirachi|69/100
|
|-weather|Sandstorm|[upkeep]
|-heal|p1a: Jirachi|75/100|[from] item: Leftovers
|upkeep
|turn|64
|
|t:|1730319550
|switch|p2a: Zapdos|Zapdos|54/100
|move|p1a: Jirachi|Wish|p1a: Jirachi
|
|-weather|Sandstorm|[upkeep]
|-damage|p2a: Zapdos|47/100|[from] Sandstorm
|-heal|p2a: Zapdos|54/100|[from] item: Leftovers
|-heal|p1a: Jirachi|81/100|[from] item: Leftovers
|upkeep
|turn|65
|
|t:|1730319557
|move|p1a: Jirachi|Body Slam|p2a: Zapdos
|-damage|p2a: Zapdos|32/100
|move|p2a: Zapdos|Roar|p1a: Jirachi
|drag|p1a: Swampert|Swampert, F|94/100 tox
|-damage|p1a: Swampert|82/100 tox|[from] Spikes
|
|-heal|p1a: Swampert|100/100 tox|[from] move: Wish|[wisher] Jirachi
|-weather|Sandstorm|[upkeep]
|-damage|p2a: Zapdos|26/100|[from] Sandstorm
|-heal|p2a: Zapdos|32/100|[from] item: Leftovers
|-damage|p1a: Swampert|94/100 tox|[from] psn
|upkeep
|turn|66
|
|t:|1730319569
|move|p2a: Zapdos|Rest|p2a: Zapdos
|-status|p2a: Zapdos|slp|[from] move: Rest
|-heal|p2a: Zapdos|100/100 slp|[silent]
|move|p1a: Swampert|Ice Beam|p2a: Zapdos
|-supereffective|p2a: Zapdos
|-damage|p2a: Zapdos|68/100 slp
|
|-weather|Sandstorm|[upkeep]
|-damage|p2a: Zapdos|61/100 slp|[from] Sandstorm
|-heal|p2a: Zapdos|68/100 slp|[from] item: Leftovers
|-heal|p1a: Swampert|100/100 tox|[from] item: Leftovers
|-damage|p1a: Swampert|88/100 tox|[from] psn
|upkeep
|turn|67
|
|t:|1730319582
|switch|p2a: Jirachi|Jirachi|28/100 par
|-damage|p2a: Jirachi|3/100 par|[from] Spikes
|move|p1a: Swampert|Ice Beam|p2a: Jirachi
|-resisted|p2a: Jirachi
|-damage|p2a: Jirachi|0 fnt
|faint|p2a: Jirachi
|
|t:|1730319591
|switch|p2a: Aerodactyl|Aerodactyl, M|100/100
|
|-weather|Sandstorm|[upkeep]
|-heal|p1a: Swampert|94/100 tox|[from] item: Leftovers
|-damage|p1a: Swampert|76/100 tox|[from] psn
|upkeep
|turn|68
|
|t:|1730319601
|switch|p2a: Zapdos|Zapdos|68/100 slp
|move|p1a: Swampert|Hydro Pump|p2a: Zapdos
|-damage|p2a: Zapdos|37/100 slp
|
|-weather|Sandstorm|[upkeep]
|-damage|p2a: Zapdos|31/100 slp|[from] Sandstorm
|-heal|p2a: Zapdos|37/100 slp|[from] item: Leftovers
|-heal|p1a: Swampert|82/100 tox|[from] item: Leftovers
|-damage|p1a: Swampert|57/100 tox|[from] psn
|upkeep
|turn|69
|
|t:|1730319612
|cant|p2a: Zapdos|slp
|move|p2a: Zapdos|Sleep Talk|p2a: Zapdos
|move|p2a: Zapdos|Rest|p2a: Zapdos|[from]Sleep Talk
|move|p1a: Swampert|Hydro Pump|p2a: Zapdos
|-damage|p2a: Zapdos|8/100 slp
|
|-weather|Sandstorm|[upkeep]
|-damage|p2a: Zapdos|2/100 slp|[from] Sandstorm
|-heal|p2a: Zapdos|8/100 slp|[from] item: Leftovers
|-heal|p1a: Swampert|63/100 tox|[from] item: Leftovers
|-damage|p1a: Swampert|32/100 tox|[from] psn
|upkeep
|turn|70
|
|t:|1730319620
|switch|p1a: Jirachi|Jirachi|81/100
|-damage|p1a: Jirachi|69/100|[from] Spikes
|cant|p2a: Zapdos|slp
|move|p2a: Zapdos|Sleep Talk|p2a: Zapdos
|move|p2a: Zapdos|Rest|p2a: Zapdos|[from]Sleep Talk
|
|-weather|Sandstorm|[upkeep]
|-damage|p2a: Zapdos|2/100 slp|[from] Sandstorm
|-heal|p2a: Zapdos|8/100 slp|[from] item: Leftovers
|-heal|p1a: Jirachi|75/100|[from] item: Leftovers
|upkeep
|turn|71
|
|t:|1730319629
|-curestatus|p2a: Zapdos|slp|[msg]
|move|p2a: Zapdos|Rest|p2a: Zapdos
|-status|p2a: Zapdos|slp|[from] move: Rest
|-heal|p2a: Zapdos|100/100 slp|[silent]
|move|p1a: Jirachi|Body Slam|p2a: Zapdos
|-damage|p2a: Zapdos|81/100 slp
|
|-weather|Sandstorm|[upkeep]
|-damage|p2a: Zapdos|75/100 slp|[from] Sandstorm
|-heal|p2a: Zapdos|81/100 slp|[from] item: Leftovers
|-heal|p1a: Jirachi|81/100|[from] item: Leftovers
|upkeep
|turn|72
|
|t:|1730319634
|cant|p2a: Zapdos|slp
|move|p1a: Jirachi|Wish|p1a: Jirachi
|
|-weather|Sandstorm|[upkeep]
|-damage|p2a: Zapdos|75/100 slp|[from] Sandstorm
|-heal|p2a: Zapdos|81/100 slp|[from] item: Leftovers
|-heal|p1a: Jirachi|87/100|[from] item: Leftovers
|upkeep
|turn|73
|
|t:|1730319640
|switch|p1a: Swampert|Swampert, F|32/100 tox
|-damage|p1a: Swampert|20/100 tox|[from] Spikes
|cant|p2a: Zapdos|slp
|move|p2a: Zapdos|Sleep Talk|p2a: Zapdos
|move|p2a: Zapdos|Rest|p2a: Zapdos|[from]Sleep Talk
|
|-heal|p1a: Swampert|70/100 tox|[from] move: Wish|[wisher] Jirachi
|-weather|Sandstorm|[upkeep]
|-damage|p2a: Zapdos|75/100 slp|[from] Sandstorm
|-heal|p2a: Zapdos|81/100 slp|[from] item: Leftovers
|-heal|p1a: Swampert|76/100 tox|[from] item: Leftovers
|-damage|p1a: Swampert|70/100 tox|[from] psn
|upkeep
|turn|74
|
|t:|1730319651
|switch|p1a: Skarmory|Skarmory, F|53/100
|-curestatus|p2a: Zapdos|slp|[msg]
|move|p2a: Zapdos|Roar|p1a: Skarmory
|drag|p1a: Salamence|Salamence, F|94/100 tox
|-ability|p1a: Salamence|Intimidate|boost
|-unboost|p2a: Zapdos|atk|1
|
|-weather|Sandstorm|[upkeep]
|-damage|p1a: Salamence|88/100 tox|[from] Sandstorm
|-damage|p2a: Zapdos|75/100|[from] Sandstorm
|-heal|p1a: Salamence|94/100 tox|[from] item: Leftovers
|-damage|p1a: Salamence|88/100 tox|[from] psn
|-heal|p2a: Zapdos|81/100|[from] item: Leftovers
|upkeep
|turn|75
|
|t:|1730319657
|move|p2a: Zapdos|Thunderbolt|p1a: Salamence
|-damage|p1a: Salamence|43/100 tox
|move|p1a: Salamence|Roar|p2a: Zapdos
|drag|p2a: Aerodactyl|Aerodactyl, M|100/100
|
|-weather|Sandstorm|[upkeep]
|-damage|p1a: Salamence|37/100 tox|[from] Sandstorm
|-heal|p1a: Salamence|43/100 tox|[from] item: Leftovers
|-damage|p1a: Salamence|31/100 tox|[from] psn
|upkeep
|turn|76
|
|t:|1730319666
|switch|p1a: Jirachi|Jirachi|87/100
|-damage|p1a: Jirachi|75/100|[from] Spikes
|move|p2a: Aerodactyl|Rock Slide|p1a: Jirachi
|-resisted|p1a: Jirachi
|-damage|p1a: Jirachi|55/100
|
|-weather|Sandstorm|[upkeep]
|-heal|p1a: Jirachi|61/100|[from] item: Leftovers
|upkeep
|turn|77
|
|t:|1730319672
|switch|p2a: Flygon|Flygon, M|56/100 tox
|move|p1a: Jirachi|Wish|p1a: Jirachi
|
|-weather|Sandstorm|[upkeep]
|-heal|p2a: Flygon|62/100 tox|[from] item: Leftovers
|-damage|p2a: Flygon|56/100 tox|[from] psn
|-heal|p1a: Jirachi|67/100|[from] item: Leftovers
|upkeep
|turn|78
|
|t:|1730319685
|switch|p2a: Aerodactyl|Aerodactyl, M|100/100
|switch|p1a: Salamence|Salamence, F|31/100 tox
|-ability|p1a: Salamence|Intimidate|boost
|-unboost|p2a: Aerodactyl|atk|1
|
|-heal|p1a: Salamence|81/100 tox|[from] move: Wish|[wisher] Jirachi
|-weather|Sandstorm|[upkeep]
|-damage|p1a: Salamence|75/100 tox|[from] Sandstorm
|-heal|p1a: Salamence|81/100 tox|[from] item: Leftovers
|-damage|p1a: Salamence|75/100 tox|[from] psn
|upkeep
|turn|79
|
|t:|1730319699
|switch|p1a: Skarmory|Skarmory, F|53/100
|move|p2a: Aerodactyl|Earthquake|p1a: Skarmory
|-immune|p1a: Skarmory
|
|-weather|Sandstorm|[upkeep]
|-heal|p1a: Skarmory|59/100|[from] item: Leftovers
|upkeep
|turn|80
|inactive|Zoyotte has 270 seconds left.
|
|t:|1730319730
|switch|p2a: Zapdos|Zapdos|81/100
|move|p1a: Skarmory|Toxic|p2a: Zapdos
|-status|p2a: Zapdos|tox
|
|-weather|Sandstorm|[upkeep]
|-damage|p2a: Zapdos|75/100 tox|[from] Sandstorm
|-heal|p2a: Zapdos|81/100 tox|[from] item: Leftovers
|-damage|p2a: Zapdos|75/100 tox|[from] psn
|-heal|p1a: Skarmory|65/100|[from] item: Leftovers
|upkeep
|turn|81
|inactive|Zoyotte has 270 seconds left.
|
|t:|1730319742
|switch|p1a: Jirachi|Jirachi|67/100
|-damage|p1a: Jirachi|55/100|[from] Spikes
|move|p2a: Zapdos|Thunderbolt|p1a: Jirachi
|-damage|p1a: Jirachi|28/100
|
|-weather|Sandstorm|[upkeep]
|-damage|p2a: Zapdos|68/100 tox|[from] Sandstorm
|-heal|p2a: Zapdos|75/100 tox|[from] item: Leftovers
|-damage|p2a: Zapdos|62/100 tox|[from] psn
|-heal|p1a: Jirachi|34/100|[from] item: Leftovers
|upkeep
|turn|82
|inactive|Zoyotte has 270 seconds left.
|
|t:|1730319757
|move|p2a: Zapdos|Thunderbolt|p1a: Jirachi
|-damage|p1a: Jirachi|10/100
|-status|p1a: Jirachi|par
|move|p1a: Jirachi|Wish|p1a: Jirachi
|
|-weather|Sandstorm|[upkeep]
|-damage|p2a: Zapdos|56/100 tox|[from] Sandstorm
|-heal|p2a: Zapdos|62/100 tox|[from] item: Leftovers
|-damage|p2a: Zapdos|43/100 tox|[from] psn
|-heal|p1a: Jirachi|16/100 par|[from] item: Leftovers
|upkeep
|turn|83
|
|t:|1730319766
|move|p1a: Jirachi|Protect|p1a: Jirachi
|-singleturn|p1a: Jirachi|Protect
|move|p2a: Zapdos|Rest|p2a: Zapdos
|-status|p2a: Zapdos|slp|[from] move: Rest
|-heal|p2a: Zapdos|100/100 slp|[silent]
|
|-heal|p1a: Jirachi|66/100 par|[from] move: Wish|[wisher] Jirachi
|-weather|Sandstorm|[upkeep]
|-damage|p2a: Zapdos|94/100 slp|[from] Sandstorm
|-heal|p2a: Zapdos|100/100 slp|[from] item: Leftovers
|-heal|p1a: Jirachi|72/100 par|[from] item: Leftovers
|upkeep
|turn|84
|inactive|Zoyotte has 270 seconds left.
|
|t:|1730319789
|cant|p2a: Zapdos|slp
|move|p1a: Jirachi|Fire Punch|p2a: Zapdos
|-damage|p2a: Zapdos|88/100 slp
|
|-weather|Sandstorm|[upkeep]
|-damage|p2a: Zapdos|82/100 slp|[from] Sandstorm
|-heal|p2a: Zapdos|88/100 slp|[from] item: Leftovers
|-heal|p1a: Jirachi|78/100 par|[from] item: Leftovers
|upkeep
|turn|85
|inactive|Zoyotte has 270 seconds left.
|
|t:|1730319803
|move|p1a: Jirachi|Protect|p1a: Jirachi
|-singleturn|p1a: Jirachi|Protect
|cant|p2a: Zapdos|slp
|
|-weather|Sandstorm|[upkeep]
|-damage|p2a: Zapdos|82/100 slp|[from] Sandstorm
|-heal|p2a: Zapdos|88/100 slp|[from] item: Leftovers
|-heal|p1a: Jirachi|84/100 par|[from] item: Leftovers
|upkeep
|turn|86
|inactive|Zoyotte has 270 seconds left.
|
|t:|1730319812
|move|p1a: Jirachi|Fire Punch|p2a: Zapdos
|-damage|p2a: Zapdos|76/100 slp
|-curestatus|p2a: Zapdos|slp|[msg]
|move|p2a: Zapdos|Roar|p1a: Jirachi
|drag|p1a: Salamence|Salamence, F|75/100 tox
|-ability|p1a: Salamence|Intimidate|boost
|-unboost|p2a: Zapdos|atk|1
|
|-weather|Sandstorm|[upkeep]
|-damage|p1a: Salamence|69/100 tox|[from] Sandstorm
|-damage|p2a: Zapdos|70/100|[from] Sandstorm
|-heal|p1a: Salamence|75/100 tox|[from] item: Leftovers
|-damage|p1a: Salamence|69/100 tox|[from] psn
|-heal|p2a: Zapdos|76/100|[from] item: Leftovers
|upkeep
|turn|87
|inactive|Zoyotte has 270 seconds left.
|
|t:|1730319834
|switch|p1a: Jirachi|Jirachi|84/100 par
|-damage|p1a: Jirachi|72/100 par|[from] Spikes
|move|p2a: Zapdos|Thunderbolt|p1a: Jirachi
|-damage|p1a: Jirachi|44/100 par
|
|-weather|Sandstorm|[upkeep]
|-damage|p2a: Zapdos|70/100|[from] Sandstorm
|-heal|p2a: Zapdos|76/100|[from] item: Leftovers
|-heal|p1a: Jirachi|50/100 par|[from] item: Leftovers
|upkeep
|turn|88
|
|t:|1730319840
|move|p1a: Jirachi|Protect|p1a: Jirachi
|-singleturn|p1a: Jirachi|Protect
|move|p2a: Zapdos|Roar|p1a: Jirachi
|-activate|p1a: Jirachi|Protect
|
|-weather|Sandstorm|[upkeep]
|-damage|p2a: Zapdos|70/100|[from] Sandstorm
|-heal|p2a: Zapdos|76/100|[from] item: Leftovers
|-heal|p1a: Jirachi|57/100 par|[from] item: Leftovers
|upkeep
|turn|89
|inactive|Zoyotte has 270 seconds left.
|
|t:|1730319852
|move|p2a: Zapdos|Thunderbolt|p1a: Jirachi
|-damage|p1a: Jirachi|31/100 par
|cant|p1a: Jirachi|par
|
|-weather|Sandstorm|[upkeep]
|-damage|p2a: Zapdos|70/100|[from] Sandstorm
|-heal|p2a: Zapdos|76/100|[from] item: Leftovers
|-heal|p1a: Jirachi|37/100 par|[from] item: Leftovers
|upkeep
|turn|90
|
|t:|1730319858
|move|p1a: Jirachi|Protect|p1a: Jirachi
|-singleturn|p1a: Jirachi|Protect
|move|p2a: Zapdos|Thunderbolt|p1a: Jirachi
|-activate|p1a: Jirachi|Protect
|
|-weather|Sandstorm|[upkeep]
|-damage|p2a: Zapdos|70/100|[from] Sandstorm
|-heal|p2a: Zapdos|76/100|[from] item: Leftovers
|-heal|p1a: Jirachi|43/100 par|[from] item: Leftovers
|upkeep
|turn|91
|
|t:|1730319863
|move|p2a: Zapdos|Thunderbolt|p1a: Jirachi
|-damage|p1a: Jirachi|19/100 par
|move|p1a: Jirachi|Wish|p1a: Jirachi
|
|-weather|Sandstorm|[upkeep]
|-damage|p2a: Zapdos|70/100|[from] Sandstorm
|-heal|p2a: Zapdos|76/100|[from] item: Leftovers
|-heal|p1a: Jirachi|25/100 par|[from] item: Leftovers
|upkeep
|turn|92
|
|t:|1730319867
|move|p1a: Jirachi|Protect|p1a: Jirachi
|-singleturn|p1a: Jirachi|Protect
|move|p2a: Zapdos|Roar|p1a: Jirachi
|-activate|p1a: Jirachi|Protect
|
|-heal|p1a: Jirachi|75/100 par|[from] move: Wish|[wisher] Jirachi
|-weather|Sandstorm|[upkeep]
|-damage|p2a: Zapdos|70/100|[from] Sandstorm
|-heal|p2a: Zapdos|76/100|[from] item: Leftovers
|-heal|p1a: Jirachi|81/100 par|[from] item: Leftovers
|upkeep
|turn|93
|
|t:|1730319874
|move|p2a: Zapdos|Thunderbolt|p1a: Jirachi
|-damage|p1a: Jirachi|56/100 par
|move|p1a: Jirachi|Body Slam|p2a: Zapdos
|-damage|p2a: Zapdos|56/100
|
|-weather|Sandstorm|[upkeep]
|-damage|p2a: Zapdos|50/100|[from] Sandstorm
|-heal|p2a: Zapdos|56/100|[from] item: Leftovers
|-heal|p1a: Jirachi|63/100 par|[from] item: Leftovers
|upkeep
|turn|94
|
|t:|1730319883
|move|p2a: Zapdos|Thunderbolt|p1a: Jirachi
|-damage|p1a: Jirachi|35/100 par
|move|p1a: Jirachi|Body Slam|p2a: Zapdos
|-damage|p2a: Zapdos|36/100
|-status|p2a: Zapdos|par
|
|-weather|Sandstorm|[upkeep]
|-damage|p2a: Zapdos|30/100 par|[from] Sandstorm
|-heal|p2a: Zapdos|36/100 par|[from] item: Leftovers
|-heal|p1a: Jirachi|42/100 par|[from] item: Leftovers
|upkeep
|turn|95
|
|t:|1730319895
|move|p2a: Zapdos|Rest|p2a: Zapdos
|-status|p2a: Zapdos|slp|[from] move: Rest
|-heal|p2a: Zapdos|100/100 slp|[silent]
|move|p1a: Jirachi|Wish|p1a: Jirachi
|
|-weather|Sandstorm|[upkeep]
|-damage|p2a: Zapdos|94/100 slp|[from] Sandstorm
|-heal|p2a: Zapdos|100/100 slp|[from] item: Leftovers
|-heal|p1a: Jirachi|48/100 par|[from] item: Leftovers
|upkeep
|turn|96
|
|t:|1730319906
|cant|p2a: Zapdos|slp
|move|p1a: Jirachi|Fire Punch|p2a: Zapdos
|-crit|p2a: Zapdos
|-damage|p2a: Zapdos|75/100 slp
|
|-heal|p1a: Jirachi|98/100 par|[from] move: Wish|[wisher] Jirachi
|-weather|Sandstorm|[upkeep]
|-damage|p2a: Zapdos|69/100 slp|[from] Sandstorm
|-heal|p2a: Zapdos|75/100 slp|[from] item: Leftovers
|-heal|p1a: Jirachi|100/100 par|[from] item: Leftovers
|upkeep
|turn|97
|
|t:|1730319917
|switch|p1a: Skarmory|Skarmory, F|65/100
|cant|p2a: Zapdos|slp
|
|-weather|Sandstorm|[upkeep]
|-damage|p2a: Zapdos|69/100 slp|[from] Sandstorm
|-heal|p2a: Zapdos|75/100 slp|[from] item: Leftovers
|-heal|p1a: Skarmory|71/100|[from] item: Leftovers
|upkeep
|turn|98
|
|t:|1730319922
|move|p1a: Skarmory|Protect|p1a: Skarmory
|-singleturn|p1a: Skarmory|Protect
|-curestatus|p2a: Zapdos|slp|[msg]
|move|p2a: Zapdos|Roar|p1a: Skarmory
|-activate|p1a: Skarmory|Protect
|
|-weather|Sandstorm|[upkeep]
|-damage|p2a: Zapdos|69/100|[from] Sandstorm
|-heal|p2a: Zapdos|75/100|[from] item: Leftovers
|-heal|p1a: Skarmory|77/100|[from] item: Leftovers
|upkeep
|turn|99
|
|t:|1730319931
|move|p2a: Zapdos|Thunderbolt|p1a: Skarmory
|-supereffective|p1a: Skarmory
|-damage|p1a: Skarmory|0 fnt
|faint|p1a: Skarmory
|
|t:|1730319936
|switch|p1a: Swampert|Swampert, F|70/100 tox
|-damage|p1a: Swampert|58/100 tox|[from] Spikes
|
|-weather|Sandstorm|[upkeep]
|-damage|p2a: Zapdos|69/100|[from] Sandstorm
|-heal|p2a: Zapdos|75/100|[from] item: Leftovers
|-heal|p1a: Swampert|64/100 tox|[from] item: Leftovers
|-damage|p1a: Swampert|58/100 tox|[from] psn
|upkeep
|turn|100
|
|t:|1730319941
|move|p1a: Swampert|Ice Beam|p2a: Zapdos
|-supereffective|p2a: Zapdos
|-damage|p2a: Zapdos|45/100
|move|p2a: Zapdos|Roar|p1a: Swampert
|drag|p1a: Jirachi|Jirachi|100/100 par
|-damage|p1a: Jirachi|88/100 par|[from] Spikes
|
|-weather|Sandstorm|[upkeep]
|-damage|p2a: Zapdos|39/100|[from] Sandstorm
|-heal|p2a: Zapdos|45/100|[from] item: Leftovers
|-heal|p1a: Jirachi|94/100 par|[from] item: Leftovers
|upkeep
|turn|101
|
|t:|1730319950
|switch|p1a: Swampert|Swampert, F|58/100 tox
|-damage|p1a: Swampert|45/100 tox|[from] Spikes
|move|p2a: Zapdos|Thunderbolt|p1a: Swampert
|-immune|p1a: Swampert
|
|-weather|Sandstorm|[upkeep]
|-damage|p2a: Zapdos|39/100|[from] Sandstorm
|-heal|p2a: Zapdos|45/100|[from] item: Leftovers
|-heal|p1a: Swampert|51/100 tox|[from] item: Leftovers
|-damage|p1a: Swampert|45/100 tox|[from] psn
|upkeep
|turn|102
|
|t:|1730319958
|move|p1a: Swampert|Ice Beam|p2a: Zapdos
|-supereffective|p2a: Zapdos
|-damage|p2a: Zapdos|10/100
|move|p2a: Zapdos|Roar|p1a: Swampert
|drag|p1a: Salamence|Salamence, F|69/100 tox
|-ability|p1a: Salamence|Intimidate|boost
|-unboost|p2a: Zapdos|atk|1
|
|-weather|Sandstorm|[upkeep]
|-damage|p1a: Salamence|63/100 tox|[from] Sandstorm
|-damage|p2a: Zapdos|4/100|[from] Sandstorm
|-heal|p1a: Salamence|69/100 tox|[from] item: Leftovers
|-damage|p1a: Salamence|63/100 tox|[from] psn
|-heal|p2a: Zapdos|10/100|[from] item: Leftovers
|upkeep
|turn|103
|
|t:|1730319968
|switch|p2a: Aerodactyl|Aerodactyl, M|100/100
|move|p1a: Salamence|Dragon Claw|p2a: Aerodactyl
|-damage|p2a: Aerodactyl|46/100
|
|-weather|Sandstorm|[upkeep]
|-damage|p1a: Salamence|57/100 tox|[from] Sandstorm
|-heal|p1a: Salamence|63/100 tox|[from] item: Leftovers
|-damage|p1a: Salamence|51/100 tox|[from] psn
|upkeep
|turn|104
|
|t:|1730319975
|switch|p1a: Jirachi|Jirachi|94/100 par
|-damage|p1a: Jirachi|82/100 par|[from] Spikes
|move|p2a: Aerodactyl|Earthquake|p1a: Jirachi
|-supereffective|p1a: Jirachi
|-damage|p1a: Jirachi|7/100 par
|
|-weather|Sandstorm|[upkeep]
|-heal|p1a: Jirachi|14/100 par|[from] item: Leftovers
|upkeep
|turn|105
|
|t:|1730319982
|switch|p1a: Salamence|Salamence, F|51/100 tox
|-ability|p1a: Salamence|Intimidate|boost
|-unboost|p2a: Aerodactyl|atk|1
|move|p2a: Aerodactyl|Earthquake|p1a: Salamence
|-immune|p1a: Salamence
|
|-weather|Sandstorm|[upkeep]
|-damage|p1a: Salamence|45/100 tox|[from] Sandstorm
|-heal|p1a: Salamence|51/100 tox|[from] item: Leftovers
|-damage|p1a: Salamence|45/100 tox|[from] psn
|upkeep
|turn|106
|
|t:|1730319993
|switch|p2a: Zapdos|Zapdos|10/100
|move|p1a: Salamence|Dragon Claw|p2a: Zapdos
|-damage|p2a: Zapdos|0 fnt
|faint|p2a: Zapdos
|
|t:|1730319997
|switch|p2a: Aerodactyl|Aerodactyl, M|46/100
|
|-weather|Sandstorm|[upkeep]
|-damage|p1a: Salamence|39/100 tox|[from] Sandstorm
|-heal|p1a: Salamence|45/100 tox|[from] item: Leftovers
|-damage|p1a: Salamence|33/100 tox|[from] psn
|upkeep
|turn|107
|
|t:|1730320006
|switch|p1a: Jirachi|Jirachi|14/100 par
|-damage|p1a: Jirachi|1/100 par|[from] Spikes
|move|p2a: Aerodactyl|Rock Slide|p1a: Jirachi
|-resisted|p1a: Jirachi
|-damage|p1a: Jirachi|0 fnt
|faint|p1a: Jirachi
|inactive|Zoyotte has 270 seconds left.
|
|t:|1730320054
|switch|p1a: Swampert|Swampert, F|45/100 tox
|-damage|p1a: Swampert|33/100 tox|[from] Spikes
|
|-weather|Sandstorm|[upkeep]
|-heal|p1a: Swampert|39/100 tox|[from] item: Leftovers
|-damage|p1a: Swampert|33/100 tox|[from] psn
|upkeep
|turn|108
|
|t:|1730320060
|switch|p2a: Flygon|Flygon, M|56/100 tox
|move|p1a: Swampert|Ice Beam|p2a: Flygon
|-supereffective|p2a: Flygon
|-damage|p2a: Flygon|0 fnt
|faint|p2a: Flygon
|
|t:|1730320064
|switch|p2a: Aerodactyl|Aerodactyl, M|46/100
|
|-weather|Sandstorm|[upkeep]
|-heal|p1a: Swampert|39/100 tox|[from] item: Leftovers
|-damage|p1a: Swampert|27/100 tox|[from] psn
|upkeep
|turn|109
|inactive|Zoyotte has 270 seconds left.
|
|t:|1730320094
|move|p2a: Aerodactyl|Rock Slide|p1a: Swampert
|-resisted|p1a: Swampert
|-damage|p1a: Swampert|7/100 tox
|cant|p1a: Swampert|flinch
|
|-weather|Sandstorm|[upkeep]
|-heal|p1a: Swampert|13/100 tox|[from] item: Leftovers
|-damage|p1a: Swampert|0 fnt|[from] psn
|faint|p1a: Swampert
|upkeep
|c|☆Zoyotte|LOL ok
|c|☆Zoyotte|def a rob 
|c|☆FlappleFan20|sorry about that, was my only out
|c|☆Zoyotte|you had dedge
|
|t:|1730320113
|switch|p1a: Salamence|Salamence, F|33/100 tox
|-ability|p1a: Salamence|Intimidate|boost
|-unboost|p2a: Aerodactyl|atk|1
|turn|110
|
|t:|1730320118
|move|p2a: Aerodactyl|Rock Slide|p1a: Salamence
|-supereffective|p1a: Salamence
|-damage|p1a: Salamence|0 fnt
|faint|p1a: Salamence
|
|win|FlappleFan20
|c|☆FlappleFan20|no i didnt

</script>
<script type="application/json" class="data" id="replaydata-smogtours-gen3ou-803456">
{"id":"smogtours-gen3ou-803456","format":"[Gen 3] OU","players":["Zoyotte","FlappleFan20"],"uploadtime":1730320118,"views":55,"formatid":"gen3ou","rating":null,"private":0,"password":null}
</script>

<script defer src="js/replays.js?9d40a366"></script>
