<!DOCTYPE html>
<meta charset="utf-8" />
<meta name="viewport" content="width=device-width" />

<title>[Gen 3] OU: Derevien vs. antantantantant - Replays - Pok&eacute;mon Showdown!</title>

<meta name="description" content="Watch a replay of a Pok&eacute;mon battle between Derevien and antantantantant! Format: [Gen 3] OU; Date: Oct 8, 2024" />
<!--

Hey, you! Looking in the source for the replay log?

You can find them in JSON format, just add `.json` at the end of a replay URL.

https://replay.pokemonshowdown.com/gen7randomdoublesbattle-865046831.json

Or, if you only need the log itself, add `.log` instead:

https://replay.pokemonshowdown.com/gen7randomdoublesbattle-865046831.log

-->

<link rel="stylesheet" href="//pokemonshowdown.com/style/global.css?0.023195364461161105" />
<link rel="stylesheet" href="//play.pokemonshowdown.com/style/font-awesome.css?0.13261647063804238" />
<link rel="stylesheet" href="//play.pokemonshowdown.com/style/battle.css?0.8753245789963631" />
<link rel="stylesheet" href="//play.pokemonshowdown.com/style/utilichart.css?0.8627959624976733" />

<!-- Global site tag (gtag.js) - Google Analytics -->
<script async src="https://www.googletagmanager.com/gtag/js?id=UA-26211653-1"></script>
<script>
  window.dataLayer = window.dataLayer || [];
  function gtag(){dataLayer.push(arguments);}
  gtag('js', new Date());

  gtag('config', 'UA-26211653-1');
</script>
<!-- End Google Analytics -->
<!-- Venatus Ad Manager - Install in <HEAD> of page -->
	<script src="https://hb.vntsm.com/v3/live/ad-manager.min.js" type="text/javascript" data-site-id="642aba63ec9a7b11c3c9c1be" data-mode="scan" async></script>
<!-- / Venatus Ad Manager -->

<style>
	@media (max-width:820px) {
		.battle {
			margin: 0 auto;
		}
		.battle-log {
			margin: 7px auto 0;
			max-width: 640px;
			height: 300px;
			position: static;
		}
	}
	.optgroup {
		display: inline-block;
		line-height: 22px;
		font-size: 10pt;
	}
	.optgroup .button {
		height: 25px;
		padding-top: 0;
		padding-bottom: 0;
	}
	.optgroup button.button {
		padding-left: 12px;
		padding-right: 12px;
	}
	.linklist {
		list-style: none;
		margin: 0.5em 0;
		padding: 0;
	}
	.linklist li {
		padding: 2px 0;
	}
	.sidebar {
		float: left;
		width: 320px;
	}
	.bar-wrapper {
		max-width: 1100px;
		margin: 0 auto;
	}
	.bar-wrapper.has-sidebar {
		max-width: 1430px;
	}
	.mainbar {
		margin: 0;
		padding-right: 1px;
	}
	.mainbar.has-sidebar {
		margin-left: 330px;
	}
	@media (min-width: 1511px) {
		.sidebar {
			width: 400px;
		}
		.bar-wrapper.has-sidebar {
			max-width: 1510px;
		}
		.mainbar.has-sidebar {
			margin-left: 410px;
		}
	}
	.section.first-section {
		margin-top: 9px;
	}
	.blocklink small {
		white-space: normal;
	}
	.button {
		vertical-align: middle;
	}
	.replay-controls {
		padding-top: 10px;
	}
	.replay-controls h1 {
		font-size: 16pt;
		font-weight: normal;
		color: #CCC;
	}
	.pagelink {
		text-align: center;
	}
	.pagelink a {
		width: 150px;
	}
	.textbox, .button {
		font-size: 11pt;
		vertical-align: middle;
	}
	@media (max-width: 450px) {
		.button {
			font-size: 9pt;
		}
	}
</style>

<div>

	<header>
		<div class="nav-wrapper"><ul class="nav">
			<li><a class="button nav-first" href="//pokemonshowdown.com/"><img src="//pokemonshowdown.com/images/pokemonshowdownbeta.png" srcset="//pokemonshowdown.com/images/pokemonshowdownbeta.png 1x, //pokemonshowdown.com/images/pokemonshowdownbeta@2x.png 2x" alt="Pok&eacute;mon Showdown" width="146" height="44" /> Home</a></li>
			<li><a class="button" href="//pokemonshowdown.com/dex/">Pok&eacute;dex</a></li>
			<li><a class="button cur" href="/">Replays</a></li>
			<li><a class="button" href="//pokemonshowdown.com/ladder/">Ladder</a></li>
			<li><a class="button nav-last" href="//pokemonshowdown.com/forums/">Forum</a></li>
			<li><a class="button greenbutton nav-first nav-last" href="//play.pokemonshowdown.com/">Play</a></li>
		</ul></div>
	</header>

	<div class="main" id="main">

		<noscript><section class="section">You need to enable JavaScript to use this page; sorry!</section></noscript>

	</div>

</div>

<script defer nomodule src="//play.pokemonshowdown.com/js/lib/ps-polyfill.js"></script>
<script defer src="//play.pokemonshowdown.com/js/lib/preact.min.js"></script>

<script defer src="//play.pokemonshowdown.com/config/config.js?2bddbc15"></script>
<script defer src="//play.pokemonshowdown.com/js/lib/jquery-1.11.0.min.js"></script>
<script defer src="//play.pokemonshowdown.com/js/lib/html-sanitizer-minified.js"></script>
<script defer src="//play.pokemonshowdown.com/js/battle-sound.js"></script>
<script defer src="//play.pokemonshowdown.com/js/battledata.js?0.7209276989879541"></script>
<script defer src="//play.pokemonshowdown.com/data/pokedex-mini.js?0.6111056340867951"></script>
<script defer src="//play.pokemonshowdown.com/data/pokedex-mini-bw.js?0.3532142036491459"></script>
<script defer src="//play.pokemonshowdown.com/data/graphics.js?0.24223875632456182"></script>
<script defer src="//play.pokemonshowdown.com/data/pokedex.js?0.38839984266356864"></script>
<script defer src="//play.pokemonshowdown.com/data/moves.js?0.21866028504024015"></script>
<script defer src="//play.pokemonshowdown.com/data/abilities.js?0.2005157953846628"></script>
<script defer src="//play.pokemonshowdown.com/data/items.js?0.9894211263848525"></script>
<script defer src="//play.pokemonshowdown.com/data/teambuilder-tables.js?0.6008791140282215"></script>
<script defer src="//play.pokemonshowdown.com/js/battle-tooltips.js?0.7580118955022959"></script>
<script defer src="//play.pokemonshowdown.com/js/battle.js?0.6057722274234274"></script>

<script defer src="js/utils.js?e31f9a17"></script>
<script defer src="js/replays-battle.js?7008c182"></script>

<!-- don't scrape this data! just add .json or .log after the URL!
Full API docs: https://github.com/smogon/pokemon-showdown-client/blob/master/WEB-API.md -->
<script type="text/plain" class="log" id="replaylog-smogtours-gen3ou-796357">
|inactive|Battle timer is ON: inactive players will automatically lose when time's up.
|t:|1728399365
|gametype|singles
|player|p1|Derevien|acetrainerf-gen6|
|player|p2|antantantantant|170|
|teamsize|p1|6
|teamsize|p2|6
|gen|3
|tier|[Gen 3] OU
|rule|Sleep Clause Mod: Limit one foe put to sleep
|rule|Switch Priority Clause Mod: Faster Pokémon switch first
|rule|Species Clause: Limit one of each Pokémon
|rule|OHKO Clause: OHKO moves are banned
|rule|Evasion Items Clause: Evasion items are banned
|rule|Evasion Moves Clause: Evasion moves are banned
|rule|Endless Battle Clause: Forcing endless battles is banned
|rule|HP Percentage Mod: HP is shown in percentages
|rule|One Boost Passer Clause: Limit one Baton Passer that has a way to boost its stats
|rule|Freeze Clause Mod: Limit one foe frozen
|
|t:|1728399365
|start
|switch|p1a: 暴飛龍|Salamence, F|100/100
|switch|p2a: Tyranitar|Tyranitar, M|100/100
|-ability|p1a: 暴飛龍|Intimidate|boost
|-unboost|p2a: Tyranitar|atk|1
|-weather|Sandstorm|[from] ability: Sand Stream|[of] p2a: Tyranitar
|turn|1
|c|☆antantantantant|glgl
|c|☆Derevien|gl hf
|
|t:|1728399379
|switch|p2a: Suicune|Suicune|100/100
|move|p1a: 暴飛龍|Brick Break|p2a: Suicune
|-damage|p2a: Suicune|74/100
|
|-weather|Sandstorm|[upkeep]
|-damage|p1a: 暴飛龍|94/100|[from] Sandstorm
|-damage|p2a: Suicune|68/100|[from] Sandstorm
|-heal|p2a: Suicune|74/100|[from] item: Leftovers
|upkeep
|turn|2
|
|t:|1728399390
|switch|p1a: 水君|Suicune|100/100
|move|p2a: Suicune|Roar|p1a: 水君
|drag|p1a: 班基拉斯|Tyranitar, M|100/100
|
|-weather|Sandstorm|[upkeep]
|-damage|p2a: Suicune|68/100|[from] Sandstorm
|-heal|p2a: Suicune|74/100|[from] item: Leftovers
|upkeep
|turn|3
|
|t:|1728399403
|switch|p2a: Flygon|Flygon, M|100/100
|switch|p1a: 水君|Suicune|100/100
|
|-weather|Sandstorm|[upkeep]
|-damage|p1a: 水君|94/100|[from] Sandstorm
|-heal|p1a: 水君|100/100|[from] item: Leftovers
|upkeep
|turn|4
|
|t:|1728399412
|switch|p2a: Suicune|Suicune|74/100
|move|p1a: 水君|Ice Beam|p2a: Suicune
|-resisted|p2a: Suicune
|-damage|p2a: Suicune|65/100
|
|-weather|Sandstorm|[upkeep]
|-damage|p1a: 水君|94/100|[from] Sandstorm
|-damage|p2a: Suicune|58/100|[from] Sandstorm
|-heal|p1a: 水君|100/100|[from] item: Leftovers
|-heal|p2a: Suicune|65/100|[from] item: Leftovers
|upkeep
|turn|5
|
|t:|1728399417
|move|p1a: 水君|Roar|p2a: Suicune
|drag|p2a: Blissey|Blissey, F|100/100
|
|-weather|Sandstorm|[upkeep]
|-damage|p1a: 水君|94/100|[from] Sandstorm
|-damage|p2a: Blissey|94/100|[from] Sandstorm
|-heal|p1a: 水君|100/100|[from] item: Leftovers
|-heal|p2a: Blissey|100/100|[from] item: Leftovers
|upkeep
|turn|6
|
|t:|1728399427
|switch|p1a: 基拉祈|Jirachi|100/100
|switch|p2a: Suicune|Suicune|65/100
|
|-weather|Sandstorm|[upkeep]
|-damage|p2a: Suicune|58/100|[from] Sandstorm
|-heal|p2a: Suicune|65/100|[from] item: Leftovers
|upkeep
|turn|7
|
|t:|1728399431
|move|p1a: 基拉祈|Body Slam|p2a: Suicune
|-damage|p2a: Suicune|52/100
|move|p2a: Suicune|Calm Mind|p2a: Suicune
|-boost|p2a: Suicune|spa|1
|-boost|p2a: Suicune|spd|1
|
|-weather|Sandstorm|[upkeep]
|-damage|p2a: Suicune|46/100|[from] Sandstorm
|-heal|p2a: Suicune|52/100|[from] item: Leftovers
|upkeep
|turn|8
|
|t:|1728399439
|switch|p1a: 水君|Suicune|100/100
|move|p2a: Suicune|Surf|p1a: 水君
|-resisted|p1a: 水君
|-damage|p1a: 水君|83/100
|
|-weather|Sandstorm|[upkeep]
|-damage|p1a: 水君|77/100|[from] Sandstorm
|-damage|p2a: Suicune|46/100|[from] Sandstorm
|-heal|p1a: 水君|83/100|[from] item: Leftovers
|-heal|p2a: Suicune|52/100|[from] item: Leftovers
|upkeep
|turn|9
|
|t:|1728399442
|move|p1a: 水君|Roar|p2a: Suicune
|drag|p2a: Flygon|Flygon, M|100/100
|
|-weather|Sandstorm|[upkeep]
|-damage|p1a: 水君|77/100|[from] Sandstorm
|-heal|p1a: 水君|83/100|[from] item: Leftovers
|upkeep
|turn|10
|
|t:|1728399453
|switch|p2a: Suicune|Suicune|52/100
|move|p1a: 水君|Ice Beam|p2a: Suicune
|-resisted|p2a: Suicune
|-damage|p2a: Suicune|41/100
|
|-weather|Sandstorm|[upkeep]
|-damage|p1a: 水君|77/100|[from] Sandstorm
|-damage|p2a: Suicune|35/100|[from] Sandstorm
|-heal|p1a: 水君|83/100|[from] item: Leftovers
|-heal|p2a: Suicune|41/100|[from] item: Leftovers
|upkeep
|turn|11
|
|t:|1728399466
|move|p1a: 水君|Roar|p2a: Suicune
|drag|p2a: Flygon|Flygon, M|100/100
|
|-weather|Sandstorm|[upkeep]
|-damage|p1a: 水君|77/100|[from] Sandstorm
|-heal|p1a: 水君|83/100|[from] item: Leftovers
|upkeep
|turn|12
|
|t:|1728399495
|move|p2a: Flygon|Protect|p2a: Flygon
|-singleturn|p2a: Flygon|Protect
|move|p1a: 水君|Ice Beam|p2a: Flygon
|-activate|p2a: Flygon|Protect
|
|-weather|Sandstorm|[upkeep]
|-damage|p1a: 水君|77/100|[from] Sandstorm
|-heal|p1a: 水君|83/100|[from] item: Leftovers
|upkeep
|turn|13
|
|t:|1728399505
|switch|p2a: Suicune|Suicune|41/100
|move|p1a: 水君|Calm Mind|p1a: 水君
|-boost|p1a: 水君|spa|1
|-boost|p1a: 水君|spd|1
|
|-weather|Sandstorm|[upkeep]
|-damage|p1a: 水君|77/100|[from] Sandstorm
|-damage|p2a: Suicune|35/100|[from] Sandstorm
|-heal|p1a: 水君|83/100|[from] item: Leftovers
|-heal|p2a: Suicune|41/100|[from] item: Leftovers
|upkeep
|turn|14
|
|t:|1728399511
|move|p1a: 水君|Roar|p2a: Suicune
|drag|p2a: Claydol|Claydol|100/100
|
|-weather|Sandstorm|[upkeep]
|-damage|p1a: 水君|77/100|[from] Sandstorm
|-heal|p1a: 水君|83/100|[from] item: Leftovers
|upkeep
|turn|15
|
|t:|1728399514
|move|p1a: 水君|Hydro Pump|p2a: Claydol
|-supereffective|p2a: Claydol
|-damage|p2a: Claydol|0 fnt
|faint|p2a: Claydol
|
|t:|1728399526
|switch|p2a: Blissey|Blissey, F|100/100
|
|-weather|Sandstorm|[upkeep]
|-damage|p1a: 水君|77/100|[from] Sandstorm
|-damage|p2a: Blissey|94/100|[from] Sandstorm
|-heal|p1a: 水君|83/100|[from] item: Leftovers
|-heal|p2a: Blissey|100/100|[from] item: Leftovers
|upkeep
|turn|16
|
|t:|1728399535
|switch|p1a: 基拉祈|Jirachi|100/100
|move|p2a: Blissey|Seismic Toss|p1a: 基拉祈
|-damage|p1a: 基拉祈|76/100
|
|-weather|Sandstorm|[upkeep]
|-damage|p2a: Blissey|94/100|[from] Sandstorm
|-heal|p1a: 基拉祈|82/100|[from] item: Leftovers
|-heal|p2a: Blissey|100/100|[from] item: Leftovers
|upkeep
|turn|17
|
|t:|1728399541
|switch|p2a: Suicune|Suicune|41/100
|move|p1a: 基拉祈|Body Slam|p2a: Suicune
|-damage|p2a: Suicune|29/100
|
|-weather|Sandstorm|[upkeep]
|-damage|p2a: Suicune|23/100|[from] Sandstorm
|-heal|p1a: 基拉祈|88/100|[from] item: Leftovers
|-heal|p2a: Suicune|29/100|[from] item: Leftovers
|upkeep
|turn|18
|
|t:|1728399546
|switch|p1a: 水君|Suicune|83/100
|move|p2a: Suicune|Rest|p2a: Suicune
|-status|p2a: Suicune|slp|[from] move: Rest
|-heal|p2a: Suicune|100/100 slp|[silent]
|
|-weather|Sandstorm|[upkeep]
|-damage|p1a: 水君|77/100|[from] Sandstorm
|-damage|p2a: Suicune|94/100 slp|[from] Sandstorm
|-heal|p1a: 水君|83/100|[from] item: Leftovers
|-heal|p2a: Suicune|100/100 slp|[from] item: Leftovers
|upkeep
|turn|19
|
|t:|1728399551
|switch|p2a: Blissey|Blissey, F|100/100
|move|p1a: 水君|Calm Mind|p1a: 水君
|-boost|p1a: 水君|spa|1
|-boost|p1a: 水君|spd|1
|
|-weather|Sandstorm|[upkeep]
|-damage|p1a: 水君|77/100|[from] Sandstorm
|-damage|p2a: Blissey|94/100|[from] Sandstorm
|-heal|p1a: 水君|83/100|[from] item: Leftovers
|-heal|p2a: Blissey|100/100|[from] item: Leftovers
|upkeep
|turn|20
|
|t:|1728399553
|move|p1a: 水君|Hydro Pump|p2a: Blissey
|-damage|p2a: Blissey|69/100
|move|p2a: Blissey|Seismic Toss|p1a: 水君
|-damage|p1a: 水君|57/100
|
|-weather|Sandstorm|[upkeep]
|-damage|p1a: 水君|51/100|[from] Sandstorm
|-damage|p2a: Blissey|63/100|[from] Sandstorm
|-heal|p1a: 水君|57/100|[from] item: Leftovers
|-heal|p2a: Blissey|69/100|[from] item: Leftovers
|upkeep
|turn|21
|
|t:|1728399556
|switch|p1a: 基拉祈|Jirachi|88/100
|move|p2a: Blissey|Seismic Toss|p1a: 基拉祈
|-damage|p1a: 基拉祈|63/100
|
|-weather|Sandstorm|[upkeep]
|-damage|p2a: Blissey|63/100|[from] Sandstorm
|-heal|p1a: 基拉祈|70/100|[from] item: Leftovers
|-heal|p2a: Blissey|69/100|[from] item: Leftovers
|upkeep
|turn|22
|
|t:|1728399559
|move|p1a: 基拉祈|Body Slam|p2a: Blissey
|-damage|p2a: Blissey|46/100
|-status|p2a: Blissey|par
|move|p2a: Blissey|Soft-Boiled|p2a: Blissey
|-heal|p2a: Blissey|96/100 par
|
|-weather|Sandstorm|[upkeep]
|-damage|p2a: Blissey|90/100 par|[from] Sandstorm
|-heal|p1a: 基拉祈|76/100|[from] item: Leftovers
|-heal|p2a: Blissey|96/100 par|[from] item: Leftovers
|upkeep
|turn|23
|
|t:|1728399561
|move|p1a: 基拉祈|Wish|p1a: 基拉祈
|move|p2a: Blissey|Heal Bell|p2a: Blissey
|-activate|p2a: Blissey|move: Heal Bell
|-curestatus|p2a: Blissey|par|[silent]
|-curestatus|p2: Suicune|slp|[silent]
|
|-weather|Sandstorm|[upkeep]
|-damage|p2a: Blissey|90/100|[from] Sandstorm
|-heal|p1a: 基拉祈|82/100|[from] item: Leftovers
|-heal|p2a: Blissey|96/100|[from] item: Leftovers
|upkeep
|turn|24
|
|t:|1728399569
|switch|p1a: 水君|Suicune|57/100
|switch|p2a: Tyranitar|Tyranitar, M|100/100
|
|-heal|p1a: 水君|100/100|[from] move: Wish|[wisher] 基拉祈
|-weather|Sandstorm|[upkeep]
|-damage|p1a: 水君|94/100|[from] Sandstorm
|-heal|p1a: 水君|100/100|[from] item: Leftovers
|upkeep
|turn|25
|inactive|Derevien disconnected and has 300 seconds to reconnect!
|player|p1|
|inactive|Derevien has 270 seconds to reconnect!
|inactive|Derevien reconnected and has 285 seconds left.
|player|p1|Derevien|acetrainerf-gen6|
|
|t:|1728399622
|switch|p2a: Blissey|Blissey, F|96/100
|move|p1a: 水君|Hydro Pump|p2a: Blissey
|-damage|p2a: Blissey|74/100
|
|-weather|Sandstorm|[upkeep]
|-damage|p1a: 水君|94/100|[from] Sandstorm
|-damage|p2a: Blissey|68/100|[from] Sandstorm
|-heal|p1a: 水君|100/100|[from] item: Leftovers
|-heal|p2a: Blissey|74/100|[from] item: Leftovers
|upkeep
|turn|26
|
|t:|1728399632
|move|p1a: 水君|Calm Mind|p1a: 水君
|-boost|p1a: 水君|spa|1
|-boost|p1a: 水君|spd|1
|move|p2a: Blissey|Seismic Toss|p1a: 水君
|-damage|p1a: 水君|74/100
|
|-weather|Sandstorm|[upkeep]
|-damage|p1a: 水君|68/100|[from] Sandstorm
|-damage|p2a: Blissey|68/100|[from] Sandstorm
|-heal|p1a: 水君|74/100|[from] item: Leftovers
|-heal|p2a: Blissey|74/100|[from] item: Leftovers
|upkeep
|turn|27
|
|t:|1728399648
|move|p2a: Blissey|Seismic Toss|p1a: 水君
|-damage|p1a: 水君|47/100
|move|p1a: 水君|Roar|p2a: Blissey
|drag|p2a: Flygon|Flygon, M|100/100
|
|-weather|Sandstorm|[upkeep]
|-damage|p1a: 水君|41/100|[from] Sandstorm
|-heal|p1a: 水君|47/100|[from] item: Leftovers
|upkeep
|turn|28
|
|t:|1728399659
|switch|p2a: Suicune|Suicune|100/100
|move|p1a: 水君|Calm Mind|p1a: 水君
|-boost|p1a: 水君|spa|1
|-boost|p1a: 水君|spd|1
|
|-weather|Sandstorm|[upkeep]
|-damage|p1a: 水君|41/100|[from] Sandstorm
|-damage|p2a: Suicune|94/100|[from] Sandstorm
|-heal|p1a: 水君|47/100|[from] item: Leftovers
|-heal|p2a: Suicune|100/100|[from] item: Leftovers
|upkeep
|turn|29
|
|t:|1728399664
|move|p1a: 水君|Roar|p2a: Suicune
|drag|p2a: Jirachi|Jirachi|100/100
|
|-weather|Sandstorm|[upkeep]
|-damage|p1a: 水君|41/100|[from] Sandstorm
|-heal|p1a: 水君|47/100|[from] item: Leftovers
|upkeep
|turn|30
|
|t:|1728399670
|switch|p2a: Blissey|Blissey, F|74/100
|move|p1a: 水君|Hydro Pump|p2a: Blissey
|-damage|p2a: Blissey|29/100
|
|-weather|Sandstorm|[upkeep]
|-damage|p1a: 水君|41/100|[from] Sandstorm
|-damage|p2a: Blissey|23/100|[from] Sandstorm
|-heal|p1a: 水君|47/100|[from] item: Leftovers
|-heal|p2a: Blissey|29/100|[from] item: Leftovers
|upkeep
|turn|31
|
|t:|1728399676
|move|p1a: 水君|Hydro Pump|p2a: Blissey
|-damage|p2a: Blissey|0 fnt
|faint|p2a: Blissey
|
|t:|1728399679
|switch|p2a: Suicune|Suicune|100/100
|
|-weather|Sandstorm|[upkeep]
|-damage|p1a: 水君|41/100|[from] Sandstorm
|-damage|p2a: Suicune|94/100|[from] Sandstorm
|-heal|p1a: 水君|47/100|[from] item: Leftovers
|-heal|p2a: Suicune|100/100|[from] item: Leftovers
|upkeep
|turn|32
|
|t:|1728399682
|move|p1a: 水君|Roar|p2a: Suicune
|drag|p2a: Flygon|Flygon, M|100/100
|
|-weather|Sandstorm|[upkeep]
|-damage|p1a: 水君|41/100|[from] Sandstorm
|-heal|p1a: 水君|47/100|[from] item: Leftovers
|upkeep
|turn|33
|
|t:|1728399684
|switch|p2a: Suicune|Suicune|100/100
|move|p1a: 水君|Ice Beam|p2a: Suicune
|-resisted|p2a: Suicune
|-damage|p2a: Suicune|80/100
|
|-weather|Sandstorm|[upkeep]
|-damage|p1a: 水君|41/100|[from] Sandstorm
|-damage|p2a: Suicune|73/100|[from] Sandstorm
|-heal|p1a: 水君|47/100|[from] item: Leftovers
|-heal|p2a: Suicune|80/100|[from] item: Leftovers
|upkeep
|turn|34
|
|t:|1728399689
|move|p1a: 水君|Roar|p2a: Suicune
|drag|p2a: Jirachi|Jirachi|100/100
|
|-weather|Sandstorm|[upkeep]
|-damage|p1a: 水君|41/100|[from] Sandstorm
|-heal|p1a: 水君|47/100|[from] item: Leftovers
|upkeep
|turn|35
|
|t:|1728399691
|switch|p2a: Suicune|Suicune|80/100
|move|p1a: 水君|Calm Mind|p1a: 水君
|-boost|p1a: 水君|spa|1
|-boost|p1a: 水君|spd|1
|
|-weather|Sandstorm|[upkeep]
|-damage|p1a: 水君|41/100|[from] Sandstorm
|-damage|p2a: Suicune|73/100|[from] Sandstorm
|-heal|p1a: 水君|47/100|[from] item: Leftovers
|-heal|p2a: Suicune|80/100|[from] item: Leftovers
|upkeep
|turn|36
|
|t:|1728399694
|move|p1a: 水君|Roar|p2a: Suicune
|drag|p2a: Flygon|Flygon, M|100/100
|
|-weather|Sandstorm|[upkeep]
|-damage|p1a: 水君|41/100|[from] Sandstorm
|-heal|p1a: 水君|47/100|[from] item: Leftovers
|upkeep
|turn|37
|
|t:|1728399697
|switch|p2a: Suicune|Suicune|80/100
|move|p1a: 水君|Ice Beam|p2a: Suicune
|-resisted|p2a: Suicune
|-damage|p2a: Suicune|56/100
|
|-weather|Sandstorm|[upkeep]
|-damage|p1a: 水君|41/100|[from] Sandstorm
|-damage|p2a: Suicune|49/100|[from] Sandstorm
|-heal|p1a: 水君|47/100|[from] item: Leftovers
|-heal|p2a: Suicune|56/100|[from] item: Leftovers
|upkeep
|turn|38
|
|t:|1728399701
|move|p1a: 水君|Roar|p2a: Suicune
|drag|p2a: Tyranitar|Tyranitar, M|100/100
|
|-weather|Sandstorm|[upkeep]
|-damage|p1a: 水君|41/100|[from] Sandstorm
|-heal|p1a: 水君|47/100|[from] item: Leftovers
|upkeep
|turn|39
|
|t:|1728399704
|switch|p2a: Suicune|Suicune|56/100
|move|p1a: 水君|Hydro Pump|p2a: Suicune
|-resisted|p2a: Suicune
|-damage|p2a: Suicune|9/100
|
|-weather|Sandstorm|[upkeep]
|-damage|p1a: 水君|41/100|[from] Sandstorm
|-damage|p2a: Suicune|3/100|[from] Sandstorm
|-heal|p1a: 水君|47/100|[from] item: Leftovers
|-heal|p2a: Suicune|9/100|[from] item: Leftovers
|upkeep
|turn|40
|
|t:|1728399710
|move|p1a: 水君|Ice Beam|p2a: Suicune
|-resisted|p2a: Suicune
|-damage|p2a: Suicune|0 fnt
|faint|p2a: Suicune
|c|☆antantantantant|gg
|c|☆Derevien|gg
|c|☆antantantantant|bad matchup :/
|
|t:|1728399720
|switch|p2a: Jirachi|Jirachi|100/100
|
|-weather|Sandstorm|[upkeep]
|-damage|p1a: 水君|41/100|[from] Sandstorm
|-heal|p1a: 水君|47/100|[from] item: Leftovers
|upkeep
|turn|41
|c|☆Derevien|yeah this suicune is nasty
|
|t:|1728399727
|move|p1a: 水君|Hydro Pump|p2a: Jirachi
|-damage|p2a: Jirachi|0 fnt
|faint|p2a: Jirachi
|c|☆antantantantant|yeah i usually use my own to check
|c|☆antantantantant|i need to add more speed fs
|
|t:|1728399745
|switch|p2a: Flygon|Flygon, M|100/100
|
|-weather|Sandstorm|[upkeep]
|-damage|p1a: 水君|41/100|[from] Sandstorm
|-heal|p1a: 水君|47/100|[from] item: Leftovers
|upkeep
|turn|42
|-message|antantantantant forfeited.
|
|win|Derevien

</script>
<script type="application/json" class="data" id="replaydata-smogtours-gen3ou-796357">
{"id":"smogtours-gen3ou-796357","format":"[Gen 3] OU","players":["Derevien","antantantantant"],"uploadtime":1728399751,"views":119,"formatid":"gen3ou","rating":null,"private":0,"password":null}
</script>

<script defer src="js/replays.js?9d40a366"></script>
