<!DOCTYPE html>
<meta charset="utf-8" />
<meta name="viewport" content="width=device-width" />

<title>[Gen 3] OU: alargemongoose vs. Sepulo - Replays - Pok&eacute;mon Showdown!</title>

<meta name="description" content="Watch a replay of a Pok&eacute;mon battle between alargemongoose and Sepulo! Format: [Gen 3] OU; Date: Oct 11, 2024" />
<!--

Hey, you! Looking in the source for the replay log?

You can find them in JSON format, just add `.json` at the end of a replay URL.

https://replay.pokemonshowdown.com/gen7randomdoublesbattle-865046831.json

Or, if you only need the log itself, add `.log` instead:

https://replay.pokemonshowdown.com/gen7randomdoublesbattle-865046831.log

-->

<link rel="stylesheet" href="//pokemonshowdown.com/style/global.css?0.023195364461161105" />
<link rel="stylesheet" href="//play.pokemonshowdown.com/style/font-awesome.css?0.13261647063804238" />
<link rel="stylesheet" href="//play.pokemonshowdown.com/style/battle.css?0.8753245789963631" />
<link rel="stylesheet" href="//play.pokemonshowdown.com/style/utilichart.css?0.8627959624976733" />

<!-- Global site tag (gtag.js) - Google Analytics -->
<script async src="https://www.googletagmanager.com/gtag/js?id=UA-26211653-1"></script>
<script>
  window.dataLayer = window.dataLayer || [];
  function gtag(){dataLayer.push(arguments);}
  gtag('js', new Date());

  gtag('config', 'UA-26211653-1');
</script>
<!-- End Google Analytics -->
<!-- Venatus Ad Manager - Install in <HEAD> of page -->
	<script src="https://hb.vntsm.com/v3/live/ad-manager.min.js" type="text/javascript" data-site-id="642aba63ec9a7b11c3c9c1be" data-mode="scan" async></script>
<!-- / Venatus Ad Manager -->

<style>
	@media (max-width:820px) {
		.battle {
			margin: 0 auto;
		}
		.battle-log {
			margin: 7px auto 0;
			max-width: 640px;
			height: 300px;
			position: static;
		}
	}
	.optgroup {
		display: inline-block;
		line-height: 22px;
		font-size: 10pt;
	}
	.optgroup .button {
		height: 25px;
		padding-top: 0;
		padding-bottom: 0;
	}
	.optgroup button.button {
		padding-left: 12px;
		padding-right: 12px;
	}
	.linklist {
		list-style: none;
		margin: 0.5em 0;
		padding: 0;
	}
	.linklist li {
		padding: 2px 0;
	}
	.sidebar {
		float: left;
		width: 320px;
	}
	.bar-wrapper {
		max-width: 1100px;
		margin: 0 auto;
	}
	.bar-wrapper.has-sidebar {
		max-width: 1430px;
	}
	.mainbar {
		margin: 0;
		padding-right: 1px;
	}
	.mainbar.has-sidebar {
		margin-left: 330px;
	}
	@media (min-width: 1511px) {
		.sidebar {
			width: 400px;
		}
		.bar-wrapper.has-sidebar {
			max-width: 1510px;
		}
		.mainbar.has-sidebar {
			margin-left: 410px;
		}
	}
	.section.first-section {
		margin-top: 9px;
	}
	.blocklink small {
		white-space: normal;
	}
	.button {
		vertical-align: middle;
	}
	.replay-controls {
		padding-top: 10px;
	}
	.replay-controls h1 {
		font-size: 16pt;
		font-weight: normal;
		color: #CCC;
	}
	.pagelink {
		text-align: center;
	}
	.pagelink a {
		width: 150px;
	}
	.textbox, .button {
		font-size: 11pt;
		vertical-align: middle;
	}
	@media (max-width: 450px) {
		.button {
			font-size: 9pt;
		}
	}
</style>

<div>

	<header>
		<div class="nav-wrapper"><ul class="nav">
			<li><a class="button nav-first" href="//pokemonshowdown.com/"><img src="//pokemonshowdown.com/images/pokemonshowdownbeta.png" srcset="//pokemonshowdown.com/images/pokemonshowdownbeta.png 1x, //pokemonshowdown.com/images/pokemonshowdownbeta@2x.png 2x" alt="Pok&eacute;mon Showdown" width="146" height="44" /> Home</a></li>
			<li><a class="button" href="//pokemonshowdown.com/dex/">Pok&eacute;dex</a></li>
			<li><a class="button cur" href="/">Replays</a></li>
			<li><a class="button" href="//pokemonshowdown.com/ladder/">Ladder</a></li>
			<li><a class="button nav-last" href="//pokemonshowdown.com/forums/">Forum</a></li>
			<li><a class="button greenbutton nav-first nav-last" href="//play.pokemonshowdown.com/">Play</a></li>
		</ul></div>
	</header>

	<div class="main" id="main">

		<noscript><section class="section">You need to enable JavaScript to use this page; sorry!</section></noscript>

	</div>

</div>

<script defer nomodule src="//play.pokemonshowdown.com/js/lib/ps-polyfill.js"></script>
<script defer src="//play.pokemonshowdown.com/js/lib/preact.min.js"></script>

<script defer src="//play.pokemonshowdown.com/config/config.js?2bddbc15"></script>
<script defer src="//play.pokemonshowdown.com/js/lib/jquery-1.11.0.min.js"></script>
<script defer src="//play.pokemonshowdown.com/js/lib/html-sanitizer-minified.js"></script>
<script defer src="//play.pokemonshowdown.com/js/battle-sound.js"></script>
<script defer src="//play.pokemonshowdown.com/js/battledata.js?0.7209276989879541"></script>
<script defer src="//play.pokemonshowdown.com/data/pokedex-mini.js?0.6111056340867951"></script>
<script defer src="//play.pokemonshowdown.com/data/pokedex-mini-bw.js?0.3532142036491459"></script>
<script defer src="//play.pokemonshowdown.com/data/graphics.js?0.24223875632456182"></script>
<script defer src="//play.pokemonshowdown.com/data/pokedex.js?0.38839984266356864"></script>
<script defer src="//play.pokemonshowdown.com/data/moves.js?0.21866028504024015"></script>
<script defer src="//play.pokemonshowdown.com/data/abilities.js?0.2005157953846628"></script>
<script defer src="//play.pokemonshowdown.com/data/items.js?0.9894211263848525"></script>
<script defer src="//play.pokemonshowdown.com/data/teambuilder-tables.js?0.6008791140282215"></script>
<script defer src="//play.pokemonshowdown.com/js/battle-tooltips.js?0.7580118955022959"></script>
<script defer src="//play.pokemonshowdown.com/js/battle.js?0.6057722274234274"></script>

<script defer src="js/utils.js?e31f9a17"></script>
<script defer src="js/replays-battle.js?7008c182"></script>

<!-- don't scrape this data! just add .json or .log after the URL!
Full API docs: https://github.com/smogon/pokemon-showdown-client/blob/master/WEB-API.md -->
<script type="text/plain" class="log" id="replaylog-smogtours-gen3ou-797083">
|inactive|Battle timer is ON: inactive players will automatically lose when time's up.
|t:|1728604847
|gametype|singles
|player|p1|alargemongoose|170|
|player|p2|Sepulo|pokemonbreeder|
|teamsize|p1|6
|teamsize|p2|6
|gen|3
|tier|[Gen 3] OU
|rule|Sleep Clause Mod: Limit one foe put to sleep
|rule|Switch Priority Clause Mod: Faster Pokémon switch first
|rule|Species Clause: Limit one of each Pokémon
|rule|OHKO Clause: OHKO moves are banned
|rule|Evasion Items Clause: Evasion items are banned
|rule|Evasion Moves Clause: Evasion moves are banned
|rule|Endless Battle Clause: Forcing endless battles is banned
|rule|HP Percentage Mod: HP is shown in percentages
|rule|One Boost Passer Clause: Limit one Baton Passer that has a way to boost its stats
|rule|Freeze Clause Mod: Limit one foe frozen
|
|t:|1728604847
|start
|switch|p1a: Zapdos|Zapdos|100/100
|switch|p2a: Swampert|Swampert, M|100/100
|turn|1
|c|☆Sepulo|glhf
|c|☆alargemongoose|you too
|inactive|Sepulo has 270 seconds left.
|
|t:|1728604883
|move|p1a: Zapdos|Substitute|p1a: Zapdos
|-start|p1a: Zapdos|Substitute
|-damage|p1a: Zapdos|76/100
|move|p2a: Swampert|Ice Beam|p1a: Zapdos
|-supereffective|p1a: Zapdos
|-end|p1a: Zapdos|Substitute
|
|-heal|p1a: Zapdos|82/100|[from] item: Leftovers
|upkeep
|turn|2
|
|t:|1728604888
|move|p1a: Zapdos|Hidden Power|p2a: Swampert
|-supereffective|p2a: Swampert
|-damage|p2a: Swampert|11/100
|move|p2a: Swampert|Hydro Pump|p1a: Zapdos
|-damage|p1a: Zapdos|4/100
|
|-heal|p1a: Zapdos|10/100|[from] item: Leftovers
|-heal|p2a: Swampert|17/100|[from] item: Leftovers
|upkeep
|turn|3
|
|t:|1728604900
|switch|p2a: Gengar|Gengar, F|100/100
|move|p1a: Zapdos|Hidden Power|p2a: Gengar
|-resisted|p2a: Gengar
|-damage|p2a: Gengar|85/100
|
|-heal|p2a: Gengar|91/100|[from] item: Leftovers
|-heal|p1a: Zapdos|17/100|[from] item: Leftovers
|upkeep
|turn|4
|
|t:|1728604904
|switch|p1a: Regice|Regice|100/100
|move|p2a: Gengar|Thunderbolt|p1a: Regice
|-damage|p1a: Regice|84/100
|
|-heal|p2a: Gengar|97/100|[from] item: Leftovers
|-heal|p1a: Regice|90/100|[from] item: Leftovers
|upkeep
|turn|5
|
|t:|1728604912
|switch|p2a: Tyranitar|Tyranitar, F|100/100
|-weather|Sandstorm|[from] ability: Sand Stream|[of] p2a: Tyranitar
|move|p1a: Regice|Ice Beam|p2a: Tyranitar
|-damage|p2a: Tyranitar|66/100
|
|-weather|Sandstorm|[upkeep]
|-damage|p1a: Regice|84/100|[from] Sandstorm
|-heal|p1a: Regice|90/100|[from] item: Leftovers
|-heal|p2a: Tyranitar|72/100|[from] item: Leftovers
|upkeep
|turn|6
|
|t:|1728604926
|-singleturn|p2a: Tyranitar|move: Focus Punch
|switch|p1a: Dugtrio|Dugtrio, M|100/100
|move|p2a: Tyranitar|Focus Punch|p1a: Dugtrio
|-damage|p1a: Dugtrio|0 fnt
|faint|p1a: Dugtrio
|
|t:|1728604930
|switch|p1a: Breloom|Breloom, F|100/100
|
|-weather|Sandstorm|[upkeep]
|-damage|p1a: Breloom|94/100|[from] Sandstorm
|-heal|p1a: Breloom|100/100|[from] item: Leftovers
|-heal|p2a: Tyranitar|78/100|[from] item: Leftovers
|upkeep
|turn|7
|
|t:|1728604936
|switch|p2a: Swampert|Swampert, M|17/100
|move|p1a: Breloom|Spore|p2a: Swampert
|-status|p2a: Swampert|slp|[from] move: Spore
|
|-weather|Sandstorm|[upkeep]
|-damage|p1a: Breloom|94/100|[from] Sandstorm
|-heal|p1a: Breloom|100/100|[from] item: Leftovers
|-heal|p2a: Swampert|23/100 slp|[from] item: Leftovers
|upkeep
|turn|8
|
|t:|1728604952
|switch|p2a: Skarmory|Skarmory, F|100/100
|move|p1a: Breloom|Hidden Power|p2a: Skarmory
|-resisted|p2a: Skarmory
|-damage|p2a: Skarmory|92/100
|
|-weather|Sandstorm|[upkeep]
|-damage|p1a: Breloom|94/100|[from] Sandstorm
|-heal|p1a: Breloom|100/100|[from] item: Leftovers
|-heal|p2a: Skarmory|98/100|[from] item: Leftovers
|upkeep
|turn|9
|
|t:|1728604979
|switch|p1a: Zapdos|Zapdos|17/100
|move|p2a: Skarmory|Drill Peck|p1a: Zapdos
|-resisted|p1a: Zapdos
|-damage|p1a: Zapdos|2/100
|
|-weather|Sandstorm|[upkeep]
|-damage|p1a: Zapdos|0 fnt|[from] Sandstorm
|faint|p1a: Zapdos
|-heal|p2a: Skarmory|100/100|[from] item: Leftovers
|upkeep
|
|t:|1728604987
|switch|p1a: Regice|Regice|90/100
|turn|10
|
|t:|1728605006
|move|p2a: Skarmory|Toxic|p1a: Regice
|-status|p1a: Regice|tox
|move|p1a: Regice|Rain Dance|p1a: Regice
|-weather|RainDance
|
|-weather|RainDance|[upkeep]
|-heal|p1a: Regice|97/100 tox|[from] item: Leftovers
|-damage|p1a: Regice|90/100 tox|[from] psn
|upkeep
|turn|11
|
|t:|1728605016
|switch|p2a: Swampert|Swampert, M|23/100 slp
|move|p1a: Regice|Thunder|p2a: Swampert
|-immune|p2a: Swampert
|
|-weather|RainDance|[upkeep]
|-heal|p1a: Regice|97/100 tox|[from] item: Leftovers
|-damage|p1a: Regice|84/100 tox|[from] psn
|-heal|p2a: Swampert|29/100 slp|[from] item: Leftovers
|upkeep
|turn|12
|
|t:|1728605031
|move|p1a: Regice|Ice Beam|p2a: Swampert
|-damage|p2a: Swampert|0 fnt
|faint|p2a: Swampert
|
|t:|1728605035
|switch|p2a: Tyranitar|Tyranitar, F|78/100
|-weather|Sandstorm|[from] ability: Sand Stream|[of] p2a: Tyranitar
|
|-weather|Sandstorm|[upkeep]
|-damage|p1a: Regice|78/100 tox|[from] Sandstorm
|-heal|p1a: Regice|84/100 tox|[from] item: Leftovers
|-damage|p1a: Regice|65/100 tox|[from] psn
|-heal|p2a: Tyranitar|85/100|[from] item: Leftovers
|upkeep
|turn|13
|
|t:|1728605041
|switch|p1a: Metagross|Metagross|100/100
|move|p2a: Tyranitar|Rock Slide|p1a: Metagross
|-resisted|p1a: Metagross
|-damage|p1a: Metagross|89/100
|
|-weather|Sandstorm|[upkeep]
|-heal|p1a: Metagross|95/100|[from] item: Leftovers
|-heal|p2a: Tyranitar|91/100|[from] item: Leftovers
|upkeep
|turn|14
|
|t:|1728605066
|switch|p1a: Breloom|Breloom, F|100/100
|switch|p2a: Skarmory|Skarmory, F|100/100
|
|-weather|Sandstorm|[upkeep]
|-damage|p1a: Breloom|94/100|[from] Sandstorm
|-heal|p1a: Breloom|100/100|[from] item: Leftovers
|upkeep
|turn|15
|
|t:|1728605074
|switch|p2a: Zapdos|Zapdos|100/100
|move|p1a: Breloom|Spore|p2a: Zapdos
|-status|p2a: Zapdos|slp|[from] move: Spore
|
|-weather|Sandstorm|[upkeep]
|-damage|p1a: Breloom|94/100|[from] Sandstorm
|-damage|p2a: Zapdos|94/100 slp|[from] Sandstorm
|-heal|p1a: Breloom|100/100|[from] item: Leftovers
|-heal|p2a: Zapdos|100/100 slp|[from] item: Leftovers
|upkeep
|turn|16
|
|t:|1728605101
|switch|p2a: Gengar|Gengar, F|97/100
|move|p1a: Breloom|Hidden Power|p2a: Gengar
|-supereffective|p2a: Gengar
|-damage|p2a: Gengar|8/100
|
|-weather|Sandstorm|[upkeep]
|-damage|p2a: Gengar|2/100|[from] Sandstorm
|-damage|p1a: Breloom|94/100|[from] Sandstorm
|-heal|p2a: Gengar|8/100|[from] item: Leftovers
|-heal|p1a: Breloom|100/100|[from] item: Leftovers
|upkeep
|turn|17
|
|t:|1728605115
|move|p2a: Gengar|Explosion|p1a: Breloom
|-damage|p1a: Breloom|0 fnt
|faint|p2a: Gengar
|faint|p1a: Breloom
|inactive|Sepulo has 270 seconds left.
|
|t:|1728605142
|switch|p2a: Skarmory|Skarmory, F|100/100
|switch|p1a: Kingdra|Kingdra, M|100/100
|
|-weather|Sandstorm|[upkeep]
|-damage|p1a: Kingdra|94/100|[from] Sandstorm
|-heal|p1a: Kingdra|100/100|[from] item: Leftovers
|upkeep
|turn|18
|inactive|Sepulo has 270 seconds left.
|inactive|Sepulo has 240 seconds left.
|
|t:|1728605183
|move|p1a: Kingdra|Substitute|p1a: Kingdra
|-start|p1a: Kingdra|Substitute
|-damage|p1a: Kingdra|76/100
|move|p2a: Skarmory|Spikes|p1a: Kingdra
|-sidestart|p1: alargemongoose|Spikes
|
|-weather|Sandstorm|[upkeep]
|-damage|p1a: Kingdra|69/100|[from] Sandstorm
|-heal|p1a: Kingdra|76/100|[from] item: Leftovers
|upkeep
|turn|19
|
|t:|1728605192
|move|p1a: Kingdra|Surf|p2a: Skarmory
|-damage|p2a: Skarmory|59/100
|move|p2a: Skarmory|Roar|p1a: Kingdra
|drag|p1a: Metagross|Metagross|95/100
|-damage|p1a: Metagross|83/100|[from] Spikes
|
|-weather|Sandstorm|[upkeep]
|-heal|p1a: Metagross|89/100|[from] item: Leftovers
|-heal|p2a: Skarmory|65/100|[from] item: Leftovers
|upkeep
|turn|20
|
|t:|1728605200
|move|p2a: Skarmory|Spikes|p1a: Metagross
|-sidestart|p1: alargemongoose|Spikes
|move|p1a: Metagross|Meteor Mash|p2a: Skarmory
|-resisted|p2a: Skarmory
|-damage|p2a: Skarmory|44/100
|
|-weather|Sandstorm|[upkeep]
|-heal|p1a: Metagross|95/100|[from] item: Leftovers
|-heal|p2a: Skarmory|50/100|[from] item: Leftovers
|upkeep
|turn|21
|inactive|Sepulo has 240 seconds left.
|
|t:|1728605230
|move|p1a: Metagross|Meteor Mash|p2a: Skarmory
|-resisted|p2a: Skarmory
|-damage|p2a: Skarmory|30/100
|move|p2a: Skarmory|Roar|p1a: Metagross
|drag|p1a: Regice|Regice|65/100 tox
|-damage|p1a: Regice|49/100 tox|[from] Spikes
|
|-weather|Sandstorm|[upkeep]
|-damage|p1a: Regice|43/100 tox|[from] Sandstorm
|-heal|p2a: Skarmory|36/100|[from] item: Leftovers
|-heal|p1a: Regice|49/100 tox|[from] item: Leftovers
|-damage|p1a: Regice|43/100 tox|[from] psn
|upkeep
|turn|22
|
|t:|1728605244
|move|p2a: Skarmory|Drill Peck|p1a: Regice
|-damage|p1a: Regice|22/100 tox
|move|p1a: Regice|Rain Dance|p1a: Regice
|-weather|RainDance
|
|-weather|RainDance|[upkeep]
|-heal|p2a: Skarmory|42/100|[from] item: Leftovers
|-heal|p1a: Regice|29/100 tox|[from] item: Leftovers
|-damage|p1a: Regice|16/100 tox|[from] psn
|upkeep
|turn|23
|
|t:|1728605251
|switch|p2a: Tyranitar|Tyranitar, F|91/100
|-weather|Sandstorm|[from] ability: Sand Stream|[of] p2a: Tyranitar
|move|p1a: Regice|Thunder|p2a: Tyranitar|[miss]
|-miss|p1a: Regice|p2a: Tyranitar
|
|-weather|Sandstorm|[upkeep]
|-damage|p1a: Regice|10/100 tox|[from] Sandstorm
|-heal|p1a: Regice|16/100 tox|[from] item: Leftovers
|-damage|p1a: Regice|0 fnt|[from] psn
|faint|p1a: Regice
|-heal|p2a: Tyranitar|97/100|[from] item: Leftovers
|upkeep
|
|t:|1728605263
|switch|p1a: Metagross|Metagross|95/100
|-damage|p1a: Metagross|78/100|[from] Spikes
|turn|24
|
|t:|1728605272
|move|p1a: Metagross|Meteor Mash|p2a: Tyranitar
|-supereffective|p2a: Tyranitar
|-damage|p2a: Tyranitar|11/100
|move|p2a: Tyranitar|Crunch|p1a: Metagross
|-damage|p1a: Metagross|47/100
|
|-weather|Sandstorm|[upkeep]
|-heal|p1a: Metagross|53/100|[from] item: Leftovers
|-heal|p2a: Tyranitar|18/100|[from] item: Leftovers
|upkeep
|turn|25
|
|t:|1728605278
|switch|p2a: Skarmory|Skarmory, F|42/100
|move|p1a: Metagross|Earthquake|p2a: Skarmory
|-immune|p2a: Skarmory
|
|-weather|Sandstorm|[upkeep]
|-heal|p2a: Skarmory|49/100|[from] item: Leftovers
|-heal|p1a: Metagross|59/100|[from] item: Leftovers
|upkeep
|turn|26
|inactive|alargemongoose has 270 seconds left.
|
|t:|1728605313
|move|p1a: Metagross|Meteor Mash|p2a: Skarmory|[miss]
|-miss|p1a: Metagross|p2a: Skarmory
|move|p2a: Skarmory|Spikes|p1a: Metagross
|-sidestart|p1: alargemongoose|Spikes
|
|-weather|Sandstorm|[upkeep]
|-heal|p1a: Metagross|65/100|[from] item: Leftovers
|-heal|p2a: Skarmory|55/100|[from] item: Leftovers
|upkeep
|turn|27
|inactive|alargemongoose has 270 seconds left.
|inactive|Sepulo has 270 seconds left.
|
|t:|1728605324
|move|p1a: Metagross|Meteor Mash|p2a: Skarmory
|-resisted|p2a: Skarmory
|-damage|p2a: Skarmory|35/100
|-boost|p1a: Metagross|atk|1
|move|p2a: Skarmory|Roar|p1a: Metagross
|drag|p1a: Kingdra|Kingdra, M|76/100
|-damage|p1a: Kingdra|51/100|[from] Spikes
|
|-weather|Sandstorm|[upkeep]
|-damage|p1a: Kingdra|44/100|[from] Sandstorm
|-heal|p1a: Kingdra|51/100|[from] item: Leftovers
|-heal|p2a: Skarmory|41/100|[from] item: Leftovers
|upkeep
|turn|28
|
|t:|1728605331
|move|p1a: Kingdra|Surf|p2a: Skarmory
|-damage|p2a: Skarmory|0 fnt
|faint|p2a: Skarmory
|inactive|Sepulo has 270 seconds left.
|
|t:|1728605343
|switch|p2a: Zapdos|Zapdos|100/100 slp
|
|-weather|Sandstorm|[upkeep]
|-damage|p2a: Zapdos|94/100 slp|[from] Sandstorm
|-damage|p1a: Kingdra|44/100|[from] Sandstorm
|-heal|p2a: Zapdos|100/100 slp|[from] item: Leftovers
|-heal|p1a: Kingdra|51/100|[from] item: Leftovers
|upkeep
|turn|29
|
|t:|1728605349
|cant|p2a: Zapdos|slp
|move|p2a: Zapdos|Sleep Talk|p2a: Zapdos
|move|p2a: Zapdos|Thunderbolt|p1a: Kingdra|[from]Sleep Talk
|-damage|p1a: Kingdra|2/100
|move|p1a: Kingdra|Rain Dance|p1a: Kingdra
|-weather|RainDance
|
|-weather|RainDance|[upkeep]
|-heal|p1a: Kingdra|8/100|[from] item: Leftovers
|upkeep
|turn|30
|
|t:|1728605357
|switch|p2a: Tyranitar|Tyranitar, F|18/100
|-weather|Sandstorm|[from] ability: Sand Stream|[of] p2a: Tyranitar
|move|p1a: Kingdra|Surf|p2a: Tyranitar
|-supereffective|p2a: Tyranitar
|-damage|p2a: Tyranitar|0 fnt
|faint|p2a: Tyranitar
|
|t:|1728605363
|switch|p2a: Flygon|Flygon, M|100/100
|
|-weather|Sandstorm|[upkeep]
|-damage|p1a: Kingdra|2/100|[from] Sandstorm
|-heal|p1a: Kingdra|8/100|[from] item: Leftovers
|upkeep
|turn|31
|
|t:|1728605367
|move|p2a: Flygon|Earthquake|p1a: Kingdra
|-damage|p1a: Kingdra|0 fnt
|faint|p1a: Kingdra
|
|t:|1728605371
|switch|p1a: Metagross|Metagross|65/100
|-damage|p1a: Metagross|40/100|[from] Spikes
|
|-weather|Sandstorm|[upkeep]
|-heal|p1a: Metagross|46/100|[from] item: Leftovers
|upkeep
|turn|32
|
|t:|1728605373
|move|p2a: Flygon|Earthquake|p1a: Metagross
|-supereffective|p1a: Metagross
|-damage|p1a: Metagross|0 fnt
|faint|p1a: Metagross
|
|win|Sepulo
|c|☆alargemongoose|gg
|c|☆Sepulo|gg

</script>
<script type="application/json" class="data" id="replaydata-smogtours-gen3ou-797083">
{"id":"smogtours-gen3ou-797083","format":"[Gen 3] OU","players":["alargemongoose","Sepulo"],"uploadtime":1728605373,"views":116,"formatid":"gen3ou","rating":null,"private":0,"password":null}
</script>

<script defer src="js/replays.js?9d40a366"></script>
