<!DOCTYPE html>
<meta charset="utf-8" />
<meta name="viewport" content="width=device-width" />

<title>[Gen 3] OU: almarkowbender vs. Please ban rachi - Replays - Pok&eacute;mon Showdown!</title>

<meta name="description" content="Watch a replay of a Pok&eacute;mon battle between almarkowbender and Please ban rachi! Format: [Gen 3] OU; Date: Oct 9, 2024" />
<!--

Hey, you! Looking in the source for the replay log?

You can find them in JSON format, just add `.json` at the end of a replay URL.

https://replay.pokemonshowdown.com/gen7randomdoublesbattle-865046831.json

Or, if you only need the log itself, add `.log` instead:

https://replay.pokemonshowdown.com/gen7randomdoublesbattle-865046831.log

-->

<link rel="stylesheet" href="//pokemonshowdown.com/style/global.css?0.023195364461161105" />
<link rel="stylesheet" href="//play.pokemonshowdown.com/style/font-awesome.css?0.13261647063804238" />
<link rel="stylesheet" href="//play.pokemonshowdown.com/style/battle.css?0.8753245789963631" />
<link rel="stylesheet" href="//play.pokemonshowdown.com/style/utilichart.css?0.8627959624976733" />

<!-- Global site tag (gtag.js) - Google Analytics -->
<script async src="https://www.googletagmanager.com/gtag/js?id=UA-26211653-1"></script>
<script>
  window.dataLayer = window.dataLayer || [];
  function gtag(){dataLayer.push(arguments);}
  gtag('js', new Date());

  gtag('config', 'UA-26211653-1');
</script>
<!-- End Google Analytics -->
<!-- Venatus Ad Manager - Install in <HEAD> of page -->
	<script src="https://hb.vntsm.com/v3/live/ad-manager.min.js" type="text/javascript" data-site-id="642aba63ec9a7b11c3c9c1be" data-mode="scan" async></script>
<!-- / Venatus Ad Manager -->

<style>
	@media (max-width:820px) {
		.battle {
			margin: 0 auto;
		}
		.battle-log {
			margin: 7px auto 0;
			max-width: 640px;
			height: 300px;
			position: static;
		}
	}
	.optgroup {
		display: inline-block;
		line-height: 22px;
		font-size: 10pt;
	}
	.optgroup .button {
		height: 25px;
		padding-top: 0;
		padding-bottom: 0;
	}
	.optgroup button.button {
		padding-left: 12px;
		padding-right: 12px;
	}
	.linklist {
		list-style: none;
		margin: 0.5em 0;
		padding: 0;
	}
	.linklist li {
		padding: 2px 0;
	}
	.sidebar {
		float: left;
		width: 320px;
	}
	.bar-wrapper {
		max-width: 1100px;
		margin: 0 auto;
	}
	.bar-wrapper.has-sidebar {
		max-width: 1430px;
	}
	.mainbar {
		margin: 0;
		padding-right: 1px;
	}
	.mainbar.has-sidebar {
		margin-left: 330px;
	}
	@media (min-width: 1511px) {
		.sidebar {
			width: 400px;
		}
		.bar-wrapper.has-sidebar {
			max-width: 1510px;
		}
		.mainbar.has-sidebar {
			margin-left: 410px;
		}
	}
	.section.first-section {
		margin-top: 9px;
	}
	.blocklink small {
		white-space: normal;
	}
	.button {
		vertical-align: middle;
	}
	.replay-controls {
		padding-top: 10px;
	}
	.replay-controls h1 {
		font-size: 16pt;
		font-weight: normal;
		color: #CCC;
	}
	.pagelink {
		text-align: center;
	}
	.pagelink a {
		width: 150px;
	}
	.textbox, .button {
		font-size: 11pt;
		vertical-align: middle;
	}
	@media (max-width: 450px) {
		.button {
			font-size: 9pt;
		}
	}
</style>

<div>

	<header>
		<div class="nav-wrapper"><ul class="nav">
			<li><a class="button nav-first" href="//pokemonshowdown.com/"><img src="//pokemonshowdown.com/images/pokemonshowdownbeta.png" srcset="//pokemonshowdown.com/images/pokemonshowdownbeta.png 1x, //pokemonshowdown.com/images/pokemonshowdownbeta@2x.png 2x" alt="Pok&eacute;mon Showdown" width="146" height="44" /> Home</a></li>
			<li><a class="button" href="//pokemonshowdown.com/dex/">Pok&eacute;dex</a></li>
			<li><a class="button cur" href="/">Replays</a></li>
			<li><a class="button" href="//pokemonshowdown.com/ladder/">Ladder</a></li>
			<li><a class="button nav-last" href="//pokemonshowdown.com/forums/">Forum</a></li>
			<li><a class="button greenbutton nav-first nav-last" href="//play.pokemonshowdown.com/">Play</a></li>
		</ul></div>
	</header>

	<div class="main" id="main">

		<noscript><section class="section">You need to enable JavaScript to use this page; sorry!</section></noscript>

	</div>

</div>

<script defer nomodule src="//play.pokemonshowdown.com/js/lib/ps-polyfill.js"></script>
<script defer src="//play.pokemonshowdown.com/js/lib/preact.min.js"></script>

<script defer src="//play.pokemonshowdown.com/config/config.js?2bddbc15"></script>
<script defer src="//play.pokemonshowdown.com/js/lib/jquery-1.11.0.min.js"></script>
<script defer src="//play.pokemonshowdown.com/js/lib/html-sanitizer-minified.js"></script>
<script defer src="//play.pokemonshowdown.com/js/battle-sound.js"></script>
<script defer src="//play.pokemonshowdown.com/js/battledata.js?0.7209276989879541"></script>
<script defer src="//play.pokemonshowdown.com/data/pokedex-mini.js?0.6111056340867951"></script>
<script defer src="//play.pokemonshowdown.com/data/pokedex-mini-bw.js?0.3532142036491459"></script>
<script defer src="//play.pokemonshowdown.com/data/graphics.js?0.24223875632456182"></script>
<script defer src="//play.pokemonshowdown.com/data/pokedex.js?0.38839984266356864"></script>
<script defer src="//play.pokemonshowdown.com/data/moves.js?0.21866028504024015"></script>
<script defer src="//play.pokemonshowdown.com/data/abilities.js?0.2005157953846628"></script>
<script defer src="//play.pokemonshowdown.com/data/items.js?0.9894211263848525"></script>
<script defer src="//play.pokemonshowdown.com/data/teambuilder-tables.js?0.6008791140282215"></script>
<script defer src="//play.pokemonshowdown.com/js/battle-tooltips.js?0.7580118955022959"></script>
<script defer src="//play.pokemonshowdown.com/js/battle.js?0.6057722274234274"></script>

<script defer src="js/utils.js?e31f9a17"></script>
<script defer src="js/replays-battle.js?7008c182"></script>

<!-- don't scrape this data! just add .json or .log after the URL!
Full API docs: https://github.com/smogon/pokemon-showdown-client/blob/master/WEB-API.md -->
<script type="text/plain" class="log" id="replaylog-smogtours-gen3ou-796563">
|inactive|Battle timer is ON: inactive players will automatically lose when time's up.
|t:|1728435813
|gametype|singles
|player|p1|almarkowbender|1|
|player|p2|Please ban rachi|266|
|teamsize|p1|6
|teamsize|p2|6
|gen|3
|tier|[Gen 3] OU
|rule|Sleep Clause Mod: Limit one foe put to sleep
|rule|Switch Priority Clause Mod: Faster Pokémon switch first
|rule|Species Clause: Limit one of each Pokémon
|rule|OHKO Clause: OHKO moves are banned
|rule|Evasion Items Clause: Evasion items are banned
|rule|Evasion Moves Clause: Evasion moves are banned
|rule|Endless Battle Clause: Forcing endless battles is banned
|rule|HP Percentage Mod: HP is shown in percentages
|rule|One Boost Passer Clause: Limit one Baton Passer that has a way to boost its stats
|rule|Freeze Clause Mod: Limit one foe frozen
|
|t:|1728435813
|start
|switch|p1a: Computer|Metagross|100/100
|switch|p2a: Tyranitar|Tyranitar, M|100/100
|-weather|Sandstorm|[from] ability: Sand Stream|[of] p2a: Tyranitar
|turn|1
|
|t:|1728435818
|switch|p2a: Skarmory|Skarmory, M|100/100
|move|p1a: Computer|Brick Break|p2a: Skarmory
|-damage|p2a: Skarmory|69/100
|
|-weather|Sandstorm|[upkeep]
|-heal|p2a: Skarmory|75/100|[from] item: Leftovers
|upkeep
|turn|2
|
|t:|1728435823
|switch|p1a: Superconductor|Magneton|100/100
|move|p2a: Skarmory|Spikes|p1a: Superconductor
|-sidestart|p1: almarkowbender|Spikes
|
|-weather|Sandstorm|[upkeep]
|-heal|p2a: Skarmory|81/100|[from] item: Leftovers
|upkeep
|turn|3
|
|t:|1728435825
|move|p2a: Skarmory|Protect|p2a: Skarmory
|-singleturn|p2a: Skarmory|Protect
|move|p1a: Superconductor|Thunderbolt|p2a: Skarmory
|-activate|p2a: Skarmory|Protect
|
|-weather|Sandstorm|[upkeep]
|-heal|p2a: Skarmory|87/100|[from] item: Leftovers
|upkeep
|turn|4
|
|t:|1728435828
|move|p1a: Superconductor|Thunderbolt|p2a: Skarmory
|-supereffective|p2a: Skarmory
|-damage|p2a: Skarmory|0 fnt
|faint|p2a: Skarmory
|
|t:|1728435836
|switch|p2a: Blissey|Blissey, F|100/100
|
|-weather|Sandstorm|[upkeep]
|-damage|p2a: Blissey|94/100|[from] Sandstorm
|-heal|p2a: Blissey|100/100|[from] item: Leftovers
|upkeep
|turn|5
|
|t:|1728435841
|switch|p1a: Celebi|Celebi|100/100
|-damage|p1a: Celebi|88/100|[from] Spikes
|move|p2a: Blissey|Thunder Wave|p1a: Celebi
|-status|p1a: Celebi|par
|
|-weather|Sandstorm|[upkeep]
|-damage|p2a: Blissey|94/100|[from] Sandstorm
|-damage|p1a: Celebi|82/100 par|[from] Sandstorm
|-heal|p2a: Blissey|100/100|[from] item: Leftovers
|-heal|p1a: Celebi|88/100 par|[from] item: Leftovers
|upkeep
|turn|6
|
|t:|1728435846
|move|p2a: Blissey|Ice Beam|p1a: Celebi
|-supereffective|p1a: Celebi
|-damage|p1a: Celebi|43/100 par
|cant|p1a: Celebi|par
|
|-weather|Sandstorm|[upkeep]
|-damage|p2a: Blissey|94/100|[from] Sandstorm
|-damage|p1a: Celebi|36/100 par|[from] Sandstorm
|-heal|p2a: Blissey|100/100|[from] item: Leftovers
|-heal|p1a: Celebi|43/100 par|[from] item: Leftovers
|upkeep
|turn|7
|
|t:|1728435854
|-curestatus|p1a: Celebi|par|[from] ability: Natural Cure
|switch|p1a: Computer|Metagross|100/100
|-damage|p1a: Computer|88/100|[from] Spikes
|move|p2a: Blissey|Ice Beam|p1a: Computer
|-resisted|p1a: Computer
|-crit|p1a: Computer
|-damage|p1a: Computer|57/100
|-status|p1a: Computer|frz
|
|-weather|Sandstorm|[upkeep]
|-damage|p2a: Blissey|94/100|[from] Sandstorm
|-heal|p2a: Blissey|100/100|[from] item: Leftovers
|upkeep
|turn|8
|
|t:|1728435866
|switch|p2a: Moltres|Moltres|100/100
|cant|p1a: Computer|frz
|
|-weather|Sandstorm|[upkeep]
|-damage|p2a: Moltres|94/100|[from] Sandstorm
|-heal|p2a: Moltres|100/100|[from] item: Leftovers
|upkeep
|turn|9
|
|t:|1728435879
|switch|p1a: Superconductor|Magneton|100/100
|-damage|p1a: Superconductor|88/100|[from] Spikes
|move|p2a: Moltres|Flamethrower|p1a: Superconductor
|-supereffective|p1a: Superconductor
|-damage|p1a: Superconductor|0 fnt
|faint|p1a: Superconductor
|
|t:|1728435881
|switch|p1a: Terror|Tyranitar, F|100/100
|-damage|p1a: Terror|88/100|[from] Spikes
|
|-weather|Sandstorm|[upkeep]
|-damage|p2a: Moltres|94/100|[from] Sandstorm
|-heal|p2a: Moltres|100/100|[from] item: Leftovers
|upkeep
|turn|10
|
|t:|1728435887
|move|p2a: Moltres|Hidden Power|p1a: Terror
|-supereffective|p1a: Terror
|-damage|p1a: Terror|39/100
|move|p1a: Terror|Rock Slide|p2a: Moltres
|-supereffective|p2a: Moltres
|-damage|p2a: Moltres|0 fnt
|faint|p2a: Moltres
|
|t:|1728435897
|switch|p2a: Swampert|Swampert, M|100/100
|
|-weather|Sandstorm|[upkeep]
|upkeep
|turn|11
|
|t:|1728435916
|switch|p1a: Celebi|Celebi|43/100
|-damage|p1a: Celebi|30/100|[from] Spikes
|move|p2a: Swampert|Ice Beam|p1a: Celebi
|-supereffective|p1a: Celebi
|-damage|p1a: Celebi|0 fnt
|faint|p1a: Celebi
|
|t:|1728435919
|switch|p1a: Gyarados|Gyarados, F|100/100
|-ability|p1a: Gyarados|Intimidate|boost
|-unboost|p2a: Swampert|atk|1
|
|-weather|Sandstorm|[upkeep]
|-damage|p1a: Gyarados|94/100|[from] Sandstorm
|-heal|p1a: Gyarados|100/100|[from] item: Leftovers
|upkeep
|turn|12
|
|t:|1728435932
|switch|p2a: Blissey|Blissey, F|100/100
|move|p1a: Gyarados|Dragon Dance|p1a: Gyarados
|-boost|p1a: Gyarados|atk|1
|-boost|p1a: Gyarados|spe|1
|
|-weather|Sandstorm|[upkeep]
|-damage|p1a: Gyarados|94/100|[from] Sandstorm
|-damage|p2a: Blissey|94/100|[from] Sandstorm
|-heal|p1a: Gyarados|100/100|[from] item: Leftovers
|-heal|p2a: Blissey|100/100|[from] item: Leftovers
|upkeep
|turn|13
|
|t:|1728435953
|switch|p1a: Computer|Metagross|57/100 frz
|-damage|p1a: Computer|44/100 frz|[from] Spikes
|move|p2a: Blissey|Thunder Wave||[still]
|-fail|p2a: Blissey
|
|-weather|Sandstorm|[upkeep]
|-damage|p2a: Blissey|94/100|[from] Sandstorm
|-heal|p2a: Blissey|100/100|[from] item: Leftovers
|upkeep
|turn|14
|
|t:|1728435958
|switch|p2a: Swampert|Swampert, M|100/100
|cant|p1a: Computer|frz
|
|-weather|Sandstorm|[upkeep]
|upkeep
|turn|15
|
|t:|1728435963
|cant|p1a: Computer|frz
|move|p2a: Swampert|Earthquake|p1a: Computer
|-supereffective|p1a: Computer
|-damage|p1a: Computer|0 fnt
|faint|p1a: Computer
|
|t:|1728435979
|switch|p1a: Gyarados|Gyarados, F|100/100
|-ability|p1a: Gyarados|Intimidate|boost
|-unboost|p2a: Swampert|atk|1
|
|-weather|Sandstorm|[upkeep]
|-damage|p1a: Gyarados|94/100|[from] Sandstorm
|-heal|p1a: Gyarados|100/100|[from] item: Leftovers
|upkeep
|turn|16
|
|t:|1728435988
|switch|p1a: Terror|Tyranitar, F|39/100
|-damage|p1a: Terror|26/100|[from] Spikes
|switch|p2a: Blissey|Blissey, F|100/100
|
|-weather|Sandstorm|[upkeep]
|-damage|p2a: Blissey|94/100|[from] Sandstorm
|-heal|p2a: Blissey|100/100|[from] item: Leftovers
|upkeep
|turn|17
|
|t:|1728436000
|switch|p2a: Swampert|Swampert, M|100/100
|move|p1a: Terror|Rock Slide|p2a: Swampert
|-resisted|p2a: Swampert
|-damage|p2a: Swampert|88/100
|
|-weather|Sandstorm|[upkeep]
|-heal|p2a: Swampert|94/100|[from] item: Leftovers
|upkeep
|turn|18
|
|t:|1728436006
|switch|p1a: Gyarados|Gyarados, F|100/100
|-ability|p1a: Gyarados|Intimidate|boost
|-unboost|p2a: Swampert|atk|1
|move|p2a: Swampert|Ice Beam|p1a: Gyarados
|-damage|p1a: Gyarados|82/100
|
|-weather|Sandstorm|[upkeep]
|-damage|p1a: Gyarados|76/100|[from] Sandstorm
|-heal|p1a: Gyarados|82/100|[from] item: Leftovers
|-heal|p2a: Swampert|99/100|[from] item: Leftovers
|upkeep
|turn|19
|
|t:|1728436013
|switch|p2a: Blissey|Blissey, F|100/100
|move|p1a: Gyarados|Hidden Power|p2a: Blissey
|-damage|p2a: Blissey|66/100
|
|-weather|Sandstorm|[upkeep]
|-damage|p1a: Gyarados|76/100|[from] Sandstorm
|-damage|p2a: Blissey|60/100|[from] Sandstorm
|-heal|p1a: Gyarados|82/100|[from] item: Leftovers
|-heal|p2a: Blissey|66/100|[from] item: Leftovers
|upkeep
|turn|20
|
|t:|1728436018
|switch|p1a: Terror|Tyranitar, F|26/100
|-damage|p1a: Terror|14/100|[from] Spikes
|move|p2a: Blissey|Thunder Wave|p1a: Terror
|-status|p1a: Terror|par
|-enditem|p1a: Terror|Lum Berry|[eat]
|-curestatus|p1a: Terror|par|[msg]
|
|-weather|Sandstorm|[upkeep]
|-damage|p2a: Blissey|60/100|[from] Sandstorm
|-heal|p2a: Blissey|66/100|[from] item: Leftovers
|upkeep
|turn|21
|
|t:|1728436026
|switch|p2a: Swampert|Swampert, M|99/100
|move|p1a: Terror|Rock Slide|p2a: Swampert
|-resisted|p2a: Swampert
|-damage|p2a: Swampert|86/100
|
|-weather|Sandstorm|[upkeep]
|-heal|p2a: Swampert|93/100|[from] item: Leftovers
|upkeep
|turn|22
|
|t:|1728436034
|switch|p1a: Gyarados|Gyarados, F|82/100
|-ability|p1a: Gyarados|Intimidate|boost
|-unboost|p2a: Swampert|atk|1
|move|p2a: Swampert|Ice Beam|p1a: Gyarados
|-damage|p1a: Gyarados|62/100
|
|-weather|Sandstorm|[upkeep]
|-damage|p1a: Gyarados|56/100|[from] Sandstorm
|-heal|p1a: Gyarados|62/100|[from] item: Leftovers
|-heal|p2a: Swampert|99/100|[from] item: Leftovers
|upkeep
|turn|23
|
|t:|1728436043
|move|p1a: Gyarados|Hidden Power|p2a: Swampert
|-damage|p2a: Swampert|75/100
|move|p2a: Swampert|Ice Beam|p1a: Gyarados
|-damage|p1a: Gyarados|42/100
|
|-weather|Sandstorm|[upkeep]
|-damage|p1a: Gyarados|36/100|[from] Sandstorm
|-heal|p1a: Gyarados|42/100|[from] item: Leftovers
|-heal|p2a: Swampert|81/100|[from] item: Leftovers
|upkeep
|turn|24
|
|t:|1728436051
|move|p1a: Gyarados|Dragon Dance|p1a: Gyarados
|-boost|p1a: Gyarados|atk|1
|-boost|p1a: Gyarados|spe|1
|move|p2a: Swampert|Ice Beam|p1a: Gyarados
|-damage|p1a: Gyarados|23/100
|
|-weather|Sandstorm|[upkeep]
|-damage|p1a: Gyarados|17/100|[from] Sandstorm
|-heal|p1a: Gyarados|23/100|[from] item: Leftovers
|-heal|p2a: Swampert|87/100|[from] item: Leftovers
|upkeep
|turn|25
|
|t:|1728436078
|move|p1a: Gyarados|Double-Edge|p2a: Swampert
|-damage|p2a: Swampert|46/100
|-damage|p1a: Gyarados|7/100|[from] Recoil|[of] p2a: Swampert
|move|p2a: Swampert|Ice Beam|p1a: Gyarados
|-damage|p1a: Gyarados|0 fnt
|faint|p1a: Gyarados
|
|t:|1728436082
|switch|p1a: Terror|Tyranitar, F|14/100
|-damage|p1a: Terror|2/100|[from] Spikes
|
|-weather|Sandstorm|[upkeep]
|-heal|p2a: Swampert|52/100|[from] item: Leftovers
|upkeep
|turn|26
|
|t:|1728436086
|move|p2a: Swampert|Protect|p2a: Swampert
|-singleturn|p2a: Swampert|Protect
|move|p1a: Terror|Earthquake|p2a: Swampert
|-activate|p2a: Swampert|Protect
|
|-weather|Sandstorm|[upkeep]
|-heal|p2a: Swampert|59/100|[from] item: Leftovers
|upkeep
|turn|27
|
|t:|1728436088
|move|p1a: Terror|Earthquake|p2a: Swampert
|-damage|p2a: Swampert|34/100
|move|p2a: Swampert|Earthquake|p1a: Terror
|-supereffective|p1a: Terror
|-crit|p1a: Terror
|-damage|p1a: Terror|0 fnt
|faint|p1a: Terror
|
|t:|1728436106
|switch|p1a: Salamence|Salamence, M|100/100
|-ability|p1a: Salamence|Intimidate|boost
|-unboost|p2a: Swampert|atk|1
|
|-weather|Sandstorm|[upkeep]
|-damage|p1a: Salamence|94/100|[from] Sandstorm
|-heal|p1a: Salamence|100/100|[from] item: Leftovers
|-heal|p2a: Swampert|40/100|[from] item: Leftovers
|upkeep
|turn|28
|
|t:|1728436109
|move|p1a: Salamence|Rock Slide|p2a: Swampert|[miss]
|-miss|p1a: Salamence|p2a: Swampert
|move|p2a: Swampert|Ice Beam|p1a: Salamence
|-supereffective|p1a: Salamence
|-crit|p1a: Salamence
|-damage|p1a: Salamence|0 fnt
|faint|p1a: Salamence
|
|win|Please ban rachi
|c|☆almarkowbender|gg
|c|☆Please ban rachi|Gg

</script>
<script type="application/json" class="data" id="replaydata-smogtours-gen3ou-796563">
{"id":"smogtours-gen3ou-796563","format":"[Gen 3] OU","players":["almarkowbender","Please ban rachi"],"uploadtime":1728436109,"views":94,"formatid":"gen3ou","rating":null,"private":0,"password":null}
</script>

<script defer src="js/replays.js?9d40a366"></script>
