<!DOCTYPE html>
<meta charset="utf-8" />
<meta name="viewport" content="width=device-width" />

<title>[Gen 3] OU: Caloominum vs. Sificon~ - Replays - Pok&eacute;mon Showdown!</title>

<meta name="description" content="Watch a replay of a Pok&eacute;mon battle between Caloominum and Sificon~! Format: [Gen 3] OU; Date: Nov 17, 2024" />
<!--

Hey, you! Looking in the source for the replay log?

You can find them in JSON format, just add `.json` at the end of a replay URL.

https://replay.pokemonshowdown.com/gen7randomdoublesbattle-865046831.json

Or, if you only need the log itself, add `.log` instead:

https://replay.pokemonshowdown.com/gen7randomdoublesbattle-865046831.log

-->

<link rel="stylesheet" href="//pokemonshowdown.com/style/global.css?0.767286132409787" />
<link rel="stylesheet" href="//play.pokemonshowdown.com/style/font-awesome.css?0.9266228007934947" />
<link rel="stylesheet" href="//play.pokemonshowdown.com/style/battle.css?0.7924700842790926" />
<link rel="stylesheet" href="//play.pokemonshowdown.com/style/utilichart.css?0.8777417872839479" />

<!-- Global site tag (gtag.js) - Google Analytics -->
<script async src="https://www.googletagmanager.com/gtag/js?id=UA-26211653-1"></script>
<script>
  window.dataLayer = window.dataLayer || [];
  function gtag(){dataLayer.push(arguments);}
  gtag('js', new Date());

  gtag('config', 'UA-26211653-1');
</script>
<!-- End Google Analytics -->
<!-- Venatus Ad Manager - Install in <HEAD> of page -->
	<script src="https://hb.vntsm.com/v3/live/ad-manager.min.js" type="text/javascript" data-site-id="642aba63ec9a7b11c3c9c1be" data-mode="scan" async></script>
<!-- / Venatus Ad Manager -->

<style>
	@media (max-width:820px) {
		.battle {
			margin: 0 auto;
		}
		.battle-log {
			margin: 7px auto 0;
			max-width: 640px;
			height: 300px;
			position: static;
		}
	}
	.optgroup {
		display: inline-block;
		line-height: 22px;
		font-size: 10pt;
	}
	.optgroup .button {
		height: 25px;
		padding-top: 0;
		padding-bottom: 0;
	}
	.optgroup button.button {
		padding-left: 12px;
		padding-right: 12px;
	}
	.linklist {
		list-style: none;
		margin: 0.5em 0;
		padding: 0;
	}
	.linklist li {
		padding: 2px 0;
	}
	.sidebar {
		float: left;
		width: 320px;
	}
	.bar-wrapper {
		max-width: 1100px;
		margin: 0 auto;
	}
	.bar-wrapper.has-sidebar {
		max-width: 1430px;
	}
	.mainbar {
		margin: 0;
		padding-right: 1px;
	}
	.mainbar.has-sidebar {
		margin-left: 330px;
	}
	@media (min-width: 1511px) {
		.sidebar {
			width: 400px;
		}
		.bar-wrapper.has-sidebar {
			max-width: 1510px;
		}
		.mainbar.has-sidebar {
			margin-left: 410px;
		}
	}
	.section.first-section {
		margin-top: 9px;
	}
	.blocklink small {
		white-space: normal;
	}
	.button {
		vertical-align: middle;
	}
	.replay-controls {
		padding-top: 10px;
	}
	.replay-controls h1 {
		font-size: 16pt;
		font-weight: normal;
		color: #CCC;
	}
	.pagelink {
		text-align: center;
	}
	.pagelink a {
		width: 150px;
	}
	.textbox, .button {
		font-size: 11pt;
		vertical-align: middle;
	}
	@media (max-width: 450px) {
		.button {
			font-size: 9pt;
		}
	}
</style>

<div>

	<header>
		<div class="nav-wrapper"><ul class="nav">
			<li><a class="button nav-first" href="//pokemonshowdown.com/"><img src="//pokemonshowdown.com/images/pokemonshowdownbeta.png" srcset="//pokemonshowdown.com/images/pokemonshowdownbeta.png 1x, //pokemonshowdown.com/images/pokemonshowdownbeta@2x.png 2x" alt="Pok&eacute;mon Showdown" width="146" height="44" /> Home</a></li>
			<li><a class="button" href="//pokemonshowdown.com/dex/">Pok&eacute;dex</a></li>
			<li><a class="button cur" href="/">Replays</a></li>
			<li><a class="button" href="//pokemonshowdown.com/ladder/">Ladder</a></li>
			<li><a class="button nav-last" href="//pokemonshowdown.com/forums/">Forum</a></li>
			<li><a class="button greenbutton nav-first nav-last" href="//play.pokemonshowdown.com/">Play</a></li>
		</ul></div>
	</header>

	<div class="main" id="main">

		<noscript><section class="section">You need to enable JavaScript to use this page; sorry!</section></noscript>

	</div>

</div>

<script defer nomodule src="//play.pokemonshowdown.com/js/lib/ps-polyfill.js"></script>
<script defer src="//play.pokemonshowdown.com/js/lib/preact.min.js"></script>

<script defer src="//play.pokemonshowdown.com/config/config.js?6dec07f6"></script>
<script defer src="//play.pokemonshowdown.com/js/lib/jquery-1.11.0.min.js"></script>
<script defer src="//play.pokemonshowdown.com/js/lib/html-sanitizer-minified.js"></script>
<script defer src="//play.pokemonshowdown.com/js/battle-sound.js"></script>
<script defer src="//play.pokemonshowdown.com/js/battledata.js?0.6315294753075389"></script>
<script defer src="//play.pokemonshowdown.com/data/pokedex-mini.js?0.7603743185311358"></script>
<script defer src="//play.pokemonshowdown.com/data/pokedex-mini-bw.js?0.030888842834281283"></script>
<script defer src="//play.pokemonshowdown.com/data/graphics.js?0.05593094747507488"></script>
<script defer src="//play.pokemonshowdown.com/data/pokedex.js?0.47064822249611904"></script>
<script defer src="//play.pokemonshowdown.com/data/moves.js?0.8583693120512459"></script>
<script defer src="//play.pokemonshowdown.com/data/abilities.js?0.16017181182386842"></script>
<script defer src="//play.pokemonshowdown.com/data/items.js?0.4163379185673943"></script>
<script defer src="//play.pokemonshowdown.com/data/teambuilder-tables.js?0.31075597372830477"></script>
<script defer src="//play.pokemonshowdown.com/js/battle-tooltips.js?0.6536193500708172"></script>
<script defer src="//play.pokemonshowdown.com/js/battle.js?0.1916591943277901"></script>

<script defer src="js/utils.js?e31f9a17"></script>
<script defer src="js/replays-battle.js?7008c182"></script>

<!-- don't scrape this data! just add .json or .log after the URL!
Full API docs: https://github.com/smogon/pokemon-showdown-client/blob/master/WEB-API.md -->
<script type="text/plain" class="log" id="replaylog-smogtours-gen3ou-806946">
|inactive|Battle timer is ON: inactive players will automatically lose when time's up.
|t:|1731883623
|gametype|singles
|player|p1|Caloominum|#advpliii|
|player|p2|Sificon~|#sificon|
|teamsize|p1|6
|teamsize|p2|6
|gen|3
|tier|[Gen 3] OU
|rule|Sleep Clause Mod: Limit one foe put to sleep
|rule|Switch Priority Clause Mod: Faster Pokémon switch first
|rule|Species Clause: Limit one of each Pokémon
|rule|OHKO Clause: OHKO moves are banned
|rule|Evasion Items Clause: Evasion items are banned
|rule|Evasion Moves Clause: Evasion moves are banned
|rule|Endless Battle Clause: Forcing endless battles is banned
|rule|HP Percentage Mod: HP is shown in percentages
|rule|One Boost Passer Clause: Limit one Baton Passer that has a way to boost its stats
|rule|Freeze Clause Mod: Limit one foe frozen
|
|t:|1731883623
|start
|switch|p1a: Tyranitar|Tyranitar, M|100/100
|switch|p2a: Zapdos|Zapdos|100/100
|-weather|Sandstorm|[from] ability: Sand Stream|[of] p1a: Tyranitar
|turn|1
|inactive|Sificon~ also wants the timer to be on.
|c|☆Caloominum|glhf
|c|☆Sificon~|u2
|
|t:|1731883646
|move|p2a: Zapdos|Baton Pass|p2a: Zapdos
|
|t:|1731883648
|switch|p2a: Skarmory|Skarmory, M|100/100|[from] Baton Pass
|move|p1a: Tyranitar|Rock Slide|p2a: Skarmory
|-crit|p2a: Skarmory
|-damage|p2a: Skarmory|34/100
|
|-weather|Sandstorm|[upkeep]
|-heal|p2a: Skarmory|40/100|[from] item: Leftovers
|upkeep
|turn|2
|
|t:|1731883666
|-singleturn|p1a: Tyranitar|move: Focus Punch
|move|p2a: Skarmory|Protect|p2a: Skarmory
|-singleturn|p2a: Skarmory|Protect
|move|p1a: Tyranitar|Focus Punch|p2a: Skarmory
|-activate|p2a: Skarmory|Protect
|
|-weather|Sandstorm|[upkeep]
|-heal|p2a: Skarmory|46/100|[from] item: Leftovers
|upkeep
|turn|3
|
|t:|1731883679
|-singleturn|p1a: Tyranitar|move: Focus Punch
|move|p2a: Skarmory|Spikes|p1a: Tyranitar
|-sidestart|p1: Caloominum|Spikes
|move|p1a: Tyranitar|Focus Punch|p2a: Skarmory
|-damage|p2a: Skarmory|0 fnt
|faint|p2a: Skarmory
|
|t:|1731883684
|switch|p2a: Dugtrio|Dugtrio, F|100/100
|
|-weather|Sandstorm|[upkeep]
|upkeep
|turn|4
|
|t:|1731883686
|move|p2a: Dugtrio|Earthquake|p1a: Tyranitar
|-supereffective|p1a: Tyranitar
|-damage|p1a: Tyranitar|14/100
|move|p1a: Tyranitar|Earthquake|p2a: Dugtrio
|-damage|p2a: Dugtrio|0 fnt
|faint|p2a: Dugtrio
|
|t:|1731883694
|switch|p2a: Zapdos|Zapdos|100/100
|
|-weather|Sandstorm|[upkeep]
|-damage|p2a: Zapdos|94/100|[from] Sandstorm
|-heal|p2a: Zapdos|100/100|[from] item: Leftovers
|-heal|p1a: Tyranitar|20/100|[from] item: Leftovers
|upkeep
|turn|5
|
|t:|1731883697
|switch|p1a: Blissey|Blissey, F|100/100
|-damage|p1a: Blissey|88/100|[from] Spikes
|move|p2a: Zapdos|Hidden Power|p1a: Blissey
|-damage|p1a: Blissey|79/100
|
|-weather|Sandstorm|[upkeep]
|-damage|p2a: Zapdos|94/100|[from] Sandstorm
|-damage|p1a: Blissey|73/100|[from] Sandstorm
|-heal|p2a: Zapdos|100/100|[from] item: Leftovers
|-heal|p1a: Blissey|79/100|[from] item: Leftovers
|upkeep
|turn|6
|
|t:|1731883705
|move|p1a: Blissey|Sing|p2a: Zapdos|[miss]
|-miss|p1a: Blissey|p2a: Zapdos
|move|p2a: Zapdos|Roar|p1a: Blissey
|drag|p1a: Moltres|Moltres|100/100
|
|-weather|Sandstorm|[upkeep]
|-damage|p2a: Zapdos|94/100|[from] Sandstorm
|-damage|p1a: Moltres|94/100|[from] Sandstorm
|-heal|p2a: Zapdos|100/100|[from] item: Leftovers
|-heal|p1a: Moltres|100/100|[from] item: Leftovers
|upkeep
|turn|7
|
|t:|1731883713
|switch|p1a: Blissey|Blissey, F|79/100
|-damage|p1a: Blissey|66/100|[from] Spikes
|move|p2a: Zapdos|Thunderbolt|p1a: Blissey
|-damage|p1a: Blissey|47/100
|
|-weather|Sandstorm|[upkeep]
|-damage|p2a: Zapdos|94/100|[from] Sandstorm
|-damage|p1a: Blissey|41/100|[from] Sandstorm
|-heal|p2a: Zapdos|100/100|[from] item: Leftovers
|-heal|p1a: Blissey|47/100|[from] item: Leftovers
|upkeep
|turn|8
|
|t:|1731883721
|move|p1a: Blissey|Soft-Boiled|p1a: Blissey
|-heal|p1a: Blissey|97/100
|move|p2a: Zapdos|Roar|p1a: Blissey
|drag|p1a: Tyranitar|Tyranitar, M|20/100
|-damage|p1a: Tyranitar|8/100|[from] Spikes
|
|-weather|Sandstorm|[upkeep]
|-damage|p2a: Zapdos|94/100|[from] Sandstorm
|-heal|p2a: Zapdos|100/100|[from] item: Leftovers
|-heal|p1a: Tyranitar|14/100|[from] item: Leftovers
|upkeep
|turn|9
|
|t:|1731883729
|switch|p1a: Blissey|Blissey, F|97/100
|-damage|p1a: Blissey|85/100|[from] Spikes
|move|p2a: Zapdos|Thunderbolt|p1a: Blissey
|-damage|p1a: Blissey|65/100
|
|-weather|Sandstorm|[upkeep]
|-damage|p2a: Zapdos|94/100|[from] Sandstorm
|-damage|p1a: Blissey|59/100|[from] Sandstorm
|-heal|p2a: Zapdos|100/100|[from] item: Leftovers
|-heal|p1a: Blissey|65/100|[from] item: Leftovers
|upkeep
|turn|10
|
|t:|1731883737
|move|p2a: Zapdos|Baton Pass|p2a: Zapdos
|
|t:|1731883738
|switch|p2a: Blissey|Blissey, F|100/100|[from] Baton Pass
|move|p1a: Blissey|Sing|p2a: Blissey
|-status|p2a: Blissey|slp|[from] move: Sing
|
|-weather|Sandstorm|[upkeep]
|-damage|p1a: Blissey|59/100|[from] Sandstorm
|-damage|p2a: Blissey|94/100 slp|[from] Sandstorm
|-heal|p1a: Blissey|65/100|[from] item: Leftovers
|-heal|p2a: Blissey|100/100 slp|[from] item: Leftovers
|upkeep
|turn|11
|
|t:|1731883742
|-curestatus|p2a: Blissey|slp|[from] ability: Natural Cure
|switch|p2a: Swampert|Swampert, F|100/100
|move|p1a: Blissey|Soft-Boiled|p1a: Blissey
|-heal|p1a: Blissey|100/100
|
|-weather|Sandstorm|[upkeep]
|-damage|p1a: Blissey|94/100|[from] Sandstorm
|-heal|p1a: Blissey|100/100|[from] item: Leftovers
|upkeep
|turn|12
|
|t:|1731883749
|switch|p1a: Skarmory|Skarmory, M|100/100
|move|p2a: Swampert|Earthquake|p1a: Skarmory
|-immune|p1a: Skarmory
|
|-weather|Sandstorm|[upkeep]
|upkeep
|turn|13
|
|t:|1731883758
|switch|p2a: Zapdos|Zapdos|100/100
|move|p1a: Skarmory|Toxic|p2a: Zapdos|[miss]
|-miss|p1a: Skarmory|p2a: Zapdos
|
|-weather|Sandstorm|[upkeep]
|-damage|p2a: Zapdos|94/100|[from] Sandstorm
|-heal|p2a: Zapdos|100/100|[from] item: Leftovers
|upkeep
|turn|14
|
|t:|1731883763
|switch|p1a: Blissey|Blissey, F|100/100
|-damage|p1a: Blissey|88/100|[from] Spikes
|move|p2a: Zapdos|Roar|p1a: Blissey
|drag|p1a: Swampert|Swampert, F|100/100
|-damage|p1a: Swampert|88/100|[from] Spikes
|
|-weather|Sandstorm|[upkeep]
|-damage|p2a: Zapdos|94/100|[from] Sandstorm
|-heal|p2a: Zapdos|100/100|[from] item: Leftovers
|-heal|p1a: Swampert|94/100|[from] item: Leftovers
|upkeep
|turn|15
|
|t:|1731883769
|move|p1a: Swampert|Protect|p1a: Swampert
|-singleturn|p1a: Swampert|Protect
|move|p2a: Zapdos|Hidden Power|p1a: Swampert
|-activate|p1a: Swampert|Protect
|
|-weather|Sandstorm|[upkeep]
|-damage|p2a: Zapdos|94/100|[from] Sandstorm
|-heal|p2a: Zapdos|100/100|[from] item: Leftovers
|-heal|p1a: Swampert|100/100|[from] item: Leftovers
|upkeep
|turn|16
|
|t:|1731883775
|switch|p1a: Blissey|Blissey, F|88/100
|-damage|p1a: Blissey|76/100|[from] Spikes
|move|p2a: Zapdos|Roar|p1a: Blissey
|drag|p1a: Swampert|Swampert, F|100/100
|-damage|p1a: Swampert|88/100|[from] Spikes
|
|-weather|Sandstorm|[upkeep]
|-damage|p2a: Zapdos|94/100|[from] Sandstorm
|-heal|p2a: Zapdos|100/100|[from] item: Leftovers
|-heal|p1a: Swampert|94/100|[from] item: Leftovers
|upkeep
|turn|17
|
|t:|1731883780
|move|p1a: Swampert|Protect|p1a: Swampert
|-singleturn|p1a: Swampert|Protect
|move|p2a: Zapdos|Hidden Power|p1a: Swampert
|-activate|p1a: Swampert|Protect
|
|-weather|Sandstorm|[upkeep]
|-damage|p2a: Zapdos|94/100|[from] Sandstorm
|-heal|p2a: Zapdos|100/100|[from] item: Leftovers
|-heal|p1a: Swampert|100/100|[from] item: Leftovers
|upkeep
|turn|18
|
|t:|1731883783
|switch|p1a: Blissey|Blissey, F|76/100
|-damage|p1a: Blissey|63/100|[from] Spikes
|move|p2a: Zapdos|Roar|p1a: Blissey
|drag|p1a: Swampert|Swampert, F|100/100
|-damage|p1a: Swampert|88/100|[from] Spikes
|
|-weather|Sandstorm|[upkeep]
|-damage|p2a: Zapdos|94/100|[from] Sandstorm
|-heal|p2a: Zapdos|100/100|[from] item: Leftovers
|-heal|p1a: Swampert|94/100|[from] item: Leftovers
|upkeep
|turn|19
|
|t:|1731883787
|move|p1a: Swampert|Protect|p1a: Swampert
|-singleturn|p1a: Swampert|Protect
|move|p2a: Zapdos|Hidden Power|p1a: Swampert
|-activate|p1a: Swampert|Protect
|
|-weather|Sandstorm|[upkeep]
|-damage|p2a: Zapdos|94/100|[from] Sandstorm
|-heal|p2a: Zapdos|100/100|[from] item: Leftovers
|-heal|p1a: Swampert|100/100|[from] item: Leftovers
|upkeep
|turn|20
|
|t:|1731883792
|move|p1a: Swampert|Ice Beam|p2a: Zapdos
|-supereffective|p2a: Zapdos
|-damage|p2a: Zapdos|58/100
|move|p2a: Zapdos|Roar|p1a: Swampert
|drag|p1a: Dugtrio|Dugtrio, M|100/100
|-damage|p1a: Dugtrio|88/100|[from] Spikes
|
|-weather|Sandstorm|[upkeep]
|-damage|p2a: Zapdos|52/100|[from] Sandstorm
|-heal|p2a: Zapdos|58/100|[from] item: Leftovers
|upkeep
|turn|21
|
|t:|1731883798
|switch|p2a: Swampert|Swampert, F|100/100
|move|p1a: Dugtrio|Rock Slide|p2a: Swampert
|-resisted|p2a: Swampert
|-damage|p2a: Swampert|92/100
|
|-weather|Sandstorm|[upkeep]
|-heal|p2a: Swampert|98/100|[from] item: Leftovers
|upkeep
|turn|22
|
|t:|1731883803
|switch|p1a: Skarmory|Skarmory, M|100/100
|move|p2a: Swampert|Hydro Pump|p1a: Skarmory
|-damage|p1a: Skarmory|64/100
|
|-weather|Sandstorm|[upkeep]
|-heal|p1a: Skarmory|70/100|[from] item: Leftovers
|-heal|p2a: Swampert|100/100|[from] item: Leftovers
|upkeep
|turn|23
|
|t:|1731883807
|switch|p2a: Zapdos|Zapdos|58/100
|move|p1a: Skarmory|Protect||[still]
|-fail|p1a: Skarmory
|
|-weather|Sandstorm|[upkeep]
|-damage|p2a: Zapdos|52/100|[from] Sandstorm
|-heal|p2a: Zapdos|58/100|[from] item: Leftovers
|-heal|p1a: Skarmory|76/100|[from] item: Leftovers
|upkeep
|turn|24
|
|t:|1731883811
|move|p1a: Skarmory|Protect|p1a: Skarmory
|-singleturn|p1a: Skarmory|Protect
|move|p2a: Zapdos|Roar|p1a: Skarmory
|-activate|p1a: Skarmory|Protect
|
|-weather|Sandstorm|[upkeep]
|-damage|p2a: Zapdos|52/100|[from] Sandstorm
|-heal|p2a: Zapdos|58/100|[from] item: Leftovers
|-heal|p1a: Skarmory|82/100|[from] item: Leftovers
|upkeep
|turn|25
|
|t:|1731883814
|switch|p1a: Blissey|Blissey, F|63/100
|-damage|p1a: Blissey|51/100|[from] Spikes
|move|p2a: Zapdos|Thunderbolt|p1a: Blissey
|-damage|p1a: Blissey|32/100
|
|-weather|Sandstorm|[upkeep]
|-damage|p2a: Zapdos|52/100|[from] Sandstorm
|-damage|p1a: Blissey|26/100|[from] Sandstorm
|-heal|p2a: Zapdos|58/100|[from] item: Leftovers
|-heal|p1a: Blissey|32/100|[from] item: Leftovers
|upkeep
|turn|26
|
|t:|1731883824
|move|p1a: Blissey|Soft-Boiled|p1a: Blissey
|-heal|p1a: Blissey|82/100
|move|p2a: Zapdos|Roar|p1a: Blissey
|drag|p1a: Skarmory|Skarmory, M|82/100
|
|-weather|Sandstorm|[upkeep]
|-damage|p2a: Zapdos|52/100|[from] Sandstorm
|-heal|p2a: Zapdos|58/100|[from] item: Leftovers
|-heal|p1a: Skarmory|88/100|[from] item: Leftovers
|upkeep
|turn|27
|
|t:|1731883829
|move|p1a: Skarmory|Protect|p1a: Skarmory
|-singleturn|p1a: Skarmory|Protect
|move|p2a: Zapdos|Thunderbolt|p1a: Skarmory
|-activate|p1a: Skarmory|Protect
|
|-weather|Sandstorm|[upkeep]
|-damage|p2a: Zapdos|52/100|[from] Sandstorm
|-heal|p2a: Zapdos|58/100|[from] item: Leftovers
|-heal|p1a: Skarmory|94/100|[from] item: Leftovers
|upkeep
|turn|28
|
|t:|1731883833
|switch|p1a: Blissey|Blissey, F|82/100
|-damage|p1a: Blissey|70/100|[from] Spikes
|move|p2a: Zapdos|Roar|p1a: Blissey
|drag|p1a: Skarmory|Skarmory, M|94/100
|
|-weather|Sandstorm|[upkeep]
|-damage|p2a: Zapdos|52/100|[from] Sandstorm
|-heal|p2a: Zapdos|58/100|[from] item: Leftovers
|-heal|p1a: Skarmory|99/100|[from] item: Leftovers
|upkeep
|turn|29
|
|t:|1731883838
|move|p1a: Skarmory|Protect|p1a: Skarmory
|-singleturn|p1a: Skarmory|Protect
|move|p2a: Zapdos|Thunderbolt|p1a: Skarmory
|-activate|p1a: Skarmory|Protect
|
|-weather|Sandstorm|[upkeep]
|-damage|p2a: Zapdos|52/100|[from] Sandstorm
|-heal|p2a: Zapdos|58/100|[from] item: Leftovers
|-heal|p1a: Skarmory|100/100|[from] item: Leftovers
|upkeep
|turn|30
|
|t:|1731883840
|move|p2a: Zapdos|Thunderbolt|p1a: Skarmory
|-supereffective|p1a: Skarmory
|-damage|p1a: Skarmory|9/100
|move|p1a: Skarmory|Toxic|p2a: Zapdos
|-status|p2a: Zapdos|tox
|
|-weather|Sandstorm|[upkeep]
|-damage|p2a: Zapdos|52/100 tox|[from] Sandstorm
|-heal|p2a: Zapdos|58/100 tox|[from] item: Leftovers
|-damage|p2a: Zapdos|52/100 tox|[from] psn
|-heal|p1a: Skarmory|15/100|[from] item: Leftovers
|upkeep
|turn|31
|
|t:|1731883852
|move|p1a: Skarmory|Protect|p1a: Skarmory
|-singleturn|p1a: Skarmory|Protect
|move|p2a: Zapdos|Thunderbolt|p1a: Skarmory
|-activate|p1a: Skarmory|Protect
|
|-weather|Sandstorm|[upkeep]
|-damage|p2a: Zapdos|46/100 tox|[from] Sandstorm
|-heal|p2a: Zapdos|52/100 tox|[from] item: Leftovers
|-damage|p2a: Zapdos|39/100 tox|[from] psn
|-heal|p1a: Skarmory|21/100|[from] item: Leftovers
|upkeep
|turn|32
|
|t:|1731883857
|switch|p1a: Blissey|Blissey, F|70/100
|-damage|p1a: Blissey|57/100|[from] Spikes
|move|p2a: Zapdos|Thunderbolt|p1a: Blissey
|-damage|p1a: Blissey|39/100
|
|-weather|Sandstorm|[upkeep]
|-damage|p2a: Zapdos|33/100 tox|[from] Sandstorm
|-damage|p1a: Blissey|33/100|[from] Sandstorm
|-heal|p2a: Zapdos|39/100 tox|[from] item: Leftovers
|-damage|p2a: Zapdos|21/100 tox|[from] psn
|-heal|p1a: Blissey|39/100|[from] item: Leftovers
|upkeep
|turn|33
|
|t:|1731883866
|move|p1a: Blissey|Soft-Boiled|p1a: Blissey
|-heal|p1a: Blissey|89/100
|move|p2a: Zapdos|Roar|p1a: Blissey
|drag|p1a: Swampert|Swampert, F|100/100
|-damage|p1a: Swampert|88/100|[from] Spikes
|
|-weather|Sandstorm|[upkeep]
|-damage|p2a: Zapdos|14/100 tox|[from] Sandstorm
|-heal|p2a: Zapdos|21/100 tox|[from] item: Leftovers
|-damage|p2a: Zapdos|0 fnt|[from] psn
|faint|p2a: Zapdos
|-heal|p1a: Swampert|94/100|[from] item: Leftovers
|upkeep
|
|t:|1731883871
|switch|p2a: Blissey|Blissey, F|100/100
|turn|34
|
|t:|1731883881
|move|p1a: Swampert|Protect|p1a: Swampert
|-singleturn|p1a: Swampert|Protect
|move|p2a: Blissey|Rain Dance|p2a: Blissey
|-weather|RainDance
|
|-weather|RainDance|[upkeep]
|-heal|p1a: Swampert|100/100|[from] item: Leftovers
|upkeep
|turn|35
|
|t:|1731883887
|switch|p1a: Blissey|Blissey, F|89/100
|-damage|p1a: Blissey|77/100|[from] Spikes
|move|p2a: Blissey|Seismic Toss|p1a: Blissey
|-damage|p1a: Blissey|61/100
|
|-weather|RainDance|[upkeep]
|-heal|p1a: Blissey|67/100|[from] item: Leftovers
|upkeep
|turn|36
|
|t:|1731883891
|move|p1a: Blissey|Soft-Boiled|p1a: Blissey
|-heal|p1a: Blissey|100/100
|move|p2a: Blissey|Thunder Wave|p1a: Blissey
|-status|p1a: Blissey|par
|
|-weather|RainDance|[upkeep]
|upkeep
|turn|37
|
|t:|1731883896
|switch|p2a: Swampert|Swampert, F|100/100
|move|p1a: Blissey|Sing|p2a: Swampert|[miss]
|-miss|p1a: Blissey|p2a: Swampert
|
|-weather|RainDance|[upkeep]
|upkeep
|turn|38
|
|t:|1731883901
|move|p2a: Swampert|Hydro Pump|p1a: Blissey|[miss]
|-miss|p2a: Swampert|p1a: Blissey
|move|p1a: Blissey|Sing|p2a: Swampert
|-status|p2a: Swampert|slp|[from] move: Sing
|
|-weather|none
|upkeep
|turn|39
|
|t:|1731883906
|switch|p2a: Blissey|Blissey, F|100/100
|-curestatus|p1a: Blissey|par|[from] ability: Natural Cure
|switch|p1a: Skarmory|Skarmory, M|21/100
|
|-heal|p1a: Skarmory|27/100|[from] item: Leftovers
|upkeep
|turn|40
|
|t:|1731883911
|switch|p2a: Heracross|Heracross, F|100/100
|move|p1a: Skarmory|Protect||[still]
|-fail|p1a: Skarmory
|
|-heal|p1a: Skarmory|33/100|[from] item: Leftovers
|upkeep
|turn|41
|
|t:|1731883913
|move|p2a: Heracross|Substitute|p2a: Heracross
|-start|p2a: Heracross|Substitute
|-damage|p2a: Heracross|75/100
|move|p1a: Skarmory|Roar|p2a: Heracross
|drag|p2a: Swampert|Swampert, F|100/100 slp
|
|-heal|p1a: Skarmory|39/100|[from] item: Leftovers
|upkeep
|turn|42
|
|t:|1731883925
|switch|p2a: Blissey|Blissey, F|100/100
|move|p1a: Skarmory|Spikes|p2a: Blissey
|-sidestart|p2: Sificon~|Spikes
|
|-heal|p1a: Skarmory|45/100|[from] item: Leftovers
|upkeep
|turn|43
|
|t:|1731883928
|move|p1a: Skarmory|Protect|p1a: Skarmory
|-singleturn|p1a: Skarmory|Protect
|move|p2a: Blissey|Seismic Toss|p1a: Skarmory
|-activate|p1a: Skarmory|Protect
|
|-heal|p1a: Skarmory|51/100|[from] item: Leftovers
|upkeep
|turn|44
|
|t:|1731883932
|switch|p1a: Blissey|Blissey, F|100/100
|-damage|p1a: Blissey|88/100|[from] Spikes
|move|p2a: Blissey|Seismic Toss|p1a: Blissey
|-damage|p1a: Blissey|73/100
|
|-heal|p1a: Blissey|79/100|[from] item: Leftovers
|upkeep
|turn|45
|
|t:|1731883938
|move|p2a: Blissey|Thunder Wave|p1a: Blissey
|-status|p1a: Blissey|par
|move|p1a: Blissey|Seismic Toss|p2a: Blissey
|-damage|p2a: Blissey|85/100
|
|-heal|p2a: Blissey|91/100|[from] item: Leftovers
|-heal|p1a: Blissey|85/100 par|[from] item: Leftovers
|upkeep
|turn|46
|
|t:|1731883944
|move|p2a: Blissey|Seismic Toss|p1a: Blissey
|-damage|p1a: Blissey|70/100 par
|cant|p1a: Blissey|par
|
|-heal|p2a: Blissey|97/100|[from] item: Leftovers
|-heal|p1a: Blissey|76/100 par|[from] item: Leftovers
|upkeep
|turn|47
|
|t:|1731883948
|move|p2a: Blissey|Seismic Toss|p1a: Blissey
|-damage|p1a: Blissey|60/100 par
|move|p1a: Blissey|Seismic Toss|p2a: Blissey
|-damage|p2a: Blissey|82/100
|
|-heal|p2a: Blissey|88/100|[from] item: Leftovers
|-heal|p1a: Blissey|67/100 par|[from] item: Leftovers
|upkeep
|turn|48
|
|t:|1731883953
|move|p2a: Blissey|Seismic Toss|p1a: Blissey
|-damage|p1a: Blissey|51/100 par
|move|p1a: Blissey|Seismic Toss|p2a: Blissey
|-damage|p2a: Blissey|73/100
|
|-heal|p2a: Blissey|79/100|[from] item: Leftovers
|-heal|p1a: Blissey|57/100 par|[from] item: Leftovers
|upkeep
|turn|49
|
|t:|1731883956
|move|p2a: Blissey|Seismic Toss|p1a: Blissey
|-damage|p1a: Blissey|42/100 par
|move|p1a: Blissey|Soft-Boiled|p1a: Blissey
|-heal|p1a: Blissey|92/100 par
|
|-heal|p2a: Blissey|85/100|[from] item: Leftovers
|-heal|p1a: Blissey|98/100 par|[from] item: Leftovers
|upkeep
|turn|50
|
|t:|1731883960
|move|p2a: Blissey|Seismic Toss|p1a: Blissey
|-damage|p1a: Blissey|83/100 par
|move|p1a: Blissey|Ice Beam|p2a: Blissey
|-damage|p2a: Blissey|75/100
|
|-heal|p2a: Blissey|81/100|[from] item: Leftovers
|-heal|p1a: Blissey|89/100 par|[from] item: Leftovers
|upkeep
|turn|51
|
|t:|1731883965
|move|p2a: Blissey|Seismic Toss|p1a: Blissey
|-damage|p1a: Blissey|73/100 par
|cant|p1a: Blissey|par
|
|-heal|p2a: Blissey|88/100|[from] item: Leftovers
|-heal|p1a: Blissey|80/100 par|[from] item: Leftovers
|upkeep
|turn|52
|
|t:|1731883969
|move|p2a: Blissey|Seismic Toss|p1a: Blissey
|-damage|p1a: Blissey|64/100 par
|move|p1a: Blissey|Ice Beam|p2a: Blissey
|-damage|p2a: Blissey|77/100
|
|-heal|p2a: Blissey|83/100|[from] item: Leftovers
|-heal|p1a: Blissey|70/100 par|[from] item: Leftovers
|upkeep
|turn|53
|
|t:|1731883973
|move|p2a: Blissey|Seismic Toss|p1a: Blissey
|-damage|p1a: Blissey|55/100 par
|move|p1a: Blissey|Ice Beam|p2a: Blissey
|-damage|p2a: Blissey|73/100
|-status|p2a: Blissey|frz
|
|-heal|p2a: Blissey|79/100 frz|[from] item: Leftovers
|-heal|p1a: Blissey|61/100 par|[from] item: Leftovers
|upkeep
|turn|54
|
|t:|1731883979
|-curestatus|p2a: Blissey|frz|[from] ability: Natural Cure
|switch|p2a: Heracross|Heracross, F|75/100
|-damage|p2a: Heracross|63/100|[from] Spikes
|-curestatus|p1a: Blissey|par|[from] ability: Natural Cure
|switch|p1a: Dugtrio|Dugtrio, M|88/100
|-damage|p1a: Dugtrio|76/100|[from] Spikes
|
|upkeep
|turn|55
|
|t:|1731883983
|move|p1a: Dugtrio|Aerial Ace|p2a: Heracross
|-supereffective|p2a: Heracross
|-damage|p2a: Heracross|0 fnt
|faint|p2a: Heracross
|c|☆Sificon~|ah ggs
|-message|Sificon~ forfeited.
|
|win|Caloominum
|c|☆Caloominum|ggs

</script>
<script type="application/json" class="data" id="replaydata-smogtours-gen3ou-806946">
{"id":"smogtours-gen3ou-806946","format":"[Gen 3] OU","players":["Caloominum","Sificon~"],"uploadtime":1731883988,"views":26,"formatid":"gen3ou","rating":null,"private":0,"password":null}
</script>

<script defer src="js/replays.js?9d40a366"></script>
