<!DOCTYPE html>
<meta charset="utf-8" />
<meta name="viewport" content="width=device-width" />

<title>[Gen 3] OU: Eg0r vs. bigmamasnorlax - Replays - Pok&eacute;mon Showdown!</title>

<meta name="description" content="Watch a replay of a Pok&eacute;mon battle between Eg0r and bigmamasnorlax! Format: [Gen 3] OU; Date: Oct 3, 2024" />
<!--

Hey, you! Looking in the source for the replay log?

You can find them in JSON format, just add `.json` at the end of a replay URL.

https://replay.pokemonshowdown.com/gen7randomdoublesbattle-865046831.json

Or, if you only need the log itself, add `.log` instead:

https://replay.pokemonshowdown.com/gen7randomdoublesbattle-865046831.log

-->

<link rel="stylesheet" href="//pokemonshowdown.com/style/global.css?0.023195364461161105" />
<link rel="stylesheet" href="//play.pokemonshowdown.com/style/font-awesome.css?0.13261647063804238" />
<link rel="stylesheet" href="//play.pokemonshowdown.com/style/battle.css?0.8753245789963631" />
<link rel="stylesheet" href="//play.pokemonshowdown.com/style/utilichart.css?0.8627959624976733" />

<!-- Global site tag (gtag.js) - Google Analytics -->
<script async src="https://www.googletagmanager.com/gtag/js?id=UA-26211653-1"></script>
<script>
  window.dataLayer = window.dataLayer || [];
  function gtag(){dataLayer.push(arguments);}
  gtag('js', new Date());

  gtag('config', 'UA-26211653-1');
</script>
<!-- End Google Analytics -->
<!-- Venatus Ad Manager - Install in <HEAD> of page -->
	<script src="https://hb.vntsm.com/v3/live/ad-manager.min.js" type="text/javascript" data-site-id="642aba63ec9a7b11c3c9c1be" data-mode="scan" async></script>
<!-- / Venatus Ad Manager -->

<style>
	@media (max-width:820px) {
		.battle {
			margin: 0 auto;
		}
		.battle-log {
			margin: 7px auto 0;
			max-width: 640px;
			height: 300px;
			position: static;
		}
	}
	.optgroup {
		display: inline-block;
		line-height: 22px;
		font-size: 10pt;
	}
	.optgroup .button {
		height: 25px;
		padding-top: 0;
		padding-bottom: 0;
	}
	.optgroup button.button {
		padding-left: 12px;
		padding-right: 12px;
	}
	.linklist {
		list-style: none;
		margin: 0.5em 0;
		padding: 0;
	}
	.linklist li {
		padding: 2px 0;
	}
	.sidebar {
		float: left;
		width: 320px;
	}
	.bar-wrapper {
		max-width: 1100px;
		margin: 0 auto;
	}
	.bar-wrapper.has-sidebar {
		max-width: 1430px;
	}
	.mainbar {
		margin: 0;
		padding-right: 1px;
	}
	.mainbar.has-sidebar {
		margin-left: 330px;
	}
	@media (min-width: 1511px) {
		.sidebar {
			width: 400px;
		}
		.bar-wrapper.has-sidebar {
			max-width: 1510px;
		}
		.mainbar.has-sidebar {
			margin-left: 410px;
		}
	}
	.section.first-section {
		margin-top: 9px;
	}
	.blocklink small {
		white-space: normal;
	}
	.button {
		vertical-align: middle;
	}
	.replay-controls {
		padding-top: 10px;
	}
	.replay-controls h1 {
		font-size: 16pt;
		font-weight: normal;
		color: #CCC;
	}
	.pagelink {
		text-align: center;
	}
	.pagelink a {
		width: 150px;
	}
	.textbox, .button {
		font-size: 11pt;
		vertical-align: middle;
	}
	@media (max-width: 450px) {
		.button {
			font-size: 9pt;
		}
	}
</style>

<div>

	<header>
		<div class="nav-wrapper"><ul class="nav">
			<li><a class="button nav-first" href="//pokemonshowdown.com/"><img src="//pokemonshowdown.com/images/pokemonshowdownbeta.png" srcset="//pokemonshowdown.com/images/pokemonshowdownbeta.png 1x, //pokemonshowdown.com/images/pokemonshowdownbeta@2x.png 2x" alt="Pok&eacute;mon Showdown" width="146" height="44" /> Home</a></li>
			<li><a class="button" href="//pokemonshowdown.com/dex/">Pok&eacute;dex</a></li>
			<li><a class="button cur" href="/">Replays</a></li>
			<li><a class="button" href="//pokemonshowdown.com/ladder/">Ladder</a></li>
			<li><a class="button nav-last" href="//pokemonshowdown.com/forums/">Forum</a></li>
			<li><a class="button greenbutton nav-first nav-last" href="//play.pokemonshowdown.com/">Play</a></li>
		</ul></div>
	</header>

	<div class="main" id="main">

		<noscript><section class="section">You need to enable JavaScript to use this page; sorry!</section></noscript>

	</div>

</div>

<script defer nomodule src="//play.pokemonshowdown.com/js/lib/ps-polyfill.js"></script>
<script defer src="//play.pokemonshowdown.com/js/lib/preact.min.js"></script>

<script defer src="//play.pokemonshowdown.com/config/config.js?2bddbc15"></script>
<script defer src="//play.pokemonshowdown.com/js/lib/jquery-1.11.0.min.js"></script>
<script defer src="//play.pokemonshowdown.com/js/lib/html-sanitizer-minified.js"></script>
<script defer src="//play.pokemonshowdown.com/js/battle-sound.js"></script>
<script defer src="//play.pokemonshowdown.com/js/battledata.js?0.7209276989879541"></script>
<script defer src="//play.pokemonshowdown.com/data/pokedex-mini.js?0.6111056340867951"></script>
<script defer src="//play.pokemonshowdown.com/data/pokedex-mini-bw.js?0.3532142036491459"></script>
<script defer src="//play.pokemonshowdown.com/data/graphics.js?0.24223875632456182"></script>
<script defer src="//play.pokemonshowdown.com/data/pokedex.js?0.38839984266356864"></script>
<script defer src="//play.pokemonshowdown.com/data/moves.js?0.21866028504024015"></script>
<script defer src="//play.pokemonshowdown.com/data/abilities.js?0.2005157953846628"></script>
<script defer src="//play.pokemonshowdown.com/data/items.js?0.9894211263848525"></script>
<script defer src="//play.pokemonshowdown.com/data/teambuilder-tables.js?0.6008791140282215"></script>
<script defer src="//play.pokemonshowdown.com/js/battle-tooltips.js?0.7580118955022959"></script>
<script defer src="//play.pokemonshowdown.com/js/battle.js?0.6057722274234274"></script>

<script defer src="js/utils.js?e31f9a17"></script>
<script defer src="js/replays-battle.js?7008c182"></script>

<!-- don't scrape this data! just add .json or .log after the URL!
Full API docs: https://github.com/smogon/pokemon-showdown-client/blob/master/WEB-API.md -->
<script type="text/plain" class="log" id="replaylog-smogtours-gen3ou-794338">
|inactive|Battle timer is ON: inactive players will automatically lose when time's up.
|t:|1727984453
|gametype|singles
|player|p1|Eg0r|#ptpl3medicham|
|player|p2|bigmamasnorlax|169|
|teamsize|p1|6
|teamsize|p2|6
|gen|3
|tier|[Gen 3] OU
|rule|Sleep Clause Mod: Limit one foe put to sleep
|rule|Switch Priority Clause Mod: Faster Pokémon switch first
|rule|Species Clause: Limit one of each Pokémon
|rule|OHKO Clause: OHKO moves are banned
|rule|Evasion Items Clause: Evasion items are banned
|rule|Evasion Moves Clause: Evasion moves are banned
|rule|Endless Battle Clause: Forcing endless battles is banned
|rule|HP Percentage Mod: HP is shown in percentages
|rule|One Boost Passer Clause: Limit one Baton Passer that has a way to boost its stats
|rule|Freeze Clause Mod: Limit one foe frozen
|
|t:|1727984453
|start
|switch|p1a: Tyranitar|Tyranitar, F|100/100
|switch|p2a: Zapdos|Zapdos|100/100
|-weather|Sandstorm|[from] ability: Sand Stream|[of] p1a: Tyranitar
|turn|1
|c|☆Eg0r|hf
|
|t:|1727984462
|-singleturn|p1a: Tyranitar|move: Focus Punch
|move|p2a: Zapdos|Hidden Power|p1a: Tyranitar
|-supereffective|p1a: Tyranitar
|-damage|p1a: Tyranitar|0 fnt
|faint|p1a: Tyranitar
|c|☆bigmamasnorlax|u2
|inactive|Eg0r has 270 seconds left.
|
|t:|1727984494
|switch|p1a: Skarmory|Skarmory, F|100/100
|
|-weather|Sandstorm|[upkeep]
|-damage|p2a: Zapdos|94/100|[from] Sandstorm
|upkeep
|turn|2
|
|t:|1727984499
|switch|p2a: Jirachi|Jirachi|100/100
|move|p1a: Skarmory|Spikes|p2a: Jirachi
|-sidestart|p2: bigmamasnorlax|Spikes
|
|-weather|Sandstorm|[upkeep]
|upkeep
|turn|3
|
|t:|1727984504
|switch|p1a: Blissey|Blissey, F|100/100
|move|p2a: Jirachi|Thunder|p1a: Blissey
|-damage|p1a: Blissey|86/100
|-status|p1a: Blissey|par
|
|-weather|Sandstorm|[upkeep]
|-damage|p1a: Blissey|80/100 par|[from] Sandstorm
|-heal|p1a: Blissey|86/100 par|[from] item: Leftovers
|upkeep
|turn|4
|
|t:|1727984512
|switch|p2a: Zapdos|Zapdos|94/100
|move|p1a: Blissey|Seismic Toss|p2a: Zapdos
|-damage|p2a: Zapdos|63/100
|
|-weather|Sandstorm|[upkeep]
|-damage|p2a: Zapdos|57/100|[from] Sandstorm
|-damage|p1a: Blissey|80/100 par|[from] Sandstorm
|-heal|p1a: Blissey|86/100 par|[from] item: Leftovers
|upkeep
|turn|5
|
|t:|1727984517
|-curestatus|p1a: Blissey|par|[from] ability: Natural Cure
|switch|p1a: Flygon|Flygon, F|100/100
|move|p2a: Zapdos|Thunder|p1a: Flygon
|-immune|p1a: Flygon
|
|-weather|Sandstorm|[upkeep]
|-damage|p2a: Zapdos|51/100|[from] Sandstorm
|upkeep
|turn|6
|
|t:|1727984527
|switch|p2a: Celebi|Celebi|100/100
|-damage|p2a: Celebi|88/100|[from] Spikes
|move|p1a: Flygon|Toxic|p2a: Celebi
|-status|p2a: Celebi|tox
|
|-weather|Sandstorm|[upkeep]
|-damage|p2a: Celebi|82/100 tox|[from] Sandstorm
|-heal|p2a: Celebi|88/100 tox|[from] item: Leftovers
|-damage|p2a: Celebi|82/100 tox|[from] psn
|upkeep
|turn|7
|
|t:|1727984531
|switch|p1a: Skarmory|Skarmory, F|100/100
|move|p2a: Celebi|Baton Pass|p2a: Celebi
|
|t:|1727984534
|-curestatus|p2a: Celebi|tox|[from] ability: Natural Cure
|switch|p2a: Jirachi|Jirachi|100/100|[from] Baton Pass
|-damage|p2a: Jirachi|88/100|[from] Spikes
|
|-weather|Sandstorm|[upkeep]
|-heal|p2a: Jirachi|94/100|[from] item: Leftovers
|upkeep
|turn|8
|
|t:|1727984539
|switch|p2a: Dugtrio|Dugtrio, F|100/100
|-damage|p2a: Dugtrio|88/100|[from] Spikes
|switch|p1a: Blissey|Blissey, F|86/100
|
|-weather|Sandstorm|[upkeep]
|-damage|p1a: Blissey|80/100|[from] Sandstorm
|-heal|p1a: Blissey|86/100|[from] item: Leftovers
|upkeep
|turn|9
|
|t:|1727984545
|move|p2a: Dugtrio|Beat Up|p1a: Blissey
|-damage|p1a: Blissey|76/100
|-damage|p1a: Blissey|62/100
|-damage|p1a: Blissey|51/100
|-damage|p1a: Blissey|39/100
|-crit|p1a: Blissey
|-damage|p1a: Blissey|15/100
|-damage|p1a: Blissey|4/100
|-hitcount|p1a: Blissey|6
|move|p1a: Blissey|Ice Beam|p2a: Dugtrio
|-supereffective|p2a: Dugtrio
|-damage|p2a: Dugtrio|3/100
|
|-weather|Sandstorm|[upkeep]
|-damage|p1a: Blissey|0 fnt|[from] Sandstorm
|faint|p1a: Blissey
|upkeep
|
|t:|1727984553
|switch|p1a: Skarmory|Skarmory, F|100/100
|turn|10
|
|t:|1727984557
|switch|p2a: Zapdos|Zapdos|51/100
|move|p1a: Skarmory|Spikes|p2a: Zapdos
|-sidestart|p2: bigmamasnorlax|Spikes
|
|-weather|Sandstorm|[upkeep]
|-damage|p2a: Zapdos|44/100|[from] Sandstorm
|upkeep
|turn|11
|
|t:|1727984562
|move|p1a: Skarmory|Protect|p1a: Skarmory
|-singleturn|p1a: Skarmory|Protect
|move|p2a: Zapdos|Drill Peck|p1a: Skarmory
|-activate|p1a: Skarmory|Protect
|
|-weather|Sandstorm|[upkeep]
|-damage|p2a: Zapdos|38/100|[from] Sandstorm
|upkeep
|turn|12
|
|t:|1727984567
|switch|p2a: Jirachi|Jirachi|94/100
|-damage|p2a: Jirachi|78/100|[from] Spikes
|move|p1a: Skarmory|Roar|p2a: Jirachi
|drag|p2a: Kingdra|Kingdra, F|100/100
|-damage|p2a: Kingdra|84/100|[from] Spikes
|
|-weather|Sandstorm|[upkeep]
|-damage|p2a: Kingdra|78/100|[from] Sandstorm
|-heal|p2a: Kingdra|84/100|[from] item: Leftovers
|upkeep
|turn|13
|
|t:|1727984573
|switch|p1a: Zapdos|Zapdos|100/100
|move|p2a: Kingdra|Rain Dance|p2a: Kingdra
|-weather|RainDance
|
|-weather|RainDance|[upkeep]
|-heal|p2a: Kingdra|90/100|[from] item: Leftovers
|upkeep
|turn|14
|
|t:|1727984580
|switch|p2a: Celebi|Celebi|82/100
|-damage|p2a: Celebi|66/100|[from] Spikes
|move|p1a: Zapdos|Roar|p2a: Celebi
|drag|p2a: Dugtrio|Dugtrio, F|3/100
|-damage|p2a: Dugtrio|0 fnt|[from] Spikes
|faint|p2a: Dugtrio
|
|t:|1727984585
|switch|p2a: Zapdos|Zapdos|38/100
|
|-weather|RainDance|[upkeep]
|upkeep
|turn|15
|
|t:|1727984593
|switch|p1a: Flygon|Flygon, F|100/100
|move|p2a: Zapdos|Baton Pass|p2a: Zapdos
|
|t:|1727984604
|switch|p2a: Jirachi|Jirachi|78/100|[from] Baton Pass
|-damage|p2a: Jirachi|61/100|[from] Spikes
|
|-weather|RainDance|[upkeep]
|-heal|p2a: Jirachi|68/100|[from] item: Leftovers
|upkeep
|turn|16
|
|t:|1727984613
|move|p1a: Flygon|Protect|p1a: Flygon
|-singleturn|p1a: Flygon|Protect
|move|p2a: Jirachi|Ice Punch|p1a: Flygon
|-activate|p1a: Flygon|Protect
|
|-weather|RainDance|[upkeep]
|-heal|p2a: Jirachi|74/100|[from] item: Leftovers
|upkeep
|turn|17
|
|t:|1727984617
|switch|p1a: Moltres|Moltres|100/100
|move|p2a: Jirachi|Calm Mind|p2a: Jirachi
|-boost|p2a: Jirachi|spa|1
|-boost|p2a: Jirachi|spd|1
|
|-weather|none
|-heal|p2a: Jirachi|80/100|[from] item: Leftovers
|upkeep
|turn|18
|
|t:|1727984621
|move|p2a: Jirachi|Thunder|p1a: Moltres|[miss]
|-miss|p2a: Jirachi|p1a: Moltres
|move|p1a: Moltres|Flamethrower|p2a: Jirachi
|-supereffective|p2a: Jirachi
|-damage|p2a: Jirachi|5/100
|
|-heal|p2a: Jirachi|12/100|[from] item: Leftovers
|upkeep
|turn|19
|
|t:|1727984631
|move|p2a: Jirachi|Thunder|p1a: Moltres
|-supereffective|p1a: Moltres
|-damage|p1a: Moltres|0 fnt
|faint|p1a: Moltres
|
|t:|1727984634
|switch|p1a: Zapdos|Zapdos|100/100
|
|-heal|p2a: Jirachi|18/100|[from] item: Leftovers
|upkeep
|turn|20
|
|t:|1727984640
|move|p2a: Jirachi|Ice Punch|p1a: Zapdos
|-supereffective|p1a: Zapdos
|-damage|p1a: Zapdos|51/100
|move|p1a: Zapdos|Thunderbolt|p2a: Jirachi
|-damage|p2a: Jirachi|0 fnt
|faint|p2a: Jirachi
|inactive|bigmamasnorlax has 270 seconds left.
|inactive|bigmamasnorlax has 240 seconds left.
|inactive|bigmamasnorlax has 210 seconds left.
|
|t:|1727984759
|switch|p2a: Celebi|Celebi|66/100
|-damage|p2a: Celebi|49/100|[from] Spikes
|
|-heal|p2a: Celebi|55/100|[from] item: Leftovers
|-heal|p1a: Zapdos|57/100|[from] item: Leftovers
|upkeep
|turn|21
|
|t:|1727984768
|move|p2a: Celebi|Calm Mind|p2a: Celebi
|-boost|p2a: Celebi|spa|1
|-boost|p2a: Celebi|spd|1
|move|p1a: Zapdos|Roar|p2a: Celebi
|drag|p2a: Heracross|Heracross, F|100/100
|-damage|p2a: Heracross|84/100|[from] Spikes
|
|-heal|p1a: Zapdos|63/100|[from] item: Leftovers
|upkeep
|turn|22
|
|t:|1727984775
|switch|p1a: Skarmory|Skarmory, F|100/100
|move|p2a: Heracross|Rock Slide|p1a: Skarmory
|-damage|p1a: Skarmory|79/100
|
|-heal|p1a: Skarmory|85/100|[from] item: Leftovers
|upkeep
|turn|23
|
|t:|1727984780
|switch|p2a: Zapdos|Zapdos|38/100
|move|p1a: Skarmory|Drill Peck|p2a: Zapdos
|-resisted|p2a: Zapdos
|-damage|p2a: Zapdos|23/100
|
|-heal|p1a: Skarmory|91/100|[from] item: Leftovers
|upkeep
|turn|24
|
|t:|1727984792
|switch|p1a: Flygon|Flygon, F|100/100
|move|p2a: Zapdos|Baton Pass|p2a: Zapdos
|
|t:|1727984795
|switch|p2a: Kingdra|Kingdra, F|90/100|[from] Baton Pass
|-damage|p2a: Kingdra|74/100|[from] Spikes
|
|-heal|p2a: Kingdra|80/100|[from] item: Leftovers
|upkeep
|turn|25
|
|t:|1727984800
|move|p1a: Flygon|Toxic|p2a: Kingdra
|-status|p2a: Kingdra|tox
|move|p2a: Kingdra|Ice Beam|p1a: Flygon
|-supereffective|p1a: Flygon
|-damage|p1a: Flygon|0 fnt
|faint|p1a: Flygon
|
|t:|1727984803
|switch|p1a: Zapdos|Zapdos|63/100
|
|-heal|p1a: Zapdos|69/100|[from] item: Leftovers
|-heal|p2a: Kingdra|86/100 tox|[from] item: Leftovers
|-damage|p2a: Kingdra|80/100 tox|[from] psn
|upkeep
|turn|26
|
|t:|1727984806
|move|p1a: Zapdos|Thunderbolt|p2a: Kingdra
|-damage|p2a: Kingdra|37/100 tox
|move|p2a: Kingdra|Ice Beam|p1a: Zapdos
|-supereffective|p1a: Zapdos
|-damage|p1a: Zapdos|29/100
|
|-heal|p1a: Zapdos|35/100|[from] item: Leftovers
|-heal|p2a: Kingdra|43/100 tox|[from] item: Leftovers
|-damage|p2a: Kingdra|31/100 tox|[from] psn
|upkeep
|turn|27
|
|t:|1727984812
|move|p1a: Zapdos|Thunderbolt|p2a: Kingdra
|-damage|p2a: Kingdra|0 fnt
|faint|p2a: Kingdra
|
|t:|1727984814
|switch|p2a: Heracross|Heracross, F|84/100
|-damage|p2a: Heracross|67/100|[from] Spikes
|
|-heal|p1a: Zapdos|41/100|[from] item: Leftovers
|upkeep
|turn|28
|
|t:|1727984824
|switch|p1a: Skarmory|Skarmory, F|91/100
|move|p2a: Heracross|Rock Slide|p1a: Skarmory|[miss]
|-miss|p2a: Heracross|p1a: Skarmory
|
|-heal|p1a: Skarmory|97/100|[from] item: Leftovers
|upkeep
|turn|29
|
|t:|1727984847
|switch|p2a: Zapdos|Zapdos|23/100
|move|p1a: Skarmory|Drill Peck|p2a: Zapdos
|-resisted|p2a: Zapdos
|-damage|p2a: Zapdos|7/100
|
|-heal|p1a: Skarmory|100/100|[from] item: Leftovers
|upkeep
|turn|30
|
|t:|1727984852
|move|p1a: Skarmory|Protect|p1a: Skarmory
|-singleturn|p1a: Skarmory|Protect
|move|p2a: Zapdos|Thunder|p1a: Skarmory|[miss]
|-miss|p2a: Zapdos|p1a: Skarmory
|
|upkeep
|turn|31
|
|t:|1727984855
|move|p2a: Zapdos|Thunder|p1a: Skarmory
|-supereffective|p1a: Skarmory
|-damage|p1a: Skarmory|7/100
|move|p1a: Skarmory|Drill Peck|p2a: Zapdos
|-resisted|p2a: Zapdos
|-damage|p2a: Zapdos|0 fnt
|faint|p2a: Zapdos
|
|t:|1727984861
|switch|p2a: Celebi|Celebi|55/100
|-damage|p2a: Celebi|39/100|[from] Spikes
|
|-heal|p2a: Celebi|45/100|[from] item: Leftovers
|-heal|p1a: Skarmory|13/100|[from] item: Leftovers
|upkeep
|turn|32
|
|t:|1727984874
|move|p2a: Celebi|Hidden Power|p1a: Skarmory
|-supereffective|p1a: Skarmory
|-damage|p1a: Skarmory|0 fnt
|faint|p1a: Skarmory
|
|t:|1727984876
|switch|p1a: Zapdos|Zapdos|41/100
|
|-heal|p2a: Celebi|51/100|[from] item: Leftovers
|-heal|p1a: Zapdos|47/100|[from] item: Leftovers
|upkeep
|turn|33
|
|t:|1727984887
|move|p2a: Celebi|Hidden Power|p1a: Zapdos
|-damage|p1a: Zapdos|31/100
|move|p1a: Zapdos|Roar|p2a: Celebi
|drag|p2a: Heracross|Heracross, F|67/100
|-damage|p2a: Heracross|50/100|[from] Spikes
|
|-heal|p1a: Zapdos|37/100|[from] item: Leftovers
|upkeep
|turn|34
|
|t:|1727984891
|move|p2a: Heracross|Rock Slide|p1a: Zapdos
|-supereffective|p1a: Zapdos
|-damage|p1a: Zapdos|0 fnt
|faint|p1a: Zapdos
|
|win|bigmamasnorlax
|c|☆Eg0r|gg
|player|p2|
|c|☆Eg0r|/log Eg0r made the replay of this battle unlisted.
|player|p1|

</script>
<script type="application/json" class="data" id="replaydata-smogtours-gen3ou-794338">
{"id":"smogtours-gen3ou-794338","format":"[Gen 3] OU","players":["Eg0r","bigmamasnorlax"],"uploadtime":1727984891,"views":126,"formatid":"gen3ou","rating":null,"private":1,"password":null}
</script>

<script defer src="js/replays.js?9d40a366"></script>
