<!DOCTYPE html>
<meta charset="utf-8" />
<meta name="viewport" content="width=device-width" />

<title>[Gen 3] OU: incognidoqueen vs. CodeRedSP - Replays - Pok&eacute;mon Showdown!</title>

<meta name="description" content="Watch a replay of a Pok&eacute;mon battle between incognidoqueen and CodeRedSP! Format: [Gen 3] OU; Date: Oct 13, 2024" />
<!--

Hey, you! Looking in the source for the replay log?

You can find them in JSON format, just add `.json` at the end of a replay URL.

https://replay.pokemonshowdown.com/gen7randomdoublesbattle-865046831.json

Or, if you only need the log itself, add `.log` instead:

https://replay.pokemonshowdown.com/gen7randomdoublesbattle-865046831.log

-->

<link rel="stylesheet" href="//pokemonshowdown.com/style/global.css?0.023195364461161105" />
<link rel="stylesheet" href="//play.pokemonshowdown.com/style/font-awesome.css?0.13261647063804238" />
<link rel="stylesheet" href="//play.pokemonshowdown.com/style/battle.css?0.8753245789963631" />
<link rel="stylesheet" href="//play.pokemonshowdown.com/style/utilichart.css?0.8627959624976733" />

<!-- Global site tag (gtag.js) - Google Analytics -->
<script async src="https://www.googletagmanager.com/gtag/js?id=UA-26211653-1"></script>
<script>
  window.dataLayer = window.dataLayer || [];
  function gtag(){dataLayer.push(arguments);}
  gtag('js', new Date());

  gtag('config', 'UA-26211653-1');
</script>
<!-- End Google Analytics -->
<!-- Venatus Ad Manager - Install in <HEAD> of page -->
	<script src="https://hb.vntsm.com/v3/live/ad-manager.min.js" type="text/javascript" data-site-id="642aba63ec9a7b11c3c9c1be" data-mode="scan" async></script>
<!-- / Venatus Ad Manager -->

<style>
	@media (max-width:820px) {
		.battle {
			margin: 0 auto;
		}
		.battle-log {
			margin: 7px auto 0;
			max-width: 640px;
			height: 300px;
			position: static;
		}
	}
	.optgroup {
		display: inline-block;
		line-height: 22px;
		font-size: 10pt;
	}
	.optgroup .button {
		height: 25px;
		padding-top: 0;
		padding-bottom: 0;
	}
	.optgroup button.button {
		padding-left: 12px;
		padding-right: 12px;
	}
	.linklist {
		list-style: none;
		margin: 0.5em 0;
		padding: 0;
	}
	.linklist li {
		padding: 2px 0;
	}
	.sidebar {
		float: left;
		width: 320px;
	}
	.bar-wrapper {
		max-width: 1100px;
		margin: 0 auto;
	}
	.bar-wrapper.has-sidebar {
		max-width: 1430px;
	}
	.mainbar {
		margin: 0;
		padding-right: 1px;
	}
	.mainbar.has-sidebar {
		margin-left: 330px;
	}
	@media (min-width: 1511px) {
		.sidebar {
			width: 400px;
		}
		.bar-wrapper.has-sidebar {
			max-width: 1510px;
		}
		.mainbar.has-sidebar {
			margin-left: 410px;
		}
	}
	.section.first-section {
		margin-top: 9px;
	}
	.blocklink small {
		white-space: normal;
	}
	.button {
		vertical-align: middle;
	}
	.replay-controls {
		padding-top: 10px;
	}
	.replay-controls h1 {
		font-size: 16pt;
		font-weight: normal;
		color: #CCC;
	}
	.pagelink {
		text-align: center;
	}
	.pagelink a {
		width: 150px;
	}
	.textbox, .button {
		font-size: 11pt;
		vertical-align: middle;
	}
	@media (max-width: 450px) {
		.button {
			font-size: 9pt;
		}
	}
</style>

<div>

	<header>
		<div class="nav-wrapper"><ul class="nav">
			<li><a class="button nav-first" href="//pokemonshowdown.com/"><img src="//pokemonshowdown.com/images/pokemonshowdownbeta.png" srcset="//pokemonshowdown.com/images/pokemonshowdownbeta.png 1x, //pokemonshowdown.com/images/pokemonshowdownbeta@2x.png 2x" alt="Pok&eacute;mon Showdown" width="146" height="44" /> Home</a></li>
			<li><a class="button" href="//pokemonshowdown.com/dex/">Pok&eacute;dex</a></li>
			<li><a class="button cur" href="/">Replays</a></li>
			<li><a class="button" href="//pokemonshowdown.com/ladder/">Ladder</a></li>
			<li><a class="button nav-last" href="//pokemonshowdown.com/forums/">Forum</a></li>
			<li><a class="button greenbutton nav-first nav-last" href="//play.pokemonshowdown.com/">Play</a></li>
		</ul></div>
	</header>

	<div class="main" id="main">

		<noscript><section class="section">You need to enable JavaScript to use this page; sorry!</section></noscript>

	</div>

</div>

<script defer nomodule src="//play.pokemonshowdown.com/js/lib/ps-polyfill.js"></script>
<script defer src="//play.pokemonshowdown.com/js/lib/preact.min.js"></script>

<script defer src="//play.pokemonshowdown.com/config/config.js?2bddbc15"></script>
<script defer src="//play.pokemonshowdown.com/js/lib/jquery-1.11.0.min.js"></script>
<script defer src="//play.pokemonshowdown.com/js/lib/html-sanitizer-minified.js"></script>
<script defer src="//play.pokemonshowdown.com/js/battle-sound.js"></script>
<script defer src="//play.pokemonshowdown.com/js/battledata.js?0.7209276989879541"></script>
<script defer src="//play.pokemonshowdown.com/data/pokedex-mini.js?0.6111056340867951"></script>
<script defer src="//play.pokemonshowdown.com/data/pokedex-mini-bw.js?0.3532142036491459"></script>
<script defer src="//play.pokemonshowdown.com/data/graphics.js?0.24223875632456182"></script>
<script defer src="//play.pokemonshowdown.com/data/pokedex.js?0.38839984266356864"></script>
<script defer src="//play.pokemonshowdown.com/data/moves.js?0.21866028504024015"></script>
<script defer src="//play.pokemonshowdown.com/data/abilities.js?0.2005157953846628"></script>
<script defer src="//play.pokemonshowdown.com/data/items.js?0.9894211263848525"></script>
<script defer src="//play.pokemonshowdown.com/data/teambuilder-tables.js?0.6008791140282215"></script>
<script defer src="//play.pokemonshowdown.com/js/battle-tooltips.js?0.7580118955022959"></script>
<script defer src="//play.pokemonshowdown.com/js/battle.js?0.6057722274234274"></script>

<script defer src="js/utils.js?e31f9a17"></script>
<script defer src="js/replays-battle.js?7008c182"></script>

<!-- don't scrape this data! just add .json or .log after the URL!
Full API docs: https://github.com/smogon/pokemon-showdown-client/blob/master/WEB-API.md -->
<script type="text/plain" class="log" id="replaylog-smogtours-gen3ou-797960">
|inactive|Battle timer is ON: inactive players will automatically lose when time's up.
|t:|1728793958
|gametype|singles
|player|p1|incognidoqueen|clerkf|
|player|p2|CodeRedSP|flannery|
|teamsize|p1|6
|teamsize|p2|6
|gen|3
|tier|[Gen 3] OU
|rule|Sleep Clause Mod: Limit one foe put to sleep
|rule|Switch Priority Clause Mod: Faster Pokémon switch first
|rule|Species Clause: Limit one of each Pokémon
|rule|OHKO Clause: OHKO moves are banned
|rule|Evasion Items Clause: Evasion items are banned
|rule|Evasion Moves Clause: Evasion moves are banned
|rule|Endless Battle Clause: Forcing endless battles is banned
|rule|HP Percentage Mod: HP is shown in percentages
|rule|One Boost Passer Clause: Limit one Baton Passer that has a way to boost its stats
|rule|Freeze Clause Mod: Limit one foe frozen
|
|t:|1728793958
|start
|switch|p1a: Hat Wearer|Breloom, M|100/100
|switch|p2a: Family Guy|Slaking, M|100/100
|turn|1
|c|☆CodeRedSP|Glhf
|
|t:|1728793969
|switch|p1a: Clean Toes|Skarmory, M|100/100
|move|p2a: Family Guy|Double-Edge|p1a: Clean Toes
|-resisted|p1a: Clean Toes
|-crit|p1a: Clean Toes
|-damage|p1a: Clean Toes|13/100
|-damage|p2a: Family Guy|79/100|[from] Recoil|[of] p1a: Clean Toes
|
|-heal|p1a: Clean Toes|19/100|[from] item: Leftovers
|upkeep
|turn|2
|
|t:|1728793980
|switch|p2a: Soup|Gengar, M|100/100
|move|p1a: Clean Toes|Toxic|p2a: Soup
|-immune|p2a: Soup
|
|-heal|p1a: Clean Toes|25/100|[from] item: Leftovers
|upkeep
|turn|3
|
|t:|1728793986
|move|p1a: Clean Toes|Protect|p1a: Clean Toes
|-singleturn|p1a: Clean Toes|Protect
|move|p2a: Soup|Will-O-Wisp|p1a: Clean Toes|[miss]
|-miss|p2a: Soup|p1a: Clean Toes
|
|-heal|p1a: Clean Toes|31/100|[from] item: Leftovers
|upkeep
|turn|4
|
|t:|1728793991
|switch|p1a: 🙂|Blissey, F|100/100
|move|p2a: Soup|Thunderbolt|p1a: 🙂
|-damage|p1a: 🙂|88/100
|
|-heal|p1a: 🙂|94/100|[from] item: Leftovers
|upkeep
|turn|5
|
|t:|1728793997
|switch|p2a: Family Guy|Slaking, M|79/100
|move|p1a: 🙂|Thunder Wave|p2a: Family Guy
|-status|p2a: Family Guy|par
|
|-heal|p1a: 🙂|99/100|[from] item: Leftovers
|upkeep
|turn|6
|
|t:|1728794005
|switch|p1a: 🧱|Tyranitar, F|100/100
|-weather|Sandstorm|[from] ability: Sand Stream|[of] p1a: 🧱
|move|p2a: Family Guy|Double-Edge|p1a: 🧱
|-resisted|p1a: 🧱
|-damage|p1a: 🧱|46/100
|-damage|p2a: Family Guy|64/100 par|[from] Recoil|[of] p1a: 🧱
|
|-weather|Sandstorm|[upkeep]
|-damage|p2a: Family Guy|58/100 par|[from] Sandstorm
|upkeep
|turn|7
|
|t:|1728794019
|switch|p1a: Hat Wearer|Breloom, M|100/100
|switch|p2a: Relinquished|Claydol|100/100
|
|-weather|Sandstorm|[upkeep]
|-damage|p1a: Hat Wearer|94/100|[from] Sandstorm
|-heal|p1a: Hat Wearer|100/100|[from] item: Leftovers
|upkeep
|turn|8
|
|t:|1728794031
|switch|p2a: Family Guy|Slaking, M|58/100 par
|move|p1a: Hat Wearer|Spore||[still]
|-fail|p1a: Hat Wearer
|
|-weather|Sandstorm|[upkeep]
|-damage|p1a: Hat Wearer|94/100|[from] Sandstorm
|-damage|p2a: Family Guy|52/100 par|[from] Sandstorm
|-heal|p1a: Hat Wearer|100/100|[from] item: Leftovers
|upkeep
|turn|9
|
|t:|1728794037
|move|p1a: Hat Wearer|Sky Uppercut|p2a: Family Guy
|-supereffective|p2a: Family Guy
|-damage|p2a: Family Guy|0 fnt
|faint|p2a: Family Guy
|
|t:|1728794043
|switch|p2a: Soup|Gengar, M|100/100
|
|-weather|Sandstorm|[upkeep]
|-damage|p2a: Soup|94/100|[from] Sandstorm
|-damage|p1a: Hat Wearer|94/100|[from] Sandstorm
|-heal|p2a: Soup|100/100|[from] item: Leftovers
|-heal|p1a: Hat Wearer|100/100|[from] item: Leftovers
|upkeep
|turn|10
|
|t:|1728794047
|switch|p1a: 🙂|Blissey, F|99/100
|move|p2a: Soup|Will-O-Wisp|p1a: 🙂
|-status|p1a: 🙂|brn
|
|-weather|Sandstorm|[upkeep]
|-damage|p2a: Soup|94/100|[from] Sandstorm
|-damage|p1a: 🙂|94/100 brn|[from] Sandstorm
|-heal|p2a: Soup|100/100|[from] item: Leftovers
|-heal|p1a: 🙂|99/100 brn|[from] item: Leftovers
|-damage|p1a: 🙂|88/100 brn|[from] brn
|upkeep
|turn|11
|
|t:|1728794057
|switch|p2a: WTF IS A KM|Suicune|100/100
|move|p1a: 🙂|Thunder Wave|p2a: WTF IS A KM
|-status|p2a: WTF IS A KM|par
|
|-weather|Sandstorm|[upkeep]
|-damage|p1a: 🙂|82/100 brn|[from] Sandstorm
|-damage|p2a: WTF IS A KM|94/100 par|[from] Sandstorm
|-heal|p1a: 🙂|88/100 brn|[from] item: Leftovers
|-damage|p1a: 🙂|75/100 brn|[from] brn
|-heal|p2a: WTF IS A KM|100/100 par|[from] item: Leftovers
|upkeep
|turn|12
|
|t:|1728794064
|move|p1a: 🙂|Soft-Boiled|p1a: 🙂
|-heal|p1a: 🙂|100/100 brn
|cant|p2a: WTF IS A KM|par
|
|-weather|Sandstorm|[upkeep]
|-damage|p1a: 🙂|94/100 brn|[from] Sandstorm
|-damage|p2a: WTF IS A KM|94/100 par|[from] Sandstorm
|-heal|p1a: 🙂|100/100 brn|[from] item: Leftovers
|-damage|p1a: 🙂|88/100 brn|[from] brn
|-heal|p2a: WTF IS A KM|100/100 par|[from] item: Leftovers
|upkeep
|turn|13
|
|t:|1728794069
|-curestatus|p1a: 🙂|brn|[from] ability: Natural Cure
|switch|p1a: Kiki|Zapdos|100/100
|move|p2a: WTF IS A KM|Calm Mind|p2a: WTF IS A KM
|-boost|p2a: WTF IS A KM|spa|1
|-boost|p2a: WTF IS A KM|spd|1
|
|-weather|Sandstorm|[upkeep]
|-damage|p1a: Kiki|94/100|[from] Sandstorm
|-damage|p2a: WTF IS A KM|94/100 par|[from] Sandstorm
|-heal|p1a: Kiki|100/100|[from] item: Leftovers
|-heal|p2a: WTF IS A KM|100/100 par|[from] item: Leftovers
|upkeep
|turn|14
|
|t:|1728794076
|move|p1a: Kiki|Thunderbolt|p2a: WTF IS A KM
|-supereffective|p2a: WTF IS A KM
|-damage|p2a: WTF IS A KM|50/100 par
|move|p2a: WTF IS A KM|Rest|p2a: WTF IS A KM
|-status|p2a: WTF IS A KM|slp|[from] move: Rest
|-heal|p2a: WTF IS A KM|100/100 slp|[silent]
|
|-weather|Sandstorm|[upkeep]
|-damage|p1a: Kiki|94/100|[from] Sandstorm
|-damage|p2a: WTF IS A KM|94/100 slp|[from] Sandstorm
|-heal|p1a: Kiki|100/100|[from] item: Leftovers
|-heal|p2a: WTF IS A KM|100/100 slp|[from] item: Leftovers
|upkeep
|turn|15
|
|t:|1728794085
|switch|p2a: Relinquished|Claydol|100/100
|move|p1a: Kiki|Thunderbolt|p2a: Relinquished
|-immune|p2a: Relinquished
|
|-weather|Sandstorm|[upkeep]
|-damage|p1a: Kiki|94/100|[from] Sandstorm
|-heal|p1a: Kiki|100/100|[from] item: Leftovers
|upkeep
|turn|16
|
|t:|1728794090
|move|p1a: Kiki|Baton Pass|p1a: Kiki
|
|t:|1728794093
|switch|p1a: Clean Toes|Skarmory, M|31/100|[from] Baton Pass
|move|p2a: Relinquished|Explosion|p1a: Clean Toes
|-resisted|p1a: Clean Toes
|-crit|p1a: Clean Toes
|-damage|p1a: Clean Toes|0 fnt
|faint|p2a: Relinquished
|faint|p1a: Clean Toes
|
|t:|1728794112
|switch|p2a: WTF IS A KM|Suicune|100/100 slp
|switch|p1a: Wrong Time|Claydol|100/100
|
|-weather|Sandstorm|[upkeep]
|-damage|p2a: WTF IS A KM|94/100 slp|[from] Sandstorm
|-heal|p2a: WTF IS A KM|100/100 slp|[from] item: Leftovers
|upkeep
|turn|17
|
|t:|1728794117
|switch|p1a: Kiki|Zapdos|100/100
|cant|p2a: WTF IS A KM|slp
|move|p2a: WTF IS A KM|Sleep Talk|p2a: WTF IS A KM
|move|p2a: WTF IS A KM|Rest|p2a: WTF IS A KM|[from]Sleep Talk
|
|-weather|Sandstorm|[upkeep]
|-damage|p1a: Kiki|94/100|[from] Sandstorm
|-damage|p2a: WTF IS A KM|94/100 slp|[from] Sandstorm
|-heal|p1a: Kiki|100/100|[from] item: Leftovers
|-heal|p2a: WTF IS A KM|100/100 slp|[from] item: Leftovers
|upkeep
|turn|18
|
|t:|1728794126
|switch|p2a: Windows 87|Metagross, shiny|100/100
|move|p1a: Kiki|Thunderbolt|p2a: Windows 87
|-damage|p2a: Windows 87|55/100
|-status|p2a: Windows 87|par
|
|-weather|Sandstorm|[upkeep]
|-damage|p1a: Kiki|94/100|[from] Sandstorm
|-heal|p1a: Kiki|100/100|[from] item: Leftovers
|upkeep
|turn|19
|
|t:|1728794136
|move|p1a: Kiki|Baton Pass|p1a: Kiki
|
|t:|1728794138
|switch|p1a: Wrong Time|Claydol|100/100|[from] Baton Pass
|move|p2a: Windows 87|Explosion|p1a: Wrong Time
|-crit|p1a: Wrong Time
|-damage|p1a: Wrong Time|0 fnt
|faint|p2a: Windows 87
|faint|p1a: Wrong Time
|
|t:|1728794157
|switch|p1a: Hat Wearer|Breloom, M|100/100
|switch|p2a: WTF IS A KM|Suicune|100/100 slp
|
|-weather|Sandstorm|[upkeep]
|-damage|p1a: Hat Wearer|94/100|[from] Sandstorm
|-damage|p2a: WTF IS A KM|94/100 slp|[from] Sandstorm
|-heal|p1a: Hat Wearer|100/100|[from] item: Leftovers
|-heal|p2a: WTF IS A KM|100/100 slp|[from] item: Leftovers
|upkeep
|turn|20
|
|t:|1728794167
|-singleturn|p1a: Hat Wearer|move: Focus Punch
|cant|p2a: WTF IS A KM|slp
|move|p2a: WTF IS A KM|Sleep Talk|p2a: WTF IS A KM
|move|p2a: WTF IS A KM|Rest|p2a: WTF IS A KM|[from]Sleep Talk
|move|p1a: Hat Wearer|Focus Punch|p2a: WTF IS A KM
|-damage|p2a: WTF IS A KM|38/100 slp
|
|-weather|Sandstorm|[upkeep]
|-damage|p1a: Hat Wearer|94/100|[from] Sandstorm
|-damage|p2a: WTF IS A KM|32/100 slp|[from] Sandstorm
|-heal|p1a: Hat Wearer|100/100|[from] item: Leftovers
|-heal|p2a: WTF IS A KM|38/100 slp|[from] item: Leftovers
|upkeep
|turn|21
|
|t:|1728794186
|switch|p1a: Kiki|Zapdos|100/100
|switch|p2a: Soup|Gengar, M|100/100
|
|-weather|Sandstorm|[upkeep]
|-damage|p2a: Soup|94/100|[from] Sandstorm
|-damage|p1a: Kiki|94/100|[from] Sandstorm
|-heal|p2a: Soup|100/100|[from] item: Leftovers
|-heal|p1a: Kiki|100/100|[from] item: Leftovers
|upkeep
|turn|22
|
|t:|1728794193
|switch|p2a: Charicif|Charizard, F|100/100
|switch|p1a: 🙂|Blissey, F|88/100
|
|-weather|Sandstorm|[upkeep]
|-damage|p2a: Charicif|94/100|[from] Sandstorm
|-damage|p1a: 🙂|82/100|[from] Sandstorm
|-heal|p1a: 🙂|88/100|[from] item: Leftovers
|upkeep
|turn|23
|
|t:|1728794197
|move|p2a: Charicif|Substitute|p2a: Charicif
|-start|p2a: Charicif|Substitute
|-damage|p2a: Charicif|70/100
|move|p1a: 🙂|Ice Beam|p2a: Charicif
|-end|p2a: Charicif|Substitute
|
|-weather|Sandstorm|[upkeep]
|-damage|p2a: Charicif|63/100|[from] Sandstorm
|-damage|p1a: 🙂|82/100|[from] Sandstorm
|-heal|p1a: 🙂|88/100|[from] item: Leftovers
|upkeep
|turn|24
|
|t:|1728794205
|move|p2a: Charicif|Substitute|p2a: Charicif
|-start|p2a: Charicif|Substitute
|-damage|p2a: Charicif|39/100
|move|p1a: 🙂|Seismic Toss|p2a: Charicif
|-end|p2a: Charicif|Substitute
|
|-weather|Sandstorm|[upkeep]
|-damage|p2a: Charicif|32/100|[from] Sandstorm
|-damage|p1a: 🙂|82/100|[from] Sandstorm
|-heal|p1a: 🙂|88/100|[from] item: Leftovers
|upkeep
|turn|25
|
|t:|1728794211
|switch|p2a: WTF IS A KM|Suicune|38/100 slp
|move|p1a: 🙂|Seismic Toss|p2a: WTF IS A KM
|-damage|p2a: WTF IS A KM|13/100 slp
|
|-weather|Sandstorm|[upkeep]
|-damage|p2a: WTF IS A KM|7/100 slp|[from] Sandstorm
|-damage|p1a: 🙂|82/100|[from] Sandstorm
|-heal|p2a: WTF IS A KM|13/100 slp|[from] item: Leftovers
|-heal|p1a: 🙂|88/100|[from] item: Leftovers
|upkeep
|turn|26
|
|t:|1728794223
|switch|p1a: Kiki|Zapdos|100/100
|cant|p2a: WTF IS A KM|slp
|move|p2a: WTF IS A KM|Sleep Talk|p2a: WTF IS A KM
|move|p2a: WTF IS A KM|Calm Mind|p2a: WTF IS A KM|[from]Sleep Talk
|-boost|p2a: WTF IS A KM|spa|1
|-boost|p2a: WTF IS A KM|spd|1
|
|-weather|Sandstorm|[upkeep]
|-damage|p1a: Kiki|94/100|[from] Sandstorm
|-damage|p2a: WTF IS A KM|7/100 slp|[from] Sandstorm
|-heal|p1a: Kiki|100/100|[from] item: Leftovers
|-heal|p2a: WTF IS A KM|13/100 slp|[from] item: Leftovers
|upkeep
|turn|27
|
|t:|1728794236
|move|p1a: Kiki|Thunderbolt|p2a: WTF IS A KM
|-supereffective|p2a: WTF IS A KM
|-damage|p2a: WTF IS A KM|0 fnt
|faint|p2a: WTF IS A KM
|
|t:|1728794240
|switch|p2a: Charicif|Charizard, F|32/100
|
|-weather|Sandstorm|[upkeep]
|-damage|p1a: Kiki|94/100|[from] Sandstorm
|-damage|p2a: Charicif|26/100|[from] Sandstorm
|-heal|p1a: Kiki|100/100|[from] item: Leftovers
|upkeep
|turn|28
|
|t:|1728794246
|move|p2a: Charicif|Substitute|p2a: Charicif
|-start|p2a: Charicif|Substitute
|-damage|p2a: Charicif|2/100
|move|p1a: Kiki|Thunderbolt|p2a: Charicif
|-supereffective|p2a: Charicif
|-end|p2a: Charicif|Substitute
|
|-weather|Sandstorm|[upkeep]
|-damage|p2a: Charicif|0 fnt|[from] Sandstorm
|-damage|p1a: Kiki|94/100|[from] Sandstorm
|faint|p2a: Charicif
|-heal|p1a: Kiki|100/100|[from] item: Leftovers
|upkeep
|
|t:|1728794255
|switch|p2a: Soup|Gengar, M|100/100
|turn|29
|
|t:|1728794257
|move|p2a: Soup|Thunderbolt|p1a: Kiki
|-damage|p1a: Kiki|64/100
|move|p1a: Kiki|Thunder Wave|p2a: Soup
|-status|p2a: Soup|par
|
|-weather|Sandstorm|[upkeep]
|-damage|p1a: Kiki|57/100|[from] Sandstorm
|-damage|p2a: Soup|94/100 par|[from] Sandstorm
|-heal|p1a: Kiki|64/100|[from] item: Leftovers
|-heal|p2a: Soup|100/100 par|[from] item: Leftovers
|upkeep
|turn|30
|
|t:|1728794261
|move|p1a: Kiki|Thunderbolt|p2a: Soup
|-crit|p2a: Soup
|-damage|p2a: Soup|0 fnt
|faint|p2a: Soup
|
|win|incognidoqueen
|c|☆CodeRedSP|Rip gg
|c|☆incognidoqueen|Gg

</script>
<script type="application/json" class="data" id="replaydata-smogtours-gen3ou-797960">
{"id":"smogtours-gen3ou-797960","format":"[Gen 3] OU","players":["incognidoqueen","CodeRedSP"],"uploadtime":1728794261,"views":96,"formatid":"gen3ou","rating":null,"private":0,"password":null}
</script>

<script defer src="js/replays.js?9d40a366"></script>
