<!DOCTYPE html>
<meta charset="utf-8" />
<meta name="viewport" content="width=device-width" />

<title>[Gen 3] OU: Drekt93 vs. asbolus verrucosus - Replays - Pok&eacute;mon Showdown!</title>

<meta name="description" content="Watch a replay of a Pok&eacute;mon battle between Drekt93 and asbolus verrucosus! Format: [Gen 3] OU; Date: Oct 25, 2024" />
<!--

Hey, you! Looking in the source for the replay log?

You can find them in JSON format, just add `.json` at the end of a replay URL.

https://replay.pokemonshowdown.com/gen7randomdoublesbattle-865046831.json

Or, if you only need the log itself, add `.log` instead:

https://replay.pokemonshowdown.com/gen7randomdoublesbattle-865046831.log

-->

<link rel="stylesheet" href="//pokemonshowdown.com/style/global.css?0.023195364461161105" />
<link rel="stylesheet" href="//play.pokemonshowdown.com/style/font-awesome.css?0.13261647063804238" />
<link rel="stylesheet" href="//play.pokemonshowdown.com/style/battle.css?0.8753245789963631" />
<link rel="stylesheet" href="//play.pokemonshowdown.com/style/utilichart.css?0.8627959624976733" />

<!-- Global site tag (gtag.js) - Google Analytics -->
<script async src="https://www.googletagmanager.com/gtag/js?id=UA-26211653-1"></script>
<script>
  window.dataLayer = window.dataLayer || [];
  function gtag(){dataLayer.push(arguments);}
  gtag('js', new Date());

  gtag('config', 'UA-26211653-1');
</script>
<!-- End Google Analytics -->
<!-- Venatus Ad Manager - Install in <HEAD> of page -->
	<script src="https://hb.vntsm.com/v3/live/ad-manager.min.js" type="text/javascript" data-site-id="642aba63ec9a7b11c3c9c1be" data-mode="scan" async></script>
<!-- / Venatus Ad Manager -->

<style>
	@media (max-width:820px) {
		.battle {
			margin: 0 auto;
		}
		.battle-log {
			margin: 7px auto 0;
			max-width: 640px;
			height: 300px;
			position: static;
		}
	}
	.optgroup {
		display: inline-block;
		line-height: 22px;
		font-size: 10pt;
	}
	.optgroup .button {
		height: 25px;
		padding-top: 0;
		padding-bottom: 0;
	}
	.optgroup button.button {
		padding-left: 12px;
		padding-right: 12px;
	}
	.linklist {
		list-style: none;
		margin: 0.5em 0;
		padding: 0;
	}
	.linklist li {
		padding: 2px 0;
	}
	.sidebar {
		float: left;
		width: 320px;
	}
	.bar-wrapper {
		max-width: 1100px;
		margin: 0 auto;
	}
	.bar-wrapper.has-sidebar {
		max-width: 1430px;
	}
	.mainbar {
		margin: 0;
		padding-right: 1px;
	}
	.mainbar.has-sidebar {
		margin-left: 330px;
	}
	@media (min-width: 1511px) {
		.sidebar {
			width: 400px;
		}
		.bar-wrapper.has-sidebar {
			max-width: 1510px;
		}
		.mainbar.has-sidebar {
			margin-left: 410px;
		}
	}
	.section.first-section {
		margin-top: 9px;
	}
	.blocklink small {
		white-space: normal;
	}
	.button {
		vertical-align: middle;
	}
	.replay-controls {
		padding-top: 10px;
	}
	.replay-controls h1 {
		font-size: 16pt;
		font-weight: normal;
		color: #CCC;
	}
	.pagelink {
		text-align: center;
	}
	.pagelink a {
		width: 150px;
	}
	.textbox, .button {
		font-size: 11pt;
		vertical-align: middle;
	}
	@media (max-width: 450px) {
		.button {
			font-size: 9pt;
		}
	}
</style>

<div>

	<header>
		<div class="nav-wrapper"><ul class="nav">
			<li><a class="button nav-first" href="//pokemonshowdown.com/"><img src="//pokemonshowdown.com/images/pokemonshowdownbeta.png" srcset="//pokemonshowdown.com/images/pokemonshowdownbeta.png 1x, //pokemonshowdown.com/images/pokemonshowdownbeta@2x.png 2x" alt="Pok&eacute;mon Showdown" width="146" height="44" /> Home</a></li>
			<li><a class="button" href="//pokemonshowdown.com/dex/">Pok&eacute;dex</a></li>
			<li><a class="button cur" href="/">Replays</a></li>
			<li><a class="button" href="//pokemonshowdown.com/ladder/">Ladder</a></li>
			<li><a class="button nav-last" href="//pokemonshowdown.com/forums/">Forum</a></li>
			<li><a class="button greenbutton nav-first nav-last" href="//play.pokemonshowdown.com/">Play</a></li>
		</ul></div>
	</header>

	<div class="main" id="main">

		<noscript><section class="section">You need to enable JavaScript to use this page; sorry!</section></noscript>

	</div>

</div>

<script defer nomodule src="//play.pokemonshowdown.com/js/lib/ps-polyfill.js"></script>
<script defer src="//play.pokemonshowdown.com/js/lib/preact.min.js"></script>

<script defer src="//play.pokemonshowdown.com/config/config.js?2bddbc15"></script>
<script defer src="//play.pokemonshowdown.com/js/lib/jquery-1.11.0.min.js"></script>
<script defer src="//play.pokemonshowdown.com/js/lib/html-sanitizer-minified.js"></script>
<script defer src="//play.pokemonshowdown.com/js/battle-sound.js"></script>
<script defer src="//play.pokemonshowdown.com/js/battledata.js?0.7209276989879541"></script>
<script defer src="//play.pokemonshowdown.com/data/pokedex-mini.js?0.6111056340867951"></script>
<script defer src="//play.pokemonshowdown.com/data/pokedex-mini-bw.js?0.3532142036491459"></script>
<script defer src="//play.pokemonshowdown.com/data/graphics.js?0.24223875632456182"></script>
<script defer src="//play.pokemonshowdown.com/data/pokedex.js?0.38839984266356864"></script>
<script defer src="//play.pokemonshowdown.com/data/moves.js?0.21866028504024015"></script>
<script defer src="//play.pokemonshowdown.com/data/abilities.js?0.2005157953846628"></script>
<script defer src="//play.pokemonshowdown.com/data/items.js?0.9894211263848525"></script>
<script defer src="//play.pokemonshowdown.com/data/teambuilder-tables.js?0.6008791140282215"></script>
<script defer src="//play.pokemonshowdown.com/js/battle-tooltips.js?0.7580118955022959"></script>
<script defer src="//play.pokemonshowdown.com/js/battle.js?0.6057722274234274"></script>

<script defer src="js/utils.js?e31f9a17"></script>
<script defer src="js/replays-battle.js?7008c182"></script>

<!-- don't scrape this data! just add .json or .log after the URL!
Full API docs: https://github.com/smogon/pokemon-showdown-client/blob/master/WEB-API.md -->
<script type="text/plain" class="log" id="replaylog-smogtours-gen3ou-801948">
|inactive|Battle timer is ON: inactive players will automatically lose when time's up.
|t:|1729893587
|gametype|singles
|player|p1|Drekt93|170|
|player|p2|asbolus verrucosus|bugsy-gen2|
|teamsize|p1|6
|teamsize|p2|6
|gen|3
|tier|[Gen 3] OU
|rule|Sleep Clause Mod: Limit one foe put to sleep
|rule|Switch Priority Clause Mod: Faster Pokémon switch first
|rule|Species Clause: Limit one of each Pokémon
|rule|OHKO Clause: OHKO moves are banned
|rule|Evasion Items Clause: Evasion items are banned
|rule|Evasion Moves Clause: Evasion moves are banned
|rule|Endless Battle Clause: Forcing endless battles is banned
|rule|HP Percentage Mod: HP is shown in percentages
|rule|One Boost Passer Clause: Limit one Baton Passer that has a way to boost its stats
|rule|Freeze Clause Mod: Limit one foe frozen
|
|t:|1729893587
|start
|switch|p1a: Zapdos|Zapdos|100/100
|switch|p2a: ragnarok|Tyranitar, M, shiny|100/100
|-weather|Sandstorm|[from] ability: Sand Stream|[of] p2a: ragnarok
|turn|1
|
|t:|1729893595
|switch|p1a: Suicune|Suicune|100/100
|move|p2a: ragnarok|Thunder Wave|p1a: Suicune
|-status|p1a: Suicune|par
|
|-weather|Sandstorm|[upkeep]
|-damage|p1a: Suicune|94/100 par|[from] Sandstorm
|-heal|p1a: Suicune|100/100 par|[from] item: Leftovers
|upkeep
|turn|2
|inactive|asbolus verrucosus has 270 seconds left.
|
|t:|1729893631
|switch|p2a: pike|Skarmory, M, shiny|100/100
|move|p1a: Suicune|Toxic|p2a: pike
|-immune|p2a: pike
|
|-weather|Sandstorm|[upkeep]
|-damage|p1a: Suicune|94/100 par|[from] Sandstorm
|-heal|p1a: Suicune|100/100 par|[from] item: Leftovers
|upkeep
|turn|3
|inactive|asbolus verrucosus has 270 seconds left.
|
|t:|1729893642
|switch|p1a: Salamence|Salamence, F|100/100
|-ability|p1a: Salamence|Intimidate|boost
|-unboost|p2a: pike|atk|1
|move|p2a: pike|Toxic|p1a: Salamence
|-status|p1a: Salamence|tox
|
|-weather|Sandstorm|[upkeep]
|-damage|p1a: Salamence|94/100 tox|[from] Sandstorm
|-heal|p1a: Salamence|100/100 tox|[from] item: Leftovers
|-damage|p1a: Salamence|94/100 tox|[from] psn
|upkeep
|turn|4
|inactive|asbolus verrucosus has 270 seconds left.
|
|t:|1729893664
|switch|p1a: Metagross|Metagross|100/100
|switch|p2a: ragnarok|Tyranitar, M, shiny|100/100
|
|-weather|Sandstorm|[upkeep]
|upkeep
|turn|5
|
|t:|1729893672
|switch|p2a: fern|Moltres, shiny|100/100
|move|p1a: Metagross|Meteor Mash|p2a: fern
|-resisted|p2a: fern
|-damage|p2a: fern|49/100
|
|-weather|Sandstorm|[upkeep]
|-damage|p2a: fern|43/100|[from] Sandstorm
|-heal|p2a: fern|49/100|[from] item: Leftovers
|upkeep
|turn|6
|
|t:|1729893682
|switch|p1a: Suicune|Suicune|100/100 par
|move|p2a: fern|Overheat|p1a: Suicune
|-resisted|p1a: Suicune
|-damage|p1a: Suicune|70/100 par
|-unboost|p2a: fern|spa|2
|
|-weather|Sandstorm|[upkeep]
|-damage|p2a: fern|43/100|[from] Sandstorm
|-damage|p1a: Suicune|63/100 par|[from] Sandstorm
|-heal|p2a: fern|49/100|[from] item: Leftovers
|-heal|p1a: Suicune|70/100 par|[from] item: Leftovers
|upkeep
|turn|7
|
|t:|1729893697
|switch|p2a: pavatae|Jirachi, shiny|100/100
|switch|p1a: Metagross|Metagross|100/100
|
|-weather|Sandstorm|[upkeep]
|upkeep
|turn|8
|
|t:|1729893704
|move|p2a: pavatae|Protect|p2a: pavatae
|-singleturn|p2a: pavatae|Protect
|move|p1a: Metagross|Meteor Mash|p2a: pavatae
|-activate|p2a: pavatae|Protect
|
|-weather|Sandstorm|[upkeep]
|upkeep
|turn|9
|
|t:|1729893710
|move|p2a: pavatae|Fire Punch|p1a: Metagross
|-supereffective|p1a: Metagross
|-damage|p1a: Metagross|59/100
|move|p1a: Metagross|Meteor Mash|p2a: pavatae|[miss]
|-miss|p1a: Metagross|p2a: pavatae
|
|-weather|Sandstorm|[upkeep]
|upkeep
|turn|10
|
|t:|1729893719
|switch|p1a: Jirachi|Jirachi, shiny|100/100
|move|p2a: pavatae|Fire Punch|p1a: Jirachi
|-supereffective|p1a: Jirachi
|-damage|p1a: Jirachi|74/100
|
|-weather|Sandstorm|[upkeep]
|-heal|p1a: Jirachi|80/100|[from] item: Leftovers
|upkeep
|turn|11
|
|t:|1729893728
|move|p1a: Jirachi|Wish|p1a: Jirachi
|move|p2a: pavatae|Fire Punch|p1a: Jirachi
|-supereffective|p1a: Jirachi
|-damage|p1a: Jirachi|51/100
|-status|p1a: Jirachi|brn
|
|-weather|Sandstorm|[upkeep]
|-heal|p1a: Jirachi|58/100 brn|[from] item: Leftovers
|-damage|p1a: Jirachi|45/100 brn|[from] brn
|upkeep
|turn|12
|
|t:|1729893736
|switch|p2a: fern|Moltres, shiny|49/100
|move|p1a: Jirachi|Calm Mind|p1a: Jirachi
|-boost|p1a: Jirachi|spa|1
|-boost|p1a: Jirachi|spd|1
|
|-heal|p1a: Jirachi|95/100 brn|[from] move: Wish|[wisher] Jirachi
|-weather|Sandstorm|[upkeep]
|-damage|p2a: fern|43/100|[from] Sandstorm
|-heal|p2a: fern|49/100|[from] item: Leftovers
|-heal|p1a: Jirachi|100/100 brn|[from] item: Leftovers
|-damage|p1a: Jirachi|88/100 brn|[from] brn
|upkeep
|turn|13
|
|t:|1729893752
|move|p2a: fern|Flamethrower|p1a: Jirachi
|-supereffective|p1a: Jirachi
|-damage|p1a: Jirachi|30/100 brn
|move|p1a: Jirachi|Calm Mind|p1a: Jirachi
|-boost|p1a: Jirachi|spa|1
|-boost|p1a: Jirachi|spd|1
|
|-weather|Sandstorm|[upkeep]
|-damage|p2a: fern|43/100|[from] Sandstorm
|-heal|p2a: fern|49/100|[from] item: Leftovers
|-heal|p1a: Jirachi|37/100 brn|[from] item: Leftovers
|-damage|p1a: Jirachi|24/100 brn|[from] brn
|upkeep
|turn|14
|
|t:|1729893764
|move|p2a: fern|Flamethrower|p1a: Jirachi
|-supereffective|p1a: Jirachi
|-damage|p1a: Jirachi|0 fnt
|faint|p1a: Jirachi
|
|t:|1729893772
|switch|p1a: Zapdos|Zapdos|100/100
|
|-weather|Sandstorm|[upkeep]
|-damage|p2a: fern|43/100|[from] Sandstorm
|-damage|p1a: Zapdos|94/100|[from] Sandstorm
|-heal|p2a: fern|49/100|[from] item: Leftovers
|-heal|p1a: Zapdos|100/100|[from] item: Leftovers
|upkeep
|turn|15
|
|t:|1729893785
|switch|p2a: pavatae|Jirachi, shiny|100/100
|move|p1a: Zapdos|Agility|p1a: Zapdos
|-boost|p1a: Zapdos|spe|2
|
|-weather|Sandstorm|[upkeep]
|-damage|p1a: Zapdos|94/100|[from] Sandstorm
|-heal|p1a: Zapdos|100/100|[from] item: Leftovers
|upkeep
|turn|16
|
|t:|1729893795
|move|p1a: Zapdos|Thunderbolt|p2a: pavatae
|-damage|p2a: pavatae|68/100
|move|p2a: pavatae|Fire Punch|p1a: Zapdos
|-damage|p1a: Zapdos|81/100
|
|-weather|Sandstorm|[upkeep]
|-damage|p1a: Zapdos|75/100|[from] Sandstorm
|-heal|p1a: Zapdos|81/100|[from] item: Leftovers
|-heal|p2a: pavatae|74/100|[from] item: Leftovers
|upkeep
|turn|17
|
|t:|1729893805
|move|p2a: pavatae|Protect|p2a: pavatae
|-singleturn|p2a: pavatae|Protect
|move|p1a: Zapdos|Thunderbolt|p2a: pavatae
|-activate|p2a: pavatae|Protect
|
|-weather|Sandstorm|[upkeep]
|-damage|p1a: Zapdos|75/100|[from] Sandstorm
|-heal|p1a: Zapdos|81/100|[from] item: Leftovers
|-heal|p2a: pavatae|80/100|[from] item: Leftovers
|upkeep
|turn|18
|
|t:|1729893814
|move|p1a: Zapdos|Thunderbolt|p2a: pavatae
|-damage|p2a: pavatae|45/100
|move|p2a: pavatae|Fire Punch|p1a: Zapdos
|-damage|p1a: Zapdos|59/100
|-status|p1a: Zapdos|brn
|
|-weather|Sandstorm|[upkeep]
|-damage|p1a: Zapdos|53/100 brn|[from] Sandstorm
|-heal|p1a: Zapdos|59/100 brn|[from] item: Leftovers
|-damage|p1a: Zapdos|47/100 brn|[from] brn
|-heal|p2a: pavatae|51/100|[from] item: Leftovers
|upkeep
|turn|19
|
|t:|1729893826
|move|p1a: Zapdos|Baton Pass|p1a: Zapdos
|
|t:|1729893832
|switch|p1a: Metagross|Metagross|59/100|[from] Baton Pass
|move|p2a: pavatae|Wish|p2a: pavatae
|
|-weather|Sandstorm|[upkeep]
|-heal|p2a: pavatae|57/100|[from] item: Leftovers
|upkeep
|turn|20
|
|t:|1729893848
|switch|p1a: Suicune|Suicune|70/100 par
|move|p2a: pavatae|Protect||[still]
|-fail|p2a: pavatae
|
|-heal|p2a: pavatae|100/100|[from] move: Wish|[wisher] pavatae
|-weather|Sandstorm|[upkeep]
|-damage|p1a: Suicune|63/100 par|[from] Sandstorm
|-heal|p1a: Suicune|70/100 par|[from] item: Leftovers
|upkeep
|turn|21
|
|t:|1729893857
|move|p2a: pavatae|Wish|p2a: pavatae
|move|p1a: Suicune|Calm Mind|p1a: Suicune
|-boost|p1a: Suicune|spa|1
|-boost|p1a: Suicune|spd|1
|
|-weather|Sandstorm|[upkeep]
|-damage|p1a: Suicune|63/100 par|[from] Sandstorm
|-heal|p1a: Suicune|70/100 par|[from] item: Leftovers
|upkeep
|turn|22
|
|t:|1729893864
|switch|p2a: rostic|Articuno|100/100
|move|p1a: Suicune|Calm Mind|p1a: Suicune
|-boost|p1a: Suicune|spa|1
|-boost|p1a: Suicune|spd|1
|
|-weather|Sandstorm|[upkeep]
|-damage|p2a: rostic|94/100|[from] Sandstorm
|-damage|p1a: Suicune|63/100 par|[from] Sandstorm
|-heal|p2a: rostic|100/100|[from] item: Leftovers
|-heal|p1a: Suicune|70/100 par|[from] item: Leftovers
|upkeep
|turn|23
|
|t:|1729893874
|move|p2a: rostic|Haze|p2a: rostic
|-clearallboost
|move|p1a: Suicune|Toxic|p2a: rostic|[miss]
|-miss|p1a: Suicune|p2a: rostic
|
|-weather|Sandstorm|[upkeep]
|-damage|p2a: rostic|94/100|[from] Sandstorm
|-damage|p1a: Suicune|63/100 par|[from] Sandstorm
|-heal|p2a: rostic|100/100|[from] item: Leftovers
|-heal|p1a: Suicune|70/100 par|[from] item: Leftovers
|upkeep
|turn|24
|
|t:|1729893884
|switch|p2a: pike|Skarmory, M, shiny|100/100
|switch|p1a: Celebi|Celebi|100/100
|
|-weather|Sandstorm|[upkeep]
|-damage|p1a: Celebi|94/100|[from] Sandstorm
|-heal|p1a: Celebi|100/100|[from] item: Leftovers
|upkeep
|turn|25
|
|t:|1729893892
|move|p1a: Celebi|Leech Seed|p2a: pike
|-start|p2a: pike|move: Leech Seed
|move|p2a: pike|Spikes|p1a: Celebi
|-sidestart|p1: Drekt93|Spikes
|
|-weather|Sandstorm|[upkeep]
|-damage|p1a: Celebi|94/100|[from] Sandstorm
|-heal|p1a: Celebi|100/100|[from] item: Leftovers
|-damage|p2a: pike|88/100|[from] Leech Seed|[of] p1a: Celebi
|upkeep
|turn|26
|
|t:|1729893901
|switch|p2a: fern|Moltres, shiny|49/100
|move|p1a: Celebi|Calm Mind|p1a: Celebi
|-boost|p1a: Celebi|spa|1
|-boost|p1a: Celebi|spd|1
|
|-weather|Sandstorm|[upkeep]
|-damage|p2a: fern|43/100|[from] Sandstorm
|-damage|p1a: Celebi|94/100|[from] Sandstorm
|-heal|p2a: fern|49/100|[from] item: Leftovers
|-heal|p1a: Celebi|100/100|[from] item: Leftovers
|upkeep
|turn|27
|
|t:|1729893911
|switch|p2a: pike|Skarmory, M, shiny|88/100
|move|p1a: Celebi|Recover||[still]
|-fail|p1a: Celebi|heal
|
|-weather|Sandstorm|[upkeep]
|-damage|p1a: Celebi|94/100|[from] Sandstorm
|-heal|p1a: Celebi|100/100|[from] item: Leftovers
|-heal|p2a: pike|94/100|[from] item: Leftovers
|upkeep
|turn|28
|
|t:|1729893919
|move|p2a: pike|Protect|p2a: pike
|-singleturn|p2a: pike|Protect
|move|p1a: Celebi|Psychic|p2a: pike
|-activate|p2a: pike|Protect
|
|-weather|Sandstorm|[upkeep]
|-damage|p1a: Celebi|94/100|[from] Sandstorm
|-heal|p1a: Celebi|100/100|[from] item: Leftovers
|-heal|p2a: pike|99/100|[from] item: Leftovers
|upkeep
|turn|29
|
|t:|1729893927
|move|p1a: Celebi|Calm Mind|p1a: Celebi
|-boost|p1a: Celebi|spa|1
|-boost|p1a: Celebi|spd|1
|move|p2a: pike|Roar|p1a: Celebi
|drag|p1a: Suicune|Suicune|70/100 par
|-damage|p1a: Suicune|57/100 par|[from] Spikes
|
|-weather|Sandstorm|[upkeep]
|-damage|p1a: Suicune|51/100 par|[from] Sandstorm
|-heal|p2a: pike|100/100|[from] item: Leftovers
|-heal|p1a: Suicune|57/100 par|[from] item: Leftovers
|upkeep
|turn|30
|
|t:|1729893939
|move|p2a: pike|Spikes|p1a: Suicune
|-sidestart|p1: Drekt93|Spikes
|cant|p1a: Suicune|par
|
|-weather|Sandstorm|[upkeep]
|-damage|p1a: Suicune|51/100 par|[from] Sandstorm
|-heal|p1a: Suicune|57/100 par|[from] item: Leftovers
|upkeep
|turn|31
|c|☆Drekt93|GG
|-message|Drekt93 forfeited.
|
|win|asbolus verrucosus
|player|p1|
|c|☆asbolus verrucosus|gg

</script>
<script type="application/json" class="data" id="replaydata-smogtours-gen3ou-801948">
{"id":"smogtours-gen3ou-801948","format":"[Gen 3] OU","players":["Drekt93","asbolus verrucosus"],"uploadtime":1729893953,"views":74,"formatid":"gen3ou","rating":null,"private":0,"password":null}
</script>

<script defer src="js/replays.js?9d40a366"></script>
