<!DOCTYPE html>
<meta charset="utf-8" />
<meta name="viewport" content="width=device-width" />

<title>[Gen 3] OU: metwally vs. SBMalus - Replays - Pok&eacute;mon Showdown!</title>

<meta name="description" content="Watch a replay of a Pok&eacute;mon battle between metwally and SBMalus! Format: [Gen 3] OU; Date: Oct 7, 2024" />
<!--

Hey, you! Looking in the source for the replay log?

You can find them in JSON format, just add `.json` at the end of a replay URL.

https://replay.pokemonshowdown.com/gen7randomdoublesbattle-865046831.json

Or, if you only need the log itself, add `.log` instead:

https://replay.pokemonshowdown.com/gen7randomdoublesbattle-865046831.log

-->

<link rel="stylesheet" href="//pokemonshowdown.com/style/global.css?0.023195364461161105" />
<link rel="stylesheet" href="//play.pokemonshowdown.com/style/font-awesome.css?0.13261647063804238" />
<link rel="stylesheet" href="//play.pokemonshowdown.com/style/battle.css?0.8753245789963631" />
<link rel="stylesheet" href="//play.pokemonshowdown.com/style/utilichart.css?0.8627959624976733" />

<!-- Global site tag (gtag.js) - Google Analytics -->
<script async src="https://www.googletagmanager.com/gtag/js?id=UA-26211653-1"></script>
<script>
  window.dataLayer = window.dataLayer || [];
  function gtag(){dataLayer.push(arguments);}
  gtag('js', new Date());

  gtag('config', 'UA-26211653-1');
</script>
<!-- End Google Analytics -->
<!-- Venatus Ad Manager - Install in <HEAD> of page -->
	<script src="https://hb.vntsm.com/v3/live/ad-manager.min.js" type="text/javascript" data-site-id="642aba63ec9a7b11c3c9c1be" data-mode="scan" async></script>
<!-- / Venatus Ad Manager -->

<style>
	@media (max-width:820px) {
		.battle {
			margin: 0 auto;
		}
		.battle-log {
			margin: 7px auto 0;
			max-width: 640px;
			height: 300px;
			position: static;
		}
	}
	.optgroup {
		display: inline-block;
		line-height: 22px;
		font-size: 10pt;
	}
	.optgroup .button {
		height: 25px;
		padding-top: 0;
		padding-bottom: 0;
	}
	.optgroup button.button {
		padding-left: 12px;
		padding-right: 12px;
	}
	.linklist {
		list-style: none;
		margin: 0.5em 0;
		padding: 0;
	}
	.linklist li {
		padding: 2px 0;
	}
	.sidebar {
		float: left;
		width: 320px;
	}
	.bar-wrapper {
		max-width: 1100px;
		margin: 0 auto;
	}
	.bar-wrapper.has-sidebar {
		max-width: 1430px;
	}
	.mainbar {
		margin: 0;
		padding-right: 1px;
	}
	.mainbar.has-sidebar {
		margin-left: 330px;
	}
	@media (min-width: 1511px) {
		.sidebar {
			width: 400px;
		}
		.bar-wrapper.has-sidebar {
			max-width: 1510px;
		}
		.mainbar.has-sidebar {
			margin-left: 410px;
		}
	}
	.section.first-section {
		margin-top: 9px;
	}
	.blocklink small {
		white-space: normal;
	}
	.button {
		vertical-align: middle;
	}
	.replay-controls {
		padding-top: 10px;
	}
	.replay-controls h1 {
		font-size: 16pt;
		font-weight: normal;
		color: #CCC;
	}
	.pagelink {
		text-align: center;
	}
	.pagelink a {
		width: 150px;
	}
	.textbox, .button {
		font-size: 11pt;
		vertical-align: middle;
	}
	@media (max-width: 450px) {
		.button {
			font-size: 9pt;
		}
	}
</style>

<div>

	<header>
		<div class="nav-wrapper"><ul class="nav">
			<li><a class="button nav-first" href="//pokemonshowdown.com/"><img src="//pokemonshowdown.com/images/pokemonshowdownbeta.png" srcset="//pokemonshowdown.com/images/pokemonshowdownbeta.png 1x, //pokemonshowdown.com/images/pokemonshowdownbeta@2x.png 2x" alt="Pok&eacute;mon Showdown" width="146" height="44" /> Home</a></li>
			<li><a class="button" href="//pokemonshowdown.com/dex/">Pok&eacute;dex</a></li>
			<li><a class="button cur" href="/">Replays</a></li>
			<li><a class="button" href="//pokemonshowdown.com/ladder/">Ladder</a></li>
			<li><a class="button nav-last" href="//pokemonshowdown.com/forums/">Forum</a></li>
			<li><a class="button greenbutton nav-first nav-last" href="//play.pokemonshowdown.com/">Play</a></li>
		</ul></div>
	</header>

	<div class="main" id="main">

		<noscript><section class="section">You need to enable JavaScript to use this page; sorry!</section></noscript>

	</div>

</div>

<script defer nomodule src="//play.pokemonshowdown.com/js/lib/ps-polyfill.js"></script>
<script defer src="//play.pokemonshowdown.com/js/lib/preact.min.js"></script>

<script defer src="//play.pokemonshowdown.com/config/config.js?2bddbc15"></script>
<script defer src="//play.pokemonshowdown.com/js/lib/jquery-1.11.0.min.js"></script>
<script defer src="//play.pokemonshowdown.com/js/lib/html-sanitizer-minified.js"></script>
<script defer src="//play.pokemonshowdown.com/js/battle-sound.js"></script>
<script defer src="//play.pokemonshowdown.com/js/battledata.js?0.7209276989879541"></script>
<script defer src="//play.pokemonshowdown.com/data/pokedex-mini.js?0.6111056340867951"></script>
<script defer src="//play.pokemonshowdown.com/data/pokedex-mini-bw.js?0.3532142036491459"></script>
<script defer src="//play.pokemonshowdown.com/data/graphics.js?0.24223875632456182"></script>
<script defer src="//play.pokemonshowdown.com/data/pokedex.js?0.38839984266356864"></script>
<script defer src="//play.pokemonshowdown.com/data/moves.js?0.21866028504024015"></script>
<script defer src="//play.pokemonshowdown.com/data/abilities.js?0.2005157953846628"></script>
<script defer src="//play.pokemonshowdown.com/data/items.js?0.9894211263848525"></script>
<script defer src="//play.pokemonshowdown.com/data/teambuilder-tables.js?0.6008791140282215"></script>
<script defer src="//play.pokemonshowdown.com/js/battle-tooltips.js?0.7580118955022959"></script>
<script defer src="//play.pokemonshowdown.com/js/battle.js?0.6057722274234274"></script>

<script defer src="js/utils.js?e31f9a17"></script>
<script defer src="js/replays-battle.js?7008c182"></script>

<!-- don't scrape this data! just add .json or .log after the URL!
Full API docs: https://github.com/smogon/pokemon-showdown-client/blob/master/WEB-API.md -->
<script type="text/plain" class="log" id="replaylog-smogtours-gen3ou-796202">
|inactive|Battle timer is ON: inactive players will automatically lose when time's up.
|t:|1728328160
|gametype|singles
|player|p1|metwally|266|
|player|p2|SBMalus|hiker-gen4|
|teamsize|p1|6
|teamsize|p2|6
|gen|3
|tier|[Gen 3] OU
|rule|Sleep Clause Mod: Limit one foe put to sleep
|rule|Switch Priority Clause Mod: Faster Pokémon switch first
|rule|Species Clause: Limit one of each Pokémon
|rule|OHKO Clause: OHKO moves are banned
|rule|Evasion Items Clause: Evasion items are banned
|rule|Evasion Moves Clause: Evasion moves are banned
|rule|Endless Battle Clause: Forcing endless battles is banned
|rule|HP Percentage Mod: HP is shown in percentages
|rule|One Boost Passer Clause: Limit one Baton Passer that has a way to boost its stats
|rule|Freeze Clause Mod: Limit one foe frozen
|
|t:|1728328160
|start
|switch|p1a: irish car|Metagross|100/100
|switch|p2a: Tyranitar|Tyranitar, M, shiny|100/100
|-weather|Sandstorm|[from] ability: Sand Stream|[of] p2a: Tyranitar
|turn|1
|
|t:|1728328167
|switch|p2a: Jirachi|Jirachi|100/100
|move|p1a: irish car|Meteor Mash|p2a: Jirachi
|-resisted|p2a: Jirachi
|-damage|p2a: Jirachi|65/100
|
|-weather|Sandstorm|[upkeep]
|-heal|p2a: Jirachi|71/100|[from] item: Leftovers
|upkeep
|turn|2
|
|t:|1728328179
|move|p2a: Jirachi|Body Slam|p1a: irish car
|-resisted|p1a: irish car
|-crit|p1a: irish car
|-damage|p1a: irish car|85/100
|move|p1a: irish car|Meteor Mash|p2a: Jirachi|[miss]
|-miss|p1a: irish car|p2a: Jirachi
|
|-weather|Sandstorm|[upkeep]
|-heal|p2a: Jirachi|77/100|[from] item: Leftovers
|upkeep
|turn|3
|
|t:|1728328186
|switch|p1a: rhinoceroso|Heracross, F|100/100
|move|p2a: Jirachi|Wish|p2a: Jirachi
|
|-weather|Sandstorm|[upkeep]
|-damage|p1a: rhinoceroso|95/100|[from] Sandstorm
|-heal|p2a: Jirachi|83/100|[from] item: Leftovers
|upkeep
|turn|4
|
|t:|1728328191
|switch|p2a: Skarmory|Skarmory, M|100/100
|move|p1a: rhinoceroso|Megahorn|p2a: Skarmory
|-resisted|p2a: Skarmory
|-crit|p2a: Skarmory
|-damage|p2a: Skarmory|64/100
|
|-heal|p2a: Skarmory|100/100|[from] move: Wish|[wisher] Jirachi
|-weather|Sandstorm|[upkeep]
|-damage|p1a: rhinoceroso|89/100|[from] Sandstorm
|upkeep
|turn|5
|
|t:|1728328197
|switch|p1a: 1 job|Magneton|100/100
|switch|p2a: Moltres|Moltres|100/100
|
|-weather|Sandstorm|[upkeep]
|-damage|p2a: Moltres|94/100|[from] Sandstorm
|-heal|p2a: Moltres|100/100|[from] item: Leftovers
|upkeep
|turn|6
|
|t:|1728328209
|move|p1a: 1 job|Endure|p1a: 1 job
|-singleturn|p1a: 1 job|move: Endure
|move|p2a: Moltres|Flamethrower|p1a: 1 job
|-supereffective|p1a: 1 job
|-activate|p1a: 1 job|move: Endure
|-damage|p1a: 1 job|1/100
|-status|p1a: 1 job|brn
|
|-weather|Sandstorm|[upkeep]
|-damage|p2a: Moltres|94/100|[from] Sandstorm
|-heal|p2a: Moltres|100/100|[from] item: Leftovers
|-enditem|p1a: 1 job|Salac Berry|[eat]
|-boost|p1a: 1 job|spe|1|[from] item: Salac Berry
|-damage|p1a: 1 job|0 fnt|[from] brn
|faint|p1a: 1 job
|upkeep
|c|☆metwally|pain
|c|☆SBMalus|mb
|
|t:|1728328231
|switch|p1a: alan|Aerodactyl, F|100/100
|turn|7
|
|t:|1728328238
|switch|p2a: Jirachi|Jirachi|83/100
|move|p1a: alan|Rock Slide|p2a: Jirachi
|-resisted|p2a: Jirachi
|-damage|p2a: Jirachi|63/100
|
|-weather|Sandstorm|[upkeep]
|-heal|p2a: Jirachi|69/100|[from] item: Leftovers
|upkeep
|turn|8
|
|t:|1728328244
|switch|p1a: rhinoceroso|Heracross, F|89/100
|move|p2a: Jirachi|Body Slam|p1a: rhinoceroso
|-damage|p1a: rhinoceroso|63/100
|-status|p1a: rhinoceroso|par
|
|-weather|Sandstorm|[upkeep]
|-damage|p1a: rhinoceroso|57/100 par|[from] Sandstorm
|-heal|p2a: Jirachi|75/100|[from] item: Leftovers
|upkeep
|turn|9
|
|t:|1728328247
|move|p2a: Jirachi|Protect|p2a: Jirachi
|-singleturn|p2a: Jirachi|Protect
|move|p1a: rhinoceroso|Megahorn|p2a: Jirachi
|-activate|p2a: Jirachi|Protect
|
|-weather|Sandstorm|[upkeep]
|-damage|p1a: rhinoceroso|51/100 par|[from] Sandstorm
|-heal|p2a: Jirachi|81/100|[from] item: Leftovers
|upkeep
|turn|10
|
|t:|1728328252
|switch|p2a: Skarmory|Skarmory, M|100/100
|move|p1a: rhinoceroso|Megahorn|p2a: Skarmory|[miss]
|-miss|p1a: rhinoceroso|p2a: Skarmory
|
|-weather|Sandstorm|[upkeep]
|-damage|p1a: rhinoceroso|46/100 par|[from] Sandstorm
|upkeep
|turn|11
|
|t:|1728328254
|move|p2a: Skarmory|Spikes|p1a: rhinoceroso
|-sidestart|p1: metwally|Spikes
|move|p1a: rhinoceroso|Megahorn|p2a: Skarmory
|-resisted|p2a: Skarmory
|-damage|p2a: Skarmory|74/100
|
|-weather|Sandstorm|[upkeep]
|-damage|p1a: rhinoceroso|40/100 par|[from] Sandstorm
|-heal|p2a: Skarmory|80/100|[from] item: Leftovers
|upkeep
|turn|12
|
|t:|1728328266
|move|p2a: Skarmory|Spikes|p1a: rhinoceroso
|-sidestart|p1: metwally|Spikes
|cant|p1a: rhinoceroso|par
|
|-weather|Sandstorm|[upkeep]
|-damage|p1a: rhinoceroso|34/100 par|[from] Sandstorm
|-heal|p2a: Skarmory|86/100|[from] item: Leftovers
|upkeep
|turn|13
|
|t:|1728328270
|move|p2a: Skarmory|Spikes|p1a: rhinoceroso
|-sidestart|p1: metwally|Spikes
|move|p1a: rhinoceroso|Megahorn|p2a: Skarmory
|-resisted|p2a: Skarmory
|-damage|p2a: Skarmory|59/100
|
|-weather|Sandstorm|[upkeep]
|-damage|p1a: rhinoceroso|28/100 par|[from] Sandstorm
|-heal|p2a: Skarmory|65/100|[from] item: Leftovers
|upkeep
|turn|14
|
|t:|1728328272
|move|p2a: Skarmory|Protect|p2a: Skarmory
|-singleturn|p2a: Skarmory|Protect
|move|p1a: rhinoceroso|Megahorn|p2a: Skarmory
|-activate|p2a: Skarmory|Protect
|
|-weather|Sandstorm|[upkeep]
|-damage|p1a: rhinoceroso|22/100 par|[from] Sandstorm
|-heal|p2a: Skarmory|71/100|[from] item: Leftovers
|upkeep
|turn|15
|
|t:|1728328275
|cant|p1a: rhinoceroso|par
|move|p2a: Skarmory|Roar|p1a: rhinoceroso
|drag|p1a: alan|Aerodactyl, F|100/100
|
|-weather|Sandstorm|[upkeep]
|-heal|p2a: Skarmory|77/100|[from] item: Leftovers
|upkeep
|turn|16
|
|t:|1728328281
|move|p2a: Skarmory|Protect|p2a: Skarmory
|-singleturn|p2a: Skarmory|Protect
|move|p1a: alan|Rock Slide|p2a: Skarmory
|-activate|p2a: Skarmory|Protect
|
|-weather|Sandstorm|[upkeep]
|-heal|p2a: Skarmory|83/100|[from] item: Leftovers
|upkeep
|turn|17
|
|t:|1728328286
|switch|p1a: rhinoceroso|Heracross, F|22/100 par
|-damage|p1a: rhinoceroso|0 fnt|[from] Spikes
|faint|p1a: rhinoceroso
|
|t:|1728328295
|switch|p1a: hungiez|Tyranitar, M|100/100
|-damage|p1a: hungiez|76/100|[from] Spikes
|
|-weather|Sandstorm|[upkeep]
|-heal|p1a: hungiez|82/100|[from] item: Leftovers
|-heal|p2a: Skarmory|89/100|[from] item: Leftovers
|upkeep
|turn|18
|
|t:|1728328300
|move|p1a: hungiez|Rock Slide|p2a: Skarmory
|-damage|p2a: Skarmory|57/100
|move|p2a: Skarmory|Roar|p1a: hungiez
|drag|p1a: newt gingrich|Swampert, M|100/100
|-damage|p1a: newt gingrich|76/100|[from] Spikes
|
|-weather|Sandstorm|[upkeep]
|-heal|p2a: Skarmory|63/100|[from] item: Leftovers
|-heal|p1a: newt gingrich|82/100|[from] item: Leftovers
|upkeep
|turn|19
|c|☆SBMalus|Elite nickname 
|
|t:|1728328316
|move|p2a: Skarmory|Toxic|p1a: newt gingrich
|-status|p1a: newt gingrich|tox
|move|p1a: newt gingrich|Surf|p2a: Skarmory
|-damage|p2a: Skarmory|37/100
|
|-weather|Sandstorm|[upkeep]
|-heal|p2a: Skarmory|43/100|[from] item: Leftovers
|-heal|p1a: newt gingrich|88/100 tox|[from] item: Leftovers
|-damage|p1a: newt gingrich|82/100 tox|[from] psn
|upkeep
|turn|20
|c|☆metwally|thanks 
|
|t:|1728328321
|move|p1a: newt gingrich|Refresh|p1a: newt gingrich
|-curestatus|p1a: newt gingrich|tox|[msg]
|move|p2a: Skarmory|Roar|p1a: newt gingrich
|drag|p1a: irish car|Metagross|85/100
|-damage|p1a: irish car|60/100|[from] Spikes
|
|-weather|Sandstorm|[upkeep]
|-heal|p2a: Skarmory|49/100|[from] item: Leftovers
|upkeep
|turn|21
|
|t:|1728328325
|move|p2a: Skarmory|Protect|p2a: Skarmory
|-singleturn|p2a: Skarmory|Protect
|move|p1a: irish car|Explosion|p2a: Skarmory
|-activate|p2a: Skarmory|Protect
|faint|p1a: irish car
|
|t:|1728328330
|switch|p1a: alan|Aerodactyl, F|100/100
|
|-weather|Sandstorm|[upkeep]
|-heal|p2a: Skarmory|55/100|[from] item: Leftovers
|upkeep
|turn|22
|
|t:|1728328336
|switch|p2a: Jirachi|Jirachi|81/100
|move|p1a: alan|Rock Slide|p2a: Jirachi
|-resisted|p2a: Jirachi
|-damage|p2a: Jirachi|63/100
|
|-weather|Sandstorm|[upkeep]
|-heal|p2a: Jirachi|69/100|[from] item: Leftovers
|upkeep
|turn|23
|
|t:|1728328339
|switch|p1a: hungiez|Tyranitar, M|82/100
|-damage|p1a: hungiez|57/100|[from] Spikes
|move|p2a: Jirachi|Wish|p2a: Jirachi
|
|-weather|Sandstorm|[upkeep]
|-heal|p2a: Jirachi|75/100|[from] item: Leftovers
|-heal|p1a: hungiez|63/100|[from] item: Leftovers
|upkeep
|turn|24
|
|t:|1728328343
|switch|p2a: Skarmory|Skarmory, M|55/100
|move|p1a: hungiez|Dragon Dance|p1a: hungiez
|-boost|p1a: hungiez|atk|1
|-boost|p1a: hungiez|spe|1
|
|-heal|p2a: Skarmory|100/100|[from] move: Wish|[wisher] Jirachi
|-weather|Sandstorm|[upkeep]
|-heal|p1a: hungiez|69/100|[from] item: Leftovers
|upkeep
|turn|25
|
|t:|1728328347
|move|p1a: hungiez|Rock Slide|p2a: Skarmory
|-damage|p2a: Skarmory|56/100
|cant|p2a: Skarmory|flinch
|
|-weather|Sandstorm|[upkeep]
|-heal|p1a: hungiez|76/100|[from] item: Leftovers
|-heal|p2a: Skarmory|62/100|[from] item: Leftovers
|upkeep
|turn|26
|
|t:|1728328351
|move|p1a: hungiez|Rock Slide|p2a: Skarmory
|-damage|p2a: Skarmory|17/100
|move|p2a: Skarmory|Roar|p1a: hungiez
|drag|p1a: newt gingrich|Swampert, M|82/100
|-damage|p1a: newt gingrich|57/100|[from] Spikes
|
|-weather|Sandstorm|[upkeep]
|-heal|p2a: Skarmory|23/100|[from] item: Leftovers
|-heal|p1a: newt gingrich|63/100|[from] item: Leftovers
|upkeep
|turn|27
|
|t:|1728328356
|switch|p2a: Jirachi|Jirachi|75/100
|move|p1a: newt gingrich|Surf|p2a: Jirachi
|-damage|p2a: Jirachi|55/100
|
|-weather|Sandstorm|[upkeep]
|-heal|p2a: Jirachi|61/100|[from] item: Leftovers
|-heal|p1a: newt gingrich|69/100|[from] item: Leftovers
|upkeep
|turn|28
|
|t:|1728328364
|move|p2a: Jirachi|Wish|p2a: Jirachi
|move|p1a: newt gingrich|Surf|p2a: Jirachi
|-crit|p2a: Jirachi
|-damage|p2a: Jirachi|23/100
|
|-weather|Sandstorm|[upkeep]
|-heal|p2a: Jirachi|29/100|[from] item: Leftovers
|-heal|p1a: newt gingrich|76/100|[from] item: Leftovers
|upkeep
|turn|29
|
|t:|1728328368
|move|p2a: Jirachi|Body Slam|p1a: newt gingrich
|-crit|p1a: newt gingrich
|-damage|p1a: newt gingrich|51/100
|move|p1a: newt gingrich|Surf|p2a: Jirachi
|-damage|p2a: Jirachi|10/100
|
|-heal|p2a: Jirachi|60/100|[from] move: Wish|[wisher] Jirachi
|-weather|Sandstorm|[upkeep]
|-heal|p2a: Jirachi|67/100|[from] item: Leftovers
|-heal|p1a: newt gingrich|57/100|[from] item: Leftovers
|upkeep
|turn|30
|
|t:|1728328373
|switch|p1a: hungiez|Tyranitar, M|76/100
|-damage|p1a: hungiez|51/100|[from] Spikes
|move|p2a: Jirachi|Wish|p2a: Jirachi
|
|-weather|Sandstorm|[upkeep]
|-heal|p2a: Jirachi|73/100|[from] item: Leftovers
|-heal|p1a: hungiez|57/100|[from] item: Leftovers
|upkeep
|turn|31
|
|t:|1728328377
|switch|p2a: Skarmory|Skarmory, M|23/100
|move|p1a: hungiez|Rock Slide|p2a: Skarmory
|-damage|p2a: Skarmory|0 fnt
|faint|p2a: Skarmory
|
|t:|1728328384
|switch|p2a: Gengar|Gengar, M, shiny|100/100
|
|-weather|Sandstorm|[upkeep]
|-damage|p2a: Gengar|94/100|[from] Sandstorm
|-heal|p2a: Gengar|100/100|[from] item: Leftovers
|-heal|p1a: hungiez|63/100|[from] item: Leftovers
|upkeep
|turn|32
|
|t:|1728328388
|move|p2a: Gengar|Taunt|p1a: hungiez
|-start|p1a: hungiez|move: Taunt
|cant|p1a: hungiez|move: Taunt|Dragon Dance
|
|-weather|Sandstorm|[upkeep]
|-damage|p2a: Gengar|94/100|[from] Sandstorm
|-heal|p2a: Gengar|100/100|[from] item: Leftovers
|-heal|p1a: hungiez|69/100|[from] item: Leftovers
|upkeep
|turn|33
|
|t:|1728328390
|move|p2a: Gengar|Will-O-Wisp|p1a: hungiez
|-status|p1a: hungiez|brn
|move|p1a: hungiez|Rock Slide|p2a: Gengar
|-damage|p2a: Gengar|70/100
|
|-weather|Sandstorm|[upkeep]
|-damage|p2a: Gengar|63/100|[from] Sandstorm
|-heal|p2a: Gengar|70/100|[from] item: Leftovers
|-heal|p1a: hungiez|76/100 brn|[from] item: Leftovers
|-damage|p1a: hungiez|63/100 brn|[from] brn
|-end|p1a: hungiez|move: Taunt|[silent]
|upkeep
|turn|34
|
|t:|1728328395
|move|p2a: Gengar|Thunderbolt|p1a: hungiez
|-damage|p1a: hungiez|40/100 brn
|move|p1a: hungiez|Rock Slide|p2a: Gengar
|-damage|p2a: Gengar|42/100
|
|-weather|Sandstorm|[upkeep]
|-damage|p2a: Gengar|36/100|[from] Sandstorm
|-heal|p2a: Gengar|42/100|[from] item: Leftovers
|-heal|p1a: hungiez|47/100 brn|[from] item: Leftovers
|-damage|p1a: hungiez|34/100 brn|[from] brn
|upkeep
|turn|35
|
|t:|1728328399
|switch|p2a: Jirachi|Jirachi|73/100
|move|p1a: hungiez|Rock Slide|p2a: Jirachi|[miss]
|-miss|p1a: hungiez|p2a: Jirachi
|
|-weather|Sandstorm|[upkeep]
|-heal|p2a: Jirachi|79/100|[from] item: Leftovers
|-heal|p1a: hungiez|40/100 brn|[from] item: Leftovers
|-damage|p1a: hungiez|28/100 brn|[from] brn
|upkeep
|turn|36
|
|t:|1728328401
|move|p2a: Jirachi|Wish|p2a: Jirachi
|move|p1a: hungiez|Dragon Dance|p1a: hungiez
|-boost|p1a: hungiez|atk|1
|-boost|p1a: hungiez|spe|1
|
|-weather|Sandstorm|[upkeep]
|-heal|p1a: hungiez|34/100 brn|[from] item: Leftovers
|-damage|p1a: hungiez|22/100 brn|[from] brn
|-heal|p2a: Jirachi|85/100|[from] item: Leftovers
|upkeep
|turn|37
|
|t:|1728328405
|switch|p2a: Gengar|Gengar, M, shiny|42/100
|move|p1a: hungiez|Earthquake|p2a: Gengar
|-immune|p2a: Gengar
|
|-heal|p2a: Gengar|92/100|[from] move: Wish|[wisher] Jirachi
|-weather|Sandstorm|[upkeep]
|-damage|p2a: Gengar|86/100|[from] Sandstorm
|-heal|p2a: Gengar|92/100|[from] item: Leftovers
|-heal|p1a: hungiez|28/100 brn|[from] item: Leftovers
|-damage|p1a: hungiez|16/100 brn|[from] brn
|upkeep
|turn|38
|
|t:|1728328407
|move|p2a: Gengar|Thunderbolt|p1a: hungiez
|-damage|p1a: hungiez|0 fnt
|faint|p1a: hungiez
|
|t:|1728328416
|switch|p1a: alan|Aerodactyl, F|100/100
|
|-weather|Sandstorm|[upkeep]
|-damage|p2a: Gengar|86/100|[from] Sandstorm
|-heal|p2a: Gengar|92/100|[from] item: Leftovers
|upkeep
|turn|39
|
|t:|1728328421
|switch|p2a: Tyranitar|Tyranitar, M, shiny|100/100
|move|p1a: alan|Earthquake|p2a: Tyranitar
|-supereffective|p2a: Tyranitar
|-damage|p2a: Tyranitar|35/100
|
|-weather|Sandstorm|[upkeep]
|-heal|p2a: Tyranitar|41/100|[from] item: Leftovers
|upkeep
|turn|40
|
|t:|1728328426
|switch|p1a: newt gingrich|Swampert, M|57/100
|-damage|p1a: newt gingrich|33/100|[from] Spikes
|switch|p2a: Articuno|Articuno|100/100
|
|-weather|Sandstorm|[upkeep]
|-damage|p2a: Articuno|94/100|[from] Sandstorm
|-heal|p2a: Articuno|100/100|[from] item: Leftovers
|-heal|p1a: newt gingrich|39/100|[from] item: Leftovers
|upkeep
|turn|41
|
|t:|1728328428
|move|p2a: Articuno|Ice Beam|p1a: newt gingrich
|-damage|p1a: newt gingrich|8/100
|move|p1a: newt gingrich|Toxic|p2a: Articuno
|-status|p2a: Articuno|tox
|
|-weather|Sandstorm|[upkeep]
|-damage|p2a: Articuno|94/100 tox|[from] Sandstorm
|-heal|p2a: Articuno|100/100 tox|[from] item: Leftovers
|-damage|p2a: Articuno|94/100 tox|[from] psn
|-heal|p1a: newt gingrich|14/100|[from] item: Leftovers
|upkeep
|turn|42
|
|t:|1728328432
|move|p1a: newt gingrich|Protect|p1a: newt gingrich
|-singleturn|p1a: newt gingrich|Protect
|move|p2a: Articuno|Heal Bell|p2a: Articuno
|-activate|p2a: Articuno|move: Heal Bell
|-curestatus|p2a: Articuno|tox|[silent]
|
|-weather|Sandstorm|[upkeep]
|-damage|p2a: Articuno|88/100|[from] Sandstorm
|-heal|p2a: Articuno|94/100|[from] item: Leftovers
|-heal|p1a: newt gingrich|20/100|[from] item: Leftovers
|upkeep
|turn|43
|
|t:|1728328435
|switch|p1a: alan|Aerodactyl, F|100/100
|move|p2a: Articuno|Ice Beam|p1a: alan
|-supereffective|p1a: alan
|-damage|p1a: alan|2/100
|
|-weather|Sandstorm|[upkeep]
|-damage|p2a: Articuno|88/100|[from] Sandstorm
|-heal|p2a: Articuno|94/100|[from] item: Leftovers
|upkeep
|turn|44
|
|t:|1728328441
|switch|p2a: Tyranitar|Tyranitar, M, shiny|41/100
|move|p1a: alan|Rock Slide|p2a: Tyranitar
|-damage|p2a: Tyranitar|2/100
|
|-weather|Sandstorm|[upkeep]
|-heal|p2a: Tyranitar|8/100|[from] item: Leftovers
|upkeep
|turn|45
|
|t:|1728328444
|move|p1a: alan|Rock Slide|p2a: Tyranitar
|-damage|p2a: Tyranitar|0 fnt
|faint|p2a: Tyranitar
|
|t:|1728328447
|switch|p2a: Jirachi|Jirachi|85/100
|
|-weather|Sandstorm|[upkeep]
|-heal|p2a: Jirachi|91/100|[from] item: Leftovers
|upkeep
|turn|46
|
|t:|1728328450
|move|p1a: alan|Rock Slide|p2a: Jirachi
|-resisted|p2a: Jirachi
|-crit|p2a: Jirachi
|-damage|p2a: Jirachi|49/100
|move|p2a: Jirachi|Body Slam|p1a: alan
|-resisted|p1a: alan
|-damage|p1a: alan|0 fnt
|faint|p1a: alan
|c|☆metwally|gg
|
|t:|1728328457
|switch|p1a: newt gingrich|Swampert, M|20/100
|-damage|p1a: newt gingrich|0 fnt|[from] Spikes
|faint|p1a: newt gingrich
|
|win|SBMalus
|c|☆SBMalus|gg

</script>
<script type="application/json" class="data" id="replaydata-smogtours-gen3ou-796202">
{"id":"smogtours-gen3ou-796202","format":"[Gen 3] OU","players":["metwally","SBMalus"],"uploadtime":1728328457,"views":141,"formatid":"gen3ou","rating":null,"private":0,"password":null}
</script>

<script defer src="js/replays.js?9d40a366"></script>
