<!DOCTYPE html>
<meta charset="utf-8" />
<meta name="viewport" content="width=device-width" />

<title>[Gen 3] OU: Baptosta vs. 4lowrey - Replays - Pok&eacute;mon Showdown!</title>

<meta name="description" content="Watch a replay of a Pok&eacute;mon battle between Baptosta and 4lowrey! Format: [Gen 3] OU; Date: Oct 2, 2024" />
<!--

Hey, you! Looking in the source for the replay log?

You can find them in JSON format, just add `.json` at the end of a replay URL.

https://replay.pokemonshowdown.com/gen7randomdoublesbattle-865046831.json

Or, if you only need the log itself, add `.log` instead:

https://replay.pokemonshowdown.com/gen7randomdoublesbattle-865046831.log

-->

<link rel="stylesheet" href="//pokemonshowdown.com/style/global.css?0.023195364461161105" />
<link rel="stylesheet" href="//play.pokemonshowdown.com/style/font-awesome.css?0.13261647063804238" />
<link rel="stylesheet" href="//play.pokemonshowdown.com/style/battle.css?0.8753245789963631" />
<link rel="stylesheet" href="//play.pokemonshowdown.com/style/utilichart.css?0.8627959624976733" />

<!-- Global site tag (gtag.js) - Google Analytics -->
<script async src="https://www.googletagmanager.com/gtag/js?id=UA-26211653-1"></script>
<script>
  window.dataLayer = window.dataLayer || [];
  function gtag(){dataLayer.push(arguments);}
  gtag('js', new Date());

  gtag('config', 'UA-26211653-1');
</script>
<!-- End Google Analytics -->
<!-- Venatus Ad Manager - Install in <HEAD> of page -->
	<script src="https://hb.vntsm.com/v3/live/ad-manager.min.js" type="text/javascript" data-site-id="642aba63ec9a7b11c3c9c1be" data-mode="scan" async></script>
<!-- / Venatus Ad Manager -->

<style>
	@media (max-width:820px) {
		.battle {
			margin: 0 auto;
		}
		.battle-log {
			margin: 7px auto 0;
			max-width: 640px;
			height: 300px;
			position: static;
		}
	}
	.optgroup {
		display: inline-block;
		line-height: 22px;
		font-size: 10pt;
	}
	.optgroup .button {
		height: 25px;
		padding-top: 0;
		padding-bottom: 0;
	}
	.optgroup button.button {
		padding-left: 12px;
		padding-right: 12px;
	}
	.linklist {
		list-style: none;
		margin: 0.5em 0;
		padding: 0;
	}
	.linklist li {
		padding: 2px 0;
	}
	.sidebar {
		float: left;
		width: 320px;
	}
	.bar-wrapper {
		max-width: 1100px;
		margin: 0 auto;
	}
	.bar-wrapper.has-sidebar {
		max-width: 1430px;
	}
	.mainbar {
		margin: 0;
		padding-right: 1px;
	}
	.mainbar.has-sidebar {
		margin-left: 330px;
	}
	@media (min-width: 1511px) {
		.sidebar {
			width: 400px;
		}
		.bar-wrapper.has-sidebar {
			max-width: 1510px;
		}
		.mainbar.has-sidebar {
			margin-left: 410px;
		}
	}
	.section.first-section {
		margin-top: 9px;
	}
	.blocklink small {
		white-space: normal;
	}
	.button {
		vertical-align: middle;
	}
	.replay-controls {
		padding-top: 10px;
	}
	.replay-controls h1 {
		font-size: 16pt;
		font-weight: normal;
		color: #CCC;
	}
	.pagelink {
		text-align: center;
	}
	.pagelink a {
		width: 150px;
	}
	.textbox, .button {
		font-size: 11pt;
		vertical-align: middle;
	}
	@media (max-width: 450px) {
		.button {
			font-size: 9pt;
		}
	}
</style>

<div>

	<header>
		<div class="nav-wrapper"><ul class="nav">
			<li><a class="button nav-first" href="//pokemonshowdown.com/"><img src="//pokemonshowdown.com/images/pokemonshowdownbeta.png" srcset="//pokemonshowdown.com/images/pokemonshowdownbeta.png 1x, //pokemonshowdown.com/images/pokemonshowdownbeta@2x.png 2x" alt="Pok&eacute;mon Showdown" width="146" height="44" /> Home</a></li>
			<li><a class="button" href="//pokemonshowdown.com/dex/">Pok&eacute;dex</a></li>
			<li><a class="button cur" href="/">Replays</a></li>
			<li><a class="button" href="//pokemonshowdown.com/ladder/">Ladder</a></li>
			<li><a class="button nav-last" href="//pokemonshowdown.com/forums/">Forum</a></li>
			<li><a class="button greenbutton nav-first nav-last" href="//play.pokemonshowdown.com/">Play</a></li>
		</ul></div>
	</header>

	<div class="main" id="main">

		<noscript><section class="section">You need to enable JavaScript to use this page; sorry!</section></noscript>

	</div>

</div>

<script defer nomodule src="//play.pokemonshowdown.com/js/lib/ps-polyfill.js"></script>
<script defer src="//play.pokemonshowdown.com/js/lib/preact.min.js"></script>

<script defer src="//play.pokemonshowdown.com/config/config.js?2bddbc15"></script>
<script defer src="//play.pokemonshowdown.com/js/lib/jquery-1.11.0.min.js"></script>
<script defer src="//play.pokemonshowdown.com/js/lib/html-sanitizer-minified.js"></script>
<script defer src="//play.pokemonshowdown.com/js/battle-sound.js"></script>
<script defer src="//play.pokemonshowdown.com/js/battledata.js?0.7209276989879541"></script>
<script defer src="//play.pokemonshowdown.com/data/pokedex-mini.js?0.6111056340867951"></script>
<script defer src="//play.pokemonshowdown.com/data/pokedex-mini-bw.js?0.3532142036491459"></script>
<script defer src="//play.pokemonshowdown.com/data/graphics.js?0.24223875632456182"></script>
<script defer src="//play.pokemonshowdown.com/data/pokedex.js?0.38839984266356864"></script>
<script defer src="//play.pokemonshowdown.com/data/moves.js?0.21866028504024015"></script>
<script defer src="//play.pokemonshowdown.com/data/abilities.js?0.2005157953846628"></script>
<script defer src="//play.pokemonshowdown.com/data/items.js?0.9894211263848525"></script>
<script defer src="//play.pokemonshowdown.com/data/teambuilder-tables.js?0.6008791140282215"></script>
<script defer src="//play.pokemonshowdown.com/js/battle-tooltips.js?0.7580118955022959"></script>
<script defer src="//play.pokemonshowdown.com/js/battle.js?0.6057722274234274"></script>

<script defer src="js/utils.js?e31f9a17"></script>
<script defer src="js/replays-battle.js?7008c182"></script>

<!-- don't scrape this data! just add .json or .log after the URL!
Full API docs: https://github.com/smogon/pokemon-showdown-client/blob/master/WEB-API.md -->
<script type="text/plain" class="log" id="replaylog-smogtours-gen3ou-793988">
|inactive|Battle timer is ON: inactive players will automatically lose when time's up.
|t:|1727891535
|gametype|singles
|player|p1|Baptosta|170|
|player|p2|4lowrey|veteranf|
|teamsize|p1|6
|teamsize|p2|6
|gen|3
|tier|[Gen 3] OU
|rule|Sleep Clause Mod: Limit one foe put to sleep
|rule|Switch Priority Clause Mod: Faster Pokémon switch first
|rule|Species Clause: Limit one of each Pokémon
|rule|OHKO Clause: OHKO moves are banned
|rule|Evasion Items Clause: Evasion items are banned
|rule|Evasion Moves Clause: Evasion moves are banned
|rule|Endless Battle Clause: Forcing endless battles is banned
|rule|HP Percentage Mod: HP is shown in percentages
|rule|One Boost Passer Clause: Limit one Baton Passer that has a way to boost its stats
|rule|Freeze Clause Mod: Limit one foe frozen
|
|t:|1727891535
|start
|switch|p1a: Tyranitar|Tyranitar, M|100/100
|switch|p2a: Tyranitar|Tyranitar, F|100/100
|-weather|Sandstorm|[from] ability: Sand Stream|[of] p1a: Tyranitar
|turn|1
|
|t:|1727891553
|switch|p1a: Skarmory|Skarmory, F|100/100
|switch|p2a: Skarmory|Skarmory, F|100/100
|
|-weather|Sandstorm|[upkeep]
|upkeep
|turn|2
|
|t:|1727891558
|move|p2a: Skarmory|Taunt|p1a: Skarmory
|-start|p1a: Skarmory|move: Taunt
|cant|p1a: Skarmory|move: Taunt|Spikes
|
|-weather|Sandstorm|[upkeep]
|upkeep
|turn|3
|
|t:|1727891561
|switch|p1a: Moltres|Moltres|100/100
|move|p2a: Skarmory|Spikes|p1a: Moltres
|-sidestart|p1: Baptosta|Spikes
|
|-weather|Sandstorm|[upkeep]
|-damage|p1a: Moltres|94/100|[from] Sandstorm
|-heal|p1a: Moltres|100/100|[from] item: Leftovers
|upkeep
|turn|4
|
|t:|1727891565
|switch|p2a: Blissey|Blissey, F|100/100
|move|p1a: Moltres|Will-O-Wisp|p2a: Blissey
|-status|p2a: Blissey|brn
|
|-weather|Sandstorm|[upkeep]
|-damage|p1a: Moltres|94/100|[from] Sandstorm
|-damage|p2a: Blissey|94/100 brn|[from] Sandstorm
|-heal|p1a: Moltres|100/100|[from] item: Leftovers
|-heal|p2a: Blissey|100/100 brn|[from] item: Leftovers
|-damage|p2a: Blissey|88/100 brn|[from] brn
|upkeep
|turn|5
|
|t:|1727891576
|switch|p1a: Skarmory|Skarmory, F|100/100
|move|p2a: Blissey|Thunder Wave|p1a: Skarmory
|-status|p1a: Skarmory|par
|
|-weather|Sandstorm|[upkeep]
|-damage|p2a: Blissey|82/100 brn|[from] Sandstorm
|-heal|p2a: Blissey|88/100 brn|[from] item: Leftovers
|-damage|p2a: Blissey|76/100 brn|[from] brn
|upkeep
|turn|6
|
|t:|1727891585
|-curestatus|p2a: Blissey|brn|[from] ability: Natural Cure
|switch|p2a: Tyranitar|Tyranitar, F|100/100
|move|p1a: Skarmory|Spikes|p2a: Tyranitar
|-sidestart|p2: 4lowrey|Spikes
|
|-weather|Sandstorm|[upkeep]
|upkeep
|turn|7
|
|t:|1727891597
|-singleturn|p2a: Tyranitar|move: Focus Punch
|move|p1a: Skarmory|Protect|p1a: Skarmory
|-singleturn|p1a: Skarmory|Protect
|move|p2a: Tyranitar|Focus Punch|p1a: Skarmory
|-activate|p1a: Skarmory|Protect
|
|-weather|Sandstorm|[upkeep]
|upkeep
|turn|8
|
|t:|1727891604
|-singleturn|p2a: Tyranitar|move: Focus Punch
|switch|p1a: Gengar|Gengar, F|100/100
|move|p2a: Tyranitar|Focus Punch|p1a: Gengar
|-immune|p1a: Gengar
|
|-weather|Sandstorm|[upkeep]
|-damage|p1a: Gengar|94/100|[from] Sandstorm
|-heal|p1a: Gengar|100/100|[from] item: Leftovers
|upkeep
|turn|9
|
|t:|1727891615
|switch|p2a: Blissey|Blissey, F|76/100
|-damage|p2a: Blissey|63/100|[from] Spikes
|move|p1a: Gengar|Will-O-Wisp|p2a: Blissey
|-status|p2a: Blissey|brn
|
|-weather|Sandstorm|[upkeep]
|-damage|p1a: Gengar|94/100|[from] Sandstorm
|-damage|p2a: Blissey|57/100 brn|[from] Sandstorm
|-heal|p1a: Gengar|100/100|[from] item: Leftovers
|-heal|p2a: Blissey|63/100 brn|[from] item: Leftovers
|-damage|p2a: Blissey|51/100 brn|[from] brn
|upkeep
|turn|10
|
|t:|1727891619
|move|p1a: Gengar|Taunt|p2a: Blissey
|-start|p2a: Blissey|move: Taunt
|cant|p2a: Blissey|move: Taunt|Soft-Boiled
|
|-weather|Sandstorm|[upkeep]
|-damage|p1a: Gengar|94/100|[from] Sandstorm
|-damage|p2a: Blissey|45/100 brn|[from] Sandstorm
|-heal|p1a: Gengar|100/100|[from] item: Leftovers
|-heal|p2a: Blissey|51/100 brn|[from] item: Leftovers
|-damage|p2a: Blissey|38/100 brn|[from] brn
|upkeep
|turn|11
|
|t:|1727891648
|switch|p1a: Skarmory|Skarmory, F|100/100 par
|-curestatus|p2a: Blissey|brn|[from] ability: Natural Cure
|switch|p2a: Swampert|Swampert, M|100/100
|-damage|p2a: Swampert|88/100|[from] Spikes
|
|-weather|Sandstorm|[upkeep]
|-heal|p2a: Swampert|94/100|[from] item: Leftovers
|upkeep
|turn|12
|
|t:|1727891657
|switch|p2a: Blissey|Blissey, F|38/100
|-damage|p2a: Blissey|26/100|[from] Spikes
|cant|p1a: Skarmory|par
|
|-weather|Sandstorm|[upkeep]
|-damage|p2a: Blissey|20/100|[from] Sandstorm
|-heal|p2a: Blissey|26/100|[from] item: Leftovers
|upkeep
|turn|13
|
|t:|1727891662
|move|p2a: Blissey|Soft-Boiled|p2a: Blissey
|-heal|p2a: Blissey|76/100
|move|p1a: Skarmory|Spikes|p2a: Blissey
|-sidestart|p2: 4lowrey|Spikes
|
|-weather|Sandstorm|[upkeep]
|-damage|p2a: Blissey|70/100|[from] Sandstorm
|-heal|p2a: Blissey|76/100|[from] item: Leftovers
|upkeep
|turn|14
|
|t:|1727891670
|switch|p2a: Skarmory|Skarmory, F|100/100
|move|p1a: Skarmory|Spikes|p2a: Skarmory
|-sidestart|p2: 4lowrey|Spikes
|
|-weather|Sandstorm|[upkeep]
|upkeep
|turn|15
|
|t:|1727891674
|move|p2a: Skarmory|Spikes|p1a: Skarmory
|-sidestart|p1: Baptosta|Spikes
|cant|p1a: Skarmory|par
|
|-weather|Sandstorm|[upkeep]
|upkeep
|turn|16
|
|t:|1727891681
|switch|p1a: Moltres|Moltres|100/100
|move|p2a: Skarmory|Spikes|p1a: Moltres
|-sidestart|p1: Baptosta|Spikes
|
|-weather|Sandstorm|[upkeep]
|-damage|p1a: Moltres|94/100|[from] Sandstorm
|-heal|p1a: Moltres|100/100|[from] item: Leftovers
|upkeep
|turn|17
|
|t:|1727891689
|move|p1a: Moltres|Will-O-Wisp|p2a: Skarmory
|-status|p2a: Skarmory|brn
|move|p2a: Skarmory|Toxic|p1a: Moltres
|-status|p1a: Moltres|tox
|
|-weather|Sandstorm|[upkeep]
|-damage|p1a: Moltres|94/100 tox|[from] Sandstorm
|-heal|p1a: Moltres|100/100 tox|[from] item: Leftovers
|-damage|p1a: Moltres|94/100 tox|[from] psn
|-damage|p2a: Skarmory|88/100 brn|[from] brn
|upkeep
|turn|18
|inactive|Baptosta has 270 seconds left.
|inactive|4lowrey has 270 seconds left.
|
|t:|1727891735
|switch|p1a: Gengar|Gengar, F|100/100
|move|p2a: Skarmory|Roar|p1a: Gengar
|drag|p1a: Jirachi|Jirachi|100/100
|-damage|p1a: Jirachi|76/100|[from] Spikes
|
|-weather|Sandstorm|[upkeep]
|-heal|p1a: Jirachi|82/100|[from] item: Leftovers
|-heal|p2a: Skarmory|94/100 brn|[from] item: Leftovers
|-damage|p2a: Skarmory|82/100 brn|[from] brn
|upkeep
|turn|19
|inactive|4lowrey has 270 seconds left.
|
|t:|1727891748
|move|p1a: Jirachi|Fire Punch|p2a: Skarmory
|-supereffective|p2a: Skarmory
|-damage|p2a: Skarmory|50/100 brn
|move|p2a: Skarmory|Taunt|p1a: Jirachi
|-start|p1a: Jirachi|move: Taunt
|
|-weather|Sandstorm|[upkeep]
|-heal|p1a: Jirachi|88/100|[from] item: Leftovers
|-heal|p2a: Skarmory|56/100 brn|[from] item: Leftovers
|-damage|p2a: Skarmory|43/100 brn|[from] brn
|upkeep
|turn|20
|
|t:|1727891757
|move|p1a: Jirachi|Fire Punch|p2a: Skarmory
|-supereffective|p2a: Skarmory
|-damage|p2a: Skarmory|10/100 brn
|move|p2a: Skarmory|Roar|p1a: Jirachi
|drag|p1a: Moltres|Moltres|94/100 tox
|
|-weather|Sandstorm|[upkeep]
|-damage|p1a: Moltres|88/100 tox|[from] Sandstorm
|-heal|p1a: Moltres|94/100 tox|[from] item: Leftovers
|-damage|p1a: Moltres|88/100 tox|[from] psn
|-heal|p2a: Skarmory|16/100 brn|[from] item: Leftovers
|-damage|p2a: Skarmory|4/100 brn|[from] brn
|upkeep
|turn|21
|
|t:|1727891765
|switch|p1a: Gengar|Gengar, F|100/100
|move|p2a: Skarmory|Roar|p1a: Gengar
|drag|p1a: Moltres|Moltres|88/100 tox
|
|-weather|Sandstorm|[upkeep]
|-damage|p1a: Moltres|82/100 tox|[from] Sandstorm
|-heal|p1a: Moltres|88/100 tox|[from] item: Leftovers
|-damage|p1a: Moltres|82/100 tox|[from] psn
|-heal|p2a: Skarmory|10/100 brn|[from] item: Leftovers
|-damage|p2a: Skarmory|0 fnt|[from] brn
|faint|p2a: Skarmory
|upkeep
|
|t:|1727891768
|switch|p2a: Fish|Starmie|100/100
|-damage|p2a: Fish|76/100|[from] Spikes
|turn|22
|
|t:|1727891801
|switch|p1a: Jirachi|Jirachi|88/100
|-damage|p1a: Jirachi|63/100|[from] Spikes
|move|p2a: Fish|Hydro Pump|p1a: Jirachi
|-damage|p1a: Jirachi|29/100
|
|-weather|Sandstorm|[upkeep]
|-damage|p2a: Fish|70/100|[from] Sandstorm
|-heal|p2a: Fish|76/100|[from] item: Leftovers
|-heal|p1a: Jirachi|35/100|[from] item: Leftovers
|upkeep
|turn|23
|inactive|4lowrey has 270 seconds left.
|
|t:|1727891836
|switch|p2a: Blissey|Blissey, F|76/100
|-damage|p2a: Blissey|51/100|[from] Spikes
|move|p1a: Jirachi|Wish|p1a: Jirachi
|
|-weather|Sandstorm|[upkeep]
|-damage|p2a: Blissey|45/100|[from] Sandstorm
|-heal|p1a: Jirachi|41/100|[from] item: Leftovers
|-heal|p2a: Blissey|51/100|[from] item: Leftovers
|upkeep
|turn|24
|
|t:|1727891841
|move|p1a: Jirachi|Protect|p1a: Jirachi
|-singleturn|p1a: Jirachi|Protect
|move|p2a: Blissey|Soft-Boiled|p2a: Blissey
|-heal|p2a: Blissey|100/100
|
|-heal|p1a: Jirachi|91/100|[from] move: Wish|[wisher] Jirachi
|-weather|Sandstorm|[upkeep]
|-damage|p2a: Blissey|94/100|[from] Sandstorm
|-heal|p1a: Jirachi|97/100|[from] item: Leftovers
|-heal|p2a: Blissey|100/100|[from] item: Leftovers
|upkeep
|turn|25
|
|t:|1727891850
|move|p1a: Jirachi|Wish|p1a: Jirachi
|move|p2a: Blissey|Thunder Wave|p1a: Jirachi
|-status|p1a: Jirachi|par
|
|-weather|Sandstorm|[upkeep]
|-damage|p2a: Blissey|94/100|[from] Sandstorm
|-heal|p2a: Blissey|100/100|[from] item: Leftovers
|-heal|p1a: Jirachi|100/100 par|[from] item: Leftovers
|upkeep
|turn|26
|
|t:|1727891853
|switch|p1a: Gengar|Gengar, F|100/100
|move|p2a: Blissey|Seismic Toss|p1a: Gengar
|-immune|p1a: Gengar
|
|-weather|Sandstorm|[upkeep]
|-damage|p1a: Gengar|94/100|[from] Sandstorm
|-damage|p2a: Blissey|94/100|[from] Sandstorm
|-heal|p1a: Gengar|100/100|[from] item: Leftovers
|-heal|p2a: Blissey|100/100|[from] item: Leftovers
|upkeep
|turn|27
|
|t:|1727891871
|switch|p2a: Swampert|Swampert, M|94/100
|-damage|p2a: Swampert|69/100|[from] Spikes
|move|p1a: Gengar|Taunt|p2a: Swampert
|-start|p2a: Swampert|move: Taunt
|
|-weather|Sandstorm|[upkeep]
|-damage|p1a: Gengar|94/100|[from] Sandstorm
|-heal|p1a: Gengar|100/100|[from] item: Leftovers
|-heal|p2a: Swampert|76/100|[from] item: Leftovers
|upkeep
|turn|28
|
|t:|1727891881
|switch|p1a: Skarmory|Skarmory, F|100/100 par
|move|p2a: Swampert|Hydro Pump|p1a: Skarmory
|-damage|p1a: Skarmory|66/100 par
|
|-weather|Sandstorm|[upkeep]
|-heal|p2a: Swampert|82/100|[from] item: Leftovers
|-end|p2a: Swampert|move: Taunt|[silent]
|-heal|p1a: Skarmory|72/100 par|[from] item: Leftovers
|upkeep
|turn|29
|
|t:|1727891887
|move|p2a: Swampert|Protect|p2a: Swampert
|-singleturn|p2a: Swampert|Protect
|cant|p1a: Skarmory|par
|
|-weather|Sandstorm|[upkeep]
|-heal|p2a: Swampert|88/100|[from] item: Leftovers
|-heal|p1a: Skarmory|78/100 par|[from] item: Leftovers
|upkeep
|turn|30
|
|t:|1727891892
|switch|p2a: Gengar|Gengar, F|100/100
|move|p1a: Skarmory|Toxic|p2a: Gengar
|-immune|p2a: Gengar
|
|-weather|Sandstorm|[upkeep]
|-damage|p2a: Gengar|94/100|[from] Sandstorm
|-heal|p2a: Gengar|100/100|[from] item: Leftovers
|-heal|p1a: Skarmory|84/100 par|[from] item: Leftovers
|upkeep
|turn|31
|
|t:|1727891902
|switch|p1a: Tyranitar|Tyranitar, M|100/100
|-damage|p1a: Tyranitar|75/100|[from] Spikes
|move|p2a: Gengar|Thunderbolt|p1a: Tyranitar
|-damage|p1a: Tyranitar|50/100
|
|-weather|Sandstorm|[upkeep]
|-damage|p2a: Gengar|94/100|[from] Sandstorm
|-heal|p2a: Gengar|100/100|[from] item: Leftovers
|-heal|p1a: Tyranitar|56/100|[from] item: Leftovers
|upkeep
|turn|32
|
|t:|1727891915
|-activate|p2a: Gengar|move: Pursuit
|move|p1a: Tyranitar|Pursuit|p2a: Gengar|[from]Pursuit
|-supereffective|p2a: Gengar
|-damage|p2a: Gengar|16/100
|switch|p2a: Tyranitar|Tyranitar, F|100/100
|-damage|p2a: Tyranitar|76/100|[from] Spikes
|
|-weather|Sandstorm|[upkeep]
|-heal|p1a: Tyranitar|63/100|[from] item: Leftovers
|-heal|p2a: Tyranitar|82/100|[from] item: Leftovers
|upkeep
|turn|33
|
|t:|1727891934
|-singleturn|p2a: Tyranitar|move: Focus Punch
|move|p1a: Tyranitar|Earthquake|p2a: Tyranitar
|-supereffective|p2a: Tyranitar
|-damage|p2a: Tyranitar|38/100
|move|p2a: Tyranitar|Focus Punch||[still]
|cant|p2a: Tyranitar|Focus Punch|Focus Punch
|
|-weather|Sandstorm|[upkeep]
|-heal|p1a: Tyranitar|69/100|[from] item: Leftovers
|-heal|p2a: Tyranitar|44/100|[from] item: Leftovers
|upkeep
|turn|34
|
|t:|1727891946
|move|p1a: Tyranitar|Crunch|p2a: Tyranitar
|-resisted|p2a: Tyranitar
|-damage|p2a: Tyranitar|29/100
|move|p2a: Tyranitar|Earthquake|p1a: Tyranitar
|-supereffective|p1a: Tyranitar
|-damage|p1a: Tyranitar|11/100
|
|-weather|Sandstorm|[upkeep]
|-heal|p1a: Tyranitar|17/100|[from] item: Leftovers
|-heal|p2a: Tyranitar|35/100|[from] item: Leftovers
|upkeep
|turn|35
|
|t:|1727891950
|move|p1a: Tyranitar|Earthquake|p2a: Tyranitar
|-supereffective|p2a: Tyranitar
|-damage|p2a: Tyranitar|0 fnt
|faint|p2a: Tyranitar
|
|t:|1727891959
|switch|p2a: Gengar|Gengar, F|16/100
|
|-weather|Sandstorm|[upkeep]
|-damage|p2a: Gengar|9/100|[from] Sandstorm
|-heal|p2a: Gengar|16/100|[from] item: Leftovers
|-heal|p1a: Tyranitar|24/100|[from] item: Leftovers
|upkeep
|turn|36
|
|t:|1727891967
|move|p2a: Gengar|Thunderbolt|p1a: Tyranitar
|-damage|p1a: Tyranitar|0 fnt
|faint|p1a: Tyranitar
|
|t:|1727891983
|switch|p1a: Jirachi|Jirachi|100/100 par
|-damage|p1a: Jirachi|76/100 par|[from] Spikes
|
|-weather|Sandstorm|[upkeep]
|-damage|p2a: Gengar|9/100|[from] Sandstorm
|-heal|p2a: Gengar|16/100|[from] item: Leftovers
|-heal|p1a: Jirachi|82/100 par|[from] item: Leftovers
|upkeep
|turn|37
|
|t:|1727891989
|move|p2a: Gengar|Taunt|p1a: Jirachi
|-start|p1a: Jirachi|move: Taunt
|move|p1a: Jirachi|Fire Punch|p2a: Gengar
|-damage|p2a: Gengar|0 fnt
|faint|p2a: Gengar
|
|t:|1727892013
|switch|p2a: Fish|Starmie|76/100
|-damage|p2a: Fish|51/100|[from] Spikes
|
|-weather|Sandstorm|[upkeep]
|-damage|p2a: Fish|45/100|[from] Sandstorm
|-heal|p2a: Fish|51/100|[from] item: Leftovers
|-heal|p1a: Jirachi|88/100 par|[from] item: Leftovers
|upkeep
|turn|38
|
|t:|1727892015
|move|p2a: Fish|Rapid Spin|p1a: Jirachi
|-resisted|p1a: Jirachi
|-damage|p1a: Jirachi|87/100 par
|-sideend|p2: 4lowrey|Spikes|[from] move: Rapid Spin|[of] p2a: Fish
|move|p1a: Jirachi|Body Slam|p2a: Fish
|-damage|p2a: Fish|18/100
|-status|p2a: Fish|par
|
|-weather|Sandstorm|[upkeep]
|-damage|p2a: Fish|12/100 par|[from] Sandstorm
|-heal|p2a: Fish|18/100 par|[from] item: Leftovers
|-heal|p1a: Jirachi|93/100 par|[from] item: Leftovers
|-end|p1a: Jirachi|move: Taunt|[silent]
|upkeep
|turn|39
|
|t:|1727892022
|-curestatus|p2a: Fish|par|[from] ability: Natural Cure
|switch|p2a: Swampert|Swampert, M|88/100
|move|p1a: Jirachi|Body Slam|p2a: Swampert
|-damage|p2a: Swampert|72/100
|-status|p2a: Swampert|par
|
|-weather|Sandstorm|[upkeep]
|-heal|p1a: Jirachi|99/100 par|[from] item: Leftovers
|-heal|p2a: Swampert|78/100 par|[from] item: Leftovers
|upkeep
|turn|40
|
|t:|1727892034
|cant|p1a: Jirachi|par
|cant|p2a: Swampert|par
|
|-weather|Sandstorm|[upkeep]
|-heal|p1a: Jirachi|100/100 par|[from] item: Leftovers
|-heal|p2a: Swampert|84/100 par|[from] item: Leftovers
|upkeep
|turn|41
|
|t:|1727892037
|move|p1a: Jirachi|Wish|p1a: Jirachi
|move|p2a: Swampert|Hydro Pump|p1a: Jirachi
|-damage|p1a: Jirachi|73/100 par
|
|-weather|Sandstorm|[upkeep]
|-heal|p1a: Jirachi|79/100 par|[from] item: Leftovers
|-heal|p2a: Swampert|90/100 par|[from] item: Leftovers
|upkeep
|turn|42
|
|t:|1727892048
|switch|p1a: Skarmory|Skarmory, F|84/100 par
|cant|p2a: Swampert|par
|
|-heal|p1a: Skarmory|100/100 par|[from] move: Wish|[wisher] Jirachi
|-weather|Sandstorm|[upkeep]
|-heal|p2a: Swampert|97/100 par|[from] item: Leftovers
|upkeep
|turn|43
|
|t:|1727892053
|switch|p2a: Fish|Starmie|18/100
|move|p1a: Skarmory|Spikes|p2a: Fish
|-sidestart|p2: 4lowrey|Spikes
|
|-weather|Sandstorm|[upkeep]
|-damage|p2a: Fish|12/100|[from] Sandstorm
|-heal|p2a: Fish|18/100|[from] item: Leftovers
|upkeep
|turn|44
|
|t:|1727892060
|move|p2a: Fish|Thunderbolt|p1a: Skarmory
|-supereffective|p1a: Skarmory
|-damage|p1a: Skarmory|48/100 par
|move|p1a: Skarmory|Toxic|p2a: Fish|[miss]
|-miss|p1a: Skarmory|p2a: Fish
|
|-weather|Sandstorm|[upkeep]
|-damage|p2a: Fish|12/100|[from] Sandstorm
|-heal|p2a: Fish|18/100|[from] item: Leftovers
|-heal|p1a: Skarmory|54/100 par|[from] item: Leftovers
|upkeep
|turn|45
|
|t:|1727892069
|move|p2a: Fish|Thunderbolt|p1a: Skarmory
|-supereffective|p1a: Skarmory
|-damage|p1a: Skarmory|0 fnt
|faint|p1a: Skarmory
|
|t:|1727892072
|switch|p1a: Gengar|Gengar, F|100/100
|
|-weather|Sandstorm|[upkeep]
|-damage|p2a: Fish|12/100|[from] Sandstorm
|-damage|p1a: Gengar|94/100|[from] Sandstorm
|-heal|p2a: Fish|18/100|[from] item: Leftovers
|-heal|p1a: Gengar|100/100|[from] item: Leftovers
|upkeep
|turn|46
|
|t:|1727892085
|move|p2a: Fish|Hydro Pump|p1a: Gengar
|-damage|p1a: Gengar|42/100
|move|p1a: Gengar|Thunderbolt|p2a: Fish
|-supereffective|p2a: Fish
|-damage|p2a: Fish|0 fnt
|faint|p2a: Fish
|
|t:|1727892089
|switch|p2a: Swampert|Swampert, M|97/100 par
|-damage|p2a: Swampert|84/100 par|[from] Spikes
|
|-weather|Sandstorm|[upkeep]
|-damage|p1a: Gengar|36/100|[from] Sandstorm
|-heal|p1a: Gengar|42/100|[from] item: Leftovers
|-heal|p2a: Swampert|90/100 par|[from] item: Leftovers
|upkeep
|turn|47
|
|t:|1727892095
|switch|p1a: Jirachi|Jirachi|79/100 par
|-damage|p1a: Jirachi|55/100 par|[from] Spikes
|move|p2a: Swampert|Hydro Pump|p1a: Jirachi
|-damage|p1a: Jirachi|29/100 par
|
|-weather|Sandstorm|[upkeep]
|-heal|p1a: Jirachi|35/100 par|[from] item: Leftovers
|-heal|p2a: Swampert|97/100 par|[from] item: Leftovers
|upkeep
|turn|48
|
|t:|1727892101
|move|p1a: Jirachi|Wish|p1a: Jirachi
|move|p2a: Swampert|Earthquake|p1a: Jirachi
|-supereffective|p1a: Jirachi
|-damage|p1a: Jirachi|0 fnt
|faint|p1a: Jirachi
|
|t:|1727892106
|switch|p1a: Moltres|Moltres|82/100 tox
|
|-weather|Sandstorm|[upkeep]
|-damage|p1a: Moltres|76/100 tox|[from] Sandstorm
|-heal|p1a: Moltres|82/100 tox|[from] item: Leftovers
|-damage|p1a: Moltres|76/100 tox|[from] psn
|-heal|p2a: Swampert|100/100 par|[from] item: Leftovers
|upkeep
|turn|49
|
|t:|1727892128
|move|p1a: Moltres|Hidden Power|p2a: Swampert
|-supereffective|p2a: Swampert
|-damage|p2a: Swampert|13/100 par
|move|p2a: Swampert|Hydro Pump|p1a: Moltres
|-supereffective|p1a: Moltres
|-damage|p1a: Moltres|0 fnt
|faint|p1a: Moltres
|
|t:|1727892134
|switch|p1a: Gengar|Gengar, F|42/100
|
|-heal|p1a: Gengar|92/100|[from] move: Wish|[wisher] Jirachi
|-weather|Sandstorm|[upkeep]
|-damage|p1a: Gengar|86/100|[from] Sandstorm
|-heal|p1a: Gengar|92/100|[from] item: Leftovers
|-heal|p2a: Swampert|19/100 par|[from] item: Leftovers
|upkeep
|turn|50
|
|t:|1727892139
|move|p2a: Swampert|Protect|p2a: Swampert
|-singleturn|p2a: Swampert|Protect
|move|p1a: Gengar|Ice Punch|p2a: Swampert
|-activate|p2a: Swampert|Protect
|
|-weather|Sandstorm|[upkeep]
|-damage|p1a: Gengar|86/100|[from] Sandstorm
|-heal|p1a: Gengar|92/100|[from] item: Leftovers
|-heal|p2a: Swampert|25/100 par|[from] item: Leftovers
|upkeep
|turn|51
|
|t:|1727892158
|move|p1a: Gengar|Ice Punch|p2a: Swampert
|-damage|p2a: Swampert|7/100 par
|move|p2a: Swampert|Hydro Pump|p1a: Gengar
|-damage|p1a: Gengar|22/100
|
|-weather|Sandstorm|[upkeep]
|-damage|p1a: Gengar|16/100|[from] Sandstorm
|-heal|p1a: Gengar|22/100|[from] item: Leftovers
|-heal|p2a: Swampert|13/100 par|[from] item: Leftovers
|upkeep
|turn|52
|
|t:|1727892163
|cant|p2a: Swampert|par
|move|p1a: Gengar|Ice Punch|p2a: Swampert
|-damage|p2a: Swampert|0 fnt
|faint|p2a: Swampert
|
|t:|1727892166
|switch|p2a: Blissey|Blissey, F|100/100
|-damage|p2a: Blissey|88/100|[from] Spikes
|
|-weather|Sandstorm|[upkeep]
|-damage|p1a: Gengar|16/100|[from] Sandstorm
|-damage|p2a: Blissey|82/100|[from] Sandstorm
|-heal|p1a: Gengar|22/100|[from] item: Leftovers
|-heal|p2a: Blissey|88/100|[from] item: Leftovers
|upkeep
|turn|53
|
|t:|1727892168
|move|p1a: Gengar|Taunt|p2a: Blissey
|-start|p2a: Blissey|move: Taunt
|move|p2a: Blissey|Ice Beam|p1a: Gengar
|-damage|p1a: Gengar|0 fnt
|faint|p1a: Gengar
|
|t:|1727892173
|switch|p1a: Flygon|Flygon, M|100/100
|
|-weather|Sandstorm|[upkeep]
|-damage|p2a: Blissey|82/100|[from] Sandstorm
|-heal|p2a: Blissey|88/100|[from] item: Leftovers
|upkeep
|turn|54
|
|t:|1727892175
|move|p1a: Flygon|Toxic|p2a: Blissey
|-status|p2a: Blissey|tox
|move|p2a: Blissey|Ice Beam|p1a: Flygon
|-supereffective|p1a: Flygon
|-damage|p1a: Flygon|0 fnt
|faint|p1a: Flygon
|
|win|4lowrey
|c|☆Baptosta|gg

</script>
<script type="application/json" class="data" id="replaydata-smogtours-gen3ou-793988">
{"id":"smogtours-gen3ou-793988","format":"[Gen 3] OU","players":["Baptosta","4lowrey"],"uploadtime":1727892175,"views":110,"formatid":"gen3ou","rating":null,"private":0,"password":null}
</script>

<script defer src="js/replays.js?9d40a366"></script>
