<!DOCTYPE html>
<meta charset="utf-8" />
<meta name="viewport" content="width=device-width" />

<title>[Gen 3] OU: big will 2024 vs. Tree69420 - Replays - Pok&eacute;mon Showdown!</title>

<meta name="description" content="Watch a replay of a Pok&eacute;mon battle between big will 2024 and Tree69420! Format: [Gen 3] OU; Date: Nov 1, 2024" />
<!--

Hey, you! Looking in the source for the replay log?

You can find them in JSON format, just add `.json` at the end of a replay URL.

https://replay.pokemonshowdown.com/gen7randomdoublesbattle-865046831.json

Or, if you only need the log itself, add `.log` instead:

https://replay.pokemonshowdown.com/gen7randomdoublesbattle-865046831.log

-->

<link rel="stylesheet" href="//pokemonshowdown.com/style/global.css?0.023195364461161105" />
<link rel="stylesheet" href="//play.pokemonshowdown.com/style/font-awesome.css?0.13261647063804238" />
<link rel="stylesheet" href="//play.pokemonshowdown.com/style/battle.css?0.8753245789963631" />
<link rel="stylesheet" href="//play.pokemonshowdown.com/style/utilichart.css?0.8627959624976733" />

<!-- Global site tag (gtag.js) - Google Analytics -->
<script async src="https://www.googletagmanager.com/gtag/js?id=UA-26211653-1"></script>
<script>
  window.dataLayer = window.dataLayer || [];
  function gtag(){dataLayer.push(arguments);}
  gtag('js', new Date());

  gtag('config', 'UA-26211653-1');
</script>
<!-- End Google Analytics -->
<!-- Venatus Ad Manager - Install in <HEAD> of page -->
	<script src="https://hb.vntsm.com/v3/live/ad-manager.min.js" type="text/javascript" data-site-id="642aba63ec9a7b11c3c9c1be" data-mode="scan" async></script>
<!-- / Venatus Ad Manager -->

<style>
	@media (max-width:820px) {
		.battle {
			margin: 0 auto;
		}
		.battle-log {
			margin: 7px auto 0;
			max-width: 640px;
			height: 300px;
			position: static;
		}
	}
	.optgroup {
		display: inline-block;
		line-height: 22px;
		font-size: 10pt;
	}
	.optgroup .button {
		height: 25px;
		padding-top: 0;
		padding-bottom: 0;
	}
	.optgroup button.button {
		padding-left: 12px;
		padding-right: 12px;
	}
	.linklist {
		list-style: none;
		margin: 0.5em 0;
		padding: 0;
	}
	.linklist li {
		padding: 2px 0;
	}
	.sidebar {
		float: left;
		width: 320px;
	}
	.bar-wrapper {
		max-width: 1100px;
		margin: 0 auto;
	}
	.bar-wrapper.has-sidebar {
		max-width: 1430px;
	}
	.mainbar {
		margin: 0;
		padding-right: 1px;
	}
	.mainbar.has-sidebar {
		margin-left: 330px;
	}
	@media (min-width: 1511px) {
		.sidebar {
			width: 400px;
		}
		.bar-wrapper.has-sidebar {
			max-width: 1510px;
		}
		.mainbar.has-sidebar {
			margin-left: 410px;
		}
	}
	.section.first-section {
		margin-top: 9px;
	}
	.blocklink small {
		white-space: normal;
	}
	.button {
		vertical-align: middle;
	}
	.replay-controls {
		padding-top: 10px;
	}
	.replay-controls h1 {
		font-size: 16pt;
		font-weight: normal;
		color: #CCC;
	}
	.pagelink {
		text-align: center;
	}
	.pagelink a {
		width: 150px;
	}
	.textbox, .button {
		font-size: 11pt;
		vertical-align: middle;
	}
	@media (max-width: 450px) {
		.button {
			font-size: 9pt;
		}
	}
</style>

<div>

	<header>
		<div class="nav-wrapper"><ul class="nav">
			<li><a class="button nav-first" href="//pokemonshowdown.com/"><img src="//pokemonshowdown.com/images/pokemonshowdownbeta.png" srcset="//pokemonshowdown.com/images/pokemonshowdownbeta.png 1x, //pokemonshowdown.com/images/pokemonshowdownbeta@2x.png 2x" alt="Pok&eacute;mon Showdown" width="146" height="44" /> Home</a></li>
			<li><a class="button" href="//pokemonshowdown.com/dex/">Pok&eacute;dex</a></li>
			<li><a class="button cur" href="/">Replays</a></li>
			<li><a class="button" href="//pokemonshowdown.com/ladder/">Ladder</a></li>
			<li><a class="button nav-last" href="//pokemonshowdown.com/forums/">Forum</a></li>
			<li><a class="button greenbutton nav-first nav-last" href="//play.pokemonshowdown.com/">Play</a></li>
		</ul></div>
	</header>

	<div class="main" id="main">

		<noscript><section class="section">You need to enable JavaScript to use this page; sorry!</section></noscript>

	</div>

</div>

<script defer nomodule src="//play.pokemonshowdown.com/js/lib/ps-polyfill.js"></script>
<script defer src="//play.pokemonshowdown.com/js/lib/preact.min.js"></script>

<script defer src="//play.pokemonshowdown.com/config/config.js?2bddbc15"></script>
<script defer src="//play.pokemonshowdown.com/js/lib/jquery-1.11.0.min.js"></script>
<script defer src="//play.pokemonshowdown.com/js/lib/html-sanitizer-minified.js"></script>
<script defer src="//play.pokemonshowdown.com/js/battle-sound.js"></script>
<script defer src="//play.pokemonshowdown.com/js/battledata.js?0.7209276989879541"></script>
<script defer src="//play.pokemonshowdown.com/data/pokedex-mini.js?0.6111056340867951"></script>
<script defer src="//play.pokemonshowdown.com/data/pokedex-mini-bw.js?0.3532142036491459"></script>
<script defer src="//play.pokemonshowdown.com/data/graphics.js?0.24223875632456182"></script>
<script defer src="//play.pokemonshowdown.com/data/pokedex.js?0.38839984266356864"></script>
<script defer src="//play.pokemonshowdown.com/data/moves.js?0.21866028504024015"></script>
<script defer src="//play.pokemonshowdown.com/data/abilities.js?0.2005157953846628"></script>
<script defer src="//play.pokemonshowdown.com/data/items.js?0.9894211263848525"></script>
<script defer src="//play.pokemonshowdown.com/data/teambuilder-tables.js?0.6008791140282215"></script>
<script defer src="//play.pokemonshowdown.com/js/battle-tooltips.js?0.7580118955022959"></script>
<script defer src="//play.pokemonshowdown.com/js/battle.js?0.6057722274234274"></script>

<script defer src="js/utils.js?e31f9a17"></script>
<script defer src="js/replays-battle.js?7008c182"></script>

<!-- don't scrape this data! just add .json or .log after the URL!
Full API docs: https://github.com/smogon/pokemon-showdown-client/blob/master/WEB-API.md -->
<script type="text/plain" class="log" id="replaylog-smogtours-gen3ou-803667">
|inactive|Battle timer is ON: inactive players will automatically lose when time's up.
|badge|p2|silver|gen9uu|30-3
|uhtml|medal-msg|<div class="broadcast-blue">Curious what those medals under the avatar are? PS now has Ladder Seasons! For more information, check out the <a href="https://www.smogon.com/forums/threads/3740067/">thread on Smogon.<\/a><\/div>
|t:|1730427965
|gametype|singles
|player|p1|big will 2024|morty-gen2|
|player|p2|Tree69420|#rbyplivglacialarticunos|
|teamsize|p1|6
|teamsize|p2|6
|gen|3
|tier|[Gen 3] OU
|rule|Sleep Clause Mod: Limit one foe put to sleep
|rule|Switch Priority Clause Mod: Faster Pokémon switch first
|rule|Species Clause: Limit one of each Pokémon
|rule|OHKO Clause: OHKO moves are banned
|rule|Evasion Items Clause: Evasion items are banned
|rule|Evasion Moves Clause: Evasion moves are banned
|rule|Endless Battle Clause: Forcing endless battles is banned
|rule|HP Percentage Mod: HP is shown in percentages
|rule|One Boost Passer Clause: Limit one Baton Passer that has a way to boost its stats
|rule|Freeze Clause Mod: Limit one foe frozen
|
|t:|1730427965
|start
|switch|p1a: RequiemForAFather|Tyranitar, F|100/100
|switch|p2a: Tyranitar|Tyranitar, F|100/100
|-weather|Sandstorm|[from] ability: Sand Stream|[of] p1a: RequiemForAFather
|turn|1
|inactive|big will 2024 also wants the timer to be on.
|c|☆big will 2024|hf
|c|☆Tree69420|hf
|
|t:|1730427975
|switch|p1a: Madeline|Swampert, M|100/100
|switch|p2a: Flygon|Flygon, F|100/100
|
|-weather|Sandstorm|[upkeep]
|upkeep
|turn|2
|
|t:|1730427982
|switch|p2a: Forretress|Forretress, F|100/100
|switch|p1a: Katherine|Skarmory, F|100/100
|
|-weather|Sandstorm|[upkeep]
|upkeep
|turn|3
|
|t:|1730427987
|move|p1a: Katherine|Spikes|p2a: Forretress
|-sidestart|p2: Tree69420|Spikes
|move|p2a: Forretress|Spikes|p1a: Katherine
|-sidestart|p1: big will 2024|Spikes
|
|-weather|Sandstorm|[upkeep]
|upkeep
|turn|4
|
|t:|1730427992
|switch|p1a: Sleep Will Come|Gengar, F|100/100
|move|p2a: Forretress|Spikes|p1a: Sleep Will Come
|-sidestart|p1: big will 2024|Spikes
|
|-weather|Sandstorm|[upkeep]
|-damage|p1a: Sleep Will Come|95/100|[from] Sandstorm
|-heal|p1a: Sleep Will Come|100/100|[from] item: Leftovers
|upkeep
|turn|5
|
|t:|1730427996
|switch|p2a: Tyranitar|Tyranitar, F|100/100
|-damage|p2a: Tyranitar|88/100|[from] Spikes
|move|p1a: Sleep Will Come|Will-O-Wisp|p2a: Tyranitar
|-status|p2a: Tyranitar|brn
|
|-weather|Sandstorm|[upkeep]
|-damage|p1a: Sleep Will Come|95/100|[from] Sandstorm
|-heal|p1a: Sleep Will Come|100/100|[from] item: Leftovers
|-heal|p2a: Tyranitar|94/100 brn|[from] item: Leftovers
|-damage|p2a: Tyranitar|82/100 brn|[from] brn
|upkeep
|turn|6
|
|t:|1730427998
|move|p1a: Sleep Will Come|Giga Drain|p2a: Tyranitar
|-supereffective|p2a: Tyranitar
|-damage|p2a: Tyranitar|55/100 brn
|move|p2a: Tyranitar|Pursuit|p1a: Sleep Will Come
|-supereffective|p1a: Sleep Will Come
|-damage|p1a: Sleep Will Come|60/100
|
|-weather|Sandstorm|[upkeep]
|-damage|p1a: Sleep Will Come|54/100|[from] Sandstorm
|-heal|p1a: Sleep Will Come|60/100|[from] item: Leftovers
|-heal|p2a: Tyranitar|61/100 brn|[from] item: Leftovers
|-damage|p2a: Tyranitar|49/100 brn|[from] brn
|upkeep
|turn|7
|
|t:|1730428003
|-activate|p1a: Sleep Will Come|move: Pursuit
|move|p2a: Tyranitar|Pursuit|p1a: Sleep Will Come|[from]Pursuit
|-supereffective|p1a: Sleep Will Come
|-damage|p1a: Sleep Will Come|0 fnt
|faint|p1a: Sleep Will Come
|-hint|Previously chosen switches continue in Gen 2-4 after a Pursuit target faints.
|switch|p1a: Madeline|Swampert, M|100/100
|-damage|p1a: Madeline|84/100|[from] Spikes
|
|-weather|Sandstorm|[upkeep]
|-heal|p1a: Madeline|90/100|[from] item: Leftovers
|-heal|p2a: Tyranitar|55/100 brn|[from] item: Leftovers
|-damage|p2a: Tyranitar|42/100 brn|[from] brn
|upkeep
|turn|8
|
|t:|1730428013
|switch|p2a: Quagsire|Quagsire, F|100/100
|-damage|p2a: Quagsire|88/100|[from] Spikes
|move|p1a: Madeline|Surf|p2a: Quagsire
|-heal|p2a: Quagsire|100/100|[from] ability: Water Absorb|[of] p1a: Madeline
|
|-weather|Sandstorm|[upkeep]
|-heal|p1a: Madeline|96/100|[from] item: Leftovers
|upkeep
|turn|9
|
|t:|1730428018
|move|p1a: Madeline|Toxic|p2a: Quagsire
|-status|p2a: Quagsire|tox
|move|p2a: Quagsire|Earthquake|p1a: Madeline
|-crit|p1a: Madeline
|-damage|p1a: Madeline|54/100
|
|-weather|Sandstorm|[upkeep]
|-heal|p1a: Madeline|60/100|[from] item: Leftovers
|-damage|p2a: Quagsire|94/100 tox|[from] psn
|upkeep
|turn|10
|
|t:|1730428023
|switch|p1a: Katherine|Skarmory, F|100/100
|move|p2a: Quagsire|Earthquake|p1a: Katherine
|-immune|p1a: Katherine
|
|-weather|Sandstorm|[upkeep]
|-heal|p2a: Quagsire|100/100 tox|[from] item: Leftovers
|-damage|p2a: Quagsire|88/100 tox|[from] psn
|upkeep
|turn|11
|
|t:|1730428025
|switch|p2a: Forretress|Forretress, F|100/100
|-damage|p2a: Forretress|88/100|[from] Spikes
|move|p1a: Katherine|Roar|p2a: Forretress
|drag|p2a: Quagsire|Quagsire, F|88/100 tox
|-damage|p2a: Quagsire|76/100 tox|[from] Spikes
|
|-weather|Sandstorm|[upkeep]
|-heal|p2a: Quagsire|82/100 tox|[from] item: Leftovers
|-damage|p2a: Quagsire|76/100 tox|[from] psn
|upkeep
|turn|12
|
|t:|1730428030
|switch|p2a: Forretress|Forretress, F|88/100
|-damage|p2a: Forretress|76/100|[from] Spikes
|move|p1a: Katherine|Roar|p2a: Forretress
|drag|p2a: Quagsire|Quagsire, F|76/100 tox
|-damage|p2a: Quagsire|63/100 tox|[from] Spikes
|
|-weather|Sandstorm|[upkeep]
|-heal|p2a: Quagsire|70/100 tox|[from] item: Leftovers
|-damage|p2a: Quagsire|63/100 tox|[from] psn
|upkeep
|turn|13
|
|t:|1730428032
|move|p2a: Quagsire|Ice Beam|p1a: Katherine
|-crit|p1a: Katherine
|-damage|p1a: Katherine|73/100
|move|p1a: Katherine|Roar|p2a: Quagsire
|drag|p2a: Blissey|Blissey, F|100/100
|-damage|p2a: Blissey|88/100|[from] Spikes
|
|-weather|Sandstorm|[upkeep]
|-damage|p2a: Blissey|82/100|[from] Sandstorm
|-heal|p1a: Katherine|79/100|[from] item: Leftovers
|-heal|p2a: Blissey|88/100|[from] item: Leftovers
|upkeep
|turn|14
|
|t:|1730428036
|move|p2a: Blissey|Thunderbolt|p1a: Katherine
|-supereffective|p1a: Katherine
|-damage|p1a: Katherine|35/100
|move|p1a: Katherine|Roar|p2a: Blissey
|drag|p2a: Tyranitar|Tyranitar, F|42/100 brn
|-damage|p2a: Tyranitar|30/100 brn|[from] Spikes
|
|-weather|Sandstorm|[upkeep]
|-heal|p1a: Katherine|41/100|[from] item: Leftovers
|-heal|p2a: Tyranitar|36/100 brn|[from] item: Leftovers
|-damage|p2a: Tyranitar|24/100 brn|[from] brn
|upkeep
|turn|15
|
|t:|1730428040
|move|p1a: Katherine|Protect|p1a: Katherine
|-singleturn|p1a: Katherine|Protect
|move|p2a: Tyranitar|Fire Blast|p1a: Katherine|[miss]
|-miss|p2a: Tyranitar|p1a: Katherine
|
|-weather|Sandstorm|[upkeep]
|-heal|p1a: Katherine|47/100|[from] item: Leftovers
|-heal|p2a: Tyranitar|30/100 brn|[from] item: Leftovers
|-damage|p2a: Tyranitar|18/100 brn|[from] brn
|upkeep
|turn|16
|inactive|big will 2024 has 270 seconds left.
|
|t:|1730428081
|switch|p1a: Madeline|Swampert, M|60/100
|-damage|p1a: Madeline|44/100|[from] Spikes
|move|p2a: Tyranitar|Hidden Power|p1a: Madeline
|-supereffective|p1a: Madeline
|-crit|p1a: Madeline
|-damage|p1a: Madeline|0 fnt
|faint|p1a: Madeline
|
|t:|1730428090
|switch|p1a: Sketch for Summer|Zapdos|100/100
|
|-weather|Sandstorm|[upkeep]
|-damage|p1a: Sketch for Summer|94/100|[from] Sandstorm
|-heal|p1a: Sketch for Summer|100/100|[from] item: Leftovers
|-heal|p2a: Tyranitar|24/100 brn|[from] item: Leftovers
|-damage|p2a: Tyranitar|11/100 brn|[from] brn
|upkeep
|turn|17
|
|t:|1730428095
|move|p1a: Sketch for Summer|Thunderbolt|p2a: Tyranitar
|-damage|p2a: Tyranitar|0 fnt
|faint|p2a: Tyranitar
|
|t:|1730428096
|switch|p2a: Blissey|Blissey, F|88/100
|-damage|p2a: Blissey|76/100|[from] Spikes
|
|-weather|Sandstorm|[upkeep]
|-damage|p1a: Sketch for Summer|94/100|[from] Sandstorm
|-damage|p2a: Blissey|69/100|[from] Sandstorm
|-heal|p1a: Sketch for Summer|100/100|[from] item: Leftovers
|-heal|p2a: Blissey|76/100|[from] item: Leftovers
|upkeep
|turn|18
|
|t:|1730428101
|move|p1a: Sketch for Summer|Toxic|p2a: Blissey
|-status|p2a: Blissey|tox
|move|p2a: Blissey|Soft-Boiled|p2a: Blissey
|-heal|p2a: Blissey|100/100 tox
|
|-weather|Sandstorm|[upkeep]
|-damage|p1a: Sketch for Summer|94/100|[from] Sandstorm
|-damage|p2a: Blissey|94/100 tox|[from] Sandstorm
|-heal|p1a: Sketch for Summer|100/100|[from] item: Leftovers
|-heal|p2a: Blissey|100/100 tox|[from] item: Leftovers
|-damage|p2a: Blissey|94/100 tox|[from] psn
|upkeep
|turn|19
|
|t:|1730428104
|move|p1a: Sketch for Summer|Protect|p1a: Sketch for Summer
|-singleturn|p1a: Sketch for Summer|Protect
|move|p2a: Blissey|Ice Beam|p1a: Sketch for Summer
|-activate|p1a: Sketch for Summer|Protect
|
|-weather|Sandstorm|[upkeep]
|-damage|p1a: Sketch for Summer|94/100|[from] Sandstorm
|-damage|p2a: Blissey|88/100 tox|[from] Sandstorm
|-heal|p1a: Sketch for Summer|100/100|[from] item: Leftovers
|-heal|p2a: Blissey|94/100 tox|[from] item: Leftovers
|-damage|p2a: Blissey|82/100 tox|[from] psn
|upkeep
|turn|20
|
|t:|1730428106
|move|p1a: Sketch for Summer|Thunderbolt|p2a: Blissey
|-damage|p2a: Blissey|64/100 tox
|move|p2a: Blissey|Ice Beam|p1a: Sketch for Summer
|-supereffective|p1a: Sketch for Summer
|-damage|p1a: Sketch for Summer|54/100
|
|-weather|Sandstorm|[upkeep]
|-damage|p1a: Sketch for Summer|48/100|[from] Sandstorm
|-damage|p2a: Blissey|58/100 tox|[from] Sandstorm
|-heal|p1a: Sketch for Summer|54/100|[from] item: Leftovers
|-heal|p2a: Blissey|64/100 tox|[from] item: Leftovers
|-damage|p2a: Blissey|46/100 tox|[from] psn
|upkeep
|turn|21
|
|t:|1730428111
|move|p1a: Sketch for Summer|Thunderbolt|p2a: Blissey
|-damage|p2a: Blissey|28/100 tox
|move|p2a: Blissey|Soft-Boiled|p2a: Blissey
|-heal|p2a: Blissey|78/100 tox
|
|-weather|Sandstorm|[upkeep]
|-damage|p1a: Sketch for Summer|48/100|[from] Sandstorm
|-damage|p2a: Blissey|72/100 tox|[from] Sandstorm
|-heal|p1a: Sketch for Summer|54/100|[from] item: Leftovers
|-heal|p2a: Blissey|78/100 tox|[from] item: Leftovers
|-damage|p2a: Blissey|53/100 tox|[from] psn
|upkeep
|turn|22
|
|t:|1730428112
|move|p1a: Sketch for Summer|Hidden Power|p2a: Blissey
|-damage|p2a: Blissey|45/100 tox
|move|p2a: Blissey|Aromatherapy|p2a: Blissey
|-cureteam|p2a: Blissey|[from] move: Aromatherapy
|
|-weather|Sandstorm|[upkeep]
|-damage|p1a: Sketch for Summer|48/100|[from] Sandstorm
|-damage|p2a: Blissey|38/100|[from] Sandstorm
|-heal|p1a: Sketch for Summer|54/100|[from] item: Leftovers
|-heal|p2a: Blissey|45/100|[from] item: Leftovers
|upkeep
|turn|23
|
|t:|1730428137
|switch|p1a: RequiemForAFather|Tyranitar, F|100/100
|-damage|p1a: RequiemForAFather|84/100|[from] Spikes
|move|p2a: Blissey|Soft-Boiled|p2a: Blissey
|-heal|p2a: Blissey|95/100
|
|-weather|Sandstorm|[upkeep]
|-damage|p2a: Blissey|88/100|[from] Sandstorm
|-heal|p1a: RequiemForAFather|90/100|[from] item: Leftovers
|-heal|p2a: Blissey|95/100|[from] item: Leftovers
|upkeep
|turn|24
|
|t:|1730428143
|switch|p1a: Katherine|Skarmory, F|47/100
|move|p2a: Blissey|Ice Beam|p1a: Katherine
|-damage|p1a: Katherine|24/100
|
|-weather|Sandstorm|[upkeep]
|-damage|p2a: Blissey|88/100|[from] Sandstorm
|-heal|p1a: Katherine|30/100|[from] item: Leftovers
|-heal|p2a: Blissey|95/100|[from] item: Leftovers
|upkeep
|turn|25
|
|t:|1730428147
|move|p1a: Katherine|Protect|p1a: Katherine
|-singleturn|p1a: Katherine|Protect
|move|p2a: Blissey|Thunderbolt|p1a: Katherine
|-activate|p1a: Katherine|Protect
|
|-weather|Sandstorm|[upkeep]
|-damage|p2a: Blissey|88/100|[from] Sandstorm
|-heal|p1a: Katherine|36/100|[from] item: Leftovers
|-heal|p2a: Blissey|95/100|[from] item: Leftovers
|upkeep
|turn|26
|
|t:|1730428150
|switch|p1a: RequiemForAFather|Tyranitar, F|90/100
|-damage|p1a: RequiemForAFather|73/100|[from] Spikes
|move|p2a: Blissey|Thunderbolt|p1a: RequiemForAFather
|-damage|p1a: RequiemForAFather|51/100
|
|-weather|Sandstorm|[upkeep]
|-damage|p2a: Blissey|88/100|[from] Sandstorm
|-heal|p1a: RequiemForAFather|57/100|[from] item: Leftovers
|-heal|p2a: Blissey|95/100|[from] item: Leftovers
|upkeep
|turn|27
|
|t:|1730428154
|switch|p2a: Flygon|Flygon, F|100/100
|move|p1a: RequiemForAFather|Rock Slide|p2a: Flygon
|-resisted|p2a: Flygon
|-damage|p2a: Flygon|86/100
|
|-weather|Sandstorm|[upkeep]
|-heal|p2a: Flygon|92/100|[from] item: Leftovers
|-heal|p1a: RequiemForAFather|63/100|[from] item: Leftovers
|upkeep
|turn|28
|
|t:|1730428163
|switch|p1a: Katherine|Skarmory, F|36/100
|move|p2a: Flygon|Rock Slide|p1a: Katherine
|-damage|p1a: Katherine|23/100
|
|-weather|Sandstorm|[upkeep]
|-heal|p2a: Flygon|98/100|[from] item: Leftovers
|-heal|p1a: Katherine|29/100|[from] item: Leftovers
|upkeep
|turn|29
|
|t:|1730428169
|switch|p2a: Forretress|Forretress, F|76/100
|-damage|p2a: Forretress|63/100|[from] Spikes
|move|p1a: Katherine|Roar|p2a: Forretress
|drag|p2a: Quagsire|Quagsire, F|63/100
|-damage|p2a: Quagsire|51/100|[from] Spikes
|
|-weather|Sandstorm|[upkeep]
|-heal|p1a: Katherine|35/100|[from] item: Leftovers
|-heal|p2a: Quagsire|57/100|[from] item: Leftovers
|upkeep
|turn|30
|
|t:|1730428174
|move|p1a: Katherine|Protect|p1a: Katherine
|-singleturn|p1a: Katherine|Protect
|move|p2a: Quagsire|Ice Beam|p1a: Katherine
|-activate|p1a: Katherine|Protect
|
|-weather|Sandstorm|[upkeep]
|-heal|p1a: Katherine|41/100|[from] item: Leftovers
|-heal|p2a: Quagsire|63/100|[from] item: Leftovers
|upkeep
|turn|31
|
|t:|1730428181
|move|p2a: Quagsire|Ice Beam|p1a: Katherine
|-damage|p1a: Katherine|26/100
|move|p1a: Katherine|Roar|p2a: Quagsire
|drag|p2a: Blissey|Blissey, F|95/100
|-damage|p2a: Blissey|82/100|[from] Spikes
|
|-weather|Sandstorm|[upkeep]
|-damage|p2a: Blissey|76/100|[from] Sandstorm
|-heal|p1a: Katherine|32/100|[from] item: Leftovers
|-heal|p2a: Blissey|82/100|[from] item: Leftovers
|upkeep
|turn|32
|
|t:|1730428187
|move|p1a: Katherine|Protect|p1a: Katherine
|-singleturn|p1a: Katherine|Protect
|move|p2a: Blissey|Thunderbolt|p1a: Katherine
|-activate|p1a: Katherine|Protect
|
|-weather|Sandstorm|[upkeep]
|-damage|p2a: Blissey|76/100|[from] Sandstorm
|-heal|p1a: Katherine|38/100|[from] item: Leftovers
|-heal|p2a: Blissey|82/100|[from] item: Leftovers
|upkeep
|turn|33
|
|t:|1730428189
|switch|p1a: RequiemForAFather|Tyranitar, F|63/100
|-damage|p1a: RequiemForAFather|47/100|[from] Spikes
|move|p2a: Blissey|Ice Beam|p1a: RequiemForAFather
|-damage|p1a: RequiemForAFather|27/100
|
|-weather|Sandstorm|[upkeep]
|-damage|p2a: Blissey|76/100|[from] Sandstorm
|-heal|p1a: RequiemForAFather|33/100|[from] item: Leftovers
|-heal|p2a: Blissey|82/100|[from] item: Leftovers
|upkeep
|turn|34
|
|t:|1730428194
|switch|p1a: Katherine|Skarmory, F|38/100
|switch|p2a: Flygon|Flygon, F|98/100
|
|-weather|Sandstorm|[upkeep]
|-heal|p2a: Flygon|100/100|[from] item: Leftovers
|-heal|p1a: Katherine|44/100|[from] item: Leftovers
|upkeep
|turn|35
|
|t:|1730428199
|move|p2a: Flygon|Fire Blast|p1a: Katherine
|-supereffective|p1a: Katherine
|-damage|p1a: Katherine|4/100
|move|p1a: Katherine|Spikes|p2a: Flygon
|-sidestart|p2: Tree69420|Spikes
|
|-weather|Sandstorm|[upkeep]
|-heal|p1a: Katherine|10/100|[from] item: Leftovers
|upkeep
|turn|36
|
|t:|1730428207
|switch|p2a: Forretress|Forretress, F|63/100
|-damage|p2a: Forretress|47/100|[from] Spikes
|move|p1a: Katherine|Roar|p2a: Forretress
|drag|p2a: Charizard|Charizard, F|100/100
|
|-weather|Sandstorm|[upkeep]
|-damage|p2a: Charizard|94/100|[from] Sandstorm
|-heal|p2a: Charizard|100/100|[from] item: Leftovers
|-heal|p1a: Katherine|16/100|[from] item: Leftovers
|upkeep
|turn|37
|
|t:|1730428223
|switch|p1a: Conduct|Aerodactyl, F|100/100
|move|p2a: Charizard|Substitute|p2a: Charizard
|-start|p2a: Charizard|Substitute
|-damage|p2a: Charizard|76/100
|
|-weather|Sandstorm|[upkeep]
|-damage|p2a: Charizard|70/100|[from] Sandstorm
|-heal|p2a: Charizard|76/100|[from] item: Leftovers
|upkeep
|turn|38
|
|t:|1730428228
|-singleturn|p2a: Charizard|move: Focus Punch
|move|p1a: Conduct|Double-Edge|p2a: Charizard
|-end|p2a: Charizard|Substitute
|move|p2a: Charizard|Focus Punch|p1a: Conduct
|-damage|p1a: Conduct|47/100
|
|-weather|Sandstorm|[upkeep]
|-damage|p2a: Charizard|70/100|[from] Sandstorm
|-heal|p2a: Charizard|76/100|[from] item: Leftovers
|upkeep
|turn|39
|
|t:|1730428261
|switch|p2a: Quagsire|Quagsire, F|63/100
|-damage|p2a: Quagsire|47/100|[from] Spikes
|move|p1a: Conduct|Double-Edge|p2a: Quagsire
|-damage|p2a: Quagsire|8/100
|
|-weather|Sandstorm|[upkeep]
|-heal|p2a: Quagsire|14/100|[from] item: Leftovers
|upkeep
|turn|40
|
|t:|1730428263
|move|p1a: Conduct|Double-Edge|p2a: Quagsire
|-damage|p2a: Quagsire|0 fnt
|faint|p2a: Quagsire
|
|t:|1730428265
|switch|p2a: Forretress|Forretress, F|47/100
|-damage|p2a: Forretress|30/100|[from] Spikes
|
|-weather|Sandstorm|[upkeep]
|-heal|p2a: Forretress|36/100|[from] item: Leftovers
|upkeep
|turn|41
|
|t:|1730428267
|move|p1a: Conduct|Double-Edge|p2a: Forretress
|-resisted|p2a: Forretress
|-damage|p2a: Forretress|17/100
|move|p2a: Forretress|Rapid Spin|p1a: Conduct
|-resisted|p1a: Conduct
|-crit|p1a: Conduct
|-damage|p1a: Conduct|41/100
|-sideend|p2: Tree69420|Spikes|[from] move: Rapid Spin|[of] p2a: Forretress
|
|-weather|Sandstorm|[upkeep]
|-heal|p2a: Forretress|23/100|[from] item: Leftovers
|upkeep
|turn|42
|
|t:|1730428276
|switch|p1a: RequiemForAFather|Tyranitar, F|33/100
|-damage|p1a: RequiemForAFather|17/100|[from] Spikes
|move|p2a: Forretress|Hidden Power|p1a: RequiemForAFather
|-supereffective|p1a: RequiemForAFather
|-damage|p1a: RequiemForAFather|0 fnt
|faint|p1a: RequiemForAFather
|
|t:|1730428279
|switch|p1a: Katherine|Skarmory, F|16/100
|
|-weather|Sandstorm|[upkeep]
|-heal|p1a: Katherine|22/100|[from] item: Leftovers
|-heal|p2a: Forretress|29/100|[from] item: Leftovers
|upkeep
|turn|43
|
|t:|1730428283
|switch|p1a: Sketch for Summer|Zapdos|54/100
|move|p2a: Forretress|Spikes|p1a: Sketch for Summer
|-sidestart|p1: big will 2024|Spikes
|
|-weather|Sandstorm|[upkeep]
|-damage|p1a: Sketch for Summer|48/100|[from] Sandstorm
|-heal|p1a: Sketch for Summer|54/100|[from] item: Leftovers
|-heal|p2a: Forretress|36/100|[from] item: Leftovers
|upkeep
|turn|44
|
|t:|1730428285
|switch|p2a: Blissey|Blissey, F|82/100
|move|p1a: Sketch for Summer|Thunderbolt|p2a: Blissey
|-damage|p2a: Blissey|62/100
|
|-weather|Sandstorm|[upkeep]
|-damage|p1a: Sketch for Summer|48/100|[from] Sandstorm
|-damage|p2a: Blissey|56/100|[from] Sandstorm
|-heal|p1a: Sketch for Summer|54/100|[from] item: Leftovers
|-heal|p2a: Blissey|62/100|[from] item: Leftovers
|upkeep
|turn|45
|
|t:|1730428290
|move|p1a: Sketch for Summer|Toxic|p2a: Blissey
|-status|p2a: Blissey|tox
|move|p2a: Blissey|Ice Beam|p1a: Sketch for Summer
|-supereffective|p1a: Sketch for Summer
|-damage|p1a: Sketch for Summer|4/100
|
|-weather|Sandstorm|[upkeep]
|-damage|p1a: Sketch for Summer|0 fnt|[from] Sandstorm
|-damage|p2a: Blissey|56/100 tox|[from] Sandstorm
|faint|p1a: Sketch for Summer
|-heal|p2a: Blissey|62/100 tox|[from] item: Leftovers
|-damage|p2a: Blissey|56/100 tox|[from] psn
|upkeep
|
|t:|1730428293
|switch|p1a: Conduct|Aerodactyl, F|41/100
|turn|46
|
|t:|1730428300
|-curestatus|p2a: Blissey|tox|[from] ability: Natural Cure
|switch|p2a: Forretress|Forretress, F|36/100
|move|p1a: Conduct|Double-Edge|p2a: Forretress
|-resisted|p2a: Forretress
|-damage|p2a: Forretress|15/100
|
|-weather|Sandstorm|[upkeep]
|-heal|p2a: Forretress|21/100|[from] item: Leftovers
|upkeep
|turn|47
|
|t:|1730428302
|move|p1a: Conduct|Double-Edge|p2a: Forretress
|-resisted|p2a: Forretress
|-damage|p2a: Forretress|1/100
|move|p2a: Forretress|Hidden Power|p1a: Conduct
|-resisted|p1a: Conduct
|-damage|p1a: Conduct|22/100
|
|-weather|Sandstorm|[upkeep]
|-heal|p2a: Forretress|7/100|[from] item: Leftovers
|upkeep
|turn|48
|
|t:|1730428305
|move|p1a: Conduct|Double-Edge|p2a: Forretress
|-resisted|p2a: Forretress
|-damage|p2a: Forretress|0 fnt
|faint|p2a: Forretress
|
|t:|1730428307
|switch|p2a: Flygon|Flygon, F|100/100
|
|-weather|Sandstorm|[upkeep]
|upkeep
|turn|49
|
|t:|1730428318
|move|p1a: Conduct|Double-Edge|p2a: Flygon
|-damage|p2a: Flygon|60/100
|move|p2a: Flygon|Rock Slide|p1a: Conduct
|-supereffective|p1a: Conduct
|-damage|p1a: Conduct|0 fnt
|faint|p1a: Conduct
|c|☆Tree69420|gg
|-message|big will 2024 forfeited.
|
|win|Tree69420
|c|☆big will 2024|ggs
|player|p1|

</script>
<script type="application/json" class="data" id="replaydata-smogtours-gen3ou-803667">
{"id":"smogtours-gen3ou-803667","format":"[Gen 3] OU","players":["big will 2024","Tree69420"],"uploadtime":1730428324,"views":86,"formatid":"gen3ou","rating":null,"private":0,"password":null}
</script>

<script defer src="js/replays.js?9d40a366"></script>
