<!DOCTYPE html>
<meta charset="utf-8" />
<meta name="viewport" content="width=device-width" />

<title>[Gen 3] OU: marsandback vs. Churielix - Replays - Pok&eacute;mon Showdown!</title>

<meta name="description" content="Watch a replay of a Pok&eacute;mon battle between marsandback and Churielix! Format: [Gen 3] OU; Date: Oct 25, 2024" />
<!--

Hey, you! Looking in the source for the replay log?

You can find them in JSON format, just add `.json` at the end of a replay URL.

https://replay.pokemonshowdown.com/gen7randomdoublesbattle-865046831.json

Or, if you only need the log itself, add `.log` instead:

https://replay.pokemonshowdown.com/gen7randomdoublesbattle-865046831.log

-->

<link rel="stylesheet" href="//pokemonshowdown.com/style/global.css?0.023195364461161105" />
<link rel="stylesheet" href="//play.pokemonshowdown.com/style/font-awesome.css?0.13261647063804238" />
<link rel="stylesheet" href="//play.pokemonshowdown.com/style/battle.css?0.8753245789963631" />
<link rel="stylesheet" href="//play.pokemonshowdown.com/style/utilichart.css?0.8627959624976733" />

<!-- Global site tag (gtag.js) - Google Analytics -->
<script async src="https://www.googletagmanager.com/gtag/js?id=UA-26211653-1"></script>
<script>
  window.dataLayer = window.dataLayer || [];
  function gtag(){dataLayer.push(arguments);}
  gtag('js', new Date());

  gtag('config', 'UA-26211653-1');
</script>
<!-- End Google Analytics -->
<!-- Venatus Ad Manager - Install in <HEAD> of page -->
	<script src="https://hb.vntsm.com/v3/live/ad-manager.min.js" type="text/javascript" data-site-id="642aba63ec9a7b11c3c9c1be" data-mode="scan" async></script>
<!-- / Venatus Ad Manager -->

<style>
	@media (max-width:820px) {
		.battle {
			margin: 0 auto;
		}
		.battle-log {
			margin: 7px auto 0;
			max-width: 640px;
			height: 300px;
			position: static;
		}
	}
	.optgroup {
		display: inline-block;
		line-height: 22px;
		font-size: 10pt;
	}
	.optgroup .button {
		height: 25px;
		padding-top: 0;
		padding-bottom: 0;
	}
	.optgroup button.button {
		padding-left: 12px;
		padding-right: 12px;
	}
	.linklist {
		list-style: none;
		margin: 0.5em 0;
		padding: 0;
	}
	.linklist li {
		padding: 2px 0;
	}
	.sidebar {
		float: left;
		width: 320px;
	}
	.bar-wrapper {
		max-width: 1100px;
		margin: 0 auto;
	}
	.bar-wrapper.has-sidebar {
		max-width: 1430px;
	}
	.mainbar {
		margin: 0;
		padding-right: 1px;
	}
	.mainbar.has-sidebar {
		margin-left: 330px;
	}
	@media (min-width: 1511px) {
		.sidebar {
			width: 400px;
		}
		.bar-wrapper.has-sidebar {
			max-width: 1510px;
		}
		.mainbar.has-sidebar {
			margin-left: 410px;
		}
	}
	.section.first-section {
		margin-top: 9px;
	}
	.blocklink small {
		white-space: normal;
	}
	.button {
		vertical-align: middle;
	}
	.replay-controls {
		padding-top: 10px;
	}
	.replay-controls h1 {
		font-size: 16pt;
		font-weight: normal;
		color: #CCC;
	}
	.pagelink {
		text-align: center;
	}
	.pagelink a {
		width: 150px;
	}
	.textbox, .button {
		font-size: 11pt;
		vertical-align: middle;
	}
	@media (max-width: 450px) {
		.button {
			font-size: 9pt;
		}
	}
</style>

<div>

	<header>
		<div class="nav-wrapper"><ul class="nav">
			<li><a class="button nav-first" href="//pokemonshowdown.com/"><img src="//pokemonshowdown.com/images/pokemonshowdownbeta.png" srcset="//pokemonshowdown.com/images/pokemonshowdownbeta.png 1x, //pokemonshowdown.com/images/pokemonshowdownbeta@2x.png 2x" alt="Pok&eacute;mon Showdown" width="146" height="44" /> Home</a></li>
			<li><a class="button" href="//pokemonshowdown.com/dex/">Pok&eacute;dex</a></li>
			<li><a class="button cur" href="/">Replays</a></li>
			<li><a class="button" href="//pokemonshowdown.com/ladder/">Ladder</a></li>
			<li><a class="button nav-last" href="//pokemonshowdown.com/forums/">Forum</a></li>
			<li><a class="button greenbutton nav-first nav-last" href="//play.pokemonshowdown.com/">Play</a></li>
		</ul></div>
	</header>

	<div class="main" id="main">

		<noscript><section class="section">You need to enable JavaScript to use this page; sorry!</section></noscript>

	</div>

</div>

<script defer nomodule src="//play.pokemonshowdown.com/js/lib/ps-polyfill.js"></script>
<script defer src="//play.pokemonshowdown.com/js/lib/preact.min.js"></script>

<script defer src="//play.pokemonshowdown.com/config/config.js?2bddbc15"></script>
<script defer src="//play.pokemonshowdown.com/js/lib/jquery-1.11.0.min.js"></script>
<script defer src="//play.pokemonshowdown.com/js/lib/html-sanitizer-minified.js"></script>
<script defer src="//play.pokemonshowdown.com/js/battle-sound.js"></script>
<script defer src="//play.pokemonshowdown.com/js/battledata.js?0.7209276989879541"></script>
<script defer src="//play.pokemonshowdown.com/data/pokedex-mini.js?0.6111056340867951"></script>
<script defer src="//play.pokemonshowdown.com/data/pokedex-mini-bw.js?0.3532142036491459"></script>
<script defer src="//play.pokemonshowdown.com/data/graphics.js?0.24223875632456182"></script>
<script defer src="//play.pokemonshowdown.com/data/pokedex.js?0.38839984266356864"></script>
<script defer src="//play.pokemonshowdown.com/data/moves.js?0.21866028504024015"></script>
<script defer src="//play.pokemonshowdown.com/data/abilities.js?0.2005157953846628"></script>
<script defer src="//play.pokemonshowdown.com/data/items.js?0.9894211263848525"></script>
<script defer src="//play.pokemonshowdown.com/data/teambuilder-tables.js?0.6008791140282215"></script>
<script defer src="//play.pokemonshowdown.com/js/battle-tooltips.js?0.7580118955022959"></script>
<script defer src="//play.pokemonshowdown.com/js/battle.js?0.6057722274234274"></script>

<script defer src="js/utils.js?e31f9a17"></script>
<script defer src="js/replays-battle.js?7008c182"></script>

<!-- don't scrape this data! just add .json or .log after the URL!
Full API docs: https://github.com/smogon/pokemon-showdown-client/blob/master/WEB-API.md -->
<script type="text/plain" class="log" id="replaylog-smogtours-gen3ou-801861">
|inactive|Battle timer is ON: inactive players will automatically lose when time's up.
|t:|1729879941
|gametype|singles
|player|p1|marsandback|erika-gen3|
|player|p2|Churielix|blackbelt|
|teamsize|p1|6
|teamsize|p2|6
|gen|3
|tier|[Gen 3] OU
|rule|Sleep Clause Mod: Limit one foe put to sleep
|rule|Switch Priority Clause Mod: Faster Pokémon switch first
|rule|Species Clause: Limit one of each Pokémon
|rule|OHKO Clause: OHKO moves are banned
|rule|Evasion Items Clause: Evasion items are banned
|rule|Evasion Moves Clause: Evasion moves are banned
|rule|Endless Battle Clause: Forcing endless battles is banned
|rule|HP Percentage Mod: HP is shown in percentages
|rule|One Boost Passer Clause: Limit one Baton Passer that has a way to boost its stats
|rule|Freeze Clause Mod: Limit one foe frozen
|
|t:|1729879941
|start
|switch|p1a: Zapdos|Zapdos|100/100
|switch|p2a: Tyranitar|Tyranitar, F|100/100
|-weather|Sandstorm|[from] ability: Sand Stream|[of] p2a: Tyranitar
|turn|1
|c|☆marsandback|hf
|
|t:|1729879956
|switch|p1a: Swampert|Swampert, M|100/100
|move|p2a: Tyranitar|Rock Slide|p1a: Swampert
|-resisted|p1a: Swampert
|-damage|p1a: Swampert|87/100
|
|-weather|Sandstorm|[upkeep]
|-heal|p1a: Swampert|93/100|[from] item: Leftovers
|upkeep
|turn|2
|
|t:|1729879968
|switch|p1a: Zapdos|Zapdos|100/100
|switch|p2a: Skarmory|Skarmory, F|100/100
|
|-weather|Sandstorm|[upkeep]
|-damage|p1a: Zapdos|94/100|[from] Sandstorm
|-heal|p1a: Zapdos|100/100|[from] item: Leftovers
|upkeep
|turn|3
|c|☆Churielix|u2
|
|t:|1729879975
|switch|p2a: Celebi|Celebi|100/100
|move|p1a: Zapdos|Thunder Wave|p2a: Celebi
|-status|p2a: Celebi|par
|
|-weather|Sandstorm|[upkeep]
|-damage|p1a: Zapdos|94/100|[from] Sandstorm
|-damage|p2a: Celebi|94/100 par|[from] Sandstorm
|-heal|p1a: Zapdos|100/100|[from] item: Leftovers
|-heal|p2a: Celebi|100/100 par|[from] item: Leftovers
|upkeep
|turn|4
|
|t:|1729879980
|switch|p1a: Skarmory|Skarmory, M|100/100
|move|p2a: Celebi|Leech Seed|p1a: Skarmory
|-start|p1a: Skarmory|move: Leech Seed
|
|-weather|Sandstorm|[upkeep]
|-damage|p2a: Celebi|94/100 par|[from] Sandstorm
|-damage|p1a: Skarmory|88/100|[from] Leech Seed|[of] p2a: Celebi
|-heal|p2a: Celebi|100/100 par|[silent]
|upkeep
|turn|5
|
|t:|1729879985
|-curestatus|p2a: Celebi|par|[from] ability: Natural Cure
|switch|p2a: Skarmory|Skarmory, F|100/100
|move|p1a: Skarmory|Spikes|p2a: Skarmory
|-sidestart|p2: Churielix|Spikes
|
|-weather|Sandstorm|[upkeep]
|-heal|p1a: Skarmory|94/100|[from] item: Leftovers
|-damage|p1a: Skarmory|82/100|[from] Leech Seed|[of] p2a: Skarmory
|upkeep
|turn|6
|
|t:|1729879989
|move|p2a: Skarmory|Spikes|p1a: Skarmory
|-sidestart|p1: marsandback|Spikes
|move|p1a: Skarmory|Taunt|p2a: Skarmory
|-start|p2a: Skarmory|move: Taunt
|
|-weather|Sandstorm|[upkeep]
|-heal|p1a: Skarmory|88/100|[from] item: Leftovers
|-damage|p1a: Skarmory|76/100|[from] Leech Seed|[of] p2a: Skarmory
|upkeep
|turn|7
|
|t:|1729880000
|switch|p2a: Tyranitar|Tyranitar, F|100/100
|-damage|p2a: Tyranitar|88/100|[from] Spikes
|switch|p1a: Zapdos|Zapdos|100/100
|
|-weather|Sandstorm|[upkeep]
|-damage|p1a: Zapdos|94/100|[from] Sandstorm
|-heal|p1a: Zapdos|100/100|[from] item: Leftovers
|-heal|p2a: Tyranitar|94/100|[from] item: Leftovers
|upkeep
|turn|8
|c|+Elian|sos un tonto churielix
|
|t:|1729880008
|-singleturn|p2a: Tyranitar|move: Focus Punch
|move|p1a: Zapdos|Thunderbolt|p2a: Tyranitar
|-damage|p2a: Tyranitar|60/100
|move|p2a: Tyranitar|Focus Punch||[still]
|cant|p2a: Tyranitar|Focus Punch|Focus Punch
|
|-weather|Sandstorm|[upkeep]
|-damage|p1a: Zapdos|94/100|[from] Sandstorm
|-heal|p1a: Zapdos|100/100|[from] item: Leftovers
|-heal|p2a: Tyranitar|67/100|[from] item: Leftovers
|upkeep
|turn|9
|
|t:|1729880013
|-singleturn|p2a: Tyranitar|move: Focus Punch
|move|p1a: Zapdos|Thunderbolt|p2a: Tyranitar
|-damage|p2a: Tyranitar|35/100
|move|p2a: Tyranitar|Focus Punch||[still]
|cant|p2a: Tyranitar|Focus Punch|Focus Punch
|
|-weather|Sandstorm|[upkeep]
|-damage|p1a: Zapdos|94/100|[from] Sandstorm
|-heal|p1a: Zapdos|100/100|[from] item: Leftovers
|-heal|p2a: Tyranitar|41/100|[from] item: Leftovers
|upkeep
|turn|10
|
|t:|1729880016
|switch|p1a: Swampert|Swampert, M|93/100
|-damage|p1a: Swampert|80/100|[from] Spikes
|move|p2a: Tyranitar|Rock Slide|p1a: Swampert
|-resisted|p1a: Swampert
|-damage|p1a: Swampert|64/100
|
|-weather|Sandstorm|[upkeep]
|-heal|p1a: Swampert|70/100|[from] item: Leftovers
|-heal|p2a: Tyranitar|47/100|[from] item: Leftovers
|upkeep
|turn|11
|
|t:|1729880019
|switch|p2a: Skarmory|Skarmory, F|100/100
|move|p1a: Swampert|Toxic|p2a: Skarmory
|-immune|p2a: Skarmory
|
|-weather|Sandstorm|[upkeep]
|-heal|p1a: Swampert|76/100|[from] item: Leftovers
|upkeep
|turn|12
|
|t:|1729880023
|switch|p1a: Skarmory|Skarmory, M|76/100
|move|p2a: Skarmory|Toxic|p1a: Skarmory
|-immune|p1a: Skarmory
|
|-weather|Sandstorm|[upkeep]
|-heal|p1a: Skarmory|82/100|[from] item: Leftovers
|upkeep
|turn|13
|
|t:|1729880025
|move|p2a: Skarmory|Taunt|p1a: Skarmory
|-start|p1a: Skarmory|move: Taunt
|cant|p1a: Skarmory|move: Taunt|Spikes
|
|-weather|Sandstorm|[upkeep]
|-heal|p1a: Skarmory|88/100|[from] item: Leftovers
|upkeep
|turn|14
|
|t:|1729880029
|switch|p1a: Zapdos|Zapdos|100/100
|move|p2a: Skarmory|Spikes|p1a: Zapdos
|-sidestart|p1: marsandback|Spikes
|
|-weather|Sandstorm|[upkeep]
|-damage|p1a: Zapdos|94/100|[from] Sandstorm
|-heal|p1a: Zapdos|100/100|[from] item: Leftovers
|upkeep
|turn|15
|
|t:|1729880034
|switch|p2a: Celebi|Celebi|100/100
|-damage|p2a: Celebi|88/100|[from] Spikes
|move|p1a: Zapdos|Thunderbolt|p2a: Celebi
|-resisted|p2a: Celebi
|-damage|p2a: Celebi|74/100
|-status|p2a: Celebi|par
|
|-weather|Sandstorm|[upkeep]
|-damage|p1a: Zapdos|94/100|[from] Sandstorm
|-damage|p2a: Celebi|68/100 par|[from] Sandstorm
|-heal|p1a: Zapdos|100/100|[from] item: Leftovers
|-heal|p2a: Celebi|74/100 par|[from] item: Leftovers
|upkeep
|turn|16
|
|t:|1729880042
|switch|p1a: Skarmory|Skarmory, M|88/100
|-curestatus|p2a: Celebi|par|[from] ability: Natural Cure
|switch|p2a: Gengar|Gengar, M|100/100
|
|-weather|Sandstorm|[upkeep]
|-damage|p2a: Gengar|94/100|[from] Sandstorm
|-heal|p2a: Gengar|100/100|[from] item: Leftovers
|-heal|p1a: Skarmory|94/100|[from] item: Leftovers
|upkeep
|turn|17
|
|t:|1729880046
|switch|p1a: Celebi|Celebi|100/100
|-damage|p1a: Celebi|84/100|[from] Spikes
|move|p2a: Gengar|Taunt|p1a: Celebi
|-start|p1a: Celebi|move: Taunt
|
|-weather|Sandstorm|[upkeep]
|-damage|p2a: Gengar|94/100|[from] Sandstorm
|-damage|p1a: Celebi|78/100|[from] Sandstorm
|-heal|p2a: Gengar|100/100|[from] item: Leftovers
|-heal|p1a: Celebi|84/100|[from] item: Leftovers
|upkeep
|turn|18
|
|t:|1729880053
|switch|p2a: Skarmory|Skarmory, F|100/100
|move|p1a: Celebi|Psychic|p2a: Skarmory
|-resisted|p2a: Skarmory
|-damage|p2a: Skarmory|86/100
|
|-weather|Sandstorm|[upkeep]
|-damage|p1a: Celebi|78/100|[from] Sandstorm
|-heal|p1a: Celebi|84/100|[from] item: Leftovers
|-end|p1a: Celebi|move: Taunt|[silent]
|-heal|p2a: Skarmory|92/100|[from] item: Leftovers
|upkeep
|turn|19
|
|t:|1729880059
|move|p1a: Celebi|Leech Seed|p2a: Skarmory
|-start|p2a: Skarmory|move: Leech Seed
|move|p2a: Skarmory|Toxic|p1a: Celebi
|-status|p1a: Celebi|tox
|
|-weather|Sandstorm|[upkeep]
|-damage|p1a: Celebi|78/100 tox|[from] Sandstorm
|-heal|p1a: Celebi|84/100 tox|[from] item: Leftovers
|-damage|p1a: Celebi|78/100 tox|[from] psn
|-heal|p2a: Skarmory|98/100|[from] item: Leftovers
|-damage|p2a: Skarmory|86/100|[from] Leech Seed|[of] p1a: Celebi
|-heal|p1a: Celebi|88/100 tox|[silent]
|upkeep
|turn|20
|
|t:|1729880062
|-curestatus|p1a: Celebi|tox|[from] ability: Natural Cure
|switch|p1a: Skarmory|Skarmory, M|94/100
|move|p2a: Skarmory|Spikes|p1a: Skarmory
|-sidestart|p1: marsandback|Spikes
|
|-weather|Sandstorm|[upkeep]
|-heal|p2a: Skarmory|92/100|[from] item: Leftovers
|-damage|p2a: Skarmory|80/100|[from] Leech Seed|[of] p1a: Skarmory
|-heal|p1a: Skarmory|100/100|[silent]
|upkeep
|turn|21
|
|t:|1729880065
|move|p2a: Skarmory|Taunt|p1a: Skarmory
|-start|p1a: Skarmory|move: Taunt
|cant|p1a: Skarmory|move: Taunt|Spikes
|
|-weather|Sandstorm|[upkeep]
|-heal|p2a: Skarmory|86/100|[from] item: Leftovers
|-damage|p2a: Skarmory|73/100|[from] Leech Seed|[of] p1a: Skarmory
|upkeep
|turn|22
|c|☆Churielix|callen a elian san por favor
|
|t:|1729880088
|switch|p2a: Moltres|Moltres|100/100
|switch|p1a: Zapdos|Zapdos|100/100
|
|-weather|Sandstorm|[upkeep]
|-damage|p2a: Moltres|94/100|[from] Sandstorm
|-damage|p1a: Zapdos|94/100|[from] Sandstorm
|-heal|p2a: Moltres|100/100|[from] item: Leftovers
|-heal|p1a: Zapdos|100/100|[from] item: Leftovers
|upkeep
|turn|23
|
|t:|1729880093
|switch|p2a: Celebi|Celebi|74/100
|-damage|p2a: Celebi|61/100|[from] Spikes
|move|p1a: Zapdos|Thunderbolt|p2a: Celebi
|-resisted|p2a: Celebi
|-damage|p2a: Celebi|47/100
|
|-weather|Sandstorm|[upkeep]
|-damage|p2a: Celebi|41/100|[from] Sandstorm
|-damage|p1a: Zapdos|94/100|[from] Sandstorm
|-heal|p1a: Zapdos|100/100|[from] item: Leftovers
|-heal|p2a: Celebi|47/100|[from] item: Leftovers
|upkeep
|turn|24
|
|t:|1729880097
|move|p1a: Zapdos|Toxic|p2a: Celebi
|-status|p2a: Celebi|tox
|move|p2a: Celebi|Recover|p2a: Celebi
|-heal|p2a: Celebi|97/100 tox
|
|-weather|Sandstorm|[upkeep]
|-damage|p2a: Celebi|91/100 tox|[from] Sandstorm
|-damage|p1a: Zapdos|94/100|[from] Sandstorm
|-heal|p2a: Celebi|97/100 tox|[from] item: Leftovers
|-heal|p1a: Zapdos|100/100|[from] item: Leftovers
|-damage|p2a: Celebi|91/100 tox|[from] psn
|upkeep
|turn|25
|
|t:|1729880101
|move|p2a: Celebi|Leech Seed|p1a: Zapdos
|-start|p1a: Zapdos|move: Leech Seed
|move|p1a: Zapdos|Thunderbolt|p2a: Celebi
|-resisted|p2a: Celebi
|-damage|p2a: Celebi|77/100 tox
|
|-weather|Sandstorm|[upkeep]
|-damage|p2a: Celebi|71/100 tox|[from] Sandstorm
|-damage|p1a: Zapdos|94/100|[from] Sandstorm
|-heal|p1a: Zapdos|100/100|[from] item: Leftovers
|-heal|p2a: Celebi|77/100 tox|[from] item: Leftovers
|-damage|p1a: Zapdos|88/100|[from] Leech Seed|[of] p2a: Celebi
|-heal|p2a: Celebi|88/100 tox|[silent]
|-damage|p2a: Celebi|76/100 tox|[from] psn
|upkeep
|turn|26
|
|t:|1729880108
|-curestatus|p2a: Celebi|tox|[from] ability: Natural Cure
|switch|p2a: Gengar|Gengar, M|100/100
|move|p1a: Zapdos|Thunderbolt|p2a: Gengar
|-damage|p2a: Gengar|54/100
|
|-weather|Sandstorm|[upkeep]
|-damage|p2a: Gengar|48/100|[from] Sandstorm
|-damage|p1a: Zapdos|82/100|[from] Sandstorm
|-heal|p2a: Gengar|54/100|[from] item: Leftovers
|-heal|p1a: Zapdos|88/100|[from] item: Leftovers
|-damage|p1a: Zapdos|76/100|[from] Leech Seed|[of] p2a: Gengar
|-heal|p2a: Gengar|69/100|[silent]
|upkeep
|turn|27
|
|t:|1729880117
|switch|p1a: Celebi|Celebi|88/100
|-damage|p1a: Celebi|63/100|[from] Spikes
|move|p2a: Gengar|Ice Punch|p1a: Celebi
|-supereffective|p1a: Celebi
|-damage|p1a: Celebi|36/100
|
|-weather|Sandstorm|[upkeep]
|-damage|p2a: Gengar|63/100|[from] Sandstorm
|-damage|p1a: Celebi|29/100|[from] Sandstorm
|-heal|p2a: Gengar|69/100|[from] item: Leftovers
|-heal|p1a: Celebi|36/100|[from] item: Leftovers
|upkeep
|turn|28
|
|t:|1729880123
|switch|p2a: Moltres|Moltres|100/100
|move|p1a: Celebi|Recover|p1a: Celebi
|-heal|p1a: Celebi|86/100
|
|-weather|Sandstorm|[upkeep]
|-damage|p2a: Moltres|94/100|[from] Sandstorm
|-damage|p1a: Celebi|79/100|[from] Sandstorm
|-heal|p2a: Moltres|100/100|[from] item: Leftovers
|-heal|p1a: Celebi|86/100|[from] item: Leftovers
|upkeep
|turn|29
|
|t:|1729880132
|switch|p1a: Zapdos|Zapdos|76/100
|move|p2a: Moltres|Flamethrower|p1a: Zapdos
|-damage|p1a: Zapdos|42/100
|
|-weather|Sandstorm|[upkeep]
|-damage|p2a: Moltres|94/100|[from] Sandstorm
|-damage|p1a: Zapdos|36/100|[from] Sandstorm
|-heal|p2a: Moltres|100/100|[from] item: Leftovers
|-heal|p1a: Zapdos|42/100|[from] item: Leftovers
|upkeep
|turn|30
|
|t:|1729880157
|switch|p2a: Celebi|Celebi|76/100
|-damage|p2a: Celebi|64/100|[from] Spikes
|move|p1a: Zapdos|Thunderbolt|p2a: Celebi
|-resisted|p2a: Celebi
|-damage|p2a: Celebi|48/100
|
|-weather|Sandstorm|[upkeep]
|-damage|p1a: Zapdos|36/100|[from] Sandstorm
|-damage|p2a: Celebi|41/100|[from] Sandstorm
|-heal|p1a: Zapdos|42/100|[from] item: Leftovers
|-heal|p2a: Celebi|48/100|[from] item: Leftovers
|upkeep
|turn|31
|
|t:|1729880164
|switch|p1a: Skarmory|Skarmory, M|100/100
|move|p2a: Celebi|Recover|p2a: Celebi
|-heal|p2a: Celebi|98/100
|
|-weather|Sandstorm|[upkeep]
|-damage|p2a: Celebi|91/100|[from] Sandstorm
|-heal|p2a: Celebi|98/100|[from] item: Leftovers
|upkeep
|turn|32
|
|t:|1729880167
|switch|p2a: Moltres|Moltres|100/100
|move|p1a: Skarmory|Spikes|p2a: Moltres
|-sidestart|p2: Churielix|Spikes
|
|-weather|Sandstorm|[upkeep]
|-damage|p2a: Moltres|94/100|[from] Sandstorm
|-heal|p2a: Moltres|100/100|[from] item: Leftovers
|upkeep
|turn|33
|
|t:|1729880171
|switch|p1a: Tyranitar|Tyranitar, M|100/100
|-damage|p1a: Tyranitar|76/100|[from] Spikes
|move|p2a: Moltres|Flamethrower|p1a: Tyranitar
|-resisted|p1a: Tyranitar
|-damage|p1a: Tyranitar|53/100
|
|-weather|Sandstorm|[upkeep]
|-damage|p2a: Moltres|94/100|[from] Sandstorm
|-heal|p2a: Moltres|100/100|[from] item: Leftovers
|-heal|p1a: Tyranitar|60/100|[from] item: Leftovers
|upkeep
|turn|34
|
|t:|1729880177
|switch|p2a: Skarmory|Skarmory, F|73/100
|move|p1a: Tyranitar|Rock Slide|p2a: Skarmory|[miss]
|-miss|p1a: Tyranitar|p2a: Skarmory
|
|-weather|Sandstorm|[upkeep]
|-heal|p2a: Skarmory|79/100|[from] item: Leftovers
|-heal|p1a: Tyranitar|66/100|[from] item: Leftovers
|upkeep
|turn|35
|
|t:|1729880182
|-singleturn|p1a: Tyranitar|move: Focus Punch
|move|p1a: Tyranitar|Focus Punch|p2a: Skarmory
|-damage|p2a: Skarmory|38/100
|move|p2a: Skarmory|Roar|p1a: Tyranitar
|drag|p1a: Celebi|Celebi|86/100
|-damage|p1a: Celebi|61/100|[from] Spikes
|
|-weather|Sandstorm|[upkeep]
|-damage|p1a: Celebi|54/100|[from] Sandstorm
|-heal|p1a: Celebi|61/100|[from] item: Leftovers
|-heal|p2a: Skarmory|44/100|[from] item: Leftovers
|upkeep
|turn|36
|
|t:|1729880191
|switch|p2a: Celebi|Celebi|98/100
|-damage|p2a: Celebi|81/100|[from] Spikes
|move|p1a: Celebi|Recover|p1a: Celebi
|-heal|p1a: Celebi|100/100
|
|-weather|Sandstorm|[upkeep]
|-damage|p2a: Celebi|75/100|[from] Sandstorm
|-damage|p1a: Celebi|94/100|[from] Sandstorm
|-heal|p1a: Celebi|100/100|[from] item: Leftovers
|-heal|p2a: Celebi|81/100|[from] item: Leftovers
|upkeep
|turn|37
|
|t:|1729880198
|switch|p1a: Skarmory|Skarmory, M|100/100
|switch|p2a: Moltres|Moltres|100/100
|
|-weather|Sandstorm|[upkeep]
|-damage|p2a: Moltres|94/100|[from] Sandstorm
|-heal|p2a: Moltres|100/100|[from] item: Leftovers
|upkeep
|turn|38
|
|t:|1729880210
|move|p2a: Moltres|Flamethrower|p1a: Skarmory
|-supereffective|p1a: Skarmory
|-crit|p1a: Skarmory
|-damage|p1a: Skarmory|0 fnt
|faint|p1a: Skarmory
|
|t:|1729880214
|switch|p1a: Zapdos|Zapdos|42/100
|
|-weather|Sandstorm|[upkeep]
|-damage|p2a: Moltres|94/100|[from] Sandstorm
|-damage|p1a: Zapdos|36/100|[from] Sandstorm
|-heal|p2a: Moltres|100/100|[from] item: Leftovers
|-heal|p1a: Zapdos|42/100|[from] item: Leftovers
|upkeep
|turn|39
|
|t:|1729880218
|switch|p2a: Celebi|Celebi|81/100
|-damage|p2a: Celebi|64/100|[from] Spikes
|switch|p1a: Dugtrio|Dugtrio, M|100/100
|-damage|p1a: Dugtrio|76/100|[from] Spikes
|
|-weather|Sandstorm|[upkeep]
|-damage|p2a: Celebi|58/100|[from] Sandstorm
|-heal|p2a: Celebi|64/100|[from] item: Leftovers
|upkeep
|turn|40
|
|t:|1729880222
|move|p1a: Dugtrio|Hidden Power|p2a: Celebi
|-supereffective|p2a: Celebi
|-damage|p2a: Celebi|0 fnt
|faint|p2a: Celebi
|
|t:|1729880223
|switch|p2a: Moltres|Moltres|100/100
|
|-weather|Sandstorm|[upkeep]
|-damage|p2a: Moltres|94/100|[from] Sandstorm
|-heal|p2a: Moltres|100/100|[from] item: Leftovers
|upkeep
|turn|41
|c|+Elian|libro
|
|t:|1729880233
|move|p1a: Dugtrio|Hidden Power|p2a: Moltres
|-resisted|p2a: Moltres
|-damage|p2a: Moltres|93/100
|move|p2a: Moltres|Flamethrower|p1a: Dugtrio
|-crit|p1a: Dugtrio
|-damage|p1a: Dugtrio|0 fnt
|faint|p1a: Dugtrio
|c|☆Churielix|me parezco a elian
|
|t:|1729880237
|switch|p1a: Zapdos|Zapdos|42/100
|
|-weather|Sandstorm|[upkeep]
|-damage|p2a: Moltres|87/100|[from] Sandstorm
|-damage|p1a: Zapdos|36/100|[from] Sandstorm
|-heal|p2a: Moltres|93/100|[from] item: Leftovers
|-heal|p1a: Zapdos|42/100|[from] item: Leftovers
|upkeep
|turn|42
|
|t:|1729880242
|switch|p2a: Swampert|Swampert, F|100/100
|-damage|p2a: Swampert|84/100|[from] Spikes
|move|p1a: Zapdos|Thunderbolt|p2a: Swampert
|-immune|p2a: Swampert
|
|-weather|Sandstorm|[upkeep]
|-damage|p1a: Zapdos|36/100|[from] Sandstorm
|-heal|p1a: Zapdos|42/100|[from] item: Leftovers
|-heal|p2a: Swampert|90/100|[from] item: Leftovers
|upkeep
|turn|43
|
|t:|1729880246
|switch|p1a: Celebi|Celebi|100/100
|-damage|p1a: Celebi|76/100|[from] Spikes
|move|p2a: Swampert|Ice Beam|p1a: Celebi
|-supereffective|p1a: Celebi
|-damage|p1a: Celebi|47/100
|
|-weather|Sandstorm|[upkeep]
|-damage|p1a: Celebi|41/100|[from] Sandstorm
|-heal|p1a: Celebi|47/100|[from] item: Leftovers
|-heal|p2a: Swampert|96/100|[from] item: Leftovers
|upkeep
|turn|44
|
|t:|1729880253
|switch|p2a: Moltres|Moltres|93/100
|move|p1a: Celebi|Leech Seed|p2a: Moltres
|-start|p2a: Moltres|move: Leech Seed
|
|-weather|Sandstorm|[upkeep]
|-damage|p2a: Moltres|87/100|[from] Sandstorm
|-damage|p1a: Celebi|41/100|[from] Sandstorm
|-heal|p2a: Moltres|93/100|[from] item: Leftovers
|-damage|p2a: Moltres|81/100|[from] Leech Seed|[of] p1a: Celebi
|-heal|p1a: Celebi|51/100|[silent]
|-heal|p1a: Celebi|57/100|[from] item: Leftovers
|upkeep
|turn|45
|
|t:|1729880257
|switch|p2a: Skarmory|Skarmory, F|44/100
|switch|p1a: Tyranitar|Tyranitar, M|66/100
|-damage|p1a: Tyranitar|41/100|[from] Spikes
|
|-weather|Sandstorm|[upkeep]
|-heal|p2a: Skarmory|50/100|[from] item: Leftovers
|-heal|p1a: Tyranitar|47/100|[from] item: Leftovers
|upkeep
|turn|46
|
|t:|1729880261
|move|p2a: Skarmory|Toxic|p1a: Tyranitar|[miss]
|-miss|p2a: Skarmory|p1a: Tyranitar
|move|p1a: Tyranitar|Rock Slide|p2a: Skarmory
|-damage|p2a: Skarmory|15/100
|
|-weather|Sandstorm|[upkeep]
|-heal|p2a: Skarmory|21/100|[from] item: Leftovers
|-heal|p1a: Tyranitar|53/100|[from] item: Leftovers
|upkeep
|turn|47
|
|t:|1729880264
|-singleturn|p1a: Tyranitar|move: Focus Punch
|move|p2a: Skarmory|Toxic|p1a: Tyranitar
|-status|p1a: Tyranitar|tox
|move|p1a: Tyranitar|Focus Punch|p2a: Skarmory
|-damage|p2a: Skarmory|0 fnt
|faint|p2a: Skarmory
|
|t:|1729880269
|switch|p2a: Swampert|Swampert, F|96/100
|-damage|p2a: Swampert|80/100|[from] Spikes
|
|-weather|Sandstorm|[upkeep]
|-heal|p1a: Tyranitar|60/100 tox|[from] item: Leftovers
|-damage|p1a: Tyranitar|53/100 tox|[from] psn
|-heal|p2a: Swampert|86/100|[from] item: Leftovers
|upkeep
|turn|48
|
|t:|1729880275
|switch|p1a: Swampert|Swampert, M|76/100
|-damage|p1a: Swampert|51/100|[from] Spikes
|move|p2a: Swampert|Ice Beam|p1a: Swampert
|-damage|p1a: Swampert|33/100
|
|-weather|Sandstorm|[upkeep]
|-heal|p1a: Swampert|39/100|[from] item: Leftovers
|-heal|p2a: Swampert|92/100|[from] item: Leftovers
|upkeep
|turn|49
|
|t:|1729880281
|move|p1a: Swampert|Surf|p2a: Swampert
|-damage|p2a: Swampert|68/100
|move|p2a: Swampert|Surf|p1a: Swampert
|-damage|p1a: Swampert|14/100
|
|-weather|Sandstorm|[upkeep]
|-heal|p1a: Swampert|20/100|[from] item: Leftovers
|-heal|p2a: Swampert|74/100|[from] item: Leftovers
|upkeep
|turn|50
|
|t:|1729880286
|switch|p2a: Tyranitar|Tyranitar, F|47/100
|-damage|p2a: Tyranitar|31/100|[from] Spikes
|move|p1a: Swampert|Surf|p2a: Tyranitar
|-supereffective|p2a: Tyranitar
|-damage|p2a: Tyranitar|0 fnt
|faint|p2a: Tyranitar
|
|t:|1729880287
|switch|p2a: Moltres|Moltres|81/100
|
|-weather|Sandstorm|[upkeep]
|-damage|p2a: Moltres|75/100|[from] Sandstorm
|-heal|p2a: Moltres|81/100|[from] item: Leftovers
|-heal|p1a: Swampert|27/100|[from] item: Leftovers
|upkeep
|turn|51
|
|t:|1729880290
|move|p1a: Swampert|Protect|p1a: Swampert
|-singleturn|p1a: Swampert|Protect
|move|p2a: Moltres|Hidden Power|p1a: Swampert
|-activate|p1a: Swampert|Protect
|
|-weather|Sandstorm|[upkeep]
|-damage|p2a: Moltres|75/100|[from] Sandstorm
|-heal|p2a: Moltres|81/100|[from] item: Leftovers
|-heal|p1a: Swampert|33/100|[from] item: Leftovers
|upkeep
|turn|52
|
|t:|1729880294
|switch|p1a: Tyranitar|Tyranitar, M|53/100 tox
|-damage|p1a: Tyranitar|29/100 tox|[from] Spikes
|move|p2a: Moltres|Hidden Power|p1a: Tyranitar
|-supereffective|p1a: Tyranitar
|-damage|p1a: Tyranitar|0 fnt
|faint|p1a: Tyranitar
|
|t:|1729880295
|switch|p1a: Zapdos|Zapdos|42/100
|
|-weather|Sandstorm|[upkeep]
|-damage|p2a: Moltres|75/100|[from] Sandstorm
|-damage|p1a: Zapdos|36/100|[from] Sandstorm
|-heal|p2a: Moltres|81/100|[from] item: Leftovers
|-heal|p1a: Zapdos|42/100|[from] item: Leftovers
|upkeep
|turn|53
|
|t:|1729880301
|switch|p2a: Swampert|Swampert, F|74/100
|-damage|p2a: Swampert|57/100|[from] Spikes
|move|p1a: Zapdos|Toxic|p2a: Swampert
|-status|p2a: Swampert|tox
|
|-weather|Sandstorm|[upkeep]
|-damage|p1a: Zapdos|36/100|[from] Sandstorm
|-heal|p1a: Zapdos|42/100|[from] item: Leftovers
|-heal|p2a: Swampert|63/100 tox|[from] item: Leftovers
|-damage|p2a: Swampert|57/100 tox|[from] psn
|upkeep
|turn|54
|
|t:|1729880306
|switch|p1a: Celebi|Celebi|57/100
|-damage|p1a: Celebi|32/100|[from] Spikes
|move|p2a: Swampert|Ice Beam|p1a: Celebi
|-supereffective|p1a: Celebi
|-damage|p1a: Celebi|4/100
|
|-weather|Sandstorm|[upkeep]
|-damage|p1a: Celebi|0 fnt|[from] Sandstorm
|faint|p1a: Celebi
|-heal|p2a: Swampert|63/100 tox|[from] item: Leftovers
|-damage|p2a: Swampert|51/100 tox|[from] psn
|upkeep
|
|t:|1729880313
|switch|p1a: Zapdos|Zapdos|42/100
|turn|55
|
|t:|1729880316
|move|p1a: Zapdos|Rest|p1a: Zapdos
|-status|p1a: Zapdos|slp|[from] move: Rest
|-heal|p1a: Zapdos|100/100 slp|[silent]
|move|p2a: Swampert|Ice Beam|p1a: Zapdos
|-supereffective|p1a: Zapdos
|-damage|p1a: Zapdos|74/100 slp
|
|-weather|Sandstorm|[upkeep]
|-damage|p1a: Zapdos|68/100 slp|[from] Sandstorm
|-heal|p1a: Zapdos|74/100 slp|[from] item: Leftovers
|-heal|p2a: Swampert|57/100 tox|[from] item: Leftovers
|-damage|p2a: Swampert|39/100 tox|[from] psn
|upkeep
|turn|56
|
|t:|1729880321
|switch|p1a: Swampert|Swampert, M|33/100
|-damage|p1a: Swampert|8/100|[from] Spikes
|switch|p2a: Gengar|Gengar, M|69/100
|
|-weather|Sandstorm|[upkeep]
|-damage|p2a: Gengar|63/100|[from] Sandstorm
|-heal|p2a: Gengar|69/100|[from] item: Leftovers
|-heal|p1a: Swampert|14/100|[from] item: Leftovers
|upkeep
|turn|57
|
|t:|1729880325
|switch|p1a: Zapdos|Zapdos|74/100 slp
|move|p2a: Gengar|Ice Punch|p1a: Zapdos
|-supereffective|p1a: Zapdos
|-damage|p1a: Zapdos|43/100 slp
|
|-weather|Sandstorm|[upkeep]
|-damage|p2a: Gengar|63/100|[from] Sandstorm
|-damage|p1a: Zapdos|37/100 slp|[from] Sandstorm
|-heal|p2a: Gengar|69/100|[from] item: Leftovers
|-heal|p1a: Zapdos|43/100 slp|[from] item: Leftovers
|upkeep
|turn|58
|
|t:|1729880330
|switch|p1a: Swampert|Swampert, M|14/100
|-damage|p1a: Swampert|0 fnt|[from] Spikes
|faint|p1a: Swampert
|
|t:|1729880332
|switch|p1a: Zapdos|Zapdos|43/100 slp
|
|-weather|Sandstorm|[upkeep]
|-damage|p2a: Gengar|63/100|[from] Sandstorm
|-damage|p1a: Zapdos|37/100 slp|[from] Sandstorm
|-heal|p2a: Gengar|69/100|[from] item: Leftovers
|-heal|p1a: Zapdos|43/100 slp|[from] item: Leftovers
|upkeep
|turn|59
|
|t:|1729880333
|move|p2a: Gengar|Ice Punch|p1a: Zapdos
|-supereffective|p1a: Zapdos
|-damage|p1a: Zapdos|12/100 slp
|cant|p1a: Zapdos|slp
|
|-weather|Sandstorm|[upkeep]
|-damage|p2a: Gengar|63/100|[from] Sandstorm
|-damage|p1a: Zapdos|6/100 slp|[from] Sandstorm
|-heal|p2a: Gengar|69/100|[from] item: Leftovers
|-heal|p1a: Zapdos|12/100 slp|[from] item: Leftovers
|upkeep
|turn|60
|c|☆marsandback|ggs
|
|t:|1729880336
|move|p2a: Gengar|Ice Punch|p1a: Zapdos
|-supereffective|p1a: Zapdos
|-damage|p1a: Zapdos|0 fnt
|faint|p1a: Zapdos
|
|win|Churielix
|c|☆Churielix|ggs
|player|p1|
|c|☆Churielix|/log Churielix made the replay of this battle unlisted.
|c|+Elian|callate por favor
|c|☆Churielix|aprende a jugar elian

</script>
<script type="application/json" class="data" id="replaydata-smogtours-gen3ou-801861">
{"id":"smogtours-gen3ou-801861","format":"[Gen 3] OU","players":["marsandback","Churielix"],"uploadtime":1729880336,"views":120,"formatid":"gen3ou","rating":null,"private":1,"password":null}
</script>

<script defer src="js/replays.js?9d40a366"></script>
