<!DOCTYPE html>
<meta charset="utf-8" />
<meta name="viewport" content="width=device-width" />

<title>[Gen 3] OU: EpiclyEpicGamerW vs. BDICAP - Replays - Pok&eacute;mon Showdown!</title>

<meta name="description" content="Watch a replay of a Pok&eacute;mon battle between EpiclyEpicGamerW and BDICAP! Format: [Gen 3] OU; Date: Oct 19, 2024" />
<!--

Hey, you! Looking in the source for the replay log?

You can find them in JSON format, just add `.json` at the end of a replay URL.

https://replay.pokemonshowdown.com/gen7randomdoublesbattle-865046831.json

Or, if you only need the log itself, add `.log` instead:

https://replay.pokemonshowdown.com/gen7randomdoublesbattle-865046831.log

-->

<link rel="stylesheet" href="//pokemonshowdown.com/style/global.css?0.767286132409787" />
<link rel="stylesheet" href="//play.pokemonshowdown.com/style/font-awesome.css?0.9266228007934947" />
<link rel="stylesheet" href="//play.pokemonshowdown.com/style/battle.css?0.7924700842790926" />
<link rel="stylesheet" href="//play.pokemonshowdown.com/style/utilichart.css?0.8777417872839479" />

<!-- Global site tag (gtag.js) - Google Analytics -->
<script async src="https://www.googletagmanager.com/gtag/js?id=UA-26211653-1"></script>
<script>
  window.dataLayer = window.dataLayer || [];
  function gtag(){dataLayer.push(arguments);}
  gtag('js', new Date());

  gtag('config', 'UA-26211653-1');
</script>
<!-- End Google Analytics -->
<!-- Venatus Ad Manager - Install in <HEAD> of page -->
	<script src="https://hb.vntsm.com/v3/live/ad-manager.min.js" type="text/javascript" data-site-id="642aba63ec9a7b11c3c9c1be" data-mode="scan" async></script>
<!-- / Venatus Ad Manager -->

<style>
	@media (max-width:820px) {
		.battle {
			margin: 0 auto;
		}
		.battle-log {
			margin: 7px auto 0;
			max-width: 640px;
			height: 300px;
			position: static;
		}
	}
	.optgroup {
		display: inline-block;
		line-height: 22px;
		font-size: 10pt;
	}
	.optgroup .button {
		height: 25px;
		padding-top: 0;
		padding-bottom: 0;
	}
	.optgroup button.button {
		padding-left: 12px;
		padding-right: 12px;
	}
	.linklist {
		list-style: none;
		margin: 0.5em 0;
		padding: 0;
	}
	.linklist li {
		padding: 2px 0;
	}
	.sidebar {
		float: left;
		width: 320px;
	}
	.bar-wrapper {
		max-width: 1100px;
		margin: 0 auto;
	}
	.bar-wrapper.has-sidebar {
		max-width: 1430px;
	}
	.mainbar {
		margin: 0;
		padding-right: 1px;
	}
	.mainbar.has-sidebar {
		margin-left: 330px;
	}
	@media (min-width: 1511px) {
		.sidebar {
			width: 400px;
		}
		.bar-wrapper.has-sidebar {
			max-width: 1510px;
		}
		.mainbar.has-sidebar {
			margin-left: 410px;
		}
	}
	.section.first-section {
		margin-top: 9px;
	}
	.blocklink small {
		white-space: normal;
	}
	.button {
		vertical-align: middle;
	}
	.replay-controls {
		padding-top: 10px;
	}
	.replay-controls h1 {
		font-size: 16pt;
		font-weight: normal;
		color: #CCC;
	}
	.pagelink {
		text-align: center;
	}
	.pagelink a {
		width: 150px;
	}
	.textbox, .button {
		font-size: 11pt;
		vertical-align: middle;
	}
	@media (max-width: 450px) {
		.button {
			font-size: 9pt;
		}
	}
</style>

<div>

	<header>
		<div class="nav-wrapper"><ul class="nav">
			<li><a class="button nav-first" href="//pokemonshowdown.com/"><img src="//pokemonshowdown.com/images/pokemonshowdownbeta.png" srcset="//pokemonshowdown.com/images/pokemonshowdownbeta.png 1x, //pokemonshowdown.com/images/pokemonshowdownbeta@2x.png 2x" alt="Pok&eacute;mon Showdown" width="146" height="44" /> Home</a></li>
			<li><a class="button" href="//pokemonshowdown.com/dex/">Pok&eacute;dex</a></li>
			<li><a class="button cur" href="/">Replays</a></li>
			<li><a class="button" href="//pokemonshowdown.com/ladder/">Ladder</a></li>
			<li><a class="button nav-last" href="//pokemonshowdown.com/forums/">Forum</a></li>
			<li><a class="button greenbutton nav-first nav-last" href="//play.pokemonshowdown.com/">Play</a></li>
		</ul></div>
	</header>

	<div class="main" id="main">

		<noscript><section class="section">You need to enable JavaScript to use this page; sorry!</section></noscript>

	</div>

</div>

<script defer nomodule src="//play.pokemonshowdown.com/js/lib/ps-polyfill.js"></script>
<script defer src="//play.pokemonshowdown.com/js/lib/preact.min.js"></script>

<script defer src="//play.pokemonshowdown.com/config/config.js?6dec07f6"></script>
<script defer src="//play.pokemonshowdown.com/js/lib/jquery-1.11.0.min.js"></script>
<script defer src="//play.pokemonshowdown.com/js/lib/html-sanitizer-minified.js"></script>
<script defer src="//play.pokemonshowdown.com/js/battle-sound.js"></script>
<script defer src="//play.pokemonshowdown.com/js/battledata.js?0.6315294753075389"></script>
<script defer src="//play.pokemonshowdown.com/data/pokedex-mini.js?0.7603743185311358"></script>
<script defer src="//play.pokemonshowdown.com/data/pokedex-mini-bw.js?0.030888842834281283"></script>
<script defer src="//play.pokemonshowdown.com/data/graphics.js?0.05593094747507488"></script>
<script defer src="//play.pokemonshowdown.com/data/pokedex.js?0.47064822249611904"></script>
<script defer src="//play.pokemonshowdown.com/data/moves.js?0.8583693120512459"></script>
<script defer src="//play.pokemonshowdown.com/data/abilities.js?0.16017181182386842"></script>
<script defer src="//play.pokemonshowdown.com/data/items.js?0.4163379185673943"></script>
<script defer src="//play.pokemonshowdown.com/data/teambuilder-tables.js?0.31075597372830477"></script>
<script defer src="//play.pokemonshowdown.com/js/battle-tooltips.js?0.6536193500708172"></script>
<script defer src="//play.pokemonshowdown.com/js/battle.js?0.1916591943277901"></script>

<script defer src="js/utils.js?e31f9a17"></script>
<script defer src="js/replays-battle.js?7008c182"></script>

<!-- don't scrape this data! just add .json or .log after the URL!
Full API docs: https://github.com/smogon/pokemon-showdown-client/blob/master/WEB-API.md -->
<script type="text/plain" class="log" id="replaylog-smogtours-gen3ou-800080">
|inactive|Battle timer is ON: inactive players will automatically lose when time's up.
|t:|1729368712
|gametype|singles
|player|p1|EpiclyEpicGamerW|red-masters|
|player|p2|BDICAP|265|
|teamsize|p1|6
|teamsize|p2|6
|gen|3
|tier|[Gen 3] OU
|rule|Sleep Clause Mod: Limit one foe put to sleep
|rule|Switch Priority Clause Mod: Faster Pokémon switch first
|rule|Species Clause: Limit one of each Pokémon
|rule|OHKO Clause: OHKO moves are banned
|rule|Evasion Items Clause: Evasion items are banned
|rule|Evasion Moves Clause: Evasion moves are banned
|rule|Endless Battle Clause: Forcing endless battles is banned
|rule|HP Percentage Mod: HP is shown in percentages
|rule|One Boost Passer Clause: Limit one Baton Passer that has a way to boost its stats
|rule|Freeze Clause Mod: Limit one foe frozen
|
|t:|1729368712
|start
|switch|p1a: Zapdos|Zapdos|100/100
|switch|p2a: Camerupt|Camerupt, M|100/100
|turn|1
|
|t:|1729368727
|move|p1a: Zapdos|Baton Pass|p1a: Zapdos
|
|t:|1729368741
|switch|p1a: Dugtrio|Dugtrio, M|100/100|[from] Baton Pass
|move|p2a: Camerupt|Hidden Power|p1a: Dugtrio
|-supereffective|p1a: Dugtrio
|-damage|p1a: Dugtrio|31/100
|
|upkeep
|turn|2
|
|t:|1729368747
|move|p1a: Dugtrio|Earthquake|p2a: Camerupt
|-supereffective|p2a: Camerupt
|-crit|p2a: Camerupt
|-damage|p2a: Camerupt|0 fnt
|faint|p2a: Camerupt
|
|t:|1729368769
|switch|p2a: Aerodactyl|Aerodactyl, M|100/100
|
|upkeep
|turn|3
|
|t:|1729368773
|switch|p1a: Swampert|Swampert, M|100/100
|move|p2a: Aerodactyl|Rock Slide|p1a: Swampert
|-resisted|p1a: Swampert
|-damage|p1a: Swampert|85/100
|
|-heal|p1a: Swampert|91/100|[from] item: Leftovers
|upkeep
|turn|4
|inactive|BDICAP has 270 seconds left.
|
|t:|1729368811
|switch|p2a: Snorlax|Snorlax, F|100/100
|move|p1a: Swampert|Ice Beam|p2a: Snorlax
|-damage|p2a: Snorlax|90/100
|
|-heal|p1a: Swampert|97/100|[from] item: Leftovers
|-heal|p2a: Snorlax|96/100|[from] item: Leftovers
|upkeep
|turn|5
|inactive|BDICAP has 270 seconds left.
|
|t:|1729368817
|-singleturn|p2a: Snorlax|move: Focus Punch
|switch|p1a: Tyranitar|Tyranitar, M|100/100
|-weather|Sandstorm|[from] ability: Sand Stream|[of] p1a: Tyranitar
|move|p2a: Snorlax|Focus Punch|p1a: Tyranitar
|-supereffective|p1a: Tyranitar
|-damage|p1a: Tyranitar|0 fnt
|faint|p1a: Tyranitar
|
|t:|1729368836
|switch|p1a: Zapdos|Zapdos|100/100
|
|-weather|Sandstorm|[upkeep]
|-damage|p1a: Zapdos|94/100|[from] Sandstorm
|-damage|p2a: Snorlax|90/100|[from] Sandstorm
|-heal|p1a: Zapdos|100/100|[from] item: Leftovers
|-heal|p2a: Snorlax|96/100|[from] item: Leftovers
|upkeep
|turn|6
|inactive|BDICAP has 270 seconds left.
|
|t:|1729368864
|move|p1a: Zapdos|Thunderbolt|p2a: Snorlax
|-crit|p2a: Snorlax
|-damage|p2a: Snorlax|34/100
|move|p2a: Snorlax|Body Slam|p1a: Zapdos
|-damage|p1a: Zapdos|55/100
|-status|p1a: Zapdos|par
|
|-weather|Sandstorm|[upkeep]
|-damage|p2a: Snorlax|28/100|[from] Sandstorm
|-damage|p1a: Zapdos|48/100 par|[from] Sandstorm
|-heal|p2a: Snorlax|34/100|[from] item: Leftovers
|-heal|p1a: Zapdos|55/100 par|[from] item: Leftovers
|upkeep
|turn|7
|
|t:|1729368871
|move|p2a: Snorlax|Self-Destruct|p1a: Zapdos
|-damage|p1a: Zapdos|0 fnt
|faint|p2a: Snorlax
|faint|p1a: Zapdos
|inactive|BDICAP has 270 seconds left.
|
|t:|1729368880
|switch|p1a: Dugtrio|Dugtrio, M|31/100
|switch|p2a: Suicune|Suicune|100/100
|
|-weather|Sandstorm|[upkeep]
|-damage|p2a: Suicune|94/100|[from] Sandstorm
|-heal|p2a: Suicune|100/100|[from] item: Leftovers
|upkeep
|turn|8
|
|t:|1729368884
|switch|p1a: Celebi|Celebi|100/100
|move|p2a: Suicune|Surf|p1a: Celebi
|-resisted|p1a: Celebi
|-damage|p1a: Celebi|89/100
|
|-weather|Sandstorm|[upkeep]
|-damage|p1a: Celebi|82/100|[from] Sandstorm
|-damage|p2a: Suicune|94/100|[from] Sandstorm
|-heal|p1a: Celebi|89/100|[from] item: Leftovers
|-heal|p2a: Suicune|100/100|[from] item: Leftovers
|upkeep
|turn|9
|
|t:|1729368892
|switch|p2a: Salamence|Salamence, M|100/100
|-ability|p2a: Salamence|Intimidate|boost
|-unboost|p1a: Celebi|atk|1
|move|p1a: Celebi|Calm Mind|p1a: Celebi
|-boost|p1a: Celebi|spa|1
|-boost|p1a: Celebi|spd|1
|
|-weather|Sandstorm|[upkeep]
|-damage|p1a: Celebi|82/100|[from] Sandstorm
|-damage|p2a: Salamence|94/100|[from] Sandstorm
|-heal|p1a: Celebi|89/100|[from] item: Leftovers
|-heal|p2a: Salamence|100/100|[from] item: Leftovers
|upkeep
|turn|10
|
|t:|1729368913
|switch|p1a: Swampert|Swampert, M|97/100
|move|p2a: Salamence|Roar|p1a: Swampert
|drag|p1a: Celebi|Celebi|89/100
|
|-weather|Sandstorm|[upkeep]
|-damage|p1a: Celebi|82/100|[from] Sandstorm
|-damage|p2a: Salamence|94/100|[from] Sandstorm
|-heal|p1a: Celebi|89/100|[from] item: Leftovers
|-heal|p2a: Salamence|100/100|[from] item: Leftovers
|upkeep
|turn|11
|
|t:|1729368926
|move|p1a: Celebi|Baton Pass|p1a: Celebi
|
|t:|1729368929
|switch|p1a: Swampert|Swampert, M|97/100|[from] Baton Pass
|move|p2a: Salamence|Fire Blast|p1a: Swampert
|-resisted|p1a: Swampert
|-damage|p1a: Swampert|81/100
|
|-weather|Sandstorm|[upkeep]
|-damage|p2a: Salamence|94/100|[from] Sandstorm
|-heal|p2a: Salamence|100/100|[from] item: Leftovers
|-heal|p1a: Swampert|87/100|[from] item: Leftovers
|upkeep
|turn|12
|
|t:|1729368942
|switch|p2a: Metagross|Metagross|100/100
|switch|p1a: Celebi|Celebi|89/100
|
|-weather|Sandstorm|[upkeep]
|-damage|p1a: Celebi|82/100|[from] Sandstorm
|-heal|p1a: Celebi|89/100|[from] item: Leftovers
|upkeep
|turn|13
|
|t:|1729368951
|switch|p1a: Dugtrio|Dugtrio, M|31/100
|move|p2a: Metagross|Meteor Mash|p1a: Dugtrio
|-damage|p1a: Dugtrio|0 fnt
|faint|p1a: Dugtrio
|
|t:|1729368960
|switch|p1a: Swampert|Swampert, M|87/100
|
|-weather|Sandstorm|[upkeep]
|-heal|p1a: Swampert|93/100|[from] item: Leftovers
|upkeep
|turn|14
|
|t:|1729368970
|move|p1a: Swampert|Protect|p1a: Swampert
|-singleturn|p1a: Swampert|Protect
|move|p2a: Metagross|Explosion|p1a: Swampert
|-activate|p1a: Swampert|Protect
|faint|p2a: Metagross
|
|t:|1729368980
|switch|p2a: Suicune|Suicune|100/100
|
|-weather|Sandstorm|[upkeep]
|-damage|p2a: Suicune|94/100|[from] Sandstorm
|-heal|p2a: Suicune|100/100|[from] item: Leftovers
|-heal|p1a: Swampert|99/100|[from] item: Leftovers
|upkeep
|turn|15
|
|t:|1729368986
|switch|p1a: Starmie|Starmie|100/100
|move|p2a: Suicune|Calm Mind|p2a: Suicune
|-boost|p2a: Suicune|spa|1
|-boost|p2a: Suicune|spd|1
|
|-weather|Sandstorm|[upkeep]
|-damage|p1a: Starmie|94/100|[from] Sandstorm
|-damage|p2a: Suicune|94/100|[from] Sandstorm
|-heal|p1a: Starmie|100/100|[from] item: Leftovers
|-heal|p2a: Suicune|100/100|[from] item: Leftovers
|upkeep
|turn|16
|
|t:|1729369007
|move|p1a: Starmie|Thunderbolt|p2a: Suicune
|-supereffective|p2a: Suicune
|-damage|p2a: Suicune|74/100
|move|p2a: Suicune|Calm Mind|p2a: Suicune
|-boost|p2a: Suicune|spa|1
|-boost|p2a: Suicune|spd|1
|
|-weather|Sandstorm|[upkeep]
|-damage|p1a: Starmie|94/100|[from] Sandstorm
|-damage|p2a: Suicune|68/100|[from] Sandstorm
|-heal|p1a: Starmie|100/100|[from] item: Leftovers
|-heal|p2a: Suicune|74/100|[from] item: Leftovers
|upkeep
|turn|17
|
|t:|1729369012
|switch|p1a: Celebi|Celebi|89/100
|move|p2a: Suicune|Calm Mind|p2a: Suicune
|-boost|p2a: Suicune|spa|1
|-boost|p2a: Suicune|spd|1
|
|-weather|Sandstorm|[upkeep]
|-damage|p1a: Celebi|82/100|[from] Sandstorm
|-damage|p2a: Suicune|68/100|[from] Sandstorm
|-heal|p1a: Celebi|89/100|[from] item: Leftovers
|-heal|p2a: Suicune|74/100|[from] item: Leftovers
|upkeep
|turn|18
|
|t:|1729369015
|move|p1a: Celebi|Calm Mind|p1a: Celebi
|-boost|p1a: Celebi|spa|1
|-boost|p1a: Celebi|spd|1
|move|p2a: Suicune|Surf|p1a: Celebi
|-resisted|p1a: Celebi
|-damage|p1a: Celebi|68/100
|
|-weather|Sandstorm|[upkeep]
|-damage|p1a: Celebi|62/100|[from] Sandstorm
|-damage|p2a: Suicune|68/100|[from] Sandstorm
|-heal|p1a: Celebi|68/100|[from] item: Leftovers
|-heal|p2a: Suicune|74/100|[from] item: Leftovers
|upkeep
|turn|19
|
|t:|1729369020
|move|p1a: Celebi|Baton Pass|p1a: Celebi
|
|t:|1729369023
|switch|p1a: Starmie|Starmie|100/100|[from] Baton Pass
|move|p2a: Suicune|Calm Mind|p2a: Suicune
|-boost|p2a: Suicune|spa|1
|-boost|p2a: Suicune|spd|1
|
|-weather|Sandstorm|[upkeep]
|-damage|p1a: Starmie|94/100|[from] Sandstorm
|-damage|p2a: Suicune|68/100|[from] Sandstorm
|-heal|p1a: Starmie|100/100|[from] item: Leftovers
|-heal|p2a: Suicune|74/100|[from] item: Leftovers
|upkeep
|turn|20
|
|t:|1729369029
|move|p1a: Starmie|Thunderbolt|p2a: Suicune
|-supereffective|p2a: Suicune
|-damage|p2a: Suicune|54/100
|move|p2a: Suicune|Surf|p1a: Starmie
|-resisted|p1a: Starmie
|-damage|p1a: Starmie|55/100
|
|-weather|Sandstorm|[upkeep]
|-damage|p1a: Starmie|49/100|[from] Sandstorm
|-damage|p2a: Suicune|48/100|[from] Sandstorm
|-heal|p1a: Starmie|55/100|[from] item: Leftovers
|-heal|p2a: Suicune|54/100|[from] item: Leftovers
|upkeep
|turn|21
|
|t:|1729369037
|move|p1a: Starmie|Thunderbolt|p2a: Suicune
|-supereffective|p2a: Suicune
|-damage|p2a: Suicune|35/100
|move|p2a: Suicune|Surf|p1a: Starmie
|-resisted|p1a: Starmie
|-damage|p1a: Starmie|8/100
|
|-weather|Sandstorm|[upkeep]
|-damage|p1a: Starmie|2/100|[from] Sandstorm
|-damage|p2a: Suicune|29/100|[from] Sandstorm
|-heal|p1a: Starmie|8/100|[from] item: Leftovers
|-heal|p2a: Suicune|35/100|[from] item: Leftovers
|upkeep
|turn|22
|
|t:|1729369045
|move|p1a: Starmie|Thunderbolt|p2a: Suicune
|-supereffective|p2a: Suicune
|-damage|p2a: Suicune|13/100
|move|p2a: Suicune|Rest|p2a: Suicune
|-status|p2a: Suicune|slp|[from] move: Rest
|-heal|p2a: Suicune|100/100 slp|[silent]
|
|-weather|Sandstorm|[upkeep]
|-damage|p1a: Starmie|2/100|[from] Sandstorm
|-damage|p2a: Suicune|94/100 slp|[from] Sandstorm
|-heal|p1a: Starmie|8/100|[from] item: Leftovers
|-heal|p2a: Suicune|100/100 slp|[from] item: Leftovers
|upkeep
|turn|23
|
|t:|1729369052
|switch|p1a: Celebi|Celebi|68/100
|cant|p2a: Suicune|slp
|move|p2a: Suicune|Sleep Talk|p2a: Suicune
|move|p2a: Suicune|Calm Mind|p2a: Suicune|[from]Sleep Talk
|-boost|p2a: Suicune|spa|1
|-boost|p2a: Suicune|spd|1
|
|-weather|Sandstorm|[upkeep]
|-damage|p1a: Celebi|62/100|[from] Sandstorm
|-damage|p2a: Suicune|94/100 slp|[from] Sandstorm
|-heal|p1a: Celebi|68/100|[from] item: Leftovers
|-heal|p2a: Suicune|100/100 slp|[from] item: Leftovers
|upkeep
|turn|24
|
|t:|1729369058
|move|p1a: Celebi|Calm Mind|p1a: Celebi
|-boost|p1a: Celebi|spa|1
|-boost|p1a: Celebi|spd|1
|cant|p2a: Suicune|slp
|move|p2a: Suicune|Sleep Talk|p2a: Suicune
|move|p2a: Suicune|Calm Mind|p2a: Suicune|[from]Sleep Talk
|-boost|p2a: Suicune|spa|1
|-boost|p2a: Suicune|spd|1
|
|-weather|Sandstorm|[upkeep]
|-damage|p1a: Celebi|62/100|[from] Sandstorm
|-damage|p2a: Suicune|94/100 slp|[from] Sandstorm
|-heal|p1a: Celebi|68/100|[from] item: Leftovers
|-heal|p2a: Suicune|100/100 slp|[from] item: Leftovers
|upkeep
|turn|25
|
|t:|1729369065
|move|p1a: Celebi|Calm Mind|p1a: Celebi
|-boost|p1a: Celebi|spa|1
|-boost|p1a: Celebi|spd|1
|-curestatus|p2a: Suicune|slp|[msg]
|move|p2a: Suicune|Surf|p1a: Celebi
|-resisted|p1a: Celebi
|-damage|p1a: Celebi|41/100
|
|-weather|Sandstorm|[upkeep]
|-damage|p1a: Celebi|35/100|[from] Sandstorm
|-damage|p2a: Suicune|94/100|[from] Sandstorm
|-heal|p1a: Celebi|41/100|[from] item: Leftovers
|-heal|p2a: Suicune|100/100|[from] item: Leftovers
|upkeep
|turn|26
|
|t:|1729369070
|move|p1a: Celebi|Giga Drain|p2a: Suicune
|-supereffective|p2a: Suicune
|-damage|p2a: Suicune|81/100
|-heal|p1a: Celebi|51/100|[from] drain|[of] p2a: Suicune
|move|p2a: Suicune|Surf|p1a: Celebi
|-resisted|p1a: Celebi
|-damage|p1a: Celebi|26/100
|
|-weather|Sandstorm|[upkeep]
|-damage|p1a: Celebi|20/100|[from] Sandstorm
|-damage|p2a: Suicune|75/100|[from] Sandstorm
|-heal|p1a: Celebi|26/100|[from] item: Leftovers
|-heal|p2a: Suicune|81/100|[from] item: Leftovers
|upkeep
|turn|27
|
|t:|1729369083
|move|p1a: Celebi|Giga Drain|p2a: Suicune
|-supereffective|p2a: Suicune
|-damage|p2a: Suicune|62/100
|-heal|p1a: Celebi|35/100|[from] drain|[of] p2a: Suicune
|move|p2a: Suicune|Surf|p1a: Celebi
|-resisted|p1a: Celebi
|-damage|p1a: Celebi|9/100
|
|-weather|Sandstorm|[upkeep]
|-damage|p1a: Celebi|3/100|[from] Sandstorm
|-damage|p2a: Suicune|56/100|[from] Sandstorm
|-heal|p1a: Celebi|9/100|[from] item: Leftovers
|-heal|p2a: Suicune|62/100|[from] item: Leftovers
|upkeep
|turn|28
|
|t:|1729369092
|move|p1a: Celebi|Baton Pass|p1a: Celebi
|
|t:|1729369094
|switch|p1a: Swampert|Swampert, M|99/100|[from] Baton Pass
|move|p2a: Suicune|Surf|p1a: Swampert
|-damage|p1a: Swampert|49/100
|
|-weather|Sandstorm|[upkeep]
|-damage|p2a: Suicune|56/100|[from] Sandstorm
|-heal|p2a: Suicune|62/100|[from] item: Leftovers
|-heal|p1a: Swampert|55/100|[from] item: Leftovers
|upkeep
|turn|29
|
|t:|1729369098
|move|p1a: Swampert|Protect|p1a: Swampert
|-singleturn|p1a: Swampert|Protect
|move|p2a: Suicune|Surf|p1a: Swampert
|-activate|p1a: Swampert|Protect
|
|-weather|Sandstorm|[upkeep]
|-damage|p2a: Suicune|56/100|[from] Sandstorm
|-heal|p2a: Suicune|62/100|[from] item: Leftovers
|-heal|p1a: Swampert|61/100|[from] item: Leftovers
|upkeep
|turn|30
|
|t:|1729369112
|move|p2a: Suicune|Rest|p2a: Suicune
|-status|p2a: Suicune|slp|[from] move: Rest
|-heal|p2a: Suicune|100/100 slp|[silent]
|move|p1a: Swampert|Earthquake|p2a: Suicune
|-damage|p2a: Suicune|81/100 slp
|
|-weather|Sandstorm|[upkeep]
|-damage|p2a: Suicune|75/100 slp|[from] Sandstorm
|-heal|p2a: Suicune|81/100 slp|[from] item: Leftovers
|-heal|p1a: Swampert|67/100|[from] item: Leftovers
|upkeep
|turn|31
|
|t:|1729369115
|cant|p2a: Suicune|slp
|move|p2a: Suicune|Sleep Talk|p2a: Suicune
|move|p2a: Suicune|Rest|p2a: Suicune|[from]Sleep Talk
|move|p1a: Swampert|Earthquake|p2a: Suicune
|-damage|p2a: Suicune|62/100 slp
|
|-weather|Sandstorm|[upkeep]
|-damage|p2a: Suicune|55/100 slp|[from] Sandstorm
|-heal|p2a: Suicune|62/100 slp|[from] item: Leftovers
|-heal|p1a: Swampert|74/100|[from] item: Leftovers
|upkeep
|turn|32
|
|t:|1729369120
|cant|p2a: Suicune|slp
|move|p2a: Suicune|Sleep Talk|p2a: Suicune
|move|p2a: Suicune|Surf|p1a: Swampert|[from]Sleep Talk
|-damage|p1a: Swampert|19/100
|move|p1a: Swampert|Earthquake|p2a: Suicune
|-damage|p2a: Suicune|41/100 slp
|
|-weather|Sandstorm|[upkeep]
|-damage|p2a: Suicune|35/100 slp|[from] Sandstorm
|-heal|p2a: Suicune|41/100 slp|[from] item: Leftovers
|-heal|p1a: Swampert|25/100|[from] item: Leftovers
|upkeep
|turn|33
|
|t:|1729369127
|move|p1a: Swampert|Protect|p1a: Swampert
|-singleturn|p1a: Swampert|Protect
|-curestatus|p2a: Suicune|slp|[msg]
|move|p2a: Suicune|Rest|p2a: Suicune
|-status|p2a: Suicune|slp|[from] move: Rest
|-heal|p2a: Suicune|100/100 slp|[silent]
|
|-weather|Sandstorm|[upkeep]
|-damage|p2a: Suicune|94/100 slp|[from] Sandstorm
|-heal|p2a: Suicune|100/100 slp|[from] item: Leftovers
|-heal|p1a: Swampert|31/100|[from] item: Leftovers
|upkeep
|turn|34
|
|t:|1729369131
|cant|p2a: Suicune|slp
|move|p2a: Suicune|Sleep Talk|p2a: Suicune
|move|p2a: Suicune|Surf|p1a: Swampert|[from]Sleep Talk
|-crit|p1a: Swampert
|-damage|p1a: Swampert|0 fnt
|faint|p1a: Swampert
|
|t:|1729369137
|switch|p1a: Celebi|Celebi|9/100
|
|-weather|Sandstorm|[upkeep]
|-damage|p1a: Celebi|3/100|[from] Sandstorm
|-damage|p2a: Suicune|94/100 slp|[from] Sandstorm
|-heal|p1a: Celebi|9/100|[from] item: Leftovers
|-heal|p2a: Suicune|100/100 slp|[from] item: Leftovers
|upkeep
|turn|35
|
|t:|1729369142
|move|p1a: Celebi|Giga Drain|p2a: Suicune
|-supereffective|p2a: Suicune
|-damage|p2a: Suicune|90/100 slp
|-heal|p1a: Celebi|14/100|[from] drain|[of] p2a: Suicune
|cant|p2a: Suicune|slp
|move|p2a: Suicune|Sleep Talk|p2a: Suicune
|move|p2a: Suicune|Calm Mind|p2a: Suicune|[from]Sleep Talk
|-boost|p2a: Suicune|spa|0
|-boost|p2a: Suicune|spd|0
|
|-weather|Sandstorm|[upkeep]
|-damage|p1a: Celebi|8/100|[from] Sandstorm
|-damage|p2a: Suicune|84/100 slp|[from] Sandstorm
|-heal|p1a: Celebi|14/100|[from] item: Leftovers
|-heal|p2a: Suicune|90/100 slp|[from] item: Leftovers
|upkeep
|turn|36
|
|t:|1729369148
|move|p1a: Celebi|Giga Drain|p2a: Suicune
|-supereffective|p2a: Suicune
|-damage|p2a: Suicune|82/100 slp
|-heal|p1a: Celebi|19/100|[from] drain|[of] p2a: Suicune
|-curestatus|p2a: Suicune|slp|[msg]
|move|p2a: Suicune|Surf|p1a: Celebi
|-resisted|p1a: Celebi
|-damage|p1a: Celebi|0 fnt
|faint|p1a: Celebi
|
|t:|1729369152
|switch|p1a: Starmie|Starmie|8/100
|
|-weather|Sandstorm|[upkeep]
|-damage|p1a: Starmie|2/100|[from] Sandstorm
|-damage|p2a: Suicune|75/100|[from] Sandstorm
|-heal|p1a: Starmie|8/100|[from] item: Leftovers
|-heal|p2a: Suicune|82/100|[from] item: Leftovers
|upkeep
|turn|37
|-message|EpiclyEpicGamerW forfeited.
|
|win|BDICAP
|player|p1|
|c|☆BDICAP|gg
|player|p2|
|player|p1|EpiclyEpicGamerW|red-masters|

</script>
<script type="application/json" class="data" id="replaydata-smogtours-gen3ou-800080">
{"id":"smogtours-gen3ou-800080","format":"[Gen 3] OU","players":["EpiclyEpicGamerW","BDICAP"],"uploadtime":1729369155,"views":84,"formatid":"gen3ou","rating":null,"private":0,"password":null}
</script>

<script defer src="js/replays.js?9d40a366"></script>
