<!DOCTYPE html>
<meta charset="utf-8" />
<meta name="viewport" content="width=device-width" />

<title>[Gen 3] OU: urenext°•° vs. MintChocolateGuy - Replays - Pok&eacute;mon Showdown!</title>

<meta name="description" content="Watch a replay of a Pok&eacute;mon battle between urenext°•° and MintChocolateGuy! Format: [Gen 3] OU; Date: Oct 2, 2024" />
<!--

Hey, you! Looking in the source for the replay log?

You can find them in JSON format, just add `.json` at the end of a replay URL.

https://replay.pokemonshowdown.com/gen7randomdoublesbattle-865046831.json

Or, if you only need the log itself, add `.log` instead:

https://replay.pokemonshowdown.com/gen7randomdoublesbattle-865046831.log

-->

<link rel="stylesheet" href="//pokemonshowdown.com/style/global.css?0.023195364461161105" />
<link rel="stylesheet" href="//play.pokemonshowdown.com/style/font-awesome.css?0.13261647063804238" />
<link rel="stylesheet" href="//play.pokemonshowdown.com/style/battle.css?0.8753245789963631" />
<link rel="stylesheet" href="//play.pokemonshowdown.com/style/utilichart.css?0.8627959624976733" />

<!-- Global site tag (gtag.js) - Google Analytics -->
<script async src="https://www.googletagmanager.com/gtag/js?id=UA-26211653-1"></script>
<script>
  window.dataLayer = window.dataLayer || [];
  function gtag(){dataLayer.push(arguments);}
  gtag('js', new Date());

  gtag('config', 'UA-26211653-1');
</script>
<!-- End Google Analytics -->
<!-- Venatus Ad Manager - Install in <HEAD> of page -->
	<script src="https://hb.vntsm.com/v3/live/ad-manager.min.js" type="text/javascript" data-site-id="642aba63ec9a7b11c3c9c1be" data-mode="scan" async></script>
<!-- / Venatus Ad Manager -->

<style>
	@media (max-width:820px) {
		.battle {
			margin: 0 auto;
		}
		.battle-log {
			margin: 7px auto 0;
			max-width: 640px;
			height: 300px;
			position: static;
		}
	}
	.optgroup {
		display: inline-block;
		line-height: 22px;
		font-size: 10pt;
	}
	.optgroup .button {
		height: 25px;
		padding-top: 0;
		padding-bottom: 0;
	}
	.optgroup button.button {
		padding-left: 12px;
		padding-right: 12px;
	}
	.linklist {
		list-style: none;
		margin: 0.5em 0;
		padding: 0;
	}
	.linklist li {
		padding: 2px 0;
	}
	.sidebar {
		float: left;
		width: 320px;
	}
	.bar-wrapper {
		max-width: 1100px;
		margin: 0 auto;
	}
	.bar-wrapper.has-sidebar {
		max-width: 1430px;
	}
	.mainbar {
		margin: 0;
		padding-right: 1px;
	}
	.mainbar.has-sidebar {
		margin-left: 330px;
	}
	@media (min-width: 1511px) {
		.sidebar {
			width: 400px;
		}
		.bar-wrapper.has-sidebar {
			max-width: 1510px;
		}
		.mainbar.has-sidebar {
			margin-left: 410px;
		}
	}
	.section.first-section {
		margin-top: 9px;
	}
	.blocklink small {
		white-space: normal;
	}
	.button {
		vertical-align: middle;
	}
	.replay-controls {
		padding-top: 10px;
	}
	.replay-controls h1 {
		font-size: 16pt;
		font-weight: normal;
		color: #CCC;
	}
	.pagelink {
		text-align: center;
	}
	.pagelink a {
		width: 150px;
	}
	.textbox, .button {
		font-size: 11pt;
		vertical-align: middle;
	}
	@media (max-width: 450px) {
		.button {
			font-size: 9pt;
		}
	}
</style>

<div>

	<header>
		<div class="nav-wrapper"><ul class="nav">
			<li><a class="button nav-first" href="//pokemonshowdown.com/"><img src="//pokemonshowdown.com/images/pokemonshowdownbeta.png" srcset="//pokemonshowdown.com/images/pokemonshowdownbeta.png 1x, //pokemonshowdown.com/images/pokemonshowdownbeta@2x.png 2x" alt="Pok&eacute;mon Showdown" width="146" height="44" /> Home</a></li>
			<li><a class="button" href="//pokemonshowdown.com/dex/">Pok&eacute;dex</a></li>
			<li><a class="button cur" href="/">Replays</a></li>
			<li><a class="button" href="//pokemonshowdown.com/ladder/">Ladder</a></li>
			<li><a class="button nav-last" href="//pokemonshowdown.com/forums/">Forum</a></li>
			<li><a class="button greenbutton nav-first nav-last" href="//play.pokemonshowdown.com/">Play</a></li>
		</ul></div>
	</header>

	<div class="main" id="main">

		<noscript><section class="section">You need to enable JavaScript to use this page; sorry!</section></noscript>

	</div>

</div>

<script defer nomodule src="//play.pokemonshowdown.com/js/lib/ps-polyfill.js"></script>
<script defer src="//play.pokemonshowdown.com/js/lib/preact.min.js"></script>

<script defer src="//play.pokemonshowdown.com/config/config.js?2bddbc15"></script>
<script defer src="//play.pokemonshowdown.com/js/lib/jquery-1.11.0.min.js"></script>
<script defer src="//play.pokemonshowdown.com/js/lib/html-sanitizer-minified.js"></script>
<script defer src="//play.pokemonshowdown.com/js/battle-sound.js"></script>
<script defer src="//play.pokemonshowdown.com/js/battledata.js?0.7209276989879541"></script>
<script defer src="//play.pokemonshowdown.com/data/pokedex-mini.js?0.6111056340867951"></script>
<script defer src="//play.pokemonshowdown.com/data/pokedex-mini-bw.js?0.3532142036491459"></script>
<script defer src="//play.pokemonshowdown.com/data/graphics.js?0.24223875632456182"></script>
<script defer src="//play.pokemonshowdown.com/data/pokedex.js?0.38839984266356864"></script>
<script defer src="//play.pokemonshowdown.com/data/moves.js?0.21866028504024015"></script>
<script defer src="//play.pokemonshowdown.com/data/abilities.js?0.2005157953846628"></script>
<script defer src="//play.pokemonshowdown.com/data/items.js?0.9894211263848525"></script>
<script defer src="//play.pokemonshowdown.com/data/teambuilder-tables.js?0.6008791140282215"></script>
<script defer src="//play.pokemonshowdown.com/js/battle-tooltips.js?0.7580118955022959"></script>
<script defer src="//play.pokemonshowdown.com/js/battle.js?0.6057722274234274"></script>

<script defer src="js/utils.js?e31f9a17"></script>
<script defer src="js/replays-battle.js?7008c182"></script>

<!-- don't scrape this data! just add .json or .log after the URL!
Full API docs: https://github.com/smogon/pokemon-showdown-client/blob/master/WEB-API.md -->
<script type="text/plain" class="log" id="replaylog-smogtours-gen3ou-793989">
|inactive|Battle timer is ON: inactive players will automatically lose when time's up.
|t:|1727891592
|gametype|singles
|player|p1|urenext°•°|102|
|player|p2|MintChocolateGuy|169|
|teamsize|p1|6
|teamsize|p2|6
|gen|3
|tier|[Gen 3] OU
|rule|Sleep Clause Mod: Limit one foe put to sleep
|rule|Switch Priority Clause Mod: Faster Pokémon switch first
|rule|Species Clause: Limit one of each Pokémon
|rule|OHKO Clause: OHKO moves are banned
|rule|Evasion Items Clause: Evasion items are banned
|rule|Evasion Moves Clause: Evasion moves are banned
|rule|Endless Battle Clause: Forcing endless battles is banned
|rule|HP Percentage Mod: HP is shown in percentages
|rule|One Boost Passer Clause: Limit one Baton Passer that has a way to boost its stats
|rule|Freeze Clause Mod: Limit one foe frozen
|
|t:|1727891592
|start
|switch|p1a: Metagross|Metagross|100/100
|switch|p2a: Suicune|Suicune|100/100
|turn|1
|
|t:|1727891619
|move|p2a: Suicune|Substitute|p2a: Suicune
|-start|p2a: Suicune|Substitute
|-damage|p2a: Suicune|75/100
|move|p1a: Metagross|Explosion|p2a: Suicune
|-end|p2a: Suicune|Substitute
|faint|p1a: Metagross
|
|t:|1727891628
|switch|p1a: Celebi|Celebi|100/100
|
|-heal|p2a: Suicune|82/100|[from] item: Leftovers
|upkeep
|turn|2
|
|t:|1727891642
|switch|p2a: Metagross|Metagross|100/100
|move|p1a: Celebi|Hidden Power|p2a: Metagross
|-resisted|p2a: Metagross
|-damage|p2a: Metagross|82/100
|
|upkeep
|turn|3
|
|t:|1727891657
|switch|p1a: Magneton|Magneton|100/100
|switch|p2a: Forretress|Forretress, M|100/100
|
|upkeep
|turn|4
|
|t:|1727891668
|move|p1a: Magneton|Thunderbolt|p2a: Forretress
|-damage|p2a: Forretress|47/100
|move|p2a: Forretress|Spikes|p1a: Magneton
|-sidestart|p1: urenext°•°|Spikes
|
|-heal|p2a: Forretress|53/100|[from] item: Leftovers
|upkeep
|turn|5
|
|t:|1727891675
|move|p1a: Magneton|Thunderbolt|p2a: Forretress
|-damage|p2a: Forretress|0 fnt
|faint|p2a: Forretress
|
|t:|1727891684
|switch|p2a: Tyranitar|Tyranitar, F|100/100
|-weather|Sandstorm|[from] ability: Sand Stream|[of] p2a: Tyranitar
|
|-weather|Sandstorm|[upkeep]
|upkeep
|turn|6
|
|t:|1727891692
|switch|p1a: Jirachi|Jirachi|100/100
|-damage|p1a: Jirachi|88/100|[from] Spikes
|move|p2a: Tyranitar|Earthquake|p1a: Jirachi
|-supereffective|p1a: Jirachi
|-damage|p1a: Jirachi|24/100
|
|-weather|Sandstorm|[upkeep]
|-heal|p1a: Jirachi|30/100|[from] item: Leftovers
|upkeep
|turn|7
|
|t:|1727891702
|move|p1a: Jirachi|Protect|p1a: Jirachi
|-singleturn|p1a: Jirachi|Protect
|move|p2a: Tyranitar|Earthquake|p1a: Jirachi
|-activate|p1a: Jirachi|Protect
|
|-weather|Sandstorm|[upkeep]
|-heal|p1a: Jirachi|37/100|[from] item: Leftovers
|upkeep
|turn|8
|
|t:|1727891709
|switch|p1a: Suicune|Suicune|100/100
|-damage|p1a: Suicune|88/100|[from] Spikes
|move|p2a: Tyranitar|Earthquake|p1a: Suicune
|-damage|p1a: Suicune|63/100
|
|-weather|Sandstorm|[upkeep]
|-damage|p1a: Suicune|57/100|[from] Sandstorm
|-heal|p1a: Suicune|63/100|[from] item: Leftovers
|upkeep
|turn|9
|
|t:|1727891717
|switch|p2a: Celebi|Celebi|100/100
|move|p1a: Suicune|Calm Mind|p1a: Suicune
|-boost|p1a: Suicune|spa|1
|-boost|p1a: Suicune|spd|1
|
|-weather|Sandstorm|[upkeep]
|-damage|p2a: Celebi|94/100|[from] Sandstorm
|-damage|p1a: Suicune|57/100|[from] Sandstorm
|-heal|p2a: Celebi|100/100|[from] item: Leftovers
|-heal|p1a: Suicune|63/100|[from] item: Leftovers
|upkeep
|turn|10
|
|t:|1727891724
|move|p2a: Celebi|Leech Seed|p1a: Suicune
|-start|p1a: Suicune|move: Leech Seed
|move|p1a: Suicune|Ice Beam|p2a: Celebi
|-supereffective|p2a: Celebi
|-damage|p2a: Celebi|29/100
|
|-weather|Sandstorm|[upkeep]
|-damage|p2a: Celebi|23/100|[from] Sandstorm
|-damage|p1a: Suicune|57/100|[from] Sandstorm
|-heal|p2a: Celebi|29/100|[from] item: Leftovers
|-heal|p1a: Suicune|63/100|[from] item: Leftovers
|-damage|p1a: Suicune|50/100|[from] Leech Seed|[of] p2a: Celebi
|-heal|p2a: Celebi|42/100|[silent]
|upkeep
|turn|11
|
|t:|1727891730
|move|p2a: Celebi|Recover|p2a: Celebi
|-heal|p2a: Celebi|92/100
|move|p1a: Suicune|Ice Beam|p2a: Celebi
|-supereffective|p2a: Celebi
|-damage|p2a: Celebi|23/100
|
|-weather|Sandstorm|[upkeep]
|-damage|p2a: Celebi|16/100|[from] Sandstorm
|-damage|p1a: Suicune|44/100|[from] Sandstorm
|-heal|p2a: Celebi|23/100|[from] item: Leftovers
|-heal|p1a: Suicune|50/100|[from] item: Leftovers
|-damage|p1a: Suicune|38/100|[from] Leech Seed|[of] p2a: Celebi
|-heal|p2a: Celebi|35/100|[silent]
|upkeep
|turn|12
|
|t:|1727891735
|switch|p1a: Starmie|Starmie|100/100
|-damage|p1a: Starmie|88/100|[from] Spikes
|move|p2a: Celebi|Recover|p2a: Celebi
|-heal|p2a: Celebi|85/100
|
|-weather|Sandstorm|[upkeep]
|-damage|p1a: Starmie|82/100|[from] Sandstorm
|-damage|p2a: Celebi|79/100|[from] Sandstorm
|-heal|p1a: Starmie|88/100|[from] item: Leftovers
|-heal|p2a: Celebi|85/100|[from] item: Leftovers
|upkeep
|turn|13
|
|t:|1727891740
|move|p1a: Starmie|Thunder Wave|p2a: Celebi
|-status|p2a: Celebi|par
|cant|p2a: Celebi|par
|
|-weather|Sandstorm|[upkeep]
|-damage|p1a: Starmie|82/100|[from] Sandstorm
|-damage|p2a: Celebi|79/100 par|[from] Sandstorm
|-heal|p1a: Starmie|88/100|[from] item: Leftovers
|-heal|p2a: Celebi|85/100 par|[from] item: Leftovers
|upkeep
|turn|14
|
|t:|1727891758
|move|p1a: Starmie|Rapid Spin|p2a: Celebi
|-damage|p2a: Celebi|83/100 par
|-sideend|p1: urenext°•°|Spikes|[from] move: Rapid Spin|[of] p1a: Starmie
|cant|p2a: Celebi|par
|
|-weather|Sandstorm|[upkeep]
|-damage|p1a: Starmie|82/100|[from] Sandstorm
|-damage|p2a: Celebi|77/100 par|[from] Sandstorm
|-heal|p1a: Starmie|88/100|[from] item: Leftovers
|-heal|p2a: Celebi|83/100 par|[from] item: Leftovers
|upkeep
|turn|15
|
|t:|1727891773
|switch|p1a: Jirachi|Jirachi|37/100
|move|p2a: Celebi|Leech Seed|p1a: Jirachi
|-start|p1a: Jirachi|move: Leech Seed
|
|-weather|Sandstorm|[upkeep]
|-damage|p2a: Celebi|77/100 par|[from] Sandstorm
|-heal|p1a: Jirachi|43/100|[from] item: Leftovers
|-damage|p1a: Jirachi|30/100|[from] Leech Seed|[of] p2a: Celebi
|-heal|p2a: Celebi|89/100 par|[silent]
|-heal|p2a: Celebi|96/100 par|[from] item: Leftovers
|upkeep
|turn|16
|
|t:|1727891791
|-curestatus|p2a: Celebi|par|[from] ability: Natural Cure
|switch|p2a: Suicune|Suicune|82/100
|move|p1a: Jirachi|Wish|p1a: Jirachi
|
|-weather|Sandstorm|[upkeep]
|-damage|p2a: Suicune|75/100|[from] Sandstorm
|-heal|p2a: Suicune|82/100|[from] item: Leftovers
|-heal|p1a: Jirachi|37/100|[from] item: Leftovers
|-damage|p1a: Jirachi|24/100|[from] Leech Seed|[of] p2a: Suicune
|-heal|p2a: Suicune|96/100|[silent]
|upkeep
|turn|17
|inactive|MintChocolateGuy has 270 seconds left.
|
|t:|1727891822
|switch|p1a: Magneton|Magneton|100/100
|move|p2a: Suicune|Calm Mind|p2a: Suicune
|-boost|p2a: Suicune|spa|1
|-boost|p2a: Suicune|spd|1
|
|-weather|Sandstorm|[upkeep]
|-damage|p2a: Suicune|90/100|[from] Sandstorm
|-heal|p2a: Suicune|96/100|[from] item: Leftovers
|upkeep
|turn|18
|inactive|MintChocolateGuy has 270 seconds left.
|
|t:|1727891836
|move|p2a: Suicune|Hydro Pump|p1a: Magneton
|-damage|p1a: Magneton|0 fnt
|faint|p1a: Magneton
|
|t:|1727891845
|switch|p1a: Celebi|Celebi|100/100
|
|-weather|Sandstorm|[upkeep]
|-damage|p2a: Suicune|90/100|[from] Sandstorm
|-damage|p1a: Celebi|94/100|[from] Sandstorm
|-heal|p2a: Suicune|96/100|[from] item: Leftovers
|-heal|p1a: Celebi|100/100|[from] item: Leftovers
|upkeep
|turn|19
|
|t:|1727891851
|move|p2a: Suicune|Substitute|p2a: Suicune
|-start|p2a: Suicune|Substitute
|-damage|p2a: Suicune|71/100
|move|p1a: Celebi|Leech Seed||[still]
|-fail|p1a: Celebi
|
|-weather|Sandstorm|[upkeep]
|-damage|p2a: Suicune|65/100|[from] Sandstorm
|-damage|p1a: Celebi|94/100|[from] Sandstorm
|-heal|p2a: Suicune|71/100|[from] item: Leftovers
|-heal|p1a: Celebi|100/100|[from] item: Leftovers
|upkeep
|turn|20
|
|t:|1727891856
|move|p2a: Suicune|Calm Mind|p2a: Suicune
|-boost|p2a: Suicune|spa|1
|-boost|p2a: Suicune|spd|1
|move|p1a: Celebi|Hidden Power|p2a: Suicune
|-supereffective|p2a: Suicune
|-end|p2a: Suicune|Substitute
|
|-weather|Sandstorm|[upkeep]
|-damage|p2a: Suicune|65/100|[from] Sandstorm
|-damage|p1a: Celebi|94/100|[from] Sandstorm
|-heal|p2a: Suicune|71/100|[from] item: Leftovers
|-heal|p1a: Celebi|100/100|[from] item: Leftovers
|upkeep
|turn|21
|
|t:|1727891864
|move|p2a: Suicune|Ice Beam|p1a: Celebi
|-supereffective|p1a: Celebi
|-damage|p1a: Celebi|10/100
|move|p1a: Celebi|Ancient Power|p2a: Suicune
|-damage|p2a: Suicune|59/100
|
|-weather|Sandstorm|[upkeep]
|-damage|p2a: Suicune|53/100|[from] Sandstorm
|-damage|p1a: Celebi|4/100|[from] Sandstorm
|-heal|p2a: Suicune|59/100|[from] item: Leftovers
|-heal|p1a: Celebi|10/100|[from] item: Leftovers
|upkeep
|turn|22
|
|t:|1727891873
|move|p2a: Suicune|Ice Beam|p1a: Celebi
|-supereffective|p1a: Celebi
|-damage|p1a: Celebi|0 fnt
|faint|p1a: Celebi
|
|t:|1727891875
|switch|p1a: Starmie|Starmie|88/100
|
|-weather|Sandstorm|[upkeep]
|-damage|p1a: Starmie|82/100|[from] Sandstorm
|-damage|p2a: Suicune|53/100|[from] Sandstorm
|-heal|p1a: Starmie|88/100|[from] item: Leftovers
|-heal|p2a: Suicune|59/100|[from] item: Leftovers
|upkeep
|turn|23
|
|t:|1727891880
|move|p1a: Starmie|Thunder Wave|p2a: Suicune
|-status|p2a: Suicune|par
|cant|p2a: Suicune|par
|
|-weather|Sandstorm|[upkeep]
|-damage|p1a: Starmie|82/100|[from] Sandstorm
|-damage|p2a: Suicune|53/100 par|[from] Sandstorm
|-heal|p1a: Starmie|88/100|[from] item: Leftovers
|-heal|p2a: Suicune|59/100 par|[from] item: Leftovers
|upkeep
|turn|24
|
|t:|1727891890
|switch|p1a: Jirachi|Jirachi|24/100
|move|p2a: Suicune|Ice Beam|p1a: Jirachi
|-resisted|p1a: Jirachi
|-damage|p1a: Jirachi|8/100
|
|-weather|Sandstorm|[upkeep]
|-damage|p2a: Suicune|53/100 par|[from] Sandstorm
|-heal|p1a: Jirachi|14/100|[from] item: Leftovers
|-heal|p2a: Suicune|59/100 par|[from] item: Leftovers
|upkeep
|turn|25
|
|t:|1727891895
|move|p1a: Jirachi|Protect|p1a: Jirachi
|-singleturn|p1a: Jirachi|Protect
|move|p2a: Suicune|Hydro Pump|p1a: Jirachi
|-activate|p1a: Jirachi|Protect
|
|-weather|Sandstorm|[upkeep]
|-damage|p2a: Suicune|53/100 par|[from] Sandstorm
|-heal|p1a: Jirachi|20/100|[from] item: Leftovers
|-heal|p2a: Suicune|59/100 par|[from] item: Leftovers
|upkeep
|turn|26
|
|t:|1727891897
|move|p1a: Jirachi|Wish|p1a: Jirachi
|move|p2a: Suicune|Hydro Pump|p1a: Jirachi
|-crit|p1a: Jirachi
|-damage|p1a: Jirachi|0 fnt
|faint|p1a: Jirachi
|
|t:|1727891901
|switch|p1a: Suicune|Suicune|38/100
|
|-weather|Sandstorm|[upkeep]
|-damage|p1a: Suicune|32/100|[from] Sandstorm
|-damage|p2a: Suicune|53/100 par|[from] Sandstorm
|-heal|p1a: Suicune|38/100|[from] item: Leftovers
|-heal|p2a: Suicune|59/100 par|[from] item: Leftovers
|upkeep
|turn|27
|
|t:|1727891918
|switch|p2a: Celebi|Celebi|96/100
|move|p1a: Suicune|Calm Mind|p1a: Suicune
|-boost|p1a: Suicune|spa|1
|-boost|p1a: Suicune|spd|1
|
|-heal|p1a: Suicune|88/100|[from] move: Wish|[wisher] Jirachi
|-weather|Sandstorm|[upkeep]
|-damage|p2a: Celebi|89/100|[from] Sandstorm
|-damage|p1a: Suicune|82/100|[from] Sandstorm
|-heal|p2a: Celebi|96/100|[from] item: Leftovers
|-heal|p1a: Suicune|88/100|[from] item: Leftovers
|upkeep
|turn|28
|
|t:|1727891925
|move|p2a: Celebi|Leech Seed|p1a: Suicune
|-start|p1a: Suicune|move: Leech Seed
|move|p1a: Suicune|Ice Beam|p2a: Celebi
|-supereffective|p2a: Celebi
|-damage|p2a: Celebi|28/100
|
|-weather|Sandstorm|[upkeep]
|-damage|p2a: Celebi|22/100|[from] Sandstorm
|-damage|p1a: Suicune|82/100|[from] Sandstorm
|-heal|p2a: Celebi|28/100|[from] item: Leftovers
|-heal|p1a: Suicune|88/100|[from] item: Leftovers
|-damage|p1a: Suicune|76/100|[from] Leech Seed|[of] p2a: Celebi
|-heal|p2a: Celebi|40/100|[silent]
|upkeep
|turn|29
|
|t:|1727891930
|move|p2a: Celebi|Recover|p2a: Celebi
|-heal|p2a: Celebi|90/100
|move|p1a: Suicune|Calm Mind|p1a: Suicune
|-boost|p1a: Suicune|spa|1
|-boost|p1a: Suicune|spd|1
|
|-weather|Sandstorm|[upkeep]
|-damage|p2a: Celebi|84/100|[from] Sandstorm
|-damage|p1a: Suicune|70/100|[from] Sandstorm
|-heal|p2a: Celebi|90/100|[from] item: Leftovers
|-heal|p1a: Suicune|76/100|[from] item: Leftovers
|-damage|p1a: Suicune|63/100|[from] Leech Seed|[of] p2a: Celebi
|-heal|p2a: Celebi|100/100|[silent]
|upkeep
|turn|30
|
|t:|1727891935
|move|p2a: Celebi|Hidden Power|p1a: Suicune
|-supereffective|p1a: Suicune
|-damage|p1a: Suicune|43/100
|move|p1a: Suicune|Ice Beam|p2a: Celebi
|-supereffective|p2a: Celebi
|-damage|p2a: Celebi|14/100
|
|-weather|Sandstorm|[upkeep]
|-damage|p2a: Celebi|8/100|[from] Sandstorm
|-damage|p1a: Suicune|36/100|[from] Sandstorm
|-heal|p2a: Celebi|14/100|[from] item: Leftovers
|-heal|p1a: Suicune|43/100|[from] item: Leftovers
|-damage|p1a: Suicune|30/100|[from] Leech Seed|[of] p2a: Celebi
|-heal|p2a: Celebi|27/100|[silent]
|upkeep
|turn|31
|
|t:|1727891944
|switch|p1a: Starmie|Starmie|88/100
|move|p2a: Celebi|Hidden Power|p1a: Starmie
|-supereffective|p1a: Starmie
|-damage|p1a: Starmie|27/100
|
|-weather|Sandstorm|[upkeep]
|-damage|p1a: Starmie|21/100|[from] Sandstorm
|-damage|p2a: Celebi|21/100|[from] Sandstorm
|-heal|p1a: Starmie|27/100|[from] item: Leftovers
|-heal|p2a: Celebi|27/100|[from] item: Leftovers
|upkeep
|turn|32
|
|t:|1727891951
|move|p1a: Starmie|Thunder Wave|p2a: Celebi
|-status|p2a: Celebi|par
|move|p2a: Celebi|Hidden Power|p1a: Starmie
|-supereffective|p1a: Starmie
|-damage|p1a: Starmie|0 fnt
|faint|p1a: Starmie
|
|t:|1727891954
|switch|p1a: Suicune|Suicune|30/100
|
|-weather|Sandstorm|[upkeep]
|-damage|p1a: Suicune|24/100|[from] Sandstorm
|-damage|p2a: Celebi|21/100 par|[from] Sandstorm
|-heal|p1a: Suicune|30/100|[from] item: Leftovers
|-heal|p2a: Celebi|27/100 par|[from] item: Leftovers
|upkeep
|turn|33
|
|t:|1727891961
|-curestatus|p2a: Celebi|par|[from] ability: Natural Cure
|switch|p2a: Aerodactyl|Aerodactyl, M|100/100
|move|p1a: Suicune|Ice Beam|p2a: Aerodactyl
|-supereffective|p2a: Aerodactyl
|-damage|p2a: Aerodactyl|22/100
|
|-weather|Sandstorm|[upkeep]
|-damage|p1a: Suicune|24/100|[from] Sandstorm
|-heal|p1a: Suicune|30/100|[from] item: Leftovers
|upkeep
|turn|34
|
|t:|1727891967
|move|p2a: Aerodactyl|Double-Edge|p1a: Suicune
|-damage|p1a: Suicune|0 fnt
|faint|p1a: Suicune
|
|win|MintChocolateGuy
|player|p1|
|c|☆MintChocolateGuy|ggs

</script>
<script type="application/json" class="data" id="replaydata-smogtours-gen3ou-793989">
{"id":"smogtours-gen3ou-793989","format":"[Gen 3] OU","players":["urenext\u00b0\u2022\u00b0","MintChocolateGuy"],"uploadtime":1727891967,"views":98,"formatid":"gen3ou","rating":null,"private":0,"password":null}
</script>

<script defer src="js/replays.js?9d40a366"></script>
