<!DOCTYPE html>
<meta charset="utf-8" />
<meta name="viewport" content="width=device-width" />

<title>[Gen 3] OU: monchooo vs. AC77 - Replays - Pok&eacute;mon Showdown!</title>

<meta name="description" content="Watch a replay of a Pok&eacute;mon battle between monchooo and AC77! Format: [Gen 3] OU; Date: Nov 1, 2024" />
<!--

Hey, you! Looking in the source for the replay log?

You can find them in JSON format, just add `.json` at the end of a replay URL.

https://replay.pokemonshowdown.com/gen7randomdoublesbattle-865046831.json

Or, if you only need the log itself, add `.log` instead:

https://replay.pokemonshowdown.com/gen7randomdoublesbattle-865046831.log

-->

<link rel="stylesheet" href="//pokemonshowdown.com/style/global.css?0.023195364461161105" />
<link rel="stylesheet" href="//play.pokemonshowdown.com/style/font-awesome.css?0.13261647063804238" />
<link rel="stylesheet" href="//play.pokemonshowdown.com/style/battle.css?0.8753245789963631" />
<link rel="stylesheet" href="//play.pokemonshowdown.com/style/utilichart.css?0.8627959624976733" />

<!-- Global site tag (gtag.js) - Google Analytics -->
<script async src="https://www.googletagmanager.com/gtag/js?id=UA-26211653-1"></script>
<script>
  window.dataLayer = window.dataLayer || [];
  function gtag(){dataLayer.push(arguments);}
  gtag('js', new Date());

  gtag('config', 'UA-26211653-1');
</script>
<!-- End Google Analytics -->
<!-- Venatus Ad Manager - Install in <HEAD> of page -->
	<script src="https://hb.vntsm.com/v3/live/ad-manager.min.js" type="text/javascript" data-site-id="642aba63ec9a7b11c3c9c1be" data-mode="scan" async></script>
<!-- / Venatus Ad Manager -->

<style>
	@media (max-width:820px) {
		.battle {
			margin: 0 auto;
		}
		.battle-log {
			margin: 7px auto 0;
			max-width: 640px;
			height: 300px;
			position: static;
		}
	}
	.optgroup {
		display: inline-block;
		line-height: 22px;
		font-size: 10pt;
	}
	.optgroup .button {
		height: 25px;
		padding-top: 0;
		padding-bottom: 0;
	}
	.optgroup button.button {
		padding-left: 12px;
		padding-right: 12px;
	}
	.linklist {
		list-style: none;
		margin: 0.5em 0;
		padding: 0;
	}
	.linklist li {
		padding: 2px 0;
	}
	.sidebar {
		float: left;
		width: 320px;
	}
	.bar-wrapper {
		max-width: 1100px;
		margin: 0 auto;
	}
	.bar-wrapper.has-sidebar {
		max-width: 1430px;
	}
	.mainbar {
		margin: 0;
		padding-right: 1px;
	}
	.mainbar.has-sidebar {
		margin-left: 330px;
	}
	@media (min-width: 1511px) {
		.sidebar {
			width: 400px;
		}
		.bar-wrapper.has-sidebar {
			max-width: 1510px;
		}
		.mainbar.has-sidebar {
			margin-left: 410px;
		}
	}
	.section.first-section {
		margin-top: 9px;
	}
	.blocklink small {
		white-space: normal;
	}
	.button {
		vertical-align: middle;
	}
	.replay-controls {
		padding-top: 10px;
	}
	.replay-controls h1 {
		font-size: 16pt;
		font-weight: normal;
		color: #CCC;
	}
	.pagelink {
		text-align: center;
	}
	.pagelink a {
		width: 150px;
	}
	.textbox, .button {
		font-size: 11pt;
		vertical-align: middle;
	}
	@media (max-width: 450px) {
		.button {
			font-size: 9pt;
		}
	}
</style>

<div>

	<header>
		<div class="nav-wrapper"><ul class="nav">
			<li><a class="button nav-first" href="//pokemonshowdown.com/"><img src="//pokemonshowdown.com/images/pokemonshowdownbeta.png" srcset="//pokemonshowdown.com/images/pokemonshowdownbeta.png 1x, //pokemonshowdown.com/images/pokemonshowdownbeta@2x.png 2x" alt="Pok&eacute;mon Showdown" width="146" height="44" /> Home</a></li>
			<li><a class="button" href="//pokemonshowdown.com/dex/">Pok&eacute;dex</a></li>
			<li><a class="button cur" href="/">Replays</a></li>
			<li><a class="button" href="//pokemonshowdown.com/ladder/">Ladder</a></li>
			<li><a class="button nav-last" href="//pokemonshowdown.com/forums/">Forum</a></li>
			<li><a class="button greenbutton nav-first nav-last" href="//play.pokemonshowdown.com/">Play</a></li>
		</ul></div>
	</header>

	<div class="main" id="main">

		<noscript><section class="section">You need to enable JavaScript to use this page; sorry!</section></noscript>

	</div>

</div>

<script defer nomodule src="//play.pokemonshowdown.com/js/lib/ps-polyfill.js"></script>
<script defer src="//play.pokemonshowdown.com/js/lib/preact.min.js"></script>

<script defer src="//play.pokemonshowdown.com/config/config.js?2bddbc15"></script>
<script defer src="//play.pokemonshowdown.com/js/lib/jquery-1.11.0.min.js"></script>
<script defer src="//play.pokemonshowdown.com/js/lib/html-sanitizer-minified.js"></script>
<script defer src="//play.pokemonshowdown.com/js/battle-sound.js"></script>
<script defer src="//play.pokemonshowdown.com/js/battledata.js?0.7209276989879541"></script>
<script defer src="//play.pokemonshowdown.com/data/pokedex-mini.js?0.6111056340867951"></script>
<script defer src="//play.pokemonshowdown.com/data/pokedex-mini-bw.js?0.3532142036491459"></script>
<script defer src="//play.pokemonshowdown.com/data/graphics.js?0.24223875632456182"></script>
<script defer src="//play.pokemonshowdown.com/data/pokedex.js?0.38839984266356864"></script>
<script defer src="//play.pokemonshowdown.com/data/moves.js?0.21866028504024015"></script>
<script defer src="//play.pokemonshowdown.com/data/abilities.js?0.2005157953846628"></script>
<script defer src="//play.pokemonshowdown.com/data/items.js?0.9894211263848525"></script>
<script defer src="//play.pokemonshowdown.com/data/teambuilder-tables.js?0.6008791140282215"></script>
<script defer src="//play.pokemonshowdown.com/js/battle-tooltips.js?0.7580118955022959"></script>
<script defer src="//play.pokemonshowdown.com/js/battle.js?0.6057722274234274"></script>

<script defer src="js/utils.js?e31f9a17"></script>
<script defer src="js/replays-battle.js?7008c182"></script>

<!-- don't scrape this data! just add .json or .log after the URL!
Full API docs: https://github.com/smogon/pokemon-showdown-client/blob/master/WEB-API.md -->
<script type="text/plain" class="log" id="replaylog-smogtours-gen3ou-803756">
|inactive|Battle timer is ON: inactive players will automatically lose when time's up.
|t:|1730484789
|gametype|singles
|player|p1|monchooo|pryce-gen2|
|player|p2|AC77|karen|
|teamsize|p1|6
|teamsize|p2|6
|gen|3
|tier|[Gen 3] OU
|rule|Sleep Clause Mod: Limit one foe put to sleep
|rule|Switch Priority Clause Mod: Faster Pokémon switch first
|rule|Species Clause: Limit one of each Pokémon
|rule|OHKO Clause: OHKO moves are banned
|rule|Evasion Items Clause: Evasion items are banned
|rule|Evasion Moves Clause: Evasion moves are banned
|rule|Endless Battle Clause: Forcing endless battles is banned
|rule|HP Percentage Mod: HP is shown in percentages
|rule|One Boost Passer Clause: Limit one Baton Passer that has a way to boost its stats
|rule|Freeze Clause Mod: Limit one foe frozen
|
|t:|1730484789
|start
|switch|p1a: Tyranitar|Tyranitar, M|100/100
|switch|p2a: Metagross|Metagross|100/100
|-weather|Sandstorm|[from] ability: Sand Stream|[of] p1a: Tyranitar
|turn|1
|inactive|AC77 also wants the timer to be on.
|c|☆monchooo|hf
|c|☆AC77|hf
|inactive|monchooo has 270 seconds left.
|inactive|AC77 has 270 seconds left.
|
|t:|1730484829
|switch|p1a: Jirachi|Jirachi|100/100
|move|p2a: Metagross|Explosion|p1a: Jirachi
|-resisted|p1a: Jirachi
|-damage|p1a: Jirachi|18/100
|faint|p2a: Metagross
|
|t:|1730484855
|switch|p2a: Charizard|Charizard, M|100/100
|
|-weather|Sandstorm|[upkeep]
|-damage|p2a: Charizard|94/100|[from] Sandstorm
|-heal|p2a: Charizard|100/100|[from] item: Leftovers
|-heal|p1a: Jirachi|24/100|[from] item: Leftovers
|upkeep
|turn|2
|inactive|monchooo has 270 seconds left.
|
|t:|1730484889
|switch|p1a: Zapdos|Zapdos|100/100
|move|p2a: Charizard|Fire Blast|p1a: Zapdos
|-damage|p1a: Zapdos|58/100
|
|-weather|Sandstorm|[upkeep]
|-damage|p2a: Charizard|94/100|[from] Sandstorm
|-damage|p1a: Zapdos|52/100|[from] Sandstorm
|-heal|p2a: Charizard|100/100|[from] item: Leftovers
|-heal|p1a: Zapdos|58/100|[from] item: Leftovers
|upkeep
|turn|3
|inactive|monchooo has 270 seconds left.
|inactive|monchooo has 240 seconds left.
|
|t:|1730484939
|switch|p2a: Claydol|Claydol|100/100
|switch|p1a: Tyranitar|Tyranitar, M|100/100
|
|-weather|Sandstorm|[upkeep]
|upkeep
|turn|4
|
|t:|1730484961
|switch|p1a: Cloyster|Cloyster, M|100/100
|move|p2a: Claydol|Earthquake|p1a: Cloyster
|-damage|p1a: Cloyster|71/100
|
|-weather|Sandstorm|[upkeep]
|-damage|p1a: Cloyster|65/100|[from] Sandstorm
|-heal|p1a: Cloyster|71/100|[from] item: Leftovers
|upkeep
|turn|5
|
|t:|1730484968
|switch|p2a: Suicune|Suicune|100/100
|move|p1a: Cloyster|Spikes|p2a: Suicune
|-sidestart|p2: AC77|Spikes
|
|-weather|Sandstorm|[upkeep]
|-damage|p2a: Suicune|94/100|[from] Sandstorm
|-damage|p1a: Cloyster|65/100|[from] Sandstorm
|-heal|p2a: Suicune|100/100|[from] item: Leftovers
|-heal|p1a: Cloyster|71/100|[from] item: Leftovers
|upkeep
|turn|6
|inactive|monchooo has 210 seconds left.
|
|t:|1730485008
|move|p2a: Suicune|Calm Mind|p2a: Suicune
|-boost|p2a: Suicune|spa|1
|-boost|p2a: Suicune|spd|1
|move|p1a: Cloyster|Explosion|p2a: Suicune
|-damage|p2a: Suicune|26/100
|faint|p1a: Cloyster
|
|t:|1730485021
|switch|p1a: Zapdos|Zapdos|58/100
|
|-weather|Sandstorm|[upkeep]
|-damage|p1a: Zapdos|52/100|[from] Sandstorm
|-damage|p2a: Suicune|20/100|[from] Sandstorm
|-heal|p1a: Zapdos|58/100|[from] item: Leftovers
|-heal|p2a: Suicune|26/100|[from] item: Leftovers
|upkeep
|turn|7
|
|t:|1730485027
|move|p2a: Suicune|Ice Beam|p1a: Zapdos
|-supereffective|p1a: Zapdos
|-damage|p1a: Zapdos|0 fnt
|faint|p1a: Zapdos
|inactive|monchooo has 210 seconds left.
|
|t:|1730485041
|switch|p1a: Aerodactyl|Aerodactyl, F|100/100
|
|-weather|Sandstorm|[upkeep]
|-damage|p2a: Suicune|20/100|[from] Sandstorm
|-heal|p2a: Suicune|26/100|[from] item: Leftovers
|upkeep
|turn|8
|inactive|monchooo has 210 seconds left.
|
|t:|1730485048
|move|p1a: Aerodactyl|Double-Edge|p2a: Suicune
|-damage|p2a: Suicune|0 fnt
|faint|p2a: Suicune
|
|t:|1730485050
|switch|p2a: Tyranitar|Tyranitar, M|100/100
|-damage|p2a: Tyranitar|88/100|[from] Spikes
|
|-weather|Sandstorm|[upkeep]
|upkeep
|turn|9
|
|t:|1730485056
|-activate|p1a: Aerodactyl|move: Pursuit
|move|p2a: Tyranitar|Pursuit|p1a: Aerodactyl|[from]Pursuit
|-damage|p1a: Aerodactyl|38/100
|switch|p1a: Claydol|Claydol|100/100
|
|-weather|Sandstorm|[upkeep]
|upkeep
|turn|10
|
|t:|1730485074
|move|p1a: Claydol|Earthquake|p2a: Tyranitar
|-supereffective|p2a: Tyranitar
|-crit|p2a: Tyranitar
|-damage|p2a: Tyranitar|0 fnt
|faint|p2a: Tyranitar
|
|t:|1730485084
|switch|p2a: Snorlax|Snorlax, F|100/100
|-damage|p2a: Snorlax|88/100|[from] Spikes
|
|-weather|Sandstorm|[upkeep]
|-damage|p2a: Snorlax|82/100|[from] Sandstorm
|-heal|p2a: Snorlax|88/100|[from] item: Leftovers
|upkeep
|turn|11
|inactive|monchooo has 210 seconds left.
|inactive|monchooo has 180 seconds left.
|
|t:|1730485159
|switch|p1a: Tyranitar|Tyranitar, M|100/100
|move|p2a: Snorlax|Curse|p2a: Snorlax
|-unboost|p2a: Snorlax|spe|1
|-boost|p2a: Snorlax|atk|1
|-boost|p2a: Snorlax|def|1
|
|-weather|Sandstorm|[upkeep]
|-damage|p2a: Snorlax|82/100|[from] Sandstorm
|-heal|p2a: Snorlax|88/100|[from] item: Leftovers
|upkeep
|turn|12
|
|t:|1730485164
|move|p1a: Tyranitar|Rock Slide|p2a: Snorlax
|-damage|p2a: Snorlax|62/100
|move|p2a: Snorlax|Body Slam|p1a: Tyranitar
|-resisted|p1a: Tyranitar
|-damage|p1a: Tyranitar|78/100
|-status|p1a: Tyranitar|par
|
|-weather|Sandstorm|[upkeep]
|-damage|p2a: Snorlax|56/100|[from] Sandstorm
|-heal|p2a: Snorlax|62/100|[from] item: Leftovers
|-heal|p1a: Tyranitar|84/100 par|[from] item: Leftovers
|upkeep
|turn|13
|
|t:|1730485173
|move|p2a: Snorlax|Body Slam|p1a: Tyranitar
|-resisted|p1a: Tyranitar
|-damage|p1a: Tyranitar|60/100 par
|move|p1a: Tyranitar|Rock Slide|p2a: Snorlax
|-damage|p2a: Snorlax|40/100
|
|-weather|Sandstorm|[upkeep]
|-damage|p2a: Snorlax|33/100|[from] Sandstorm
|-heal|p2a: Snorlax|40/100|[from] item: Leftovers
|-heal|p1a: Tyranitar|66/100 par|[from] item: Leftovers
|upkeep
|turn|14
|
|t:|1730485184
|-singleturn|p1a: Tyranitar|move: Focus Punch
|move|p2a: Snorlax|Body Slam|p1a: Tyranitar
|-resisted|p1a: Tyranitar
|-damage|p1a: Tyranitar|42/100 par
|move|p1a: Tyranitar|Focus Punch||[still]
|cant|p1a: Tyranitar|Focus Punch|Focus Punch
|
|-weather|Sandstorm|[upkeep]
|-damage|p2a: Snorlax|33/100|[from] Sandstorm
|-heal|p2a: Snorlax|40/100|[from] item: Leftovers
|-heal|p1a: Tyranitar|48/100 par|[from] item: Leftovers
|upkeep
|turn|15
|
|t:|1730485191
|-singleturn|p2a: Snorlax|move: Focus Punch
|cant|p1a: Tyranitar|par
|move|p2a: Snorlax|Focus Punch|p1a: Tyranitar
|-supereffective|p1a: Tyranitar
|-damage|p1a: Tyranitar|0 fnt
|faint|p1a: Tyranitar
|inactive|monchooo has 180 seconds left.
|
|t:|1730485220
|switch|p1a: Aerodactyl|Aerodactyl, F|38/100
|
|-weather|Sandstorm|[upkeep]
|-damage|p2a: Snorlax|33/100|[from] Sandstorm
|-heal|p2a: Snorlax|40/100|[from] item: Leftovers
|upkeep
|turn|16
|
|t:|1730485236
|move|p1a: Aerodactyl|Rock Slide|p2a: Snorlax
|-damage|p2a: Snorlax|13/100
|move|p2a: Snorlax|Body Slam|p1a: Aerodactyl
|-resisted|p1a: Aerodactyl
|-damage|p1a: Aerodactyl|0 fnt
|faint|p1a: Aerodactyl
|
|t:|1730485245
|switch|p1a: Claydol|Claydol|100/100
|
|-weather|Sandstorm|[upkeep]
|-damage|p2a: Snorlax|7/100|[from] Sandstorm
|-heal|p2a: Snorlax|13/100|[from] item: Leftovers
|upkeep
|turn|17
|
|t:|1730485248
|move|p1a: Claydol|Earthquake|p2a: Snorlax
|-damage|p2a: Snorlax|0 fnt
|faint|p2a: Snorlax
|inactive|AC77 has 270 seconds left.
|
|t:|1730485292
|switch|p2a: Charizard|Charizard, M|100/100
|
|-weather|Sandstorm|[upkeep]
|-damage|p2a: Charizard|94/100|[from] Sandstorm
|-heal|p2a: Charizard|100/100|[from] item: Leftovers
|upkeep
|turn|18
|inactive|monchooo has 180 seconds left.
|inactive|monchooo has 150 seconds left.
|
|t:|1730485342
|switch|p1a: Jirachi|Jirachi|24/100
|move|p2a: Charizard|Hidden Power|p1a: Jirachi
|-resisted|p1a: Jirachi
|-damage|p1a: Jirachi|15/100
|
|-weather|Sandstorm|[upkeep]
|-damage|p2a: Charizard|94/100|[from] Sandstorm
|-heal|p2a: Charizard|100/100|[from] item: Leftovers
|-heal|p1a: Jirachi|21/100|[from] item: Leftovers
|upkeep
|turn|19
|inactive|monchooo has 150 seconds left.
|
|t:|1730485351
|move|p1a: Jirachi|Protect|p1a: Jirachi
|-singleturn|p1a: Jirachi|Protect
|move|p2a: Charizard|Fire Blast|p1a: Jirachi|[miss]
|-miss|p2a: Charizard|p1a: Jirachi
|
|-weather|Sandstorm|[upkeep]
|-damage|p2a: Charizard|94/100|[from] Sandstorm
|-heal|p2a: Charizard|100/100|[from] item: Leftovers
|-heal|p1a: Jirachi|27/100|[from] item: Leftovers
|upkeep
|turn|20
|
|t:|1730485359
|move|p2a: Charizard|Fire Blast|p1a: Jirachi|[miss]
|-miss|p2a: Charizard|p1a: Jirachi
|move|p1a: Jirachi|Toxic|p2a: Charizard
|-status|p2a: Charizard|tox
|
|-weather|Sandstorm|[upkeep]
|-damage|p2a: Charizard|94/100 tox|[from] Sandstorm
|-heal|p2a: Charizard|100/100 tox|[from] item: Leftovers
|-damage|p2a: Charizard|94/100 tox|[from] psn
|-heal|p1a: Jirachi|33/100|[from] item: Leftovers
|upkeep
|turn|21
|
|t:|1730485365
|move|p1a: Jirachi|Protect|p1a: Jirachi
|-singleturn|p1a: Jirachi|Protect
|move|p2a: Charizard|Fire Blast|p1a: Jirachi
|-activate|p1a: Jirachi|Protect
|
|-weather|Sandstorm|[upkeep]
|-damage|p2a: Charizard|88/100 tox|[from] Sandstorm
|-heal|p2a: Charizard|94/100 tox|[from] item: Leftovers
|-damage|p2a: Charizard|82/100 tox|[from] psn
|-heal|p1a: Jirachi|39/100|[from] item: Leftovers
|upkeep
|turn|22
|
|t:|1730485374
|switch|p1a: Claydol|Claydol|100/100
|move|p2a: Charizard|Hidden Power|p1a: Claydol
|-supereffective|p1a: Claydol
|-damage|p1a: Claydol|58/100
|
|-weather|Sandstorm|[upkeep]
|-damage|p2a: Charizard|76/100 tox|[from] Sandstorm
|-heal|p2a: Charizard|82/100 tox|[from] item: Leftovers
|-damage|p2a: Charizard|64/100 tox|[from] psn
|-heal|p1a: Claydol|65/100|[from] item: Leftovers
|upkeep
|turn|23
|
|t:|1730485393
|move|p2a: Charizard|Fire Blast|p1a: Claydol
|-damage|p1a: Claydol|19/100
|move|p1a: Claydol|Explosion|p2a: Charizard
|-damage|p2a: Charizard|0 fnt
|faint|p1a: Claydol
|faint|p2a: Charizard
|
|t:|1730485398
|switch|p2a: Claydol|Claydol|100/100
|switch|p1a: Jirachi|Jirachi|39/100
|
|-weather|Sandstorm|[upkeep]
|-heal|p1a: Jirachi|46/100|[from] item: Leftovers
|upkeep
|turn|24
|
|t:|1730485401
|move|p1a: Jirachi|Protect|p1a: Jirachi
|-singleturn|p1a: Jirachi|Protect
|move|p2a: Claydol|Earthquake|p1a: Jirachi
|-activate|p1a: Jirachi|Protect
|
|-weather|Sandstorm|[upkeep]
|-heal|p1a: Jirachi|52/100|[from] item: Leftovers
|upkeep
|turn|25
|
|t:|1730485404
|move|p1a: Jirachi|Wish|p1a: Jirachi
|move|p2a: Claydol|Earthquake|p1a: Jirachi
|-supereffective|p1a: Jirachi
|-damage|p1a: Jirachi|7/100
|
|-weather|Sandstorm|[upkeep]
|-heal|p1a: Jirachi|13/100|[from] item: Leftovers
|upkeep
|turn|26
|
|t:|1730485409
|move|p1a: Jirachi|Protect|p1a: Jirachi
|-singleturn|p1a: Jirachi|Protect
|move|p2a: Claydol|Earthquake|p1a: Jirachi
|-activate|p1a: Jirachi|Protect
|
|-heal|p1a: Jirachi|63/100|[from] move: Wish|[wisher] Jirachi
|-weather|Sandstorm|[upkeep]
|-heal|p1a: Jirachi|70/100|[from] item: Leftovers
|upkeep
|turn|27
|
|t:|1730485411
|move|p1a: Jirachi|Wish|p1a: Jirachi
|move|p2a: Claydol|Earthquake|p1a: Jirachi
|-supereffective|p1a: Jirachi
|-crit|p1a: Jirachi
|-damage|p1a: Jirachi|0 fnt
|faint|p1a: Jirachi
|
|win|AC77
|c|☆AC77|mb
|c|☆monchooo|happens
|c|☆AC77|ggs
|c|☆monchooo|missplayed the tar lax
|c|☆monchooo|gg

</script>
<script type="application/json" class="data" id="replaydata-smogtours-gen3ou-803756">
{"id":"smogtours-gen3ou-803756","format":"[Gen 3] OU","players":["monchooo","AC77"],"uploadtime":1730485411,"views":69,"formatid":"gen3ou","rating":null,"private":1,"password":null}
</script>

<script defer src="js/replays.js?9d40a366"></script>
