<!DOCTYPE html>
<meta charset="utf-8" />
<meta name="viewport" content="width=device-width" />

<title>[Gen 3] OU: Team Constantin vs. jank_city.mp4 - Replays - Pok&eacute;mon Showdown!</title>

<meta name="description" content="Watch a replay of a Pok&eacute;mon battle between Team Constantin and jank_city.mp4! Format: [Gen 3] OU; Date: Nov 8, 2024" />
<!--

Hey, you! Looking in the source for the replay log?

You can find them in JSON format, just add `.json` at the end of a replay URL.

https://replay.pokemonshowdown.com/gen7randomdoublesbattle-865046831.json

Or, if you only need the log itself, add `.log` instead:

https://replay.pokemonshowdown.com/gen7randomdoublesbattle-865046831.log

-->

<link rel="stylesheet" href="//pokemonshowdown.com/style/global.css?0.023195364461161105" />
<link rel="stylesheet" href="//play.pokemonshowdown.com/style/font-awesome.css?0.13261647063804238" />
<link rel="stylesheet" href="//play.pokemonshowdown.com/style/battle.css?0.8753245789963631" />
<link rel="stylesheet" href="//play.pokemonshowdown.com/style/utilichart.css?0.8627959624976733" />

<!-- Global site tag (gtag.js) - Google Analytics -->
<script async src="https://www.googletagmanager.com/gtag/js?id=UA-26211653-1"></script>
<script>
  window.dataLayer = window.dataLayer || [];
  function gtag(){dataLayer.push(arguments);}
  gtag('js', new Date());

  gtag('config', 'UA-26211653-1');
</script>
<!-- End Google Analytics -->
<!-- Venatus Ad Manager - Install in <HEAD> of page -->
	<script src="https://hb.vntsm.com/v3/live/ad-manager.min.js" type="text/javascript" data-site-id="642aba63ec9a7b11c3c9c1be" data-mode="scan" async></script>
<!-- / Venatus Ad Manager -->

<style>
	@media (max-width:820px) {
		.battle {
			margin: 0 auto;
		}
		.battle-log {
			margin: 7px auto 0;
			max-width: 640px;
			height: 300px;
			position: static;
		}
	}
	.optgroup {
		display: inline-block;
		line-height: 22px;
		font-size: 10pt;
	}
	.optgroup .button {
		height: 25px;
		padding-top: 0;
		padding-bottom: 0;
	}
	.optgroup button.button {
		padding-left: 12px;
		padding-right: 12px;
	}
	.linklist {
		list-style: none;
		margin: 0.5em 0;
		padding: 0;
	}
	.linklist li {
		padding: 2px 0;
	}
	.sidebar {
		float: left;
		width: 320px;
	}
	.bar-wrapper {
		max-width: 1100px;
		margin: 0 auto;
	}
	.bar-wrapper.has-sidebar {
		max-width: 1430px;
	}
	.mainbar {
		margin: 0;
		padding-right: 1px;
	}
	.mainbar.has-sidebar {
		margin-left: 330px;
	}
	@media (min-width: 1511px) {
		.sidebar {
			width: 400px;
		}
		.bar-wrapper.has-sidebar {
			max-width: 1510px;
		}
		.mainbar.has-sidebar {
			margin-left: 410px;
		}
	}
	.section.first-section {
		margin-top: 9px;
	}
	.blocklink small {
		white-space: normal;
	}
	.button {
		vertical-align: middle;
	}
	.replay-controls {
		padding-top: 10px;
	}
	.replay-controls h1 {
		font-size: 16pt;
		font-weight: normal;
		color: #CCC;
	}
	.pagelink {
		text-align: center;
	}
	.pagelink a {
		width: 150px;
	}
	.textbox, .button {
		font-size: 11pt;
		vertical-align: middle;
	}
	@media (max-width: 450px) {
		.button {
			font-size: 9pt;
		}
	}
</style>

<div>

	<header>
		<div class="nav-wrapper"><ul class="nav">
			<li><a class="button nav-first" href="//pokemonshowdown.com/"><img src="//pokemonshowdown.com/images/pokemonshowdownbeta.png" srcset="//pokemonshowdown.com/images/pokemonshowdownbeta.png 1x, //pokemonshowdown.com/images/pokemonshowdownbeta@2x.png 2x" alt="Pok&eacute;mon Showdown" width="146" height="44" /> Home</a></li>
			<li><a class="button" href="//pokemonshowdown.com/dex/">Pok&eacute;dex</a></li>
			<li><a class="button cur" href="/">Replays</a></li>
			<li><a class="button" href="//pokemonshowdown.com/ladder/">Ladder</a></li>
			<li><a class="button nav-last" href="//pokemonshowdown.com/forums/">Forum</a></li>
			<li><a class="button greenbutton nav-first nav-last" href="//play.pokemonshowdown.com/">Play</a></li>
		</ul></div>
	</header>

	<div class="main" id="main">

		<noscript><section class="section">You need to enable JavaScript to use this page; sorry!</section></noscript>

	</div>

</div>

<script defer nomodule src="//play.pokemonshowdown.com/js/lib/ps-polyfill.js"></script>
<script defer src="//play.pokemonshowdown.com/js/lib/preact.min.js"></script>

<script defer src="//play.pokemonshowdown.com/config/config.js?2bddbc15"></script>
<script defer src="//play.pokemonshowdown.com/js/lib/jquery-1.11.0.min.js"></script>
<script defer src="//play.pokemonshowdown.com/js/lib/html-sanitizer-minified.js"></script>
<script defer src="//play.pokemonshowdown.com/js/battle-sound.js"></script>
<script defer src="//play.pokemonshowdown.com/js/battledata.js?0.7209276989879541"></script>
<script defer src="//play.pokemonshowdown.com/data/pokedex-mini.js?0.6111056340867951"></script>
<script defer src="//play.pokemonshowdown.com/data/pokedex-mini-bw.js?0.3532142036491459"></script>
<script defer src="//play.pokemonshowdown.com/data/graphics.js?0.24223875632456182"></script>
<script defer src="//play.pokemonshowdown.com/data/pokedex.js?0.38839984266356864"></script>
<script defer src="//play.pokemonshowdown.com/data/moves.js?0.21866028504024015"></script>
<script defer src="//play.pokemonshowdown.com/data/abilities.js?0.2005157953846628"></script>
<script defer src="//play.pokemonshowdown.com/data/items.js?0.9894211263848525"></script>
<script defer src="//play.pokemonshowdown.com/data/teambuilder-tables.js?0.6008791140282215"></script>
<script defer src="//play.pokemonshowdown.com/js/battle-tooltips.js?0.7580118955022959"></script>
<script defer src="//play.pokemonshowdown.com/js/battle.js?0.6057722274234274"></script>

<script defer src="js/utils.js?e31f9a17"></script>
<script defer src="js/replays-battle.js?7008c182"></script>

<!-- don't scrape this data! just add .json or .log after the URL!
Full API docs: https://github.com/smogon/pokemon-showdown-client/blob/master/WEB-API.md -->
<script type="text/plain" class="log" id="replaylog-smogtours-gen3ou-805252">
|inactive|Battle timer is ON: inactive players will automatically lose when time's up.
|t:|1731090062
|gametype|singles
|player|p1|Team Constantin|hilbert-wonderlauncher|
|player|p2|jank_city.mp4|workerice|
|teamsize|p1|6
|teamsize|p2|6
|gen|3
|tier|[Gen 3] OU
|rule|Sleep Clause Mod: Limit one foe put to sleep
|rule|Switch Priority Clause Mod: Faster Pokémon switch first
|rule|Species Clause: Limit one of each Pokémon
|rule|OHKO Clause: OHKO moves are banned
|rule|Evasion Items Clause: Evasion items are banned
|rule|Evasion Moves Clause: Evasion moves are banned
|rule|Endless Battle Clause: Forcing endless battles is banned
|rule|HP Percentage Mod: HP is shown in percentages
|rule|One Boost Passer Clause: Limit one Baton Passer that has a way to boost its stats
|rule|Freeze Clause Mod: Limit one foe frozen
|
|t:|1731090062
|start
|switch|p1a: Zapdos|Zapdos|100/100
|switch|p2a: Tyranitar|Tyranitar, F|100/100
|-weather|Sandstorm|[from] ability: Sand Stream|[of] p2a: Tyranitar
|turn|1
|c|☆Team Constantin|hf
|c|☆jank_city.mp4|glhf
|
|t:|1731090087
|move|p1a: Zapdos|Thunderbolt|p2a: Tyranitar
|-damage|p2a: Tyranitar|48/100
|move|p2a: Tyranitar|Ice Beam|p1a: Zapdos
|-supereffective|p1a: Zapdos
|-crit|p1a: Zapdos
|-damage|p1a: Zapdos|0 fnt
|faint|p1a: Zapdos
|
|t:|1731090091
|switch|p1a: Dugtrio|Dugtrio, F|100/100
|
|-weather|Sandstorm|[upkeep]
|-heal|p2a: Tyranitar|54/100|[from] item: Leftovers
|upkeep
|turn|2
|c|☆jank_city.mp4|Lucky
|
|t:|1731090095
|move|p1a: Dugtrio|Earthquake|p2a: Tyranitar
|-supereffective|p2a: Tyranitar
|-damage|p2a: Tyranitar|0 fnt
|faint|p2a: Tyranitar
|
|t:|1731090099
|switch|p2a: Skarmory|Skarmory, M|100/100
|
|-weather|Sandstorm|[upkeep]
|upkeep
|turn|3
|
|t:|1731090102
|switch|p1a: Starmie|Starmie|100/100
|move|p2a: Skarmory|Spikes|p1a: Starmie
|-sidestart|p1: Team Constantin|Spikes
|
|-weather|Sandstorm|[upkeep]
|-damage|p1a: Starmie|94/100|[from] Sandstorm
|-heal|p1a: Starmie|100/100|[from] item: Leftovers
|upkeep
|turn|4
|
|t:|1731090107
|move|p1a: Starmie|Thunder Wave|p2a: Skarmory
|-status|p2a: Skarmory|par
|move|p2a: Skarmory|Toxic|p1a: Starmie
|-status|p1a: Starmie|tox
|
|-weather|Sandstorm|[upkeep]
|-damage|p1a: Starmie|94/100 tox|[from] Sandstorm
|-heal|p1a: Starmie|100/100 tox|[from] item: Leftovers
|-damage|p1a: Starmie|94/100 tox|[from] psn
|upkeep
|turn|5
|
|t:|1731090112
|switch|p2a: Blissey|Blissey, F|100/100
|move|p1a: Starmie|Rapid Spin|p2a: Blissey
|-damage|p2a: Blissey|98/100
|-sideend|p1: Team Constantin|Spikes|[from] move: Rapid Spin|[of] p1a: Starmie
|
|-weather|Sandstorm|[upkeep]
|-damage|p1a: Starmie|88/100 tox|[from] Sandstorm
|-damage|p2a: Blissey|92/100|[from] Sandstorm
|-heal|p1a: Starmie|94/100 tox|[from] item: Leftovers
|-damage|p1a: Starmie|82/100 tox|[from] psn
|-heal|p2a: Blissey|98/100|[from] item: Leftovers
|upkeep
|turn|6
|
|t:|1731090120
|-curestatus|p1a: Starmie|tox|[from] ability: Natural Cure
|switch|p1a: Metagross|Metagross|100/100
|move|p2a: Blissey|Ice Beam|p1a: Metagross
|-resisted|p1a: Metagross
|-damage|p1a: Metagross|88/100
|
|-weather|Sandstorm|[upkeep]
|-damage|p2a: Blissey|92/100|[from] Sandstorm
|-heal|p2a: Blissey|98/100|[from] item: Leftovers
|upkeep
|turn|7
|
|t:|1731090125
|switch|p2a: Moltres|Moltres|100/100
|move|p1a: Metagross|Meteor Mash|p2a: Moltres|[miss]
|-miss|p1a: Metagross|p2a: Moltres
|
|-weather|Sandstorm|[upkeep]
|-damage|p2a: Moltres|94/100|[from] Sandstorm
|-heal|p2a: Moltres|100/100|[from] item: Leftovers
|upkeep
|turn|8
|
|t:|1731090136
|switch|p1a: Starmie|Starmie|82/100
|move|p2a: Moltres|Hidden Power|p1a: Starmie
|-supereffective|p1a: Starmie
|-damage|p1a: Starmie|29/100
|
|-weather|Sandstorm|[upkeep]
|-damage|p1a: Starmie|22/100|[from] Sandstorm
|-damage|p2a: Moltres|94/100|[from] Sandstorm
|-heal|p1a: Starmie|29/100|[from] item: Leftovers
|-heal|p2a: Moltres|100/100|[from] item: Leftovers
|upkeep
|turn|9
|
|t:|1731090141
|switch|p2a: Blissey|Blissey, F|98/100
|move|p1a: Starmie|Surf|p2a: Blissey
|-damage|p2a: Blissey|85/100
|
|-weather|Sandstorm|[upkeep]
|-damage|p1a: Starmie|22/100|[from] Sandstorm
|-damage|p2a: Blissey|79/100|[from] Sandstorm
|-heal|p1a: Starmie|29/100|[from] item: Leftovers
|-heal|p2a: Blissey|85/100|[from] item: Leftovers
|upkeep
|turn|10
|
|t:|1731090150
|switch|p1a: Tyranitar|Tyranitar, F|100/100
|move|p2a: Blissey|Seismic Toss|p1a: Tyranitar
|-damage|p1a: Tyranitar|71/100
|
|-weather|Sandstorm|[upkeep]
|-damage|p2a: Blissey|79/100|[from] Sandstorm
|-heal|p2a: Blissey|85/100|[from] item: Leftovers
|upkeep
|turn|11
|
|t:|1731090157
|switch|p2a: Swampert|Swampert, M|100/100
|move|p1a: Tyranitar|Dragon Dance|p1a: Tyranitar
|-boost|p1a: Tyranitar|atk|1
|-boost|p1a: Tyranitar|spe|1
|
|-weather|Sandstorm|[upkeep]
|upkeep
|turn|12
|
|t:|1731090162
|move|p1a: Tyranitar|Hidden Power|p2a: Swampert
|-supereffective|p2a: Swampert
|-damage|p2a: Swampert|50/100
|move|p2a: Swampert|Curse|p2a: Swampert
|-unboost|p2a: Swampert|spe|1
|-boost|p2a: Swampert|atk|1
|-boost|p2a: Swampert|def|1
|
|-weather|Sandstorm|[upkeep]
|-heal|p2a: Swampert|56/100|[from] item: Leftovers
|upkeep
|turn|13
|
|t:|1731090169
|move|p2a: Swampert|Protect|p2a: Swampert
|-singleturn|p2a: Swampert|Protect
|move|p1a: Tyranitar|Hidden Power|p2a: Swampert
|-activate|p2a: Swampert|Protect
|
|-weather|Sandstorm|[upkeep]
|-heal|p2a: Swampert|63/100|[from] item: Leftovers
|upkeep
|turn|14
|
|t:|1731090177
|move|p1a: Tyranitar|Hidden Power|p2a: Swampert
|-supereffective|p2a: Swampert
|-damage|p2a: Swampert|14/100
|move|p2a: Swampert|Earthquake|p1a: Tyranitar
|-supereffective|p1a: Tyranitar
|-damage|p1a: Tyranitar|0 fnt
|faint|p1a: Tyranitar
|
|t:|1731090180
|switch|p1a: Dugtrio|Dugtrio, F|100/100
|
|-weather|Sandstorm|[upkeep]
|-heal|p2a: Swampert|20/100|[from] item: Leftovers
|upkeep
|turn|15
|
|t:|1731090184
|move|p2a: Swampert|Protect|p2a: Swampert
|-singleturn|p2a: Swampert|Protect
|move|p1a: Dugtrio|Earthquake|p2a: Swampert
|-activate|p2a: Swampert|Protect
|
|-weather|Sandstorm|[upkeep]
|-heal|p2a: Swampert|27/100|[from] item: Leftovers
|upkeep
|turn|16
|
|t:|1731090187
|move|p1a: Dugtrio|Earthquake|p2a: Swampert
|-damage|p2a: Swampert|0 fnt
|faint|p2a: Swampert
|
|t:|1731090200
|switch|p2a: Moltres|Moltres|100/100
|
|-weather|Sandstorm|[upkeep]
|-damage|p2a: Moltres|94/100|[from] Sandstorm
|-heal|p2a: Moltres|100/100|[from] item: Leftovers
|upkeep
|turn|17
|
|t:|1731090218
|switch|p1a: Swampert|Swampert, F|100/100
|move|p2a: Moltres|Flamethrower|p1a: Swampert
|-resisted|p1a: Swampert
|-damage|p1a: Swampert|73/100
|
|-weather|Sandstorm|[upkeep]
|-damage|p2a: Moltres|94/100|[from] Sandstorm
|-heal|p2a: Moltres|100/100|[from] item: Leftovers
|upkeep
|turn|18
|
|t:|1731090226
|switch|p1a: Dugtrio|Dugtrio, F|100/100
|move|p2a: Moltres|Hidden Power|p1a: Dugtrio
|-supereffective|p1a: Dugtrio
|-damage|p1a: Dugtrio|15/100
|
|-weather|Sandstorm|[upkeep]
|-damage|p2a: Moltres|94/100|[from] Sandstorm
|-heal|p2a: Moltres|100/100|[from] item: Leftovers
|upkeep
|turn|19
|
|t:|1731090234
|switch|p2a: Jirachi|Jirachi|100/100
|move|p1a: Dugtrio|Rock Slide|p2a: Jirachi
|-resisted|p2a: Jirachi
|-damage|p2a: Jirachi|87/100
|
|-weather|Sandstorm|[upkeep]
|-heal|p2a: Jirachi|93/100|[from] item: Leftovers
|upkeep
|turn|20
|
|t:|1731090242
|switch|p1a: Starmie|Starmie|29/100
|move|p2a: Jirachi|Psychic|p1a: Starmie
|-resisted|p1a: Starmie
|-damage|p1a: Starmie|6/100
|
|-weather|Sandstorm|[upkeep]
|-damage|p1a: Starmie|0 fnt|[from] Sandstorm
|faint|p1a: Starmie
|-heal|p2a: Jirachi|99/100|[from] item: Leftovers
|upkeep
|
|t:|1731090245
|switch|p1a: Dugtrio|Dugtrio, F|15/100
|turn|21
|
|t:|1731090247
|move|p1a: Dugtrio|Earthquake|p2a: Jirachi
|-supereffective|p2a: Jirachi
|-damage|p2a: Jirachi|0 fnt
|faint|p2a: Jirachi
|
|t:|1731090256
|switch|p2a: Moltres|Moltres|100/100
|
|-weather|Sandstorm|[upkeep]
|-damage|p2a: Moltres|94/100|[from] Sandstorm
|-heal|p2a: Moltres|100/100|[from] item: Leftovers
|upkeep
|turn|22
|
|t:|1731090258
|switch|p1a: Metagross|Metagross|88/100
|move|p2a: Moltres|Hidden Power|p1a: Metagross
|-resisted|p1a: Metagross
|-damage|p1a: Metagross|74/100
|
|-weather|Sandstorm|[upkeep]
|-damage|p2a: Moltres|94/100|[from] Sandstorm
|-heal|p2a: Moltres|100/100|[from] item: Leftovers
|upkeep
|turn|23
|
|t:|1731090262
|move|p2a: Moltres|Flamethrower|p1a: Metagross
|-supereffective|p1a: Metagross
|-damage|p1a: Metagross|0 fnt
|faint|p1a: Metagross
|
|t:|1731090265
|switch|p1a: Dugtrio|Dugtrio, F|15/100
|
|-weather|Sandstorm|[upkeep]
|-damage|p2a: Moltres|94/100|[from] Sandstorm
|-heal|p2a: Moltres|100/100|[from] item: Leftovers
|upkeep
|turn|24
|
|t:|1731090269
|switch|p1a: Swampert|Swampert, F|73/100
|switch|p2a: Skarmory|Skarmory, M|100/100 par
|
|-weather|Sandstorm|[upkeep]
|upkeep
|turn|25
|
|t:|1731090273
|move|p1a: Swampert|Substitute|p1a: Swampert
|-start|p1a: Swampert|Substitute
|-damage|p1a: Swampert|48/100
|move|p2a: Skarmory|Spikes|p1a: Swampert
|-sidestart|p1: Team Constantin|Spikes
|
|-weather|Sandstorm|[upkeep]
|upkeep
|turn|26
|
|t:|1731090278
|move|p1a: Swampert|Endeavor|p2a: Skarmory
|-damage|p2a: Skarmory|49/100 par
|move|p2a: Skarmory|Spikes|p1a: Swampert
|-sidestart|p1: Team Constantin|Spikes
|
|-weather|Sandstorm|[upkeep]
|-heal|p2a: Skarmory|55/100 par|[from] item: Leftovers
|upkeep
|turn|27
|
|t:|1731090281
|move|p1a: Swampert|Hydro Pump|p2a: Skarmory
|-damage|p2a: Skarmory|15/100 par
|move|p2a: Skarmory|Roar|p1a: Swampert
|drag|p1a: Dugtrio|Dugtrio, F|15/100
|-damage|p1a: Dugtrio|0 fnt|[from] Spikes
|faint|p1a: Dugtrio
|
|t:|1731090284
|switch|p1a: Swampert|Swampert, F|48/100
|-damage|p1a: Swampert|32/100|[from] Spikes
|
|-weather|Sandstorm|[upkeep]
|-heal|p2a: Skarmory|21/100 par|[from] item: Leftovers
|upkeep
|turn|28
|
|t:|1731090292
|switch|p2a: Blissey|Blissey, F|85/100
|move|p1a: Swampert|Substitute|p1a: Swampert
|-start|p1a: Swampert|Substitute
|-damage|p1a: Swampert|7/100
|
|-weather|Sandstorm|[upkeep]
|-damage|p2a: Blissey|79/100|[from] Sandstorm
|-enditem|p1a: Swampert|Salac Berry|[eat]
|-boost|p1a: Swampert|spe|1|[from] item: Salac Berry
|-heal|p2a: Blissey|85/100|[from] item: Leftovers
|upkeep
|turn|29
|
|t:|1731090296
|move|p1a: Swampert|Ice Beam|p2a: Blissey
|-damage|p2a: Blissey|76/100
|move|p2a: Blissey|Soft-Boiled|p2a: Blissey
|-heal|p2a: Blissey|100/100
|
|-weather|Sandstorm|[upkeep]
|-damage|p2a: Blissey|94/100|[from] Sandstorm
|-heal|p2a: Blissey|100/100|[from] item: Leftovers
|upkeep
|turn|30
|
|t:|1731090303
|move|p1a: Swampert|Ice Beam|p2a: Blissey
|-damage|p2a: Blissey|90/100
|move|p2a: Blissey|Soft-Boiled|p2a: Blissey
|-heal|p2a: Blissey|100/100
|
|-weather|Sandstorm|[upkeep]
|-damage|p2a: Blissey|94/100|[from] Sandstorm
|-heal|p2a: Blissey|100/100|[from] item: Leftovers
|upkeep
|turn|31
|
|t:|1731090309
|move|p1a: Swampert|Endeavor|p2a: Blissey
|-damage|p2a: Blissey|4/100
|move|p2a: Blissey|Wish|p2a: Blissey
|
|-weather|Sandstorm|[upkeep]
|-damage|p2a: Blissey|0 fnt|[from] Sandstorm
|faint|p2a: Blissey
|upkeep
|
|t:|1731090313
|switch|p2a: Skarmory|Skarmory, M|21/100 par
|turn|32
|
|t:|1731090321
|move|p2a: Skarmory|Protect|p2a: Skarmory
|-singleturn|p2a: Skarmory|Protect
|move|p1a: Swampert|Ice Beam|p2a: Skarmory
|-activate|p2a: Skarmory|Protect
|
|-heal|p2a: Skarmory|71/100 par|[from] move: Wish|[wisher] Blissey
|-weather|Sandstorm|[upkeep]
|-heal|p2a: Skarmory|77/100 par|[from] item: Leftovers
|upkeep
|turn|33
|
|t:|1731090327
|move|p2a: Skarmory|Protect||[still]
|-fail|p2a: Skarmory
|move|p1a: Swampert|Ice Beam|p2a: Skarmory
|-damage|p2a: Skarmory|53/100 par
|
|-weather|Sandstorm|[upkeep]
|-heal|p2a: Skarmory|59/100 par|[from] item: Leftovers
|upkeep
|turn|34
|c|☆jank_city.mp4|insane choke
|
|t:|1731090339
|switch|p2a: Moltres|Moltres|100/100
|move|p1a: Swampert|Ice Beam|p2a: Moltres
|-damage|p2a: Moltres|71/100
|
|-weather|Sandstorm|[upkeep]
|-damage|p2a: Moltres|64/100|[from] Sandstorm
|-heal|p2a: Moltres|71/100|[from] item: Leftovers
|upkeep
|turn|35
|
|t:|1731090344
|move|p1a: Swampert|Endeavor|p2a: Moltres
|-damage|p2a: Moltres|7/100
|move|p2a: Moltres|Hidden Power|p1a: Swampert
|-supereffective|p1a: Swampert
|-end|p1a: Swampert|Substitute
|
|-weather|Sandstorm|[upkeep]
|-damage|p2a: Moltres|1/100|[from] Sandstorm
|-heal|p2a: Moltres|7/100|[from] item: Leftovers
|upkeep
|turn|36
|
|t:|1731090353
|move|p1a: Swampert|Ice Beam|p2a: Moltres
|-damage|p2a: Moltres|0 fnt
|faint|p2a: Moltres
|c|☆Team Constantin|same tbh
|
|t:|1731090354
|switch|p2a: Skarmory|Skarmory, M|59/100 par
|
|-weather|Sandstorm|[upkeep]
|-heal|p2a: Skarmory|65/100 par|[from] item: Leftovers
|upkeep
|turn|37
|c|☆Team Constantin|..
|c|☆jank_city.mp4|lol
|
|t:|1731090363
|move|p1a: Swampert|Hydro Pump|p2a: Skarmory|[miss]
|-miss|p1a: Swampert|p2a: Skarmory
|move|p2a: Skarmory|Toxic|p1a: Swampert|[miss]
|-miss|p2a: Skarmory|p1a: Swampert
|
|-weather|Sandstorm|[upkeep]
|-heal|p2a: Skarmory|71/100 par|[from] item: Leftovers
|upkeep
|turn|38
|
|t:|1731090366
|move|p1a: Swampert|Hydro Pump|p2a: Skarmory|[miss]
|-miss|p1a: Swampert|p2a: Skarmory
|move|p2a: Skarmory|Toxic|p1a: Swampert
|-status|p1a: Swampert|tox
|
|-weather|Sandstorm|[upkeep]
|-damage|p1a: Swampert|0 fnt|[from] psn
|faint|p1a: Swampert
|
|win|jank_city.mp4
|upkeep
|c|☆jank_city.mp4|wow
|c|☆jank_city.mp4|gg
|player|p1|

</script>
<script type="application/json" class="data" id="replaydata-smogtours-gen3ou-805252">
{"id":"smogtours-gen3ou-805252","format":"[Gen 3] OU","players":["Team Constantin","jank_city.mp4"],"uploadtime":1731090366,"views":30,"formatid":"gen3ou","rating":null,"private":0,"password":null}
</script>

<script defer src="js/replays.js?9d40a366"></script>
