<!DOCTYPE html>
<meta charset="utf-8" />
<meta name="viewport" content="width=device-width" />

<title>[Gen 3] OU: steffmula vs. caraccident65278 - Replays - Pok&eacute;mon Showdown!</title>

<meta name="description" content="Watch a replay of a Pok&eacute;mon battle between steffmula and caraccident65278! Format: [Gen 3] OU; Date: Oct 19, 2024" />
<!--

Hey, you! Looking in the source for the replay log?

You can find them in JSON format, just add `.json` at the end of a replay URL.

https://replay.pokemonshowdown.com/gen7randomdoublesbattle-865046831.json

Or, if you only need the log itself, add `.log` instead:

https://replay.pokemonshowdown.com/gen7randomdoublesbattle-865046831.log

-->

<link rel="stylesheet" href="//pokemonshowdown.com/style/global.css?0.023195364461161105" />
<link rel="stylesheet" href="//play.pokemonshowdown.com/style/font-awesome.css?0.13261647063804238" />
<link rel="stylesheet" href="//play.pokemonshowdown.com/style/battle.css?0.8753245789963631" />
<link rel="stylesheet" href="//play.pokemonshowdown.com/style/utilichart.css?0.8627959624976733" />

<!-- Global site tag (gtag.js) - Google Analytics -->
<script async src="https://www.googletagmanager.com/gtag/js?id=UA-26211653-1"></script>
<script>
  window.dataLayer = window.dataLayer || [];
  function gtag(){dataLayer.push(arguments);}
  gtag('js', new Date());

  gtag('config', 'UA-26211653-1');
</script>
<!-- End Google Analytics -->
<!-- Venatus Ad Manager - Install in <HEAD> of page -->
	<script src="https://hb.vntsm.com/v3/live/ad-manager.min.js" type="text/javascript" data-site-id="642aba63ec9a7b11c3c9c1be" data-mode="scan" async></script>
<!-- / Venatus Ad Manager -->

<style>
	@media (max-width:820px) {
		.battle {
			margin: 0 auto;
		}
		.battle-log {
			margin: 7px auto 0;
			max-width: 640px;
			height: 300px;
			position: static;
		}
	}
	.optgroup {
		display: inline-block;
		line-height: 22px;
		font-size: 10pt;
	}
	.optgroup .button {
		height: 25px;
		padding-top: 0;
		padding-bottom: 0;
	}
	.optgroup button.button {
		padding-left: 12px;
		padding-right: 12px;
	}
	.linklist {
		list-style: none;
		margin: 0.5em 0;
		padding: 0;
	}
	.linklist li {
		padding: 2px 0;
	}
	.sidebar {
		float: left;
		width: 320px;
	}
	.bar-wrapper {
		max-width: 1100px;
		margin: 0 auto;
	}
	.bar-wrapper.has-sidebar {
		max-width: 1430px;
	}
	.mainbar {
		margin: 0;
		padding-right: 1px;
	}
	.mainbar.has-sidebar {
		margin-left: 330px;
	}
	@media (min-width: 1511px) {
		.sidebar {
			width: 400px;
		}
		.bar-wrapper.has-sidebar {
			max-width: 1510px;
		}
		.mainbar.has-sidebar {
			margin-left: 410px;
		}
	}
	.section.first-section {
		margin-top: 9px;
	}
	.blocklink small {
		white-space: normal;
	}
	.button {
		vertical-align: middle;
	}
	.replay-controls {
		padding-top: 10px;
	}
	.replay-controls h1 {
		font-size: 16pt;
		font-weight: normal;
		color: #CCC;
	}
	.pagelink {
		text-align: center;
	}
	.pagelink a {
		width: 150px;
	}
	.textbox, .button {
		font-size: 11pt;
		vertical-align: middle;
	}
	@media (max-width: 450px) {
		.button {
			font-size: 9pt;
		}
	}
</style>

<div>

	<header>
		<div class="nav-wrapper"><ul class="nav">
			<li><a class="button nav-first" href="//pokemonshowdown.com/"><img src="//pokemonshowdown.com/images/pokemonshowdownbeta.png" srcset="//pokemonshowdown.com/images/pokemonshowdownbeta.png 1x, //pokemonshowdown.com/images/pokemonshowdownbeta@2x.png 2x" alt="Pok&eacute;mon Showdown" width="146" height="44" /> Home</a></li>
			<li><a class="button" href="//pokemonshowdown.com/dex/">Pok&eacute;dex</a></li>
			<li><a class="button cur" href="/">Replays</a></li>
			<li><a class="button" href="//pokemonshowdown.com/ladder/">Ladder</a></li>
			<li><a class="button nav-last" href="//pokemonshowdown.com/forums/">Forum</a></li>
			<li><a class="button greenbutton nav-first nav-last" href="//play.pokemonshowdown.com/">Play</a></li>
		</ul></div>
	</header>

	<div class="main" id="main">

		<noscript><section class="section">You need to enable JavaScript to use this page; sorry!</section></noscript>

	</div>

</div>

<script defer nomodule src="//play.pokemonshowdown.com/js/lib/ps-polyfill.js"></script>
<script defer src="//play.pokemonshowdown.com/js/lib/preact.min.js"></script>

<script defer src="//play.pokemonshowdown.com/config/config.js?2bddbc15"></script>
<script defer src="//play.pokemonshowdown.com/js/lib/jquery-1.11.0.min.js"></script>
<script defer src="//play.pokemonshowdown.com/js/lib/html-sanitizer-minified.js"></script>
<script defer src="//play.pokemonshowdown.com/js/battle-sound.js"></script>
<script defer src="//play.pokemonshowdown.com/js/battledata.js?0.7209276989879541"></script>
<script defer src="//play.pokemonshowdown.com/data/pokedex-mini.js?0.6111056340867951"></script>
<script defer src="//play.pokemonshowdown.com/data/pokedex-mini-bw.js?0.3532142036491459"></script>
<script defer src="//play.pokemonshowdown.com/data/graphics.js?0.24223875632456182"></script>
<script defer src="//play.pokemonshowdown.com/data/pokedex.js?0.38839984266356864"></script>
<script defer src="//play.pokemonshowdown.com/data/moves.js?0.21866028504024015"></script>
<script defer src="//play.pokemonshowdown.com/data/abilities.js?0.2005157953846628"></script>
<script defer src="//play.pokemonshowdown.com/data/items.js?0.9894211263848525"></script>
<script defer src="//play.pokemonshowdown.com/data/teambuilder-tables.js?0.6008791140282215"></script>
<script defer src="//play.pokemonshowdown.com/js/battle-tooltips.js?0.7580118955022959"></script>
<script defer src="//play.pokemonshowdown.com/js/battle.js?0.6057722274234274"></script>

<script defer src="js/utils.js?e31f9a17"></script>
<script defer src="js/replays-battle.js?7008c182"></script>

<!-- don't scrape this data! just add .json or .log after the URL!
Full API docs: https://github.com/smogon/pokemon-showdown-client/blob/master/WEB-API.md -->
<script type="text/plain" class="log" id="replaylog-smogtours-gen3ou-799843">
|inactive|Battle timer is ON: inactive players will automatically lose when time's up.
|t:|1729342734
|gametype|singles
|player|p1|steffmula|266|
|player|p2|caraccident65278|whitney|
|teamsize|p1|6
|teamsize|p2|6
|gen|3
|tier|[Gen 3] OU
|rule|Sleep Clause Mod: Limit one foe put to sleep
|rule|Switch Priority Clause Mod: Faster Pokémon switch first
|rule|Species Clause: Limit one of each Pokémon
|rule|OHKO Clause: OHKO moves are banned
|rule|Evasion Items Clause: Evasion items are banned
|rule|Evasion Moves Clause: Evasion moves are banned
|rule|Endless Battle Clause: Forcing endless battles is banned
|rule|HP Percentage Mod: HP is shown in percentages
|rule|One Boost Passer Clause: Limit one Baton Passer that has a way to boost its stats
|rule|Freeze Clause Mod: Limit one foe frozen
|
|t:|1729342734
|start
|switch|p1a: Salamence|Salamence, M|100/100
|switch|p2a: Wailord|Wailord, F|100/100
|-ability|p1a: Salamence|Intimidate|boost
|-unboost|p2a: Wailord|atk|1
|turn|1
|c|☆steffmula|glhf
|c|☆caraccident65278|u2
|inactive|steffmula has 270 seconds left.
|
|t:|1729342777
|switch|p1a: Starmie|Starmie|100/100
|move|p2a: Wailord|Water Spout|p1a: Starmie
|-resisted|p1a: Starmie
|-damage|p1a: Starmie|61/100
|
|-heal|p1a: Starmie|67/100|[from] item: Leftovers
|upkeep
|turn|2
|
|t:|1729342785
|switch|p2a: Blissey|Blissey, F|100/100
|move|p1a: Starmie|Thunder Wave|p2a: Blissey
|-status|p2a: Blissey|par
|
|-heal|p1a: Starmie|73/100|[from] item: Leftovers
|upkeep
|turn|3
|
|t:|1729342792
|switch|p1a: Hariyama|Hariyama, M, shiny|100/100
|move|p2a: Blissey|Sing|p1a: Hariyama|[miss]
|-miss|p2a: Blissey|p1a: Hariyama
|
|upkeep
|turn|4
|
|t:|1729342804
|-curestatus|p2a: Blissey|par|[from] ability: Natural Cure
|switch|p2a: Metagross|Metagross|100/100
|move|p1a: Hariyama|Knock Off|p2a: Metagross
|-damage|p2a: Metagross|98/100
|-enditem|p2a: Metagross|Choice Band|[from] move: Knock Off|[of] p1a: Hariyama
|-hint|In Gens 3-4, Knock Off only makes the target's item unusable; it cannot obtain a new item.
|
|upkeep
|turn|5
|inactive|steffmula has 270 seconds left.
|
|t:|1729342841
|switch|p1a: Starmie|Starmie|73/100
|move|p2a: Metagross|Meteor Mash|p1a: Starmie|[miss]
|-miss|p2a: Metagross|p1a: Starmie
|
|-heal|p1a: Starmie|79/100|[from] item: Leftovers
|upkeep
|turn|6
|inactive|steffmula has 270 seconds left.
|
|t:|1729342850
|switch|p1a: Tyranitar|Tyranitar, M|100/100
|-weather|Sandstorm|[from] ability: Sand Stream|[of] p1a: Tyranitar
|switch|p2a: Blissey|Blissey, F|100/100
|
|-weather|Sandstorm|[upkeep]
|-damage|p2a: Blissey|94/100|[from] Sandstorm
|-heal|p2a: Blissey|100/100|[from] item: Leftovers
|upkeep
|turn|7
|inactive|steffmula has 270 seconds left.
|
|t:|1729342869
|switch|p1a: Blissey|Blissey, F|100/100
|switch|p2a: Swampert|Swampert, M|100/100
|
|-weather|Sandstorm|[upkeep]
|-damage|p1a: Blissey|94/100|[from] Sandstorm
|-heal|p1a: Blissey|100/100|[from] item: Leftovers
|upkeep
|turn|8
|
|t:|1729342880
|-singleturn|p2a: Swampert|move: Focus Punch
|move|p1a: Blissey|Wish|p1a: Blissey
|move|p2a: Swampert|Focus Punch|p1a: Blissey
|-supereffective|p1a: Blissey
|-damage|p1a: Blissey|28/100
|
|-weather|Sandstorm|[upkeep]
|-damage|p1a: Blissey|21/100|[from] Sandstorm
|-heal|p1a: Blissey|28/100|[from] item: Leftovers
|upkeep
|turn|9
|inactive|caraccident65278 has 270 seconds left.
|
|t:|1729342913
|move|p2a: Swampert|Hydro Pump|p1a: Blissey
|-damage|p1a: Blissey|6/100
|move|p1a: Blissey|Soft-Boiled|p1a: Blissey
|-heal|p1a: Blissey|56/100
|
|-heal|p1a: Blissey|100/100|[from] move: Wish|[wisher] Blissey
|-weather|Sandstorm|[upkeep]
|-damage|p1a: Blissey|94/100|[from] Sandstorm
|-heal|p1a: Blissey|100/100|[from] item: Leftovers
|upkeep
|turn|10
|
|t:|1729342922
|-singleturn|p2a: Swampert|move: Focus Punch
|move|p1a: Blissey|Seismic Toss|p2a: Swampert
|-damage|p2a: Swampert|71/100
|move|p2a: Swampert|Focus Punch||[still]
|cant|p2a: Swampert|Focus Punch|Focus Punch
|
|-weather|Sandstorm|[upkeep]
|-damage|p1a: Blissey|94/100|[from] Sandstorm
|-heal|p2a: Swampert|77/100|[from] item: Leftovers
|-heal|p1a: Blissey|100/100|[from] item: Leftovers
|upkeep
|turn|11
|
|t:|1729342927
|move|p2a: Swampert|Earthquake|p1a: Blissey
|-damage|p1a: Blissey|59/100
|move|p1a: Blissey|Seismic Toss|p2a: Swampert
|-damage|p2a: Swampert|48/100
|
|-weather|Sandstorm|[upkeep]
|-damage|p1a: Blissey|53/100|[from] Sandstorm
|-heal|p2a: Swampert|54/100|[from] item: Leftovers
|-heal|p1a: Blissey|59/100|[from] item: Leftovers
|upkeep
|turn|12
|
|t:|1729342935
|switch|p2a: Dugtrio|Dugtrio, F|100/100
|switch|p1a: Salamence|Salamence, M|100/100
|-ability|p1a: Salamence|Intimidate|boost
|-unboost|p2a: Dugtrio|atk|1
|
|-weather|Sandstorm|[upkeep]
|-damage|p1a: Salamence|94/100|[from] Sandstorm
|-heal|p1a: Salamence|100/100|[from] item: Leftovers
|upkeep
|turn|13
|
|t:|1729342945
|switch|p2a: Blissey|Blissey, F|100/100
|move|p1a: Salamence|Dragon Claw|p2a: Blissey
|-damage|p2a: Blissey|83/100
|
|-weather|Sandstorm|[upkeep]
|-damage|p1a: Salamence|94/100|[from] Sandstorm
|-damage|p2a: Blissey|77/100|[from] Sandstorm
|-heal|p1a: Salamence|100/100|[from] item: Leftovers
|-heal|p2a: Blissey|83/100|[from] item: Leftovers
|upkeep
|turn|14
|
|t:|1729342954
|switch|p1a: Hariyama|Hariyama, M, shiny|100/100
|move|p2a: Blissey|Sing|p1a: Hariyama|[miss]
|-miss|p2a: Blissey|p1a: Hariyama
|
|-weather|Sandstorm|[upkeep]
|-damage|p2a: Blissey|77/100|[from] Sandstorm
|-damage|p1a: Hariyama|94/100|[from] Sandstorm
|-heal|p2a: Blissey|83/100|[from] item: Leftovers
|-heal|p1a: Hariyama|100/100|[from] item: Leftovers
|upkeep
|turn|15
|
|t:|1729342961
|switch|p2a: Metagross|Metagross|98/100
|move|p1a: Hariyama|Brick Break|p2a: Metagross
|-damage|p2a: Metagross|73/100
|
|-weather|Sandstorm|[upkeep]
|-damage|p1a: Hariyama|94/100|[from] Sandstorm
|-heal|p1a: Hariyama|100/100|[from] item: Leftovers
|upkeep
|turn|16
|inactive|steffmula has 270 seconds left.
|
|t:|1729342998
|move|p2a: Metagross|Meteor Mash|p1a: Hariyama
|-damage|p1a: Hariyama|51/100
|move|p1a: Hariyama|Brick Break|p2a: Metagross
|-damage|p2a: Metagross|47/100
|
|-weather|Sandstorm|[upkeep]
|-damage|p1a: Hariyama|45/100|[from] Sandstorm
|-heal|p1a: Hariyama|51/100|[from] item: Leftovers
|upkeep
|turn|17
|inactive|caraccident65278 has 270 seconds left.
|
|t:|1729343045
|switch|p1a: Metagross|Metagross|100/100
|move|p2a: Metagross|Meteor Mash|p1a: Metagross
|-resisted|p1a: Metagross
|-damage|p1a: Metagross|84/100
|
|-weather|Sandstorm|[upkeep]
|-heal|p1a: Metagross|90/100|[from] item: Leftovers
|upkeep
|turn|18
|
|t:|1729343053
|move|p2a: Metagross|Earthquake|p1a: Metagross
|-supereffective|p1a: Metagross
|-damage|p1a: Metagross|42/100
|move|p1a: Metagross|Earthquake|p2a: Metagross
|-supereffective|p2a: Metagross
|-damage|p2a: Metagross|0 fnt
|faint|p2a: Metagross
|
|t:|1729343056
|switch|p2a: Dugtrio|Dugtrio, F|100/100
|
|-weather|Sandstorm|[upkeep]
|-heal|p1a: Metagross|48/100|[from] item: Leftovers
|upkeep
|turn|19
|
|t:|1729343057
|move|p1a: Metagross|Protect|p1a: Metagross
|-singleturn|p1a: Metagross|Protect
|move|p2a: Dugtrio|Earthquake|p1a: Metagross
|-activate|p1a: Metagross|Protect
|
|-weather|Sandstorm|[upkeep]
|-heal|p1a: Metagross|54/100|[from] item: Leftovers
|upkeep
|turn|20
|
|t:|1729343061
|move|p2a: Dugtrio|Earthquake|p1a: Metagross
|-supereffective|p1a: Metagross
|-damage|p1a: Metagross|0 fnt
|faint|p1a: Metagross
|
|t:|1729343066
|switch|p1a: Salamence|Salamence, M|100/100
|-ability|p1a: Salamence|Intimidate|boost
|-unboost|p2a: Dugtrio|atk|1
|
|-weather|Sandstorm|[upkeep]
|-damage|p1a: Salamence|94/100|[from] Sandstorm
|-heal|p1a: Salamence|100/100|[from] item: Leftovers
|upkeep
|turn|21
|inactive|caraccident65278 has 270 seconds left.
|
|t:|1729343110
|switch|p2a: Blissey|Blissey, F|83/100
|move|p1a: Salamence|Brick Break|p2a: Blissey
|-supereffective|p2a: Blissey
|-damage|p2a: Blissey|36/100
|
|-weather|Sandstorm|[upkeep]
|-damage|p1a: Salamence|94/100|[from] Sandstorm
|-damage|p2a: Blissey|30/100|[from] Sandstorm
|-heal|p1a: Salamence|100/100|[from] item: Leftovers
|-heal|p2a: Blissey|36/100|[from] item: Leftovers
|upkeep
|turn|22
|
|t:|1729343138
|move|p1a: Salamence|Brick Break|p2a: Blissey
|-supereffective|p2a: Blissey
|-damage|p2a: Blissey|0 fnt
|faint|p2a: Blissey
|
|t:|1729343141
|switch|p2a: Wailord|Wailord, F|100/100
|
|-weather|Sandstorm|[upkeep]
|-damage|p1a: Salamence|94/100|[from] Sandstorm
|-damage|p2a: Wailord|94/100|[from] Sandstorm
|-heal|p1a: Salamence|100/100|[from] item: Leftovers
|upkeep
|turn|23
|
|t:|1729343151
|switch|p1a: Starmie|Starmie|79/100
|move|p2a: Wailord|Water Spout|p1a: Starmie
|-resisted|p1a: Starmie
|-damage|p1a: Starmie|43/100
|
|-weather|Sandstorm|[upkeep]
|-damage|p1a: Starmie|37/100|[from] Sandstorm
|-damage|p2a: Wailord|88/100|[from] Sandstorm
|-heal|p1a: Starmie|43/100|[from] item: Leftovers
|upkeep
|turn|24
|inactive|caraccident65278 has 240 seconds left.
|
|t:|1729343175
|switch|p2a: Swampert|Swampert, M|54/100
|move|p1a: Starmie|Recover|p1a: Starmie
|-heal|p1a: Starmie|93/100
|
|-weather|Sandstorm|[upkeep]
|-damage|p1a: Starmie|87/100|[from] Sandstorm
|-heal|p1a: Starmie|93/100|[from] item: Leftovers
|-heal|p2a: Swampert|60/100|[from] item: Leftovers
|upkeep
|turn|25
|
|t:|1729343194
|move|p1a: Starmie|Surf|p2a: Swampert
|-damage|p2a: Swampert|18/100
|move|p2a: Swampert|Earthquake|p1a: Starmie
|-damage|p1a: Starmie|56/100
|
|-weather|Sandstorm|[upkeep]
|-damage|p1a: Starmie|50/100|[from] Sandstorm
|-heal|p1a: Starmie|56/100|[from] item: Leftovers
|-heal|p2a: Swampert|25/100|[from] item: Leftovers
|upkeep
|turn|26
|
|t:|1729343204
|switch|p1a: Salamence|Salamence, M|100/100
|-ability|p1a: Salamence|Intimidate|boost
|-unboost|p2a: Swampert|atk|1
|move|p2a: Swampert|Earthquake|p1a: Salamence
|-immune|p1a: Salamence
|
|-weather|Sandstorm|[upkeep]
|-damage|p1a: Salamence|94/100|[from] Sandstorm
|-heal|p1a: Salamence|100/100|[from] item: Leftovers
|-heal|p2a: Swampert|31/100|[from] item: Leftovers
|upkeep
|turn|27
|
|t:|1729343220
|move|p1a: Salamence|Hidden Power|p2a: Swampert
|-supereffective|p2a: Swampert
|-crit|p2a: Swampert
|-damage|p2a: Swampert|0 fnt
|faint|p2a: Swampert
|
|t:|1729343223
|switch|p2a: Wailord|Wailord, F|88/100
|
|-weather|Sandstorm|[upkeep]
|-damage|p1a: Salamence|94/100|[from] Sandstorm
|-damage|p2a: Wailord|82/100|[from] Sandstorm
|-heal|p1a: Salamence|100/100|[from] item: Leftovers
|upkeep
|turn|28
|
|t:|1729343239
|switch|p1a: Blissey|Blissey, F|59/100
|switch|p2a: Dugtrio|Dugtrio, F|100/100
|
|-weather|Sandstorm|[upkeep]
|-damage|p1a: Blissey|53/100|[from] Sandstorm
|-heal|p1a: Blissey|59/100|[from] item: Leftovers
|upkeep
|turn|29
|
|t:|1729343246
|move|p2a: Dugtrio|Earthquake|p1a: Blissey
|-damage|p1a: Blissey|0 fnt
|faint|p1a: Blissey
|
|t:|1729343250
|switch|p1a: Salamence|Salamence, M|100/100
|-ability|p1a: Salamence|Intimidate|boost
|-unboost|p2a: Dugtrio|atk|1
|
|-weather|Sandstorm|[upkeep]
|-damage|p1a: Salamence|94/100|[from] Sandstorm
|-heal|p1a: Salamence|100/100|[from] item: Leftovers
|upkeep
|turn|30
|inactive|caraccident65278 has 270 seconds left.
|
|t:|1729343264
|switch|p2a: Heracross|Heracross, M|100/100
|move|p1a: Salamence|Hidden Power|p2a: Heracross
|-resisted|p2a: Heracross
|-damage|p2a: Heracross|87/100
|
|-weather|Sandstorm|[upkeep]
|-damage|p1a: Salamence|94/100|[from] Sandstorm
|-damage|p2a: Heracross|81/100|[from] Sandstorm
|-heal|p1a: Salamence|100/100|[from] item: Leftovers
|-heal|p2a: Heracross|87/100|[from] item: Leftovers
|upkeep
|turn|31
|
|t:|1729343270
|move|p1a: Salamence|Fire Blast|p2a: Heracross
|-supereffective|p2a: Heracross
|-damage|p2a: Heracross|0 fnt
|faint|p2a: Heracross
|
|t:|1729343273
|switch|p2a: Wailord|Wailord, F|82/100
|
|-weather|Sandstorm|[upkeep]
|-damage|p1a: Salamence|94/100|[from] Sandstorm
|-damage|p2a: Wailord|76/100|[from] Sandstorm
|-heal|p1a: Salamence|100/100|[from] item: Leftovers
|upkeep
|turn|32
|
|t:|1729343296
|switch|p1a: Hariyama|Hariyama, M, shiny|51/100
|switch|p2a: Dugtrio|Dugtrio, F|100/100
|
|-weather|Sandstorm|[upkeep]
|-damage|p1a: Hariyama|45/100|[from] Sandstorm
|-heal|p1a: Hariyama|51/100|[from] item: Leftovers
|upkeep
|turn|33
|inactive|caraccident65278 has 270 seconds left.
|
|t:|1729343314
|move|p2a: Dugtrio|Earthquake|p1a: Hariyama
|-damage|p1a: Hariyama|10/100
|move|p1a: Hariyama|Brick Break|p2a: Dugtrio
|-crit|p2a: Dugtrio
|-damage|p2a: Dugtrio|0 fnt
|faint|p2a: Dugtrio
|
|t:|1729343317
|switch|p2a: Wailord|Wailord, F|76/100
|
|-weather|Sandstorm|[upkeep]
|-damage|p2a: Wailord|69/100|[from] Sandstorm
|-damage|p1a: Hariyama|4/100|[from] Sandstorm
|-heal|p1a: Hariyama|10/100|[from] item: Leftovers
|upkeep
|turn|34
|
|t:|1729343330
|move|p2a: Wailord|Water Spout|p1a: Hariyama
|-damage|p1a: Hariyama|0 fnt
|faint|p1a: Hariyama
|
|t:|1729343340
|switch|p1a: Starmie|Starmie|56/100
|
|-weather|Sandstorm|[upkeep]
|-damage|p1a: Starmie|50/100|[from] Sandstorm
|-damage|p2a: Wailord|63/100|[from] Sandstorm
|-heal|p1a: Starmie|56/100|[from] item: Leftovers
|upkeep
|turn|35
|
|t:|1729343347
|move|p1a: Starmie|Thunder Wave|p2a: Wailord
|-status|p2a: Wailord|par
|-enditem|p2a: Wailord|Lum Berry|[eat]
|-curestatus|p2a: Wailord|par|[msg]
|move|p2a: Wailord|Ice Beam|p1a: Starmie
|-resisted|p1a: Starmie
|-crit|p1a: Starmie
|-damage|p1a: Starmie|24/100
|
|-weather|Sandstorm|[upkeep]
|-damage|p1a: Starmie|18/100|[from] Sandstorm
|-damage|p2a: Wailord|57/100|[from] Sandstorm
|-heal|p1a: Starmie|24/100|[from] item: Leftovers
|upkeep
|turn|36
|
|t:|1729343361
|move|p1a: Starmie|Recover|p1a: Starmie
|-heal|p1a: Starmie|74/100
|move|p2a: Wailord|Ice Beam|p1a: Starmie
|-resisted|p1a: Starmie
|-damage|p1a: Starmie|58/100
|
|-weather|Sandstorm|[upkeep]
|-damage|p1a: Starmie|52/100|[from] Sandstorm
|-damage|p2a: Wailord|51/100|[from] Sandstorm
|-heal|p1a: Starmie|58/100|[from] item: Leftovers
|upkeep
|turn|37
|
|t:|1729343363
|move|p1a: Starmie|Recover|p1a: Starmie
|-heal|p1a: Starmie|100/100
|move|p2a: Wailord|Ice Beam|p1a: Starmie
|-resisted|p1a: Starmie
|-damage|p1a: Starmie|84/100
|
|-weather|Sandstorm|[upkeep]
|-damage|p1a: Starmie|78/100|[from] Sandstorm
|-damage|p2a: Wailord|44/100|[from] Sandstorm
|-heal|p1a: Starmie|84/100|[from] item: Leftovers
|upkeep
|turn|38
|
|t:|1729343365
|move|p1a: Starmie|Thunder Wave|p2a: Wailord
|-status|p2a: Wailord|par
|move|p2a: Wailord|Ice Beam|p1a: Starmie
|-resisted|p1a: Starmie
|-damage|p1a: Starmie|68/100
|
|-weather|Sandstorm|[upkeep]
|-damage|p1a: Starmie|62/100|[from] Sandstorm
|-damage|p2a: Wailord|38/100 par|[from] Sandstorm
|-heal|p1a: Starmie|68/100|[from] item: Leftovers
|upkeep
|turn|39
|
|t:|1729343368
|move|p1a: Starmie|Recover|p1a: Starmie
|-heal|p1a: Starmie|100/100
|move|p2a: Wailord|Water Spout|p1a: Starmie
|-resisted|p1a: Starmie
|-crit|p1a: Starmie
|-damage|p1a: Starmie|74/100
|
|-weather|Sandstorm|[upkeep]
|-damage|p1a: Starmie|67/100|[from] Sandstorm
|-damage|p2a: Wailord|32/100 par|[from] Sandstorm
|-heal|p1a: Starmie|74/100|[from] item: Leftovers
|upkeep
|turn|40
|
|t:|1729343372
|move|p1a: Starmie|Recover|p1a: Starmie
|-heal|p1a: Starmie|100/100
|cant|p2a: Wailord|par
|
|-weather|Sandstorm|[upkeep]
|-damage|p1a: Starmie|94/100|[from] Sandstorm
|-damage|p2a: Wailord|26/100 par|[from] Sandstorm
|-heal|p1a: Starmie|100/100|[from] item: Leftovers
|upkeep
|turn|41
|
|t:|1729343374
|move|p1a: Starmie|Recover||[still]
|-fail|p1a: Starmie|heal
|move|p2a: Wailord|Ice Beam|p1a: Starmie
|-resisted|p1a: Starmie
|-damage|p1a: Starmie|84/100
|
|-weather|Sandstorm|[upkeep]
|-damage|p1a: Starmie|78/100|[from] Sandstorm
|-damage|p2a: Wailord|19/100 par|[from] Sandstorm
|-heal|p1a: Starmie|84/100|[from] item: Leftovers
|upkeep
|turn|42
|
|t:|1729343376
|move|p1a: Starmie|Recover|p1a: Starmie
|-heal|p1a: Starmie|100/100
|cant|p2a: Wailord|par
|
|-weather|Sandstorm|[upkeep]
|-damage|p1a: Starmie|94/100|[from] Sandstorm
|-damage|p2a: Wailord|13/100 par|[from] Sandstorm
|-heal|p1a: Starmie|100/100|[from] item: Leftovers
|upkeep
|turn|43
|
|t:|1729343377
|move|p1a: Starmie|Surf|p2a: Wailord
|-resisted|p2a: Wailord
|-damage|p2a: Wailord|0 fnt
|faint|p2a: Wailord
|
|win|steffmula

</script>
<script type="application/json" class="data" id="replaydata-smogtours-gen3ou-799843">
{"id":"smogtours-gen3ou-799843","format":"[Gen 3] OU","players":["steffmula","caraccident65278"],"uploadtime":1729343377,"views":73,"formatid":"gen3ou","rating":null,"private":0,"password":null}
</script>

<script defer src="js/replays.js?9d40a366"></script>
