<!DOCTYPE html>
<meta charset="utf-8" />
<meta name="viewport" content="width=device-width" />

<title>[Gen 3] OU: earl gr3y vs. SmoGonagall - Replays - Pok&eacute;mon Showdown!</title>

<meta name="description" content="Watch a replay of a Pok&eacute;mon battle between earl gr3y and SmoGonagall! Format: [Gen 3] OU; Date: Oct 3, 2024" />
<!--

Hey, you! Looking in the source for the replay log?

You can find them in JSON format, just add `.json` at the end of a replay URL.

https://replay.pokemonshowdown.com/gen7randomdoublesbattle-865046831.json

Or, if you only need the log itself, add `.log` instead:

https://replay.pokemonshowdown.com/gen7randomdoublesbattle-865046831.log

-->

<link rel="stylesheet" href="//pokemonshowdown.com/style/global.css?0.767286132409787" />
<link rel="stylesheet" href="//play.pokemonshowdown.com/style/font-awesome.css?0.9266228007934947" />
<link rel="stylesheet" href="//play.pokemonshowdown.com/style/battle.css?0.7924700842790926" />
<link rel="stylesheet" href="//play.pokemonshowdown.com/style/utilichart.css?0.8777417872839479" />

<!-- Global site tag (gtag.js) - Google Analytics -->
<script async src="https://www.googletagmanager.com/gtag/js?id=UA-26211653-1"></script>
<script>
  window.dataLayer = window.dataLayer || [];
  function gtag(){dataLayer.push(arguments);}
  gtag('js', new Date());

  gtag('config', 'UA-26211653-1');
</script>
<!-- End Google Analytics -->
<!-- Venatus Ad Manager - Install in <HEAD> of page -->
	<script src="https://hb.vntsm.com/v3/live/ad-manager.min.js" type="text/javascript" data-site-id="642aba63ec9a7b11c3c9c1be" data-mode="scan" async></script>
<!-- / Venatus Ad Manager -->

<style>
	@media (max-width:820px) {
		.battle {
			margin: 0 auto;
		}
		.battle-log {
			margin: 7px auto 0;
			max-width: 640px;
			height: 300px;
			position: static;
		}
	}
	.optgroup {
		display: inline-block;
		line-height: 22px;
		font-size: 10pt;
	}
	.optgroup .button {
		height: 25px;
		padding-top: 0;
		padding-bottom: 0;
	}
	.optgroup button.button {
		padding-left: 12px;
		padding-right: 12px;
	}
	.linklist {
		list-style: none;
		margin: 0.5em 0;
		padding: 0;
	}
	.linklist li {
		padding: 2px 0;
	}
	.sidebar {
		float: left;
		width: 320px;
	}
	.bar-wrapper {
		max-width: 1100px;
		margin: 0 auto;
	}
	.bar-wrapper.has-sidebar {
		max-width: 1430px;
	}
	.mainbar {
		margin: 0;
		padding-right: 1px;
	}
	.mainbar.has-sidebar {
		margin-left: 330px;
	}
	@media (min-width: 1511px) {
		.sidebar {
			width: 400px;
		}
		.bar-wrapper.has-sidebar {
			max-width: 1510px;
		}
		.mainbar.has-sidebar {
			margin-left: 410px;
		}
	}
	.section.first-section {
		margin-top: 9px;
	}
	.blocklink small {
		white-space: normal;
	}
	.button {
		vertical-align: middle;
	}
	.replay-controls {
		padding-top: 10px;
	}
	.replay-controls h1 {
		font-size: 16pt;
		font-weight: normal;
		color: #CCC;
	}
	.pagelink {
		text-align: center;
	}
	.pagelink a {
		width: 150px;
	}
	.textbox, .button {
		font-size: 11pt;
		vertical-align: middle;
	}
	@media (max-width: 450px) {
		.button {
			font-size: 9pt;
		}
	}
</style>

<div>

	<header>
		<div class="nav-wrapper"><ul class="nav">
			<li><a class="button nav-first" href="//pokemonshowdown.com/"><img src="//pokemonshowdown.com/images/pokemonshowdownbeta.png" srcset="//pokemonshowdown.com/images/pokemonshowdownbeta.png 1x, //pokemonshowdown.com/images/pokemonshowdownbeta@2x.png 2x" alt="Pok&eacute;mon Showdown" width="146" height="44" /> Home</a></li>
			<li><a class="button" href="//pokemonshowdown.com/dex/">Pok&eacute;dex</a></li>
			<li><a class="button cur" href="/">Replays</a></li>
			<li><a class="button" href="//pokemonshowdown.com/ladder/">Ladder</a></li>
			<li><a class="button nav-last" href="//pokemonshowdown.com/forums/">Forum</a></li>
			<li><a class="button greenbutton nav-first nav-last" href="//play.pokemonshowdown.com/">Play</a></li>
		</ul></div>
	</header>

	<div class="main" id="main">

		<noscript><section class="section">You need to enable JavaScript to use this page; sorry!</section></noscript>

	</div>

</div>

<script defer nomodule src="//play.pokemonshowdown.com/js/lib/ps-polyfill.js"></script>
<script defer src="//play.pokemonshowdown.com/js/lib/preact.min.js"></script>

<script defer src="//play.pokemonshowdown.com/config/config.js?6dec07f6"></script>
<script defer src="//play.pokemonshowdown.com/js/lib/jquery-1.11.0.min.js"></script>
<script defer src="//play.pokemonshowdown.com/js/lib/html-sanitizer-minified.js"></script>
<script defer src="//play.pokemonshowdown.com/js/battle-sound.js"></script>
<script defer src="//play.pokemonshowdown.com/js/battledata.js?0.6315294753075389"></script>
<script defer src="//play.pokemonshowdown.com/data/pokedex-mini.js?0.7603743185311358"></script>
<script defer src="//play.pokemonshowdown.com/data/pokedex-mini-bw.js?0.030888842834281283"></script>
<script defer src="//play.pokemonshowdown.com/data/graphics.js?0.05593094747507488"></script>
<script defer src="//play.pokemonshowdown.com/data/pokedex.js?0.47064822249611904"></script>
<script defer src="//play.pokemonshowdown.com/data/moves.js?0.8583693120512459"></script>
<script defer src="//play.pokemonshowdown.com/data/abilities.js?0.16017181182386842"></script>
<script defer src="//play.pokemonshowdown.com/data/items.js?0.4163379185673943"></script>
<script defer src="//play.pokemonshowdown.com/data/teambuilder-tables.js?0.31075597372830477"></script>
<script defer src="//play.pokemonshowdown.com/js/battle-tooltips.js?0.6536193500708172"></script>
<script defer src="//play.pokemonshowdown.com/js/battle.js?0.1916591943277901"></script>

<script defer src="js/utils.js?e31f9a17"></script>
<script defer src="js/replays-battle.js?7008c182"></script>

<!-- don't scrape this data! just add .json or .log after the URL!
Full API docs: https://github.com/smogon/pokemon-showdown-client/blob/master/WEB-API.md -->
<script type="text/plain" class="log" id="replaylog-smogtours-gen3ou-794223">
|inactive|Battle timer is ON: inactive players will automatically lose when time's up.
|t:|1727966567
|gametype|singles
|player|p1|earl gr3y|#roaplxyorknewyanma|
|player|p2|SmoGonagall|266|
|teamsize|p1|6
|teamsize|p2|6
|gen|3
|tier|[Gen 3] OU
|rule|Sleep Clause Mod: Limit one foe put to sleep
|rule|Switch Priority Clause Mod: Faster Pokémon switch first
|rule|Species Clause: Limit one of each Pokémon
|rule|OHKO Clause: OHKO moves are banned
|rule|Evasion Items Clause: Evasion items are banned
|rule|Evasion Moves Clause: Evasion moves are banned
|rule|Endless Battle Clause: Forcing endless battles is banned
|rule|HP Percentage Mod: HP is shown in percentages
|rule|One Boost Passer Clause: Limit one Baton Passer that has a way to boost its stats
|rule|Freeze Clause Mod: Limit one foe frozen
|
|t:|1727966567
|start
|switch|p1a: Metagross|Metagross|100/100
|switch|p2a: Hariyama|Hariyama, M|100/100
|turn|1
|inactive|earl gr3y also wants the timer to be on.
|inactive|SmoGonagall has 270 seconds left.
|
|t:|1727966616
|switch|p2a: Jirachi|Jirachi|100/100
|move|p1a: Metagross|Explosion|p2a: Jirachi
|-resisted|p2a: Jirachi
|-damage|p2a: Jirachi|0 fnt
|faint|p1a: Metagross
|faint|p2a: Jirachi
|
|t:|1727966624
|switch|p2a: Hariyama|Hariyama, M|100/100
|switch|p1a: Skarmory|Skarmory, F|100/100
|
|upkeep
|turn|2
|
|t:|1727966629
|move|p1a: Skarmory|Spikes|p2a: Hariyama
|-sidestart|p2: SmoGonagall|Spikes
|move|p2a: Hariyama|Knock Off|p1a: Skarmory
|-resisted|p1a: Skarmory
|-damage|p1a: Skarmory|99/100
|-enditem|p1a: Skarmory|Leftovers|[from] move: Knock Off|[of] p2a: Hariyama
|-hint|In Gens 3-4, Knock Off only makes the target's item unusable; it cannot obtain a new item.
|
|upkeep
|turn|3
|
|t:|1727966637
|-singleturn|p2a: Hariyama|move: Focus Punch
|move|p1a: Skarmory|Drill Peck|p2a: Hariyama
|-supereffective|p2a: Hariyama
|-damage|p2a: Hariyama|50/100
|move|p2a: Hariyama|Focus Punch||[still]
|cant|p2a: Hariyama|Focus Punch|Focus Punch
|
|-heal|p2a: Hariyama|56/100|[from] item: Leftovers
|upkeep
|turn|4
|
|t:|1727966646
|switch|p2a: Salamence|Salamence, M|100/100
|-ability|p2a: Salamence|Intimidate|boost
|-unboost|p1a: Skarmory|atk|1
|move|p1a: Skarmory|Spikes|p2a: Salamence
|-sidestart|p2: SmoGonagall|Spikes
|
|upkeep
|turn|5
|
|t:|1727966656
|switch|p1a: Swampert|Swampert, M, shiny|100/100
|move|p2a: Salamence|Flamethrower|p1a: Swampert
|-resisted|p1a: Swampert
|-damage|p1a: Swampert|90/100
|
|-heal|p1a: Swampert|97/100|[from] item: Leftovers
|upkeep
|turn|6
|
|t:|1727966664
|switch|p2a: Starmie|Starmie|100/100
|-damage|p2a: Starmie|84/100|[from] Spikes
|switch|p1a: Aerodactyl|Aerodactyl, F|100/100
|
|-heal|p2a: Starmie|90/100|[from] item: Leftovers
|upkeep
|turn|7
|
|t:|1727966672
|switch|p1a: Celebi|Celebi|100/100
|move|p2a: Starmie|Thunder Wave|p1a: Celebi
|-status|p1a: Celebi|par
|
|-heal|p2a: Starmie|96/100|[from] item: Leftovers
|upkeep
|turn|8
|
|t:|1727966688
|switch|p2a: Salamence|Salamence, M|100/100
|-ability|p2a: Salamence|Intimidate|boost
|-unboost|p1a: Celebi|atk|1
|move|p1a: Celebi|Giga Drain|p2a: Salamence
|-resisted|p2a: Salamence
|-damage|p2a: Salamence|94/100
|
|-heal|p2a: Salamence|99/100|[from] item: Leftovers
|upkeep
|turn|9
|
|t:|1727966698
|-curestatus|p1a: Celebi|par|[from] ability: Natural Cure
|switch|p1a: Aerodactyl|Aerodactyl, F|100/100
|move|p2a: Salamence|Wish|p2a: Salamence
|
|-heal|p2a: Salamence|100/100|[from] item: Leftovers
|upkeep
|turn|10
|inactive|earl gr3y has 270 seconds left.
|
|t:|1727966733
|switch|p1a: Skarmory|Skarmory, F|99/100
|move|p2a: Salamence|Toxic|p1a: Skarmory
|-immune|p1a: Skarmory
|
|upkeep
|turn|11
|inactive|earl gr3y has 270 seconds left.
|
|t:|1727966740
|switch|p2a: Starmie|Starmie|96/100
|-damage|p2a: Starmie|80/100|[from] Spikes
|switch|p1a: Swampert|Swampert, M, shiny|97/100
|
|-heal|p2a: Starmie|86/100|[from] item: Leftovers
|-heal|p1a: Swampert|100/100|[from] item: Leftovers
|upkeep
|turn|12
|
|t:|1727966749
|switch|p1a: Tyranitar|Tyranitar, F|100/100
|-weather|Sandstorm|[from] ability: Sand Stream|[of] p1a: Tyranitar
|move|p2a: Starmie|Rapid Spin|p1a: Tyranitar
|-resisted|p1a: Tyranitar
|-damage|p1a: Tyranitar|99/100
|-sideend|p2: SmoGonagall|Spikes|[from] move: Rapid Spin|[of] p2a: Starmie
|
|-weather|Sandstorm|[upkeep]
|-damage|p2a: Starmie|80/100|[from] Sandstorm
|-heal|p2a: Starmie|86/100|[from] item: Leftovers
|upkeep
|turn|13
|
|t:|1727966758
|move|p2a: Starmie|Thunder Wave|p1a: Tyranitar
|-status|p1a: Tyranitar|par
|-enditem|p1a: Tyranitar|Lum Berry|[eat]
|-curestatus|p1a: Tyranitar|par|[msg]
|move|p1a: Tyranitar|Crunch|p2a: Starmie
|-supereffective|p2a: Starmie
|-damage|p2a: Starmie|0 fnt
|faint|p2a: Starmie
|
|t:|1727966767
|switch|p2a: Hariyama|Hariyama, M|56/100
|
|-weather|Sandstorm|[upkeep]
|-damage|p2a: Hariyama|50/100|[from] Sandstorm
|-heal|p2a: Hariyama|56/100|[from] item: Leftovers
|upkeep
|turn|14
|
|t:|1727966780
|switch|p1a: Celebi|Celebi|100/100
|move|p2a: Hariyama|Brick Break|p1a: Celebi
|-resisted|p1a: Celebi
|-damage|p1a: Celebi|83/100
|
|-weather|Sandstorm|[upkeep]
|-damage|p1a: Celebi|77/100|[from] Sandstorm
|-damage|p2a: Hariyama|50/100|[from] Sandstorm
|-heal|p1a: Celebi|83/100|[from] item: Leftovers
|-heal|p2a: Hariyama|56/100|[from] item: Leftovers
|upkeep
|turn|15
|
|t:|1727966789
|move|p1a: Celebi|Psychic|p2a: Hariyama
|-supereffective|p2a: Hariyama
|-damage|p2a: Hariyama|0 fnt
|faint|p2a: Hariyama
|
|t:|1727966806
|switch|p2a: Salamence|Salamence, M|100/100
|-ability|p2a: Salamence|Intimidate|boost
|-unboost|p1a: Celebi|atk|1
|
|-weather|Sandstorm|[upkeep]
|-damage|p1a: Celebi|77/100|[from] Sandstorm
|-damage|p2a: Salamence|94/100|[from] Sandstorm
|-heal|p1a: Celebi|83/100|[from] item: Leftovers
|-heal|p2a: Salamence|100/100|[from] item: Leftovers
|upkeep
|turn|16
|
|t:|1727966829
|switch|p1a: Tyranitar|Tyranitar, F|99/100
|move|p2a: Salamence|Flamethrower|p1a: Tyranitar
|-resisted|p1a: Tyranitar
|-damage|p1a: Tyranitar|89/100
|
|-weather|Sandstorm|[upkeep]
|-damage|p2a: Salamence|94/100|[from] Sandstorm
|-heal|p2a: Salamence|100/100|[from] item: Leftovers
|upkeep
|turn|17
|
|t:|1727966837
|move|p2a: Salamence|Toxic|p1a: Tyranitar
|-status|p1a: Tyranitar|tox
|move|p1a: Tyranitar|Rock Slide|p2a: Salamence
|-supereffective|p2a: Salamence
|-damage|p2a: Salamence|53/100
|
|-weather|Sandstorm|[upkeep]
|-damage|p2a: Salamence|47/100|[from] Sandstorm
|-heal|p2a: Salamence|53/100|[from] item: Leftovers
|-damage|p1a: Tyranitar|82/100 tox|[from] psn
|upkeep
|turn|18
|
|t:|1727966846
|move|p2a: Salamence|Protect|p2a: Salamence
|-singleturn|p2a: Salamence|Protect
|move|p1a: Tyranitar|Rock Slide|p2a: Salamence
|-activate|p2a: Salamence|Protect
|
|-weather|Sandstorm|[upkeep]
|-damage|p2a: Salamence|47/100|[from] Sandstorm
|-heal|p2a: Salamence|53/100|[from] item: Leftovers
|-damage|p1a: Tyranitar|70/100 tox|[from] psn
|upkeep
|turn|19
|
|t:|1727966856
|move|p2a: Salamence|Wish|p2a: Salamence
|move|p1a: Tyranitar|Rock Slide|p2a: Salamence
|-supereffective|p2a: Salamence
|-damage|p2a: Salamence|8/100
|
|-weather|Sandstorm|[upkeep]
|-damage|p2a: Salamence|2/100|[from] Sandstorm
|-heal|p2a: Salamence|8/100|[from] item: Leftovers
|-damage|p1a: Tyranitar|51/100 tox|[from] psn
|upkeep
|turn|20
|
|t:|1727966869
|switch|p1a: Swampert|Swampert, M, shiny|100/100
|move|p2a: Salamence|Protect||[still]
|-fail|p2a: Salamence
|
|-heal|p2a: Salamence|58/100|[from] move: Wish|[wisher] Salamence
|-weather|Sandstorm|[upkeep]
|-damage|p2a: Salamence|52/100|[from] Sandstorm
|-heal|p2a: Salamence|58/100|[from] item: Leftovers
|upkeep
|turn|21
|
|t:|1727966879
|move|p2a: Salamence|Protect|p2a: Salamence
|-singleturn|p2a: Salamence|Protect
|move|p1a: Swampert|Ice Beam|p2a: Salamence
|-activate|p2a: Salamence|Protect
|
|-weather|Sandstorm|[upkeep]
|-damage|p2a: Salamence|52/100|[from] Sandstorm
|-heal|p2a: Salamence|58/100|[from] item: Leftovers
|upkeep
|turn|22
|
|t:|1727966892
|switch|p2a: Celebi|Celebi|100/100
|move|p1a: Swampert|Ice Beam|p2a: Celebi
|-supereffective|p2a: Celebi
|-damage|p2a: Celebi|57/100
|
|-weather|Sandstorm|[upkeep]
|-damage|p2a: Celebi|51/100|[from] Sandstorm
|-heal|p2a: Celebi|57/100|[from] item: Leftovers
|upkeep
|turn|23
|
|t:|1727966900
|switch|p1a: Celebi|Celebi|83/100
|move|p2a: Celebi|Leech Seed|p1a: Celebi
|-immune|p1a: Celebi
|
|-weather|Sandstorm|[upkeep]
|-damage|p1a: Celebi|77/100|[from] Sandstorm
|-damage|p2a: Celebi|51/100|[from] Sandstorm
|-heal|p1a: Celebi|83/100|[from] item: Leftovers
|-heal|p2a: Celebi|57/100|[from] item: Leftovers
|upkeep
|turn|24
|
|t:|1727966909
|move|p1a: Celebi|Calm Mind|p1a: Celebi
|-boost|p1a: Celebi|spa|1
|-boost|p1a: Celebi|spd|1
|move|p2a: Celebi|Recover|p2a: Celebi
|-heal|p2a: Celebi|100/100
|
|-weather|Sandstorm|[upkeep]
|-damage|p1a: Celebi|77/100|[from] Sandstorm
|-damage|p2a: Celebi|94/100|[from] Sandstorm
|-heal|p1a: Celebi|83/100|[from] item: Leftovers
|-heal|p2a: Celebi|100/100|[from] item: Leftovers
|upkeep
|turn|25
|
|t:|1727966922
|switch|p2a: Salamence|Salamence, M|58/100
|-ability|p2a: Salamence|Intimidate|boost
|-unboost|p1a: Celebi|atk|1
|move|p1a: Celebi|Calm Mind|p1a: Celebi
|-boost|p1a: Celebi|spa|1
|-boost|p1a: Celebi|spd|1
|
|-weather|Sandstorm|[upkeep]
|-damage|p1a: Celebi|77/100|[from] Sandstorm
|-damage|p2a: Salamence|52/100|[from] Sandstorm
|-heal|p1a: Celebi|83/100|[from] item: Leftovers
|-heal|p2a: Salamence|58/100|[from] item: Leftovers
|upkeep
|turn|26
|
|t:|1727966933
|move|p1a: Celebi|Psychic|p2a: Salamence
|-damage|p2a: Salamence|0 fnt
|faint|p2a: Salamence
|
|t:|1727966938
|switch|p2a: Celebi|Celebi|100/100
|
|-weather|Sandstorm|[upkeep]
|-damage|p1a: Celebi|77/100|[from] Sandstorm
|-damage|p2a: Celebi|94/100|[from] Sandstorm
|-heal|p1a: Celebi|83/100|[from] item: Leftovers
|-heal|p2a: Celebi|100/100|[from] item: Leftovers
|upkeep
|turn|27
|
|t:|1727966945
|move|p1a: Celebi|Hidden Power|p2a: Celebi
|-supereffective|p2a: Celebi
|-damage|p2a: Celebi|33/100
|move|p2a: Celebi|Psychic|p1a: Celebi
|-resisted|p1a: Celebi
|-damage|p1a: Celebi|75/100
|-unboost|p1a: Celebi|spd|1
|
|-weather|Sandstorm|[upkeep]
|-damage|p1a: Celebi|69/100|[from] Sandstorm
|-damage|p2a: Celebi|27/100|[from] Sandstorm
|-heal|p1a: Celebi|75/100|[from] item: Leftovers
|-heal|p2a: Celebi|33/100|[from] item: Leftovers
|upkeep
|turn|28
|
|t:|1727966956
|move|p1a: Celebi|Hidden Power|p2a: Celebi
|-supereffective|p2a: Celebi
|-crit|p2a: Celebi
|-damage|p2a: Celebi|0 fnt
|faint|p2a: Celebi
|
|t:|1727966960
|switch|p2a: Rhydon|Rhydon, F|100/100
|
|-weather|Sandstorm|[upkeep]
|-damage|p1a: Celebi|69/100|[from] Sandstorm
|-heal|p1a: Celebi|75/100|[from] item: Leftovers
|upkeep
|turn|29
|c|☆SmoGonagall|gg
|
|t:|1727966966
|move|p1a: Celebi|Giga Drain|p2a: Rhydon
|-supereffective|p2a: Rhydon
|-damage|p2a: Rhydon|0 fnt
|-heal|p1a: Celebi|100/100|[from] drain|[of] p2a: Rhydon
|faint|p2a: Rhydon
|
|win|earl gr3y
|c|☆earl gr3y|ggs

</script>
<script type="application/json" class="data" id="replaydata-smogtours-gen3ou-794223">
{"id":"smogtours-gen3ou-794223","format":"[Gen 3] OU","players":["earl gr3y","SmoGonagall"],"uploadtime":1727966966,"views":122,"formatid":"gen3ou","rating":null,"private":1,"password":null}
</script>

<script defer src="js/replays.js?9d40a366"></script>
