<!DOCTYPE html>
<meta charset="utf-8" />
<meta name="viewport" content="width=device-width" />

<title>[Gen 3] OU: erfder vs. yuramas - Replays - Pok&eacute;mon Showdown!</title>

<meta name="description" content="Watch a replay of a Pok&eacute;mon battle between erfder and yuramas! Format: [Gen 3] OU; Date: Oct 12, 2024" />
<!--

Hey, you! Looking in the source for the replay log?

You can find them in JSON format, just add `.json` at the end of a replay URL.

https://replay.pokemonshowdown.com/gen7randomdoublesbattle-865046831.json

Or, if you only need the log itself, add `.log` instead:

https://replay.pokemonshowdown.com/gen7randomdoublesbattle-865046831.log

-->

<link rel="stylesheet" href="//pokemonshowdown.com/style/global.css?0.023195364461161105" />
<link rel="stylesheet" href="//play.pokemonshowdown.com/style/font-awesome.css?0.13261647063804238" />
<link rel="stylesheet" href="//play.pokemonshowdown.com/style/battle.css?0.8753245789963631" />
<link rel="stylesheet" href="//play.pokemonshowdown.com/style/utilichart.css?0.8627959624976733" />

<!-- Global site tag (gtag.js) - Google Analytics -->
<script async src="https://www.googletagmanager.com/gtag/js?id=UA-26211653-1"></script>
<script>
  window.dataLayer = window.dataLayer || [];
  function gtag(){dataLayer.push(arguments);}
  gtag('js', new Date());

  gtag('config', 'UA-26211653-1');
</script>
<!-- End Google Analytics -->
<!-- Venatus Ad Manager - Install in <HEAD> of page -->
	<script src="https://hb.vntsm.com/v3/live/ad-manager.min.js" type="text/javascript" data-site-id="642aba63ec9a7b11c3c9c1be" data-mode="scan" async></script>
<!-- / Venatus Ad Manager -->

<style>
	@media (max-width:820px) {
		.battle {
			margin: 0 auto;
		}
		.battle-log {
			margin: 7px auto 0;
			max-width: 640px;
			height: 300px;
			position: static;
		}
	}
	.optgroup {
		display: inline-block;
		line-height: 22px;
		font-size: 10pt;
	}
	.optgroup .button {
		height: 25px;
		padding-top: 0;
		padding-bottom: 0;
	}
	.optgroup button.button {
		padding-left: 12px;
		padding-right: 12px;
	}
	.linklist {
		list-style: none;
		margin: 0.5em 0;
		padding: 0;
	}
	.linklist li {
		padding: 2px 0;
	}
	.sidebar {
		float: left;
		width: 320px;
	}
	.bar-wrapper {
		max-width: 1100px;
		margin: 0 auto;
	}
	.bar-wrapper.has-sidebar {
		max-width: 1430px;
	}
	.mainbar {
		margin: 0;
		padding-right: 1px;
	}
	.mainbar.has-sidebar {
		margin-left: 330px;
	}
	@media (min-width: 1511px) {
		.sidebar {
			width: 400px;
		}
		.bar-wrapper.has-sidebar {
			max-width: 1510px;
		}
		.mainbar.has-sidebar {
			margin-left: 410px;
		}
	}
	.section.first-section {
		margin-top: 9px;
	}
	.blocklink small {
		white-space: normal;
	}
	.button {
		vertical-align: middle;
	}
	.replay-controls {
		padding-top: 10px;
	}
	.replay-controls h1 {
		font-size: 16pt;
		font-weight: normal;
		color: #CCC;
	}
	.pagelink {
		text-align: center;
	}
	.pagelink a {
		width: 150px;
	}
	.textbox, .button {
		font-size: 11pt;
		vertical-align: middle;
	}
	@media (max-width: 450px) {
		.button {
			font-size: 9pt;
		}
	}
</style>

<div>

	<header>
		<div class="nav-wrapper"><ul class="nav">
			<li><a class="button nav-first" href="//pokemonshowdown.com/"><img src="//pokemonshowdown.com/images/pokemonshowdownbeta.png" srcset="//pokemonshowdown.com/images/pokemonshowdownbeta.png 1x, //pokemonshowdown.com/images/pokemonshowdownbeta@2x.png 2x" alt="Pok&eacute;mon Showdown" width="146" height="44" /> Home</a></li>
			<li><a class="button" href="//pokemonshowdown.com/dex/">Pok&eacute;dex</a></li>
			<li><a class="button cur" href="/">Replays</a></li>
			<li><a class="button" href="//pokemonshowdown.com/ladder/">Ladder</a></li>
			<li><a class="button nav-last" href="//pokemonshowdown.com/forums/">Forum</a></li>
			<li><a class="button greenbutton nav-first nav-last" href="//play.pokemonshowdown.com/">Play</a></li>
		</ul></div>
	</header>

	<div class="main" id="main">

		<noscript><section class="section">You need to enable JavaScript to use this page; sorry!</section></noscript>

	</div>

</div>

<script defer nomodule src="//play.pokemonshowdown.com/js/lib/ps-polyfill.js"></script>
<script defer src="//play.pokemonshowdown.com/js/lib/preact.min.js"></script>

<script defer src="//play.pokemonshowdown.com/config/config.js?2bddbc15"></script>
<script defer src="//play.pokemonshowdown.com/js/lib/jquery-1.11.0.min.js"></script>
<script defer src="//play.pokemonshowdown.com/js/lib/html-sanitizer-minified.js"></script>
<script defer src="//play.pokemonshowdown.com/js/battle-sound.js"></script>
<script defer src="//play.pokemonshowdown.com/js/battledata.js?0.7209276989879541"></script>
<script defer src="//play.pokemonshowdown.com/data/pokedex-mini.js?0.6111056340867951"></script>
<script defer src="//play.pokemonshowdown.com/data/pokedex-mini-bw.js?0.3532142036491459"></script>
<script defer src="//play.pokemonshowdown.com/data/graphics.js?0.24223875632456182"></script>
<script defer src="//play.pokemonshowdown.com/data/pokedex.js?0.38839984266356864"></script>
<script defer src="//play.pokemonshowdown.com/data/moves.js?0.21866028504024015"></script>
<script defer src="//play.pokemonshowdown.com/data/abilities.js?0.2005157953846628"></script>
<script defer src="//play.pokemonshowdown.com/data/items.js?0.9894211263848525"></script>
<script defer src="//play.pokemonshowdown.com/data/teambuilder-tables.js?0.6008791140282215"></script>
<script defer src="//play.pokemonshowdown.com/js/battle-tooltips.js?0.7580118955022959"></script>
<script defer src="//play.pokemonshowdown.com/js/battle.js?0.6057722274234274"></script>

<script defer src="js/utils.js?e31f9a17"></script>
<script defer src="js/replays-battle.js?7008c182"></script>

<!-- don't scrape this data! just add .json or .log after the URL!
Full API docs: https://github.com/smogon/pokemon-showdown-client/blob/master/WEB-API.md -->
<script type="text/plain" class="log" id="replaylog-smogtours-gen3ou-797806">
|inactive|Battle timer is ON: inactive players will automatically lose when time's up.
|t:|1728766907
|gametype|singles
|player|p1|erfder|lisia-masters|
|player|p2|yuramas|n|
|teamsize|p1|6
|teamsize|p2|6
|gen|3
|tier|[Gen 3] OU
|rule|Sleep Clause Mod: Limit one foe put to sleep
|rule|Switch Priority Clause Mod: Faster Pokémon switch first
|rule|Species Clause: Limit one of each Pokémon
|rule|OHKO Clause: OHKO moves are banned
|rule|Evasion Items Clause: Evasion items are banned
|rule|Evasion Moves Clause: Evasion moves are banned
|rule|Endless Battle Clause: Forcing endless battles is banned
|rule|HP Percentage Mod: HP is shown in percentages
|rule|One Boost Passer Clause: Limit one Baton Passer that has a way to boost its stats
|rule|Freeze Clause Mod: Limit one foe frozen
|
|t:|1728766907
|start
|switch|p1a: Tyranitar|Tyranitar, M|100/100
|switch|p2a: Zapdos|Zapdos|100/100
|-weather|Sandstorm|[from] ability: Sand Stream|[of] p1a: Tyranitar
|turn|1
|
|t:|1728766920
|move|p2a: Zapdos|Baton Pass|p2a: Zapdos
|
|t:|1728766922
|switch|p2a: Swampert|Swampert, F|100/100|[from] Baton Pass
|move|p1a: Tyranitar|Toxic|p2a: Swampert
|-status|p2a: Swampert|tox
|
|-weather|Sandstorm|[upkeep]
|-damage|p2a: Swampert|94/100 tox|[from] psn
|upkeep
|turn|2
|inactive|yuramas has 270 seconds left.
|
|t:|1728766957
|switch|p1a: Skarmory|Skarmory, M|100/100
|move|p2a: Swampert|Ice Beam|p1a: Skarmory
|-damage|p1a: Skarmory|84/100
|
|-weather|Sandstorm|[upkeep]
|-heal|p1a: Skarmory|90/100|[from] item: Leftovers
|-heal|p2a: Swampert|100/100 tox|[from] item: Leftovers
|-damage|p2a: Swampert|88/100 tox|[from] psn
|upkeep
|turn|3
|inactive|yuramas has 270 seconds left.
|
|t:|1728766968
|switch|p2a: Zapdos|Zapdos|100/100
|move|p1a: Skarmory|Spikes|p2a: Zapdos
|-sidestart|p2: yuramas|Spikes
|
|-weather|Sandstorm|[upkeep]
|-damage|p2a: Zapdos|94/100|[from] Sandstorm
|-heal|p2a: Zapdos|100/100|[from] item: Leftovers
|-heal|p1a: Skarmory|96/100|[from] item: Leftovers
|upkeep
|turn|4
|
|t:|1728766976
|switch|p1a: Tyranitar|Tyranitar, M|100/100
|move|p2a: Zapdos|Substitute|p2a: Zapdos
|-start|p2a: Zapdos|Substitute
|-damage|p2a: Zapdos|76/100
|
|-weather|Sandstorm|[upkeep]
|-damage|p2a: Zapdos|70/100|[from] Sandstorm
|-heal|p2a: Zapdos|76/100|[from] item: Leftovers
|upkeep
|turn|5
|inactive|yuramas has 270 seconds left.
|
|t:|1728767006
|move|p2a: Zapdos|Thunderbolt|p1a: Tyranitar
|-damage|p1a: Tyranitar|66/100
|-status|p1a: Tyranitar|par
|move|p1a: Tyranitar|Rock Slide|p2a: Zapdos
|-supereffective|p2a: Zapdos
|-end|p2a: Zapdos|Substitute
|
|-weather|Sandstorm|[upkeep]
|-damage|p2a: Zapdos|70/100|[from] Sandstorm
|-heal|p2a: Zapdos|76/100|[from] item: Leftovers
|-heal|p1a: Tyranitar|72/100 par|[from] item: Leftovers
|upkeep
|turn|6
|
|t:|1728767021
|move|p2a: Zapdos|Baton Pass|p2a: Zapdos
|
|t:|1728767023
|switch|p2a: Heracross|Heracross, F|100/100|[from] Baton Pass
|-damage|p2a: Heracross|88/100|[from] Spikes
|cant|p1a: Tyranitar|par
|
|-weather|Sandstorm|[upkeep]
|-damage|p2a: Heracross|82/100|[from] Sandstorm
|-heal|p2a: Heracross|88/100|[from] item: Leftovers
|-heal|p1a: Tyranitar|78/100 par|[from] item: Leftovers
|upkeep
|turn|7
|inactive|yuramas has 270 seconds left.
|
|t:|1728767032
|-singleturn|p2a: Heracross|move: Focus Punch
|switch|p1a: Skarmory|Skarmory, M|96/100
|move|p2a: Heracross|Focus Punch|p1a: Skarmory
|-crit|p1a: Skarmory
|-damage|p1a: Skarmory|0 fnt
|faint|p1a: Skarmory
|
|t:|1728767036
|switch|p1a: Gengar|Gengar, F|100/100
|
|-weather|Sandstorm|[upkeep]
|-damage|p1a: Gengar|94/100|[from] Sandstorm
|-damage|p2a: Heracross|82/100|[from] Sandstorm
|-heal|p1a: Gengar|100/100|[from] item: Leftovers
|-heal|p2a: Heracross|88/100|[from] item: Leftovers
|upkeep
|turn|8
|inactive|yuramas has 270 seconds left.
|
|t:|1728767068
|switch|p2a: Swampert|Swampert, F|88/100 tox
|-damage|p2a: Swampert|76/100 tox|[from] Spikes
|move|p1a: Gengar|Will-O-Wisp||[still]
|-fail|p1a: Gengar
|
|-weather|Sandstorm|[upkeep]
|-damage|p1a: Gengar|94/100|[from] Sandstorm
|-heal|p1a: Gengar|100/100|[from] item: Leftovers
|-heal|p2a: Swampert|82/100 tox|[from] item: Leftovers
|-damage|p2a: Swampert|76/100 tox|[from] psn
|upkeep
|turn|9
|inactive|yuramas has 240 seconds left.
|
|t:|1728767117
|move|p1a: Gengar|Giga Drain|p2a: Swampert
|-supereffective|p2a: Swampert
|-damage|p2a: Swampert|1/100 tox
|move|p2a: Swampert|Surf|p1a: Gengar
|-damage|p1a: Gengar|52/100
|
|-weather|Sandstorm|[upkeep]
|-damage|p1a: Gengar|46/100|[from] Sandstorm
|-heal|p1a: Gengar|52/100|[from] item: Leftovers
|-heal|p2a: Swampert|7/100 tox|[from] item: Leftovers
|-damage|p2a: Swampert|0 fnt|[from] psn
|faint|p2a: Swampert
|upkeep
|inactive|yuramas has 210 seconds left.
|
|t:|1728767152
|switch|p2a: Heracross|Heracross, F|88/100
|-damage|p2a: Heracross|76/100|[from] Spikes
|turn|10
|
|t:|1728767162
|move|p1a: Gengar|Will-O-Wisp|p2a: Heracross
|-status|p2a: Heracross|brn
|move|p2a: Heracross|Rock Slide|p1a: Gengar
|-crit|p1a: Gengar
|-damage|p1a: Gengar|0 fnt
|faint|p1a: Gengar
|
|t:|1728767169
|switch|p1a: Aerodactyl|Aerodactyl, M|100/100
|
|-weather|Sandstorm|[upkeep]
|-damage|p2a: Heracross|70/100 brn|[from] Sandstorm
|-heal|p2a: Heracross|76/100 brn|[from] item: Leftovers
|-damage|p2a: Heracross|64/100 brn|[from] brn
|upkeep
|turn|11
|inactive|yuramas has 210 seconds left.
|inactive|yuramas has 180 seconds left.
|
|t:|1728767214
|switch|p1a: Swampert|Swampert, F|100/100
|switch|p2a: Jirachi|Jirachi|100/100
|-damage|p2a: Jirachi|88/100|[from] Spikes
|
|-weather|Sandstorm|[upkeep]
|-heal|p2a: Jirachi|94/100|[from] item: Leftovers
|upkeep
|turn|12
|inactive|erfder has 270 seconds left.
|
|t:|1728767232
|switch|p2a: Zapdos|Zapdos|76/100
|move|p1a: Swampert|Surf|p2a: Zapdos
|-damage|p2a: Zapdos|52/100
|
|-weather|Sandstorm|[upkeep]
|-damage|p2a: Zapdos|46/100|[from] Sandstorm
|-heal|p2a: Zapdos|52/100|[from] item: Leftovers
|upkeep
|turn|13
|inactive|erfder has 270 seconds left.
|
|t:|1728767246
|move|p2a: Zapdos|Hidden Power|p1a: Swampert
|-supereffective|p1a: Swampert
|-damage|p1a: Swampert|34/100
|move|p1a: Swampert|Surf|p2a: Zapdos
|-damage|p2a: Zapdos|15/100
|
|-weather|Sandstorm|[upkeep]
|-damage|p2a: Zapdos|9/100|[from] Sandstorm
|-heal|p2a: Zapdos|15/100|[from] item: Leftovers
|-heal|p1a: Swampert|40/100|[from] item: Leftovers
|upkeep
|turn|14
|inactive|yuramas has 150 seconds left.
|
|t:|1728767277
|switch|p2a: Starmie|Starmie|100/100
|-damage|p2a: Starmie|88/100|[from] Spikes
|move|p1a: Swampert|Protect||[still]
|-fail|p1a: Swampert
|
|-weather|Sandstorm|[upkeep]
|-damage|p2a: Starmie|82/100|[from] Sandstorm
|-heal|p2a: Starmie|88/100|[from] item: Leftovers
|-heal|p1a: Swampert|46/100|[from] item: Leftovers
|upkeep
|turn|15
|
|t:|1728767284
|move|p2a: Starmie|Surf|p1a: Swampert
|-damage|p1a: Swampert|20/100
|move|p1a: Swampert|Toxic|p2a: Starmie|[miss]
|-miss|p1a: Swampert|p2a: Starmie
|
|-weather|Sandstorm|[upkeep]
|-damage|p2a: Starmie|82/100|[from] Sandstorm
|-heal|p2a: Starmie|88/100|[from] item: Leftovers
|-heal|p1a: Swampert|26/100|[from] item: Leftovers
|upkeep
|turn|16
|
|t:|1728767290
|move|p1a: Swampert|Protect|p1a: Swampert
|-singleturn|p1a: Swampert|Protect
|move|p2a: Starmie|Surf|p1a: Swampert
|-activate|p1a: Swampert|Protect
|
|-weather|Sandstorm|[upkeep]
|-damage|p2a: Starmie|82/100|[from] Sandstorm
|-heal|p2a: Starmie|88/100|[from] item: Leftovers
|-heal|p1a: Swampert|32/100|[from] item: Leftovers
|upkeep
|turn|17
|
|t:|1728767297
|switch|p1a: Zapdos|Zapdos|100/100
|move|p2a: Starmie|Surf|p1a: Zapdos
|-damage|p1a: Zapdos|71/100
|
|-weather|Sandstorm|[upkeep]
|-damage|p2a: Starmie|82/100|[from] Sandstorm
|-damage|p1a: Zapdos|64/100|[from] Sandstorm
|-heal|p2a: Starmie|88/100|[from] item: Leftovers
|-heal|p1a: Zapdos|71/100|[from] item: Leftovers
|upkeep
|turn|18
|inactive|yuramas has 180 seconds left.
|inactive|yuramas has 150 seconds left.
|
|t:|1728767348
|switch|p2a: Zapdos|Zapdos|15/100
|move|p1a: Zapdos|Thunderbolt|p2a: Zapdos
|-damage|p2a: Zapdos|0 fnt
|faint|p2a: Zapdos
|
|t:|1728767352
|switch|p2a: Tyranitar|Tyranitar, M|100/100
|-damage|p2a: Tyranitar|88/100|[from] Spikes
|
|-weather|Sandstorm|[upkeep]
|-damage|p1a: Zapdos|64/100|[from] Sandstorm
|-heal|p1a: Zapdos|71/100|[from] item: Leftovers
|upkeep
|turn|19
|
|t:|1728767356
|move|p1a: Zapdos|Toxic|p2a: Tyranitar
|-status|p2a: Tyranitar|tox
|-enditem|p2a: Tyranitar|Lum Berry|[eat]
|-curestatus|p2a: Tyranitar|tox|[msg]
|move|p2a: Tyranitar|Dragon Dance|p2a: Tyranitar
|-boost|p2a: Tyranitar|atk|1
|-boost|p2a: Tyranitar|spe|1
|
|-weather|Sandstorm|[upkeep]
|-damage|p1a: Zapdos|64/100|[from] Sandstorm
|-heal|p1a: Zapdos|71/100|[from] item: Leftovers
|upkeep
|turn|20
|
|t:|1728767365
|move|p2a: Tyranitar|Dragon Dance|p2a: Tyranitar
|-boost|p2a: Tyranitar|atk|1
|-boost|p2a: Tyranitar|spe|1
|move|p1a: Zapdos|Toxic|p2a: Tyranitar
|-status|p2a: Tyranitar|tox
|
|-weather|Sandstorm|[upkeep]
|-damage|p1a: Zapdos|64/100|[from] Sandstorm
|-damage|p2a: Tyranitar|82/100 tox|[from] psn
|-heal|p1a: Zapdos|71/100|[from] item: Leftovers
|upkeep
|turn|21
|
|t:|1728767370
|move|p1a: Zapdos|Protect|p1a: Zapdos
|-singleturn|p1a: Zapdos|Protect
|move|p2a: Tyranitar|Rock Slide|p1a: Zapdos
|-activate|p1a: Zapdos|Protect
|
|-weather|Sandstorm|[upkeep]
|-damage|p1a: Zapdos|64/100|[from] Sandstorm
|-damage|p2a: Tyranitar|69/100 tox|[from] psn
|-heal|p1a: Zapdos|71/100|[from] item: Leftovers
|upkeep
|turn|22
|
|t:|1728767372
|switch|p1a: Tyranitar|Tyranitar, M|78/100 par
|move|p2a: Tyranitar|Rock Slide|p1a: Tyranitar
|-damage|p1a: Tyranitar|20/100 par
|
|-weather|Sandstorm|[upkeep]
|-damage|p2a: Tyranitar|51/100 tox|[from] psn
|-heal|p1a: Tyranitar|26/100 par|[from] item: Leftovers
|upkeep
|turn|23
|
|t:|1728767375
|move|p2a: Tyranitar|Rock Slide|p1a: Tyranitar
|-damage|p1a: Tyranitar|0 fnt
|faint|p1a: Tyranitar
|
|t:|1728767387
|switch|p1a: Zapdos|Zapdos|71/100
|
|-weather|Sandstorm|[upkeep]
|-damage|p1a: Zapdos|64/100|[from] Sandstorm
|-damage|p2a: Tyranitar|26/100 tox|[from] psn
|-heal|p1a: Zapdos|71/100|[from] item: Leftovers
|upkeep
|turn|24
|inactive|yuramas has 180 seconds left.
|
|t:|1728767413
|switch|p2a: Jirachi|Jirachi|94/100
|-damage|p2a: Jirachi|82/100|[from] Spikes
|move|p1a: Zapdos|Protect||[still]
|-fail|p1a: Zapdos
|
|-weather|Sandstorm|[upkeep]
|-damage|p1a: Zapdos|64/100|[from] Sandstorm
|-heal|p1a: Zapdos|71/100|[from] item: Leftovers
|-heal|p2a: Jirachi|88/100|[from] item: Leftovers
|upkeep
|turn|25
|inactive|yuramas has 180 seconds left.
|
|t:|1728767438
|switch|p1a: Swampert|Swampert, F|32/100
|move|p2a: Jirachi|Wish|p2a: Jirachi
|
|-weather|Sandstorm|[upkeep]
|-heal|p2a: Jirachi|94/100|[from] item: Leftovers
|-heal|p1a: Swampert|39/100|[from] item: Leftovers
|upkeep
|turn|26
|
|t:|1728767455
|move|p2a: Jirachi|Body Slam|p1a: Swampert
|-damage|p1a: Swampert|26/100
|move|p1a: Swampert|Surf|p2a: Jirachi
|-damage|p2a: Jirachi|65/100
|
|-heal|p2a: Jirachi|100/100|[from] move: Wish|[wisher] Jirachi
|-weather|Sandstorm|[upkeep]
|-heal|p1a: Swampert|32/100|[from] item: Leftovers
|upkeep
|turn|27
|
|t:|1728767463
|move|p2a: Jirachi|Wish|p2a: Jirachi
|move|p1a: Swampert|Surf|p2a: Jirachi
|-damage|p2a: Jirachi|74/100
|
|-weather|Sandstorm|[upkeep]
|-heal|p2a: Jirachi|80/100|[from] item: Leftovers
|-heal|p1a: Swampert|38/100|[from] item: Leftovers
|upkeep
|turn|28
|
|t:|1728767473
|move|p2a: Jirachi|Body Slam|p1a: Swampert
|-damage|p1a: Swampert|25/100
|-status|p1a: Swampert|par
|move|p1a: Swampert|Toxic|p2a: Jirachi
|-immune|p2a: Jirachi
|
|-heal|p2a: Jirachi|100/100|[from] move: Wish|[wisher] Jirachi
|-weather|Sandstorm|[upkeep]
|-heal|p1a: Swampert|31/100 par|[from] item: Leftovers
|upkeep
|turn|29
|inactive|yuramas has 180 seconds left.
|
|t:|1728767486
|move|p2a: Jirachi|Wish|p2a: Jirachi
|move|p1a: Swampert|Refresh|p1a: Swampert
|-curestatus|p1a: Swampert|par|[msg]
|
|-weather|Sandstorm|[upkeep]
|-heal|p1a: Swampert|37/100|[from] item: Leftovers
|upkeep
|turn|30
|inactive|yuramas has 180 seconds left.
|
|t:|1728767501
|move|p2a: Jirachi|Body Slam|p1a: Swampert
|-damage|p1a: Swampert|23/100
|move|p1a: Swampert|Surf|p2a: Jirachi
|-damage|p2a: Jirachi|71/100
|
|-heal|p2a: Jirachi|100/100|[from] move: Wish|[wisher] Jirachi
|-weather|Sandstorm|[upkeep]
|-heal|p1a: Swampert|29/100|[from] item: Leftovers
|upkeep
|turn|31
|inactive|yuramas has 180 seconds left.
|
|t:|1728767511
|switch|p1a: Zapdos|Zapdos|71/100
|move|p2a: Jirachi|Body Slam|p1a: Zapdos
|-damage|p1a: Zapdos|50/100
|-status|p1a: Zapdos|par
|
|-weather|Sandstorm|[upkeep]
|-damage|p1a: Zapdos|44/100 par|[from] Sandstorm
|-heal|p1a: Zapdos|50/100 par|[from] item: Leftovers
|upkeep
|turn|32
|inactive|yuramas has 180 seconds left.
|
|t:|1728767526
|move|p2a: Jirachi|Wish|p2a: Jirachi
|move|p1a: Zapdos|Thunderbolt|p2a: Jirachi
|-damage|p2a: Jirachi|71/100
|
|-weather|Sandstorm|[upkeep]
|-damage|p1a: Zapdos|44/100 par|[from] Sandstorm
|-heal|p2a: Jirachi|77/100|[from] item: Leftovers
|-heal|p1a: Zapdos|50/100 par|[from] item: Leftovers
|upkeep
|turn|33
|inactive|yuramas has 180 seconds left.
|
|t:|1728767534
|move|p2a: Jirachi|Body Slam|p1a: Zapdos
|-damage|p1a: Zapdos|30/100 par
|move|p1a: Zapdos|Thunderbolt|p2a: Jirachi
|-damage|p2a: Jirachi|45/100
|
|-heal|p2a: Jirachi|95/100|[from] move: Wish|[wisher] Jirachi
|-weather|Sandstorm|[upkeep]
|-damage|p1a: Zapdos|24/100 par|[from] Sandstorm
|-heal|p2a: Jirachi|100/100|[from] item: Leftovers
|-heal|p1a: Zapdos|30/100 par|[from] item: Leftovers
|upkeep
|turn|34
|
|t:|1728767542
|move|p2a: Jirachi|Body Slam|p1a: Zapdos
|-damage|p1a: Zapdos|9/100 par
|move|p1a: Zapdos|Thunderbolt|p2a: Jirachi
|-damage|p2a: Jirachi|67/100
|-status|p2a: Jirachi|par
|
|-weather|Sandstorm|[upkeep]
|-damage|p1a: Zapdos|3/100 par|[from] Sandstorm
|-heal|p1a: Zapdos|9/100 par|[from] item: Leftovers
|-heal|p2a: Jirachi|73/100 par|[from] item: Leftovers
|upkeep
|turn|35
|inactive|yuramas has 180 seconds left.
|
|t:|1728767561
|cant|p1a: Zapdos|par
|move|p2a: Jirachi|Wish|p2a: Jirachi
|
|-weather|Sandstorm|[upkeep]
|-damage|p1a: Zapdos|3/100 par|[from] Sandstorm
|-heal|p1a: Zapdos|9/100 par|[from] item: Leftovers
|-heal|p2a: Jirachi|79/100 par|[from] item: Leftovers
|upkeep
|turn|36
|
|t:|1728767564
|cant|p1a: Zapdos|par
|move|p2a: Jirachi|Body Slam|p1a: Zapdos
|-damage|p1a: Zapdos|0 fnt
|faint|p1a: Zapdos
|
|t:|1728767569
|switch|p1a: Aerodactyl|Aerodactyl, M|100/100
|
|-heal|p2a: Jirachi|100/100 par|[from] move: Wish|[wisher] Jirachi
|-weather|Sandstorm|[upkeep]
|upkeep
|turn|37
|
|t:|1728767584
|switch|p2a: Tyranitar|Tyranitar, M|26/100 tox
|-damage|p2a: Tyranitar|14/100 tox|[from] Spikes
|move|p1a: Aerodactyl|Earthquake|p2a: Tyranitar
|-supereffective|p2a: Tyranitar
|-damage|p2a: Tyranitar|0 fnt
|faint|p2a: Tyranitar
|inactive|yuramas has 180 seconds left.
|
|t:|1728767603
|switch|p2a: Starmie|Starmie|88/100
|-damage|p2a: Starmie|76/100|[from] Spikes
|
|-weather|Sandstorm|[upkeep]
|-damage|p2a: Starmie|70/100|[from] Sandstorm
|-heal|p2a: Starmie|76/100|[from] item: Leftovers
|upkeep
|turn|38
|inactive|erfder has 270 seconds left.
|
|t:|1728767635
|switch|p1a: Swampert|Swampert, F|29/100
|move|p2a: Starmie|Surf|p1a: Swampert
|-damage|p1a: Swampert|2/100
|
|-weather|Sandstorm|[upkeep]
|-damage|p2a: Starmie|70/100|[from] Sandstorm
|-heal|p2a: Starmie|76/100|[from] item: Leftovers
|-heal|p1a: Swampert|8/100|[from] item: Leftovers
|upkeep
|turn|39
|inactive|yuramas has 180 seconds left.
|
|t:|1728767662
|move|p2a: Starmie|Surf|p1a: Swampert
|-damage|p1a: Swampert|0 fnt
|faint|p1a: Swampert
|
|t:|1728767664
|switch|p1a: Aerodactyl|Aerodactyl, M|100/100
|
|-weather|Sandstorm|[upkeep]
|-damage|p2a: Starmie|70/100|[from] Sandstorm
|-heal|p2a: Starmie|76/100|[from] item: Leftovers
|upkeep
|turn|40
|inactive|erfder has 270 seconds left.
|
|t:|1728767700
|move|p1a: Aerodactyl|Rock Slide|p2a: Starmie
|-damage|p2a: Starmie|26/100
|move|p2a: Starmie|Thunder Wave|p1a: Aerodactyl
|-status|p1a: Aerodactyl|par
|
|-weather|Sandstorm|[upkeep]
|-damage|p2a: Starmie|20/100|[from] Sandstorm
|-heal|p2a: Starmie|26/100|[from] item: Leftovers
|upkeep
|turn|41
|
|t:|1728767708
|move|p2a: Starmie|Surf|p1a: Aerodactyl
|-supereffective|p1a: Aerodactyl
|-damage|p1a: Aerodactyl|17/100 par
|cant|p1a: Aerodactyl|par
|
|-weather|Sandstorm|[upkeep]
|-damage|p2a: Starmie|20/100|[from] Sandstorm
|-heal|p2a: Starmie|26/100|[from] item: Leftovers
|upkeep
|turn|42
|
|t:|1728767718
|move|p2a: Starmie|Surf|p1a: Aerodactyl
|-supereffective|p1a: Aerodactyl
|-damage|p1a: Aerodactyl|0 fnt
|faint|p1a: Aerodactyl
|
|win|yuramas
|c|☆yuramas|gg

</script>
<script type="application/json" class="data" id="replaydata-smogtours-gen3ou-797806">
{"id":"smogtours-gen3ou-797806","format":"[Gen 3] OU","players":["erfder","yuramas"],"uploadtime":1728767718,"views":73,"formatid":"gen3ou","rating":null,"private":0,"password":null}
</script>

<script defer src="js/replays.js?9d40a366"></script>
