<!DOCTYPE html>
<meta charset="utf-8" />
<meta name="viewport" content="width=device-width" />

<title>[Gen 3] OU: Garpachi vs. cisconduct - Replays - Pok&eacute;mon Showdown!</title>

<meta name="description" content="Watch a replay of a Pok&eacute;mon battle between Garpachi and cisconduct! Format: [Gen 3] OU; Date: Oct 23, 2024" />
<!--

Hey, you! Looking in the source for the replay log?

You can find them in JSON format, just add `.json` at the end of a replay URL.

https://replay.pokemonshowdown.com/gen7randomdoublesbattle-865046831.json

Or, if you only need the log itself, add `.log` instead:

https://replay.pokemonshowdown.com/gen7randomdoublesbattle-865046831.log

-->

<link rel="stylesheet" href="//pokemonshowdown.com/style/global.css?0.767286132409787" />
<link rel="stylesheet" href="//play.pokemonshowdown.com/style/font-awesome.css?0.9266228007934947" />
<link rel="stylesheet" href="//play.pokemonshowdown.com/style/battle.css?0.7924700842790926" />
<link rel="stylesheet" href="//play.pokemonshowdown.com/style/utilichart.css?0.8777417872839479" />

<!-- Global site tag (gtag.js) - Google Analytics -->
<script async src="https://www.googletagmanager.com/gtag/js?id=UA-26211653-1"></script>
<script>
  window.dataLayer = window.dataLayer || [];
  function gtag(){dataLayer.push(arguments);}
  gtag('js', new Date());

  gtag('config', 'UA-26211653-1');
</script>
<!-- End Google Analytics -->
<!-- Venatus Ad Manager - Install in <HEAD> of page -->
	<script src="https://hb.vntsm.com/v3/live/ad-manager.min.js" type="text/javascript" data-site-id="642aba63ec9a7b11c3c9c1be" data-mode="scan" async></script>
<!-- / Venatus Ad Manager -->

<style>
	@media (max-width:820px) {
		.battle {
			margin: 0 auto;
		}
		.battle-log {
			margin: 7px auto 0;
			max-width: 640px;
			height: 300px;
			position: static;
		}
	}
	.optgroup {
		display: inline-block;
		line-height: 22px;
		font-size: 10pt;
	}
	.optgroup .button {
		height: 25px;
		padding-top: 0;
		padding-bottom: 0;
	}
	.optgroup button.button {
		padding-left: 12px;
		padding-right: 12px;
	}
	.linklist {
		list-style: none;
		margin: 0.5em 0;
		padding: 0;
	}
	.linklist li {
		padding: 2px 0;
	}
	.sidebar {
		float: left;
		width: 320px;
	}
	.bar-wrapper {
		max-width: 1100px;
		margin: 0 auto;
	}
	.bar-wrapper.has-sidebar {
		max-width: 1430px;
	}
	.mainbar {
		margin: 0;
		padding-right: 1px;
	}
	.mainbar.has-sidebar {
		margin-left: 330px;
	}
	@media (min-width: 1511px) {
		.sidebar {
			width: 400px;
		}
		.bar-wrapper.has-sidebar {
			max-width: 1510px;
		}
		.mainbar.has-sidebar {
			margin-left: 410px;
		}
	}
	.section.first-section {
		margin-top: 9px;
	}
	.blocklink small {
		white-space: normal;
	}
	.button {
		vertical-align: middle;
	}
	.replay-controls {
		padding-top: 10px;
	}
	.replay-controls h1 {
		font-size: 16pt;
		font-weight: normal;
		color: #CCC;
	}
	.pagelink {
		text-align: center;
	}
	.pagelink a {
		width: 150px;
	}
	.textbox, .button {
		font-size: 11pt;
		vertical-align: middle;
	}
	@media (max-width: 450px) {
		.button {
			font-size: 9pt;
		}
	}
</style>

<div>

	<header>
		<div class="nav-wrapper"><ul class="nav">
			<li><a class="button nav-first" href="//pokemonshowdown.com/"><img src="//pokemonshowdown.com/images/pokemonshowdownbeta.png" srcset="//pokemonshowdown.com/images/pokemonshowdownbeta.png 1x, //pokemonshowdown.com/images/pokemonshowdownbeta@2x.png 2x" alt="Pok&eacute;mon Showdown" width="146" height="44" /> Home</a></li>
			<li><a class="button" href="//pokemonshowdown.com/dex/">Pok&eacute;dex</a></li>
			<li><a class="button cur" href="/">Replays</a></li>
			<li><a class="button" href="//pokemonshowdown.com/ladder/">Ladder</a></li>
			<li><a class="button nav-last" href="//pokemonshowdown.com/forums/">Forum</a></li>
			<li><a class="button greenbutton nav-first nav-last" href="//play.pokemonshowdown.com/">Play</a></li>
		</ul></div>
	</header>

	<div class="main" id="main">

		<noscript><section class="section">You need to enable JavaScript to use this page; sorry!</section></noscript>

	</div>

</div>

<script defer nomodule src="//play.pokemonshowdown.com/js/lib/ps-polyfill.js"></script>
<script defer src="//play.pokemonshowdown.com/js/lib/preact.min.js"></script>

<script defer src="//play.pokemonshowdown.com/config/config.js?6dec07f6"></script>
<script defer src="//play.pokemonshowdown.com/js/lib/jquery-1.11.0.min.js"></script>
<script defer src="//play.pokemonshowdown.com/js/lib/html-sanitizer-minified.js"></script>
<script defer src="//play.pokemonshowdown.com/js/battle-sound.js"></script>
<script defer src="//play.pokemonshowdown.com/js/battledata.js?0.6315294753075389"></script>
<script defer src="//play.pokemonshowdown.com/data/pokedex-mini.js?0.7603743185311358"></script>
<script defer src="//play.pokemonshowdown.com/data/pokedex-mini-bw.js?0.030888842834281283"></script>
<script defer src="//play.pokemonshowdown.com/data/graphics.js?0.05593094747507488"></script>
<script defer src="//play.pokemonshowdown.com/data/pokedex.js?0.47064822249611904"></script>
<script defer src="//play.pokemonshowdown.com/data/moves.js?0.8583693120512459"></script>
<script defer src="//play.pokemonshowdown.com/data/abilities.js?0.16017181182386842"></script>
<script defer src="//play.pokemonshowdown.com/data/items.js?0.4163379185673943"></script>
<script defer src="//play.pokemonshowdown.com/data/teambuilder-tables.js?0.31075597372830477"></script>
<script defer src="//play.pokemonshowdown.com/js/battle-tooltips.js?0.6536193500708172"></script>
<script defer src="//play.pokemonshowdown.com/js/battle.js?0.1916591943277901"></script>

<script defer src="js/utils.js?e31f9a17"></script>
<script defer src="js/replays-battle.js?7008c182"></script>

<!-- don't scrape this data! just add .json or .log after the URL!
Full API docs: https://github.com/smogon/pokemon-showdown-client/blob/master/WEB-API.md -->
<script type="text/plain" class="log" id="replaylog-smogtours-gen3ou-801344">
|inactive|Battle timer is ON: inactive players will automatically lose when time's up.
|t:|1729651640
|gametype|singles
|player|p1|Garpachi|maid|
|player|p2|cisconduct|1|
|teamsize|p1|6
|teamsize|p2|6
|gen|3
|tier|[Gen 3] OU
|rule|Sleep Clause Mod: Limit one foe put to sleep
|rule|Switch Priority Clause Mod: Faster Pokémon switch first
|rule|Species Clause: Limit one of each Pokémon
|rule|OHKO Clause: OHKO moves are banned
|rule|Evasion Items Clause: Evasion items are banned
|rule|Evasion Moves Clause: Evasion moves are banned
|rule|Endless Battle Clause: Forcing endless battles is banned
|rule|HP Percentage Mod: HP is shown in percentages
|rule|One Boost Passer Clause: Limit one Baton Passer that has a way to boost its stats
|rule|Freeze Clause Mod: Limit one foe frozen
|
|t:|1729651640
|start
|switch|p1a: The Dragon|Salamence, M|100/100
|switch|p2a: Salamence|Salamence, M|100/100
|-ability|p2a: Salamence|Intimidate|boost
|-unboost|p1a: The Dragon|atk|1
|-ability|p1a: The Dragon|Intimidate|boost
|-unboost|p2a: Salamence|atk|1
|turn|1
|
|t:|1729651658
|switch|p1a: Pipsqueak|Snorlax, M|100/100
|move|p2a: Salamence|Dragon Claw|p1a: Pipsqueak
|-damage|p1a: Pipsqueak|77/100
|
|-heal|p1a: Pipsqueak|84/100|[from] item: Leftovers
|upkeep
|turn|2
|
|t:|1729651679
|switch|p1a: The Dragon|Salamence, M|100/100
|-ability|p1a: The Dragon|Intimidate|boost
|-unboost|p2a: Salamence|atk|1
|move|p2a: Salamence|Brick Break|p1a: The Dragon
|-resisted|p1a: The Dragon
|-damage|p1a: The Dragon|94/100
|
|-heal|p1a: The Dragon|99/100|[from] item: Leftovers
|upkeep
|turn|3
|
|t:|1729651702
|switch|p2a: Snorlax|Snorlax, F|100/100
|switch|p1a: Pipsqueak|Snorlax, M|84/100
|
|-heal|p1a: Pipsqueak|90/100|[from] item: Leftovers
|upkeep
|turn|4
|inactive|Garpachi has 270 seconds left.
|
|t:|1729651724
|-singleturn|p2a: Snorlax|move: Focus Punch
|move|p1a: Pipsqueak|Body Slam|p2a: Snorlax
|-damage|p2a: Snorlax|66/100
|-status|p2a: Snorlax|par
|move|p2a: Snorlax|Focus Punch||[still]
|cant|p2a: Snorlax|Focus Punch|Focus Punch
|
|-heal|p1a: Pipsqueak|96/100|[from] item: Leftovers
|-heal|p2a: Snorlax|73/100 par|[from] item: Leftovers
|upkeep
|turn|5
|inactive|Garpachi has 270 seconds left.
|
|t:|1729651749
|move|p1a: Pipsqueak|Body Slam|p2a: Snorlax
|-damage|p2a: Snorlax|37/100 par
|move|p2a: Snorlax|Body Slam|p1a: Pipsqueak
|-damage|p1a: Pipsqueak|64/100
|-status|p1a: Pipsqueak|par
|
|-heal|p2a: Snorlax|44/100 par|[from] item: Leftovers
|-heal|p1a: Pipsqueak|70/100 par|[from] item: Leftovers
|upkeep
|turn|6
|inactive|Garpachi has 240 seconds left.
|inactive|cisconduct has 270 seconds left.
|
|t:|1729651790
|switch|p1a: The Melon Lord|Metagross|100/100
|move|p2a: Snorlax|Body Slam|p1a: The Melon Lord
|-resisted|p1a: The Melon Lord
|-damage|p1a: The Melon Lord|86/100
|
|-heal|p1a: The Melon Lord|93/100|[from] item: Leftovers
|-heal|p2a: Snorlax|50/100 par|[from] item: Leftovers
|upkeep
|turn|7
|inactive|Garpachi has 240 seconds left.
|
|t:|1729651808
|switch|p2a: Metagross|Metagross|100/100
|move|p1a: The Melon Lord|Earthquake|p2a: Metagross
|-supereffective|p2a: Metagross
|-damage|p2a: Metagross|36/100
|
|-heal|p2a: Metagross|42/100|[from] item: Leftovers
|-heal|p1a: The Melon Lord|99/100|[from] item: Leftovers
|upkeep
|turn|8
|
|t:|1729651823
|switch|p2a: Salamence|Salamence, M|100/100
|-ability|p2a: Salamence|Intimidate|boost
|-fail|p1a: The Melon Lord|unboost|[from] ability: Clear Body|[of] p1a: The Melon Lord
|move|p1a: The Melon Lord|Meteor Mash|p2a: Salamence
|-damage|p2a: Salamence|29/100
|
|-heal|p2a: Salamence|35/100|[from] item: Leftovers
|-heal|p1a: The Melon Lord|100/100|[from] item: Leftovers
|upkeep
|turn|9
|inactive|cisconduct has 240 seconds left.
|inactive|Garpachi has 210 seconds left.
|
|t:|1729651867
|switch|p1a: The Sun Warrior|Charizard, M|100/100
|move|p2a: Salamence|Fire Blast|p1a: The Sun Warrior
|-resisted|p1a: The Sun Warrior
|-damage|p1a: The Sun Warrior|74/100
|
|-heal|p2a: Salamence|41/100|[from] item: Leftovers
|-heal|p1a: The Sun Warrior|80/100|[from] item: Leftovers
|upkeep
|turn|10
|inactive|cisconduct has 240 seconds left.
|
|t:|1729651901
|move|p2a: Salamence|Dragon Claw|p1a: The Sun Warrior
|-damage|p1a: The Sun Warrior|21/100
|move|p1a: The Sun Warrior|Substitute|p1a: The Sun Warrior
|-fail|p1a: The Sun Warrior|move: Substitute|[weak]
|
|-heal|p2a: Salamence|47/100|[from] item: Leftovers
|-heal|p1a: The Sun Warrior|27/100|[from] item: Leftovers
|upkeep
|turn|11
|
|t:|1729651915
|switch|p1a: Pipsqueak|Snorlax, M|70/100 par
|move|p2a: Salamence|Fire Blast|p1a: Pipsqueak
|-damage|p1a: Pipsqueak|48/100 par
|
|-heal|p2a: Salamence|53/100|[from] item: Leftovers
|-heal|p1a: Pipsqueak|54/100 par|[from] item: Leftovers
|upkeep
|turn|12
|
|t:|1729651926
|move|p2a: Salamence|Brick Break|p1a: Pipsqueak
|-supereffective|p1a: Pipsqueak
|-damage|p1a: Pipsqueak|16/100 par
|move|p1a: Pipsqueak|Self-Destruct|p2a: Salamence
|-crit|p2a: Salamence
|-damage|p2a: Salamence|0 fnt
|faint|p1a: Pipsqueak
|faint|p2a: Salamence
|inactive|Garpachi has 210 seconds left.
|
|t:|1729651945
|switch|p2a: Swampert|Swampert, F|100/100
|switch|p1a: The Boulder|Tyranitar, M|100/100
|-weather|Sandstorm|[from] ability: Sand Stream|[of] p1a: The Boulder
|
|-weather|Sandstorm|[upkeep]
|upkeep
|turn|13
|inactive|Garpachi has 180 seconds left.
|
|t:|1729651997
|move|p2a: Swampert|Hydro Pump|p1a: The Boulder|[miss]
|-miss|p2a: Swampert|p1a: The Boulder
|move|p1a: The Boulder|Crunch|p2a: Swampert
|-damage|p2a: Swampert|56/100
|
|-weather|Sandstorm|[upkeep]
|-heal|p2a: Swampert|62/100|[from] item: Leftovers
|upkeep
|turn|14
|
|t:|1729652005
|switch|p1a: The Dragon|Salamence, M|99/100
|-ability|p1a: The Dragon|Intimidate|boost
|-unboost|p2a: Swampert|atk|1
|move|p2a: Swampert|Hydro Pump|p1a: The Dragon|[miss]
|-miss|p2a: Swampert|p1a: The Dragon
|
|-weather|Sandstorm|[upkeep]
|-damage|p1a: The Dragon|94/100|[from] Sandstorm
|-heal|p1a: The Dragon|99/100|[from] item: Leftovers
|-heal|p2a: Swampert|68/100|[from] item: Leftovers
|upkeep
|turn|15
|c|☆cisconduct|luck evened out from my two flinches lol
|inactive|cisconduct has 210 seconds left.
|
|t:|1729652048
|switch|p2a: Zapdos|Zapdos|100/100
|move|p1a: The Dragon|Hidden Power|p2a: Zapdos
|-resisted|p2a: Zapdos
|-damage|p2a: Zapdos|87/100
|
|-weather|Sandstorm|[upkeep]
|-damage|p2a: Zapdos|81/100|[from] Sandstorm
|-damage|p1a: The Dragon|94/100|[from] Sandstorm
|-heal|p2a: Zapdos|87/100|[from] item: Leftovers
|-heal|p1a: The Dragon|99/100|[from] item: Leftovers
|upkeep
|turn|16
|inactive|cisconduct has 180 seconds left.
|
|t:|1729652076
|switch|p1a: The Boulder|Tyranitar, M|100/100
|move|p2a: Zapdos|Hidden Power|p1a: The Boulder
|-damage|p1a: The Boulder|79/100
|
|-weather|Sandstorm|[upkeep]
|-damage|p2a: Zapdos|81/100|[from] Sandstorm
|-heal|p2a: Zapdos|87/100|[from] item: Leftovers
|-heal|p1a: The Boulder|85/100|[from] item: Leftovers
|upkeep
|turn|17
|inactive|cisconduct has 180 seconds left.
|
|t:|1729652091
|move|p1a: The Boulder|Crunch|p2a: Zapdos
|-damage|p2a: Zapdos|41/100
|move|p2a: Zapdos|Roar|p1a: The Boulder
|drag|p1a: The Sun Warrior|Charizard, M|27/100
|
|-weather|Sandstorm|[upkeep]
|-damage|p2a: Zapdos|35/100|[from] Sandstorm
|-damage|p1a: The Sun Warrior|21/100|[from] Sandstorm
|-heal|p2a: Zapdos|41/100|[from] item: Leftovers
|-heal|p1a: The Sun Warrior|27/100|[from] item: Leftovers
|upkeep
|turn|18
|inactive|cisconduct has 180 seconds left.
|
|t:|1729652109
|switch|p1a: The Melon Lord|Metagross|100/100
|move|p2a: Zapdos|Thunderbolt|p1a: The Melon Lord
|-damage|p1a: The Melon Lord|50/100
|
|-weather|Sandstorm|[upkeep]
|-damage|p2a: Zapdos|35/100|[from] Sandstorm
|-heal|p2a: Zapdos|41/100|[from] item: Leftovers
|-heal|p1a: The Melon Lord|56/100|[from] item: Leftovers
|upkeep
|turn|19
|inactive|cisconduct has 180 seconds left.
|
|t:|1729652147
|move|p1a: The Melon Lord|Protect|p1a: The Melon Lord
|-singleturn|p1a: The Melon Lord|Protect
|move|p2a: Zapdos|Thunderbolt|p1a: The Melon Lord
|-activate|p1a: The Melon Lord|Protect
|
|-weather|Sandstorm|[upkeep]
|-damage|p2a: Zapdos|35/100|[from] Sandstorm
|-heal|p2a: Zapdos|41/100|[from] item: Leftovers
|-heal|p1a: The Melon Lord|62/100|[from] item: Leftovers
|upkeep
|turn|20
|inactive|Garpachi has 150 seconds left.
|
|t:|1729652194
|switch|p2a: Swampert|Swampert, F|68/100
|switch|p1a: The Boulder|Tyranitar, M|85/100
|
|-weather|Sandstorm|[upkeep]
|-heal|p2a: Swampert|74/100|[from] item: Leftovers
|-heal|p1a: The Boulder|91/100|[from] item: Leftovers
|upkeep
|turn|21
|inactive|Garpachi has 120 seconds left.
|inactive|Garpachi has 90 seconds left.
|
|t:|1729652242
|-singleturn|p2a: Swampert|move: Focus Punch
|move|p1a: The Boulder|Crunch|p2a: Swampert
|-damage|p2a: Swampert|33/100
|-unboost|p2a: Swampert|spd|1
|move|p2a: Swampert|Focus Punch||[still]
|cant|p2a: Swampert|Focus Punch|Focus Punch
|
|-weather|Sandstorm|[upkeep]
|-heal|p2a: Swampert|39/100|[from] item: Leftovers
|-heal|p1a: The Boulder|98/100|[from] item: Leftovers
|upkeep
|turn|22
|inactive|Garpachi has 90 seconds left.
|inactive|cisconduct has 150 seconds left.
|
|t:|1729652263
|switch|p1a: The Dragon|Salamence, M|99/100
|-ability|p1a: The Dragon|Intimidate|boost
|-unboost|p2a: Swampert|atk|1
|move|p2a: Swampert|Hydro Pump|p1a: The Dragon
|-resisted|p1a: The Dragon
|-damage|p1a: The Dragon|64/100
|
|-weather|Sandstorm|[upkeep]
|-damage|p1a: The Dragon|58/100|[from] Sandstorm
|-heal|p1a: The Dragon|64/100|[from] item: Leftovers
|-heal|p2a: Swampert|45/100|[from] item: Leftovers
|upkeep
|turn|23
|inactive|Garpachi has 90 seconds left.
|inactive|cisconduct has 150 seconds left.
|
|t:|1729652278
|move|p1a: The Dragon|Dragon Claw|p2a: Swampert
|-damage|p2a: Swampert|0 fnt
|faint|p2a: Swampert
|
|t:|1729652284
|switch|p2a: Zapdos|Zapdos|41/100
|
|-weather|Sandstorm|[upkeep]
|-damage|p2a: Zapdos|35/100|[from] Sandstorm
|-damage|p1a: The Dragon|58/100|[from] Sandstorm
|-heal|p2a: Zapdos|41/100|[from] item: Leftovers
|-heal|p1a: The Dragon|64/100|[from] item: Leftovers
|upkeep
|turn|24
|inactive|cisconduct has 150 seconds left.
|inactive|Garpachi has 90 seconds left.
|
|t:|1729652316
|switch|p1a: The Sun Warrior|Charizard, M|27/100
|move|p2a: Zapdos|Hidden Power|p1a: The Sun Warrior
|-damage|p1a: The Sun Warrior|0 fnt
|faint|p1a: The Sun Warrior
|
|t:|1729652321
|switch|p1a: The Boulder|Tyranitar, M|98/100
|
|-weather|Sandstorm|[upkeep]
|-damage|p2a: Zapdos|35/100|[from] Sandstorm
|-heal|p2a: Zapdos|41/100|[from] item: Leftovers
|-heal|p1a: The Boulder|100/100|[from] item: Leftovers
|upkeep
|turn|25
|
|t:|1729652332
|move|p2a: Zapdos|Thunder Wave|p1a: The Boulder
|-status|p1a: The Boulder|par
|move|p1a: The Boulder|Pursuit|p2a: Zapdos
|-damage|p2a: Zapdos|21/100
|
|-weather|Sandstorm|[upkeep]
|-damage|p2a: Zapdos|15/100|[from] Sandstorm
|-heal|p2a: Zapdos|21/100|[from] item: Leftovers
|upkeep
|turn|26
|
|t:|1729652342
|move|p2a: Zapdos|Thunderbolt|p1a: The Boulder
|-damage|p1a: The Boulder|62/100 par
|move|p1a: The Boulder|Pursuit|p2a: Zapdos
|-damage|p2a: Zapdos|0 fnt
|faint|p2a: Zapdos
|
|t:|1729652354
|switch|p2a: Snorlax|Snorlax, F|50/100 par
|
|-weather|Sandstorm|[upkeep]
|-damage|p2a: Snorlax|44/100 par|[from] Sandstorm
|-heal|p1a: The Boulder|68/100 par|[from] item: Leftovers
|-heal|p2a: Snorlax|50/100 par|[from] item: Leftovers
|upkeep
|turn|27
|inactive|Garpachi has 90 seconds left.
|
|t:|1729652373
|move|p1a: The Boulder|Crunch|p2a: Snorlax
|-damage|p2a: Snorlax|29/100 par
|move|p2a: Snorlax|Self-Destruct|p1a: The Boulder
|-resisted|p1a: The Boulder
|-damage|p1a: The Boulder|0 fnt
|faint|p2a: Snorlax
|faint|p1a: The Boulder
|
|t:|1729652387
|switch|p1a: The Melon Lord|Metagross|62/100
|switch|p2a: Metagross|Metagross|42/100
|
|-weather|Sandstorm|[upkeep]
|-heal|p2a: Metagross|48/100|[from] item: Leftovers
|-heal|p1a: The Melon Lord|68/100|[from] item: Leftovers
|upkeep
|turn|28
|inactive|cisconduct has 150 seconds left.
|
|t:|1729652424
|move|p2a: Metagross|Hidden Power|p1a: The Melon Lord
|-supereffective|p1a: The Melon Lord
|-damage|p1a: The Melon Lord|19/100
|move|p1a: The Melon Lord|Earthquake|p2a: Metagross
|-supereffective|p2a: Metagross
|-damage|p2a: Metagross|0 fnt
|faint|p2a: Metagross
|
|t:|1729652431
|switch|p2a: Tyranitar|Tyranitar, M|100/100
|
|-weather|Sandstorm|[upkeep]
|-heal|p1a: The Melon Lord|25/100|[from] item: Leftovers
|upkeep
|turn|29
|
|t:|1729652436
|move|p2a: Tyranitar|Dragon Dance|p2a: Tyranitar
|-boost|p2a: Tyranitar|atk|1
|-boost|p2a: Tyranitar|spe|1
|move|p1a: The Melon Lord|Explosion|p2a: Tyranitar
|-resisted|p2a: Tyranitar
|-damage|p2a: Tyranitar|21/100
|faint|p1a: The Melon Lord
|
|t:|1729652442
|switch|p1a: The Comet|Breloom, F|100/100
|
|-weather|Sandstorm|[upkeep]
|-damage|p1a: The Comet|94/100|[from] Sandstorm
|-heal|p1a: The Comet|100/100|[from] item: Leftovers
|upkeep
|turn|30
|inactive|cisconduct has 150 seconds left.
|inactive|cisconduct has 120 seconds left.
|
|t:|1729652484
|move|p1a: The Comet|Mach Punch|p2a: Tyranitar
|-supereffective|p2a: Tyranitar
|-damage|p2a: Tyranitar|0 fnt
|faint|p2a: Tyranitar
|
|win|Garpachi
|c|☆cisconduct|ggs
|c|☆cisconduct|dont forget to save
|c|☆Garpachi|i still have the first as well

</script>
<script type="application/json" class="data" id="replaydata-smogtours-gen3ou-801344">
{"id":"smogtours-gen3ou-801344","format":"[Gen 3] OU","players":["Garpachi","cisconduct"],"uploadtime":1729652484,"views":93,"formatid":"gen3ou","rating":null,"private":0,"password":null}
</script>

<script defer src="js/replays.js?9d40a366"></script>
