<!DOCTYPE html>
<meta charset="utf-8" />
<meta name="viewport" content="width=device-width" />

<title>[Gen 3] OU: mysticaisand vs. xGangg - Replays - Pok&eacute;mon Showdown!</title>

<meta name="description" content="Watch a replay of a Pok&eacute;mon battle between mysticaisand and xGangg! Format: [Gen 3] OU; Date: Oct 23, 2024" />
<!--

Hey, you! Looking in the source for the replay log?

You can find them in JSON format, just add `.json` at the end of a replay URL.

https://replay.pokemonshowdown.com/gen7randomdoublesbattle-865046831.json

Or, if you only need the log itself, add `.log` instead:

https://replay.pokemonshowdown.com/gen7randomdoublesbattle-865046831.log

-->

<link rel="stylesheet" href="//pokemonshowdown.com/style/global.css?0.767286132409787" />
<link rel="stylesheet" href="//play.pokemonshowdown.com/style/font-awesome.css?0.9266228007934947" />
<link rel="stylesheet" href="//play.pokemonshowdown.com/style/battle.css?0.7924700842790926" />
<link rel="stylesheet" href="//play.pokemonshowdown.com/style/utilichart.css?0.8777417872839479" />

<!-- Global site tag (gtag.js) - Google Analytics -->
<script async src="https://www.googletagmanager.com/gtag/js?id=UA-26211653-1"></script>
<script>
  window.dataLayer = window.dataLayer || [];
  function gtag(){dataLayer.push(arguments);}
  gtag('js', new Date());

  gtag('config', 'UA-26211653-1');
</script>
<!-- End Google Analytics -->
<!-- Venatus Ad Manager - Install in <HEAD> of page -->
	<script src="https://hb.vntsm.com/v3/live/ad-manager.min.js" type="text/javascript" data-site-id="642aba63ec9a7b11c3c9c1be" data-mode="scan" async></script>
<!-- / Venatus Ad Manager -->

<style>
	@media (max-width:820px) {
		.battle {
			margin: 0 auto;
		}
		.battle-log {
			margin: 7px auto 0;
			max-width: 640px;
			height: 300px;
			position: static;
		}
	}
	.optgroup {
		display: inline-block;
		line-height: 22px;
		font-size: 10pt;
	}
	.optgroup .button {
		height: 25px;
		padding-top: 0;
		padding-bottom: 0;
	}
	.optgroup button.button {
		padding-left: 12px;
		padding-right: 12px;
	}
	.linklist {
		list-style: none;
		margin: 0.5em 0;
		padding: 0;
	}
	.linklist li {
		padding: 2px 0;
	}
	.sidebar {
		float: left;
		width: 320px;
	}
	.bar-wrapper {
		max-width: 1100px;
		margin: 0 auto;
	}
	.bar-wrapper.has-sidebar {
		max-width: 1430px;
	}
	.mainbar {
		margin: 0;
		padding-right: 1px;
	}
	.mainbar.has-sidebar {
		margin-left: 330px;
	}
	@media (min-width: 1511px) {
		.sidebar {
			width: 400px;
		}
		.bar-wrapper.has-sidebar {
			max-width: 1510px;
		}
		.mainbar.has-sidebar {
			margin-left: 410px;
		}
	}
	.section.first-section {
		margin-top: 9px;
	}
	.blocklink small {
		white-space: normal;
	}
	.button {
		vertical-align: middle;
	}
	.replay-controls {
		padding-top: 10px;
	}
	.replay-controls h1 {
		font-size: 16pt;
		font-weight: normal;
		color: #CCC;
	}
	.pagelink {
		text-align: center;
	}
	.pagelink a {
		width: 150px;
	}
	.textbox, .button {
		font-size: 11pt;
		vertical-align: middle;
	}
	@media (max-width: 450px) {
		.button {
			font-size: 9pt;
		}
	}
</style>

<div>

	<header>
		<div class="nav-wrapper"><ul class="nav">
			<li><a class="button nav-first" href="//pokemonshowdown.com/"><img src="//pokemonshowdown.com/images/pokemonshowdownbeta.png" srcset="//pokemonshowdown.com/images/pokemonshowdownbeta.png 1x, //pokemonshowdown.com/images/pokemonshowdownbeta@2x.png 2x" alt="Pok&eacute;mon Showdown" width="146" height="44" /> Home</a></li>
			<li><a class="button" href="//pokemonshowdown.com/dex/">Pok&eacute;dex</a></li>
			<li><a class="button cur" href="/">Replays</a></li>
			<li><a class="button" href="//pokemonshowdown.com/ladder/">Ladder</a></li>
			<li><a class="button nav-last" href="//pokemonshowdown.com/forums/">Forum</a></li>
			<li><a class="button greenbutton nav-first nav-last" href="//play.pokemonshowdown.com/">Play</a></li>
		</ul></div>
	</header>

	<div class="main" id="main">

		<noscript><section class="section">You need to enable JavaScript to use this page; sorry!</section></noscript>

	</div>

</div>

<script defer nomodule src="//play.pokemonshowdown.com/js/lib/ps-polyfill.js"></script>
<script defer src="//play.pokemonshowdown.com/js/lib/preact.min.js"></script>

<script defer src="//play.pokemonshowdown.com/config/config.js?6dec07f6"></script>
<script defer src="//play.pokemonshowdown.com/js/lib/jquery-1.11.0.min.js"></script>
<script defer src="//play.pokemonshowdown.com/js/lib/html-sanitizer-minified.js"></script>
<script defer src="//play.pokemonshowdown.com/js/battle-sound.js"></script>
<script defer src="//play.pokemonshowdown.com/js/battledata.js?0.6315294753075389"></script>
<script defer src="//play.pokemonshowdown.com/data/pokedex-mini.js?0.7603743185311358"></script>
<script defer src="//play.pokemonshowdown.com/data/pokedex-mini-bw.js?0.030888842834281283"></script>
<script defer src="//play.pokemonshowdown.com/data/graphics.js?0.05593094747507488"></script>
<script defer src="//play.pokemonshowdown.com/data/pokedex.js?0.47064822249611904"></script>
<script defer src="//play.pokemonshowdown.com/data/moves.js?0.8583693120512459"></script>
<script defer src="//play.pokemonshowdown.com/data/abilities.js?0.16017181182386842"></script>
<script defer src="//play.pokemonshowdown.com/data/items.js?0.4163379185673943"></script>
<script defer src="//play.pokemonshowdown.com/data/teambuilder-tables.js?0.31075597372830477"></script>
<script defer src="//play.pokemonshowdown.com/js/battle-tooltips.js?0.6536193500708172"></script>
<script defer src="//play.pokemonshowdown.com/js/battle.js?0.1916591943277901"></script>

<script defer src="js/utils.js?e31f9a17"></script>
<script defer src="js/replays-battle.js?7008c182"></script>

<!-- don't scrape this data! just add .json or .log after the URL!
Full API docs: https://github.com/smogon/pokemon-showdown-client/blob/master/WEB-API.md -->
<script type="text/plain" class="log" id="replaylog-smogtours-gen3ou-801454">
|inactive|Battle timer is ON: inactive players will automatically lose when time's up.
|t:|1729722273
|gametype|singles
|player|p1|mysticaisand|clair|
|player|p2|xGangg|#teamvictini|
|teamsize|p1|6
|teamsize|p2|6
|gen|3
|tier|[Gen 3] OU
|rule|Sleep Clause Mod: Limit one foe put to sleep
|rule|Switch Priority Clause Mod: Faster Pokémon switch first
|rule|Species Clause: Limit one of each Pokémon
|rule|OHKO Clause: OHKO moves are banned
|rule|Evasion Items Clause: Evasion items are banned
|rule|Evasion Moves Clause: Evasion moves are banned
|rule|Endless Battle Clause: Forcing endless battles is banned
|rule|HP Percentage Mod: HP is shown in percentages
|rule|One Boost Passer Clause: Limit one Baton Passer that has a way to boost its stats
|rule|Freeze Clause Mod: Limit one foe frozen
|
|t:|1729722273
|start
|switch|p1a: Great Musk|Suicune, shiny|100/100
|switch|p2a: Tyranitar|Tyranitar, M|100/100
|-weather|Sandstorm|[from] ability: Sand Stream|[of] p2a: Tyranitar
|turn|1
|
|t:|1729722285
|switch|p2a: Blissey|Blissey, F|100/100
|move|p1a: Great Musk|Substitute|p1a: Great Musk
|-start|p1a: Great Musk|Substitute
|-damage|p1a: Great Musk|75/100
|
|-weather|Sandstorm|[upkeep]
|-damage|p1a: Great Musk|69/100|[from] Sandstorm
|-damage|p2a: Blissey|94/100|[from] Sandstorm
|-heal|p1a: Great Musk|75/100|[from] item: Leftovers
|-heal|p2a: Blissey|100/100|[from] item: Leftovers
|upkeep
|turn|2
|
|t:|1729722292
|move|p1a: Great Musk|Calm Mind|p1a: Great Musk
|-boost|p1a: Great Musk|spa|1
|-boost|p1a: Great Musk|spd|1
|move|p2a: Blissey|Thunderbolt|p1a: Great Musk
|-supereffective|p1a: Great Musk
|-activate|p1a: Great Musk|Substitute|[damage]
|
|-weather|Sandstorm|[upkeep]
|-damage|p1a: Great Musk|69/100|[from] Sandstorm
|-damage|p2a: Blissey|94/100|[from] Sandstorm
|-heal|p1a: Great Musk|75/100|[from] item: Leftovers
|-heal|p2a: Blissey|100/100|[from] item: Leftovers
|upkeep
|turn|3
|
|t:|1729722294
|move|p1a: Great Musk|Calm Mind|p1a: Great Musk
|-boost|p1a: Great Musk|spa|1
|-boost|p1a: Great Musk|spd|1
|move|p2a: Blissey|Thunderbolt|p1a: Great Musk
|-supereffective|p1a: Great Musk
|-end|p1a: Great Musk|Substitute
|
|-weather|Sandstorm|[upkeep]
|-damage|p1a: Great Musk|69/100|[from] Sandstorm
|-damage|p2a: Blissey|94/100|[from] Sandstorm
|-heal|p1a: Great Musk|75/100|[from] item: Leftovers
|-heal|p2a: Blissey|100/100|[from] item: Leftovers
|upkeep
|turn|4
|
|t:|1729722299
|move|p1a: Great Musk|Substitute|p1a: Great Musk
|-start|p1a: Great Musk|Substitute
|-damage|p1a: Great Musk|50/100
|move|p2a: Blissey|Calm Mind|p2a: Blissey
|-boost|p2a: Blissey|spa|1
|-boost|p2a: Blissey|spd|1
|
|-weather|Sandstorm|[upkeep]
|-damage|p1a: Great Musk|44/100|[from] Sandstorm
|-damage|p2a: Blissey|94/100|[from] Sandstorm
|-heal|p1a: Great Musk|50/100|[from] item: Leftovers
|-heal|p2a: Blissey|100/100|[from] item: Leftovers
|upkeep
|turn|5
|
|t:|1729722306
|move|p1a: Great Musk|Hydro Pump|p2a: Blissey
|-damage|p2a: Blissey|73/100
|move|p2a: Blissey|Calm Mind|p2a: Blissey
|-boost|p2a: Blissey|spa|1
|-boost|p2a: Blissey|spd|1
|
|-weather|Sandstorm|[upkeep]
|-damage|p1a: Great Musk|44/100|[from] Sandstorm
|-damage|p2a: Blissey|67/100|[from] Sandstorm
|-heal|p1a: Great Musk|50/100|[from] item: Leftovers
|-heal|p2a: Blissey|73/100|[from] item: Leftovers
|upkeep
|turn|6
|
|t:|1729722309
|switch|p1a: Iron Coward|Celebi|100/100
|move|p2a: Blissey|Soft-Boiled|p2a: Blissey
|-heal|p2a: Blissey|100/100
|
|-weather|Sandstorm|[upkeep]
|-damage|p1a: Iron Coward|94/100|[from] Sandstorm
|-damage|p2a: Blissey|94/100|[from] Sandstorm
|-heal|p1a: Iron Coward|100/100|[from] item: Leftovers
|-heal|p2a: Blissey|100/100|[from] item: Leftovers
|upkeep
|turn|7
|
|t:|1729722311
|move|p1a: Iron Coward|Leech Seed|p2a: Blissey
|-start|p2a: Blissey|move: Leech Seed
|move|p2a: Blissey|Ice Beam|p1a: Iron Coward
|-supereffective|p1a: Iron Coward
|-damage|p1a: Iron Coward|17/100
|
|-weather|Sandstorm|[upkeep]
|-damage|p1a: Iron Coward|11/100|[from] Sandstorm
|-damage|p2a: Blissey|94/100|[from] Sandstorm
|-heal|p1a: Iron Coward|17/100|[from] item: Leftovers
|-heal|p2a: Blissey|100/100|[from] item: Leftovers
|-damage|p2a: Blissey|88/100|[from] Leech Seed|[of] p1a: Iron Coward
|-heal|p1a: Iron Coward|38/100|[silent]
|upkeep
|turn|8
|
|t:|1729722324
|move|p1a: Iron Coward|Baton Pass|p1a: Iron Coward
|
|t:|1729722329
|switch|p1a: Great Musk|Suicune, shiny|50/100|[from] Baton Pass
|move|p2a: Blissey|Thunderbolt|p1a: Great Musk
|-supereffective|p1a: Great Musk
|-damage|p1a: Great Musk|0 fnt
|faint|p1a: Great Musk
|
|t:|1729722345
|switch|p1a: Iron Coward|Celebi|38/100
|
|-weather|Sandstorm|[upkeep]
|-damage|p1a: Iron Coward|32/100|[from] Sandstorm
|-damage|p2a: Blissey|82/100|[from] Sandstorm
|-heal|p1a: Iron Coward|38/100|[from] item: Leftovers
|-heal|p2a: Blissey|88/100|[from] item: Leftovers
|-damage|p2a: Blissey|76/100|[from] Leech Seed|[of] p1a: Iron Coward
|-heal|p1a: Iron Coward|59/100|[silent]
|upkeep
|turn|9
|
|t:|1729722350
|move|p1a: Iron Coward|Calm Mind|p1a: Iron Coward
|-boost|p1a: Iron Coward|spa|1
|-boost|p1a: Iron Coward|spd|1
|move|p2a: Blissey|Ice Beam|p1a: Iron Coward
|-supereffective|p1a: Iron Coward
|-damage|p1a: Iron Coward|8/100
|
|-weather|Sandstorm|[upkeep]
|-damage|p1a: Iron Coward|1/100|[from] Sandstorm
|-damage|p2a: Blissey|69/100|[from] Sandstorm
|-heal|p1a: Iron Coward|8/100|[from] item: Leftovers
|-heal|p2a: Blissey|76/100|[from] item: Leftovers
|-damage|p2a: Blissey|63/100|[from] Leech Seed|[of] p1a: Iron Coward
|-heal|p1a: Iron Coward|29/100|[silent]
|upkeep
|turn|10
|
|t:|1729722373
|switch|p2a: Jirachi|Jirachi|100/100
|move|p1a: Iron Coward|Baton Pass|p1a: Iron Coward
|inactive|mysticaisand disconnected and has 300 seconds to reconnect!
|player|p1|
|inactive|mysticaisand reconnected and has 275 seconds left.
|player|p1|mysticaisand|clair|
|
|t:|1729722412
|switch|p1a: Roaring Sun|Dugtrio, F|100/100|[from] Baton Pass
|
|-weather|Sandstorm|[upkeep]
|upkeep
|turn|11
|
|t:|1729722421
|move|p2a: Jirachi|Protect|p2a: Jirachi
|-singleturn|p2a: Jirachi|Protect
|move|p1a: Roaring Sun|Earthquake|p2a: Jirachi
|-activate|p2a: Jirachi|Protect
|
|-weather|Sandstorm|[upkeep]
|upkeep
|turn|12
|
|t:|1729722425
|move|p1a: Roaring Sun|Earthquake|p2a: Jirachi
|-supereffective|p2a: Jirachi
|-damage|p2a: Jirachi|29/100
|move|p2a: Jirachi|Toxic|p1a: Roaring Sun
|-status|p1a: Roaring Sun|tox
|
|-weather|Sandstorm|[upkeep]
|-damage|p1a: Roaring Sun|94/100 tox|[from] psn
|-heal|p2a: Jirachi|35/100|[from] item: Leftovers
|upkeep
|turn|13
|
|t:|1729722429
|move|p2a: Jirachi|Protect|p2a: Jirachi
|-singleturn|p2a: Jirachi|Protect
|move|p1a: Roaring Sun|Earthquake|p2a: Jirachi
|-activate|p2a: Jirachi|Protect
|
|-weather|Sandstorm|[upkeep]
|-damage|p1a: Roaring Sun|82/100 tox|[from] psn
|-heal|p2a: Jirachi|41/100|[from] item: Leftovers
|upkeep
|turn|14
|
|t:|1729722431
|move|p2a: Jirachi|Protect|p2a: Jirachi
|-singleturn|p2a: Jirachi|Protect
|move|p1a: Roaring Sun|Earthquake|p2a: Jirachi
|-activate|p2a: Jirachi|Protect
|
|-weather|Sandstorm|[upkeep]
|-damage|p1a: Roaring Sun|64/100 tox|[from] psn
|-heal|p2a: Jirachi|48/100|[from] item: Leftovers
|upkeep
|turn|15
|
|t:|1729722433
|move|p2a: Jirachi|Protect||[still]
|-fail|p2a: Jirachi
|move|p1a: Roaring Sun|Earthquake|p2a: Jirachi
|-supereffective|p2a: Jirachi
|-damage|p2a: Jirachi|0 fnt
|faint|p2a: Jirachi
|
|t:|1729722455
|switch|p2a: Forretress|Forretress, F|100/100
|
|-weather|Sandstorm|[upkeep]
|-damage|p1a: Roaring Sun|39/100 tox|[from] psn
|upkeep
|turn|16
|
|t:|1729722477
|switch|p1a: Iron Coward|Celebi|29/100
|move|p2a: Forretress|Spikes|p1a: Iron Coward
|-sidestart|p1: mysticaisand|Spikes
|
|-weather|Sandstorm|[upkeep]
|-damage|p1a: Iron Coward|22/100|[from] Sandstorm
|-heal|p1a: Iron Coward|29/100|[from] item: Leftovers
|upkeep
|turn|17
|inactive|xGangg has 270 seconds left.
|
|t:|1729722511
|switch|p2a: Salamence|Salamence, M|100/100
|-ability|p2a: Salamence|Intimidate|boost
|-unboost|p1a: Iron Coward|atk|1
|move|p1a: Iron Coward|Hidden Power|p2a: Salamence
|-resisted|p2a: Salamence
|-damage|p2a: Salamence|90/100
|
|-weather|Sandstorm|[upkeep]
|-damage|p1a: Iron Coward|22/100|[from] Sandstorm
|-damage|p2a: Salamence|84/100|[from] Sandstorm
|-heal|p1a: Iron Coward|29/100|[from] item: Leftovers
|-heal|p2a: Salamence|90/100|[from] item: Leftovers
|upkeep
|turn|18
|inactive|xGangg has 270 seconds left.
|
|t:|1729722528
|switch|p1a: Silverdengo|Porygon2, shiny|100/100
|-damage|p1a: Silverdengo|88/100|[from] Spikes
|-ability|p1a: Silverdengo|Intimidate|[from] ability: Trace|[of] p2a: Salamence
|move|p2a: Salamence|Dragon Claw|p1a: Silverdengo
|-crit|p1a: Silverdengo
|-damage|p1a: Silverdengo|8/100
|
|-weather|Sandstorm|[upkeep]
|-damage|p2a: Salamence|84/100|[from] Sandstorm
|-damage|p1a: Silverdengo|2/100|[from] Sandstorm
|-heal|p2a: Salamence|90/100|[from] item: Leftovers
|-heal|p1a: Silverdengo|8/100|[from] item: Leftovers
|upkeep
|turn|19
|
|t:|1729722532
|move|p2a: Salamence|Dragon Claw|p1a: Silverdengo
|-damage|p1a: Silverdengo|0 fnt
|faint|p1a: Silverdengo
|
|t:|1729722542
|switch|p1a: Queengambit|Raikou, shiny|100/100
|-damage|p1a: Queengambit|88/100|[from] Spikes
|
|-weather|Sandstorm|[upkeep]
|-damage|p1a: Queengambit|82/100|[from] Sandstorm
|-damage|p2a: Salamence|84/100|[from] Sandstorm
|-heal|p1a: Queengambit|88/100|[from] item: Leftovers
|-heal|p2a: Salamence|90/100|[from] item: Leftovers
|upkeep
|turn|20
|
|t:|1729722556
|move|p1a: Queengambit|Thunderbolt|p2a: Salamence
|-damage|p2a: Salamence|29/100
|move|p2a: Salamence|Brick Break|p1a: Queengambit
|-damage|p1a: Queengambit|57/100
|
|-weather|Sandstorm|[upkeep]
|-damage|p1a: Queengambit|50/100|[from] Sandstorm
|-damage|p2a: Salamence|23/100|[from] Sandstorm
|-heal|p1a: Queengambit|57/100|[from] item: Leftovers
|-heal|p2a: Salamence|29/100|[from] item: Leftovers
|upkeep
|turn|21
|
|t:|1729722560
|switch|p2a: Forretress|Forretress, F|100/100
|move|p1a: Queengambit|Thunderbolt|p2a: Forretress
|-damage|p2a: Forretress|60/100
|
|-weather|Sandstorm|[upkeep]
|-damage|p1a: Queengambit|50/100|[from] Sandstorm
|-heal|p1a: Queengambit|57/100|[from] item: Leftovers
|-heal|p2a: Forretress|66/100|[from] item: Leftovers
|upkeep
|turn|22
|
|t:|1729722566
|switch|p1a: Roaring Sun|Dugtrio, F|39/100 tox
|-damage|p1a: Roaring Sun|27/100 tox|[from] Spikes
|move|p2a: Forretress|Earthquake|p1a: Roaring Sun
|-damage|p1a: Roaring Sun|0 fnt
|faint|p1a: Roaring Sun
|
|t:|1729722569
|switch|p1a: Iron Coward|Celebi|29/100
|-damage|p1a: Iron Coward|16/100|[from] Spikes
|
|-weather|Sandstorm|[upkeep]
|-damage|p1a: Iron Coward|10/100|[from] Sandstorm
|-heal|p1a: Iron Coward|16/100|[from] item: Leftovers
|-heal|p2a: Forretress|72/100|[from] item: Leftovers
|upkeep
|turn|23
|
|t:|1729722574
|switch|p2a: Tyranitar|Tyranitar, M|100/100
|move|p1a: Iron Coward|Leech Seed|p2a: Tyranitar
|-start|p2a: Tyranitar|move: Leech Seed
|
|-weather|Sandstorm|[upkeep]
|-damage|p1a: Iron Coward|10/100|[from] Sandstorm
|-heal|p1a: Iron Coward|16/100|[from] item: Leftovers
|-damage|p2a: Tyranitar|88/100|[from] Leech Seed|[of] p1a: Iron Coward
|-heal|p1a: Iron Coward|29/100|[silent]
|upkeep
|turn|24
|
|t:|1729722582
|move|p1a: Iron Coward|Baton Pass|p1a: Iron Coward
|
|t:|1729722584
|switch|p1a: Running Wake|Kingdra, M|100/100|[from] Baton Pass
|-damage|p1a: Running Wake|88/100|[from] Spikes
|move|p2a: Tyranitar|Crunch|p1a: Running Wake
|-damage|p1a: Running Wake|49/100
|
|-weather|Sandstorm|[upkeep]
|-damage|p1a: Running Wake|43/100|[from] Sandstorm
|-heal|p2a: Tyranitar|94/100|[from] item: Leftovers
|-damage|p2a: Tyranitar|82/100|[from] Leech Seed|[of] p1a: Running Wake
|-heal|p1a: Running Wake|59/100|[silent]
|upkeep
|turn|25
|
|t:|1729722589
|switch|p2a: Blissey|Blissey, F|63/100
|move|p1a: Running Wake|Rain Dance|p1a: Running Wake
|-weather|RainDance
|
|-weather|RainDance|[upkeep]
|-heal|p2a: Blissey|69/100|[from] item: Leftovers
|upkeep
|turn|26
|
|t:|1729722593
|switch|p1a: Iron Coward|Celebi|29/100
|-damage|p1a: Iron Coward|17/100|[from] Spikes
|move|p2a: Blissey|Soft-Boiled|p2a: Blissey
|-heal|p2a: Blissey|100/100
|
|-weather|RainDance|[upkeep]
|-heal|p1a: Iron Coward|23/100|[from] item: Leftovers
|upkeep
|turn|27
|
|t:|1729722595
|move|p1a: Iron Coward|Leech Seed|p2a: Blissey
|-start|p2a: Blissey|move: Leech Seed
|move|p2a: Blissey|Ice Beam|p1a: Iron Coward
|-supereffective|p1a: Iron Coward
|-damage|p1a: Iron Coward|0 fnt
|faint|p1a: Iron Coward
|
|t:|1729722597
|switch|p1a: Queengambit|Raikou, shiny|57/100
|-damage|p1a: Queengambit|44/100|[from] Spikes
|
|-weather|RainDance|[upkeep]
|-heal|p1a: Queengambit|50/100|[from] item: Leftovers
|-damage|p2a: Blissey|88/100|[from] Leech Seed|[of] p1a: Queengambit
|-heal|p1a: Queengambit|76/100|[silent]
|upkeep
|turn|28
|
|t:|1729722602
|switch|p2a: Forretress|Forretress, F|72/100
|move|p1a: Queengambit|Substitute|p1a: Queengambit
|-start|p1a: Queengambit|Substitute
|-damage|p1a: Queengambit|51/100
|
|-weather|RainDance|[upkeep]
|-heal|p1a: Queengambit|57/100|[from] item: Leftovers
|-heal|p2a: Forretress|78/100|[from] item: Leftovers
|upkeep
|turn|29
|
|t:|1729722608
|move|p1a: Queengambit|Thunderbolt|p2a: Forretress
|-damage|p2a: Forretress|36/100
|move|p2a: Forretress|Earthquake|p1a: Queengambit
|-supereffective|p1a: Queengambit
|-end|p1a: Queengambit|Substitute
|
|-weather|none
|-heal|p1a: Queengambit|63/100|[from] item: Leftovers
|-heal|p2a: Forretress|42/100|[from] item: Leftovers
|upkeep
|turn|30
|
|t:|1729722620
|move|p1a: Queengambit|Thunderbolt|p2a: Forretress
|-damage|p2a: Forretress|0 fnt
|faint|p2a: Forretress
|inactive|xGangg has 270 seconds left.
|
|t:|1729722656
|switch|p2a: Tyranitar|Tyranitar, M|82/100
|-weather|Sandstorm|[from] ability: Sand Stream|[of] p2a: Tyranitar
|
|-weather|Sandstorm|[upkeep]
|-damage|p1a: Queengambit|57/100|[from] Sandstorm
|-heal|p1a: Queengambit|63/100|[from] item: Leftovers
|-heal|p2a: Tyranitar|88/100|[from] item: Leftovers
|upkeep
|turn|31
|
|t:|1729722660
|move|p1a: Queengambit|Calm Mind|p1a: Queengambit
|-boost|p1a: Queengambit|spa|1
|-boost|p1a: Queengambit|spd|1
|move|p2a: Tyranitar|Crunch|p1a: Queengambit
|-damage|p1a: Queengambit|37/100
|
|-weather|Sandstorm|[upkeep]
|-damage|p1a: Queengambit|30/100|[from] Sandstorm
|-heal|p1a: Queengambit|37/100|[from] item: Leftovers
|-heal|p2a: Tyranitar|94/100|[from] item: Leftovers
|upkeep
|turn|32
|
|t:|1729722665
|move|p1a: Queengambit|Thunderbolt|p2a: Tyranitar
|-damage|p2a: Tyranitar|38/100
|move|p2a: Tyranitar|Crunch|p1a: Queengambit
|-damage|p1a: Queengambit|12/100
|
|-weather|Sandstorm|[upkeep]
|-damage|p1a: Queengambit|5/100|[from] Sandstorm
|-heal|p1a: Queengambit|12/100|[from] item: Leftovers
|-heal|p2a: Tyranitar|44/100|[from] item: Leftovers
|upkeep
|turn|33
|
|t:|1729722673
|switch|p2a: Swampert|Swampert, M|100/100
|move|p1a: Queengambit|Thunderbolt|p2a: Swampert
|-immune|p2a: Swampert
|
|-weather|Sandstorm|[upkeep]
|-damage|p1a: Queengambit|5/100|[from] Sandstorm
|-heal|p1a: Queengambit|12/100|[from] item: Leftovers
|upkeep
|turn|34
|
|t:|1729722679
|switch|p2a: Blissey|Blissey, F|88/100
|move|p1a: Queengambit|Hidden Power|p2a: Blissey
|-damage|p2a: Blissey|74/100
|
|-weather|Sandstorm|[upkeep]
|-damage|p1a: Queengambit|5/100|[from] Sandstorm
|-damage|p2a: Blissey|68/100|[from] Sandstorm
|-heal|p1a: Queengambit|12/100|[from] item: Leftovers
|-heal|p2a: Blissey|74/100|[from] item: Leftovers
|upkeep
|turn|35
|
|t:|1729722695
|move|p1a: Queengambit|Thunderbolt|p2a: Blissey
|-damage|p2a: Blissey|45/100
|move|p2a: Blissey|Ice Beam|p1a: Queengambit
|-damage|p1a: Queengambit|0 fnt
|faint|p1a: Queengambit
|c|☆mysticaisand|gg
|-message|mysticaisand forfeited.
|
|win|xGangg
|player|p1|
|c|☆xGangg|gg

</script>
<script type="application/json" class="data" id="replaydata-smogtours-gen3ou-801454">
{"id":"smogtours-gen3ou-801454","format":"[Gen 3] OU","players":["mysticaisand","xGangg"],"uploadtime":1729722702,"views":82,"formatid":"gen3ou","rating":null,"private":0,"password":null}
</script>

<script defer src="js/replays.js?9d40a366"></script>
