<!DOCTYPE html>
<meta charset="utf-8" />
<meta name="viewport" content="width=device-width" />

<title>[Gen 3] OU: Fear vs. kaboom64 - Replays - Pok&eacute;mon Showdown!</title>

<meta name="description" content="Watch a replay of a Pok&eacute;mon battle between Fear and kaboom64! Format: [Gen 3] OU; Date: Nov 10, 2024" />
<!--

Hey, you! Looking in the source for the replay log?

You can find them in JSON format, just add `.json` at the end of a replay URL.

https://replay.pokemonshowdown.com/gen7randomdoublesbattle-865046831.json

Or, if you only need the log itself, add `.log` instead:

https://replay.pokemonshowdown.com/gen7randomdoublesbattle-865046831.log

-->

<link rel="stylesheet" href="//pokemonshowdown.com/style/global.css?0.767286132409787" />
<link rel="stylesheet" href="//play.pokemonshowdown.com/style/font-awesome.css?0.9266228007934947" />
<link rel="stylesheet" href="//play.pokemonshowdown.com/style/battle.css?0.7924700842790926" />
<link rel="stylesheet" href="//play.pokemonshowdown.com/style/utilichart.css?0.8777417872839479" />

<!-- Global site tag (gtag.js) - Google Analytics -->
<script async src="https://www.googletagmanager.com/gtag/js?id=UA-26211653-1"></script>
<script>
  window.dataLayer = window.dataLayer || [];
  function gtag(){dataLayer.push(arguments);}
  gtag('js', new Date());

  gtag('config', 'UA-26211653-1');
</script>
<!-- End Google Analytics -->
<!-- Venatus Ad Manager - Install in <HEAD> of page -->
	<script src="https://hb.vntsm.com/v3/live/ad-manager.min.js" type="text/javascript" data-site-id="642aba63ec9a7b11c3c9c1be" data-mode="scan" async></script>
<!-- / Venatus Ad Manager -->

<style>
	@media (max-width:820px) {
		.battle {
			margin: 0 auto;
		}
		.battle-log {
			margin: 7px auto 0;
			max-width: 640px;
			height: 300px;
			position: static;
		}
	}
	.optgroup {
		display: inline-block;
		line-height: 22px;
		font-size: 10pt;
	}
	.optgroup .button {
		height: 25px;
		padding-top: 0;
		padding-bottom: 0;
	}
	.optgroup button.button {
		padding-left: 12px;
		padding-right: 12px;
	}
	.linklist {
		list-style: none;
		margin: 0.5em 0;
		padding: 0;
	}
	.linklist li {
		padding: 2px 0;
	}
	.sidebar {
		float: left;
		width: 320px;
	}
	.bar-wrapper {
		max-width: 1100px;
		margin: 0 auto;
	}
	.bar-wrapper.has-sidebar {
		max-width: 1430px;
	}
	.mainbar {
		margin: 0;
		padding-right: 1px;
	}
	.mainbar.has-sidebar {
		margin-left: 330px;
	}
	@media (min-width: 1511px) {
		.sidebar {
			width: 400px;
		}
		.bar-wrapper.has-sidebar {
			max-width: 1510px;
		}
		.mainbar.has-sidebar {
			margin-left: 410px;
		}
	}
	.section.first-section {
		margin-top: 9px;
	}
	.blocklink small {
		white-space: normal;
	}
	.button {
		vertical-align: middle;
	}
	.replay-controls {
		padding-top: 10px;
	}
	.replay-controls h1 {
		font-size: 16pt;
		font-weight: normal;
		color: #CCC;
	}
	.pagelink {
		text-align: center;
	}
	.pagelink a {
		width: 150px;
	}
	.textbox, .button {
		font-size: 11pt;
		vertical-align: middle;
	}
	@media (max-width: 450px) {
		.button {
			font-size: 9pt;
		}
	}
</style>

<div>

	<header>
		<div class="nav-wrapper"><ul class="nav">
			<li><a class="button nav-first" href="//pokemonshowdown.com/"><img src="//pokemonshowdown.com/images/pokemonshowdownbeta.png" srcset="//pokemonshowdown.com/images/pokemonshowdownbeta.png 1x, //pokemonshowdown.com/images/pokemonshowdownbeta@2x.png 2x" alt="Pok&eacute;mon Showdown" width="146" height="44" /> Home</a></li>
			<li><a class="button" href="//pokemonshowdown.com/dex/">Pok&eacute;dex</a></li>
			<li><a class="button cur" href="/">Replays</a></li>
			<li><a class="button" href="//pokemonshowdown.com/ladder/">Ladder</a></li>
			<li><a class="button nav-last" href="//pokemonshowdown.com/forums/">Forum</a></li>
			<li><a class="button greenbutton nav-first nav-last" href="//play.pokemonshowdown.com/">Play</a></li>
		</ul></div>
	</header>

	<div class="main" id="main">

		<noscript><section class="section">You need to enable JavaScript to use this page; sorry!</section></noscript>

	</div>

</div>

<script defer nomodule src="//play.pokemonshowdown.com/js/lib/ps-polyfill.js"></script>
<script defer src="//play.pokemonshowdown.com/js/lib/preact.min.js"></script>

<script defer src="//play.pokemonshowdown.com/config/config.js?6dec07f6"></script>
<script defer src="//play.pokemonshowdown.com/js/lib/jquery-1.11.0.min.js"></script>
<script defer src="//play.pokemonshowdown.com/js/lib/html-sanitizer-minified.js"></script>
<script defer src="//play.pokemonshowdown.com/js/battle-sound.js"></script>
<script defer src="//play.pokemonshowdown.com/js/battledata.js?0.6315294753075389"></script>
<script defer src="//play.pokemonshowdown.com/data/pokedex-mini.js?0.7603743185311358"></script>
<script defer src="//play.pokemonshowdown.com/data/pokedex-mini-bw.js?0.030888842834281283"></script>
<script defer src="//play.pokemonshowdown.com/data/graphics.js?0.05593094747507488"></script>
<script defer src="//play.pokemonshowdown.com/data/pokedex.js?0.47064822249611904"></script>
<script defer src="//play.pokemonshowdown.com/data/moves.js?0.8583693120512459"></script>
<script defer src="//play.pokemonshowdown.com/data/abilities.js?0.16017181182386842"></script>
<script defer src="//play.pokemonshowdown.com/data/items.js?0.4163379185673943"></script>
<script defer src="//play.pokemonshowdown.com/data/teambuilder-tables.js?0.31075597372830477"></script>
<script defer src="//play.pokemonshowdown.com/js/battle-tooltips.js?0.6536193500708172"></script>
<script defer src="//play.pokemonshowdown.com/js/battle.js?0.1916591943277901"></script>

<script defer src="js/utils.js?e31f9a17"></script>
<script defer src="js/replays-battle.js?7008c182"></script>

<!-- don't scrape this data! just add .json or .log after the URL!
Full API docs: https://github.com/smogon/pokemon-showdown-client/blob/master/WEB-API.md -->
<script type="text/plain" class="log" id="replaylog-smogtours-gen3ou-805838">
|inactive|Battle timer is ON: inactive players will automatically lose when time's up.
|badge|p2|bronze|gen9lc|100-3
|uhtml|medal-msg|<div class="broadcast-blue">Curious what those medals under the avatar are? PS now has Ladder Seasons! For more information, check out the <a href="https://www.smogon.com/forums/threads/3740067/">thread on Smogon.<\/a><\/div>
|t:|1731267438
|gametype|singles
|player|p1|Fear|#gscpl3ironmanmachamps|
|player|p2|kaboom64|#scl4dynamos2|
|teamsize|p1|6
|teamsize|p2|6
|gen|3
|tier|[Gen 3] OU
|rule|Sleep Clause Mod: Limit one foe put to sleep
|rule|Switch Priority Clause Mod: Faster Pokémon switch first
|rule|Species Clause: Limit one of each Pokémon
|rule|OHKO Clause: OHKO moves are banned
|rule|Evasion Items Clause: Evasion items are banned
|rule|Evasion Moves Clause: Evasion moves are banned
|rule|Endless Battle Clause: Forcing endless battles is banned
|rule|HP Percentage Mod: HP is shown in percentages
|rule|One Boost Passer Clause: Limit one Baton Passer that has a way to boost its stats
|rule|Freeze Clause Mod: Limit one foe frozen
|
|t:|1731267438
|start
|switch|p1a: Flora|Venusaur, F|100/100
|switch|p2a: Metagross|Metagross|100/100
|turn|1
|
|t:|1731267455
|move|p1a: Flora|Sleep Powder|p2a: Metagross|[miss]
|-miss|p1a: Flora|p2a: Metagross
|move|p2a: Metagross|Explosion|p1a: Flora
|-damage|p1a: Flora|0 fnt
|faint|p2a: Metagross
|faint|p1a: Flora
|inactive|Fear has 270 seconds left.
|
|t:|1731267498
|switch|p1a: Irvine|Starmie|100/100
|switch|p2a: Celebi|Celebi|100/100
|
|upkeep
|turn|2
|
|t:|1731267508
|move|p1a: Irvine|Thunder Wave|p2a: Celebi
|-status|p2a: Celebi|par
|move|p2a: Celebi|Swords Dance|p2a: Celebi
|-boost|p2a: Celebi|atk|2
|
|upkeep
|turn|3
|inactive|Fear has 270 seconds left.
|
|t:|1731267525
|switch|p1a: Zodd|Tyranitar, M|100/100
|-weather|Sandstorm|[from] ability: Sand Stream|[of] p1a: Zodd
|move|p2a: Celebi|Baton Pass|p2a: Celebi
|inactive|kaboom64 has 270 seconds left.
|inactive|kaboom64 has 240 seconds left.
|
|t:|1731267594
|-curestatus|p2a: Celebi|par|[from] ability: Natural Cure
|switch|p2a: Aerodactyl|Aerodactyl, F|100/100|[from] Baton Pass
|
|-weather|Sandstorm|[upkeep]
|upkeep
|turn|4
|inactive|Fear has 270 seconds left.
|
|t:|1731267600
|move|p2a: Aerodactyl|Substitute|p2a: Aerodactyl
|-start|p2a: Aerodactyl|Substitute
|-damage|p2a: Aerodactyl|76/100
|move|p1a: Zodd|Crunch|p2a: Aerodactyl
|-end|p2a: Aerodactyl|Substitute
|
|-weather|Sandstorm|[upkeep]
|upkeep
|turn|5
|inactive|kaboom64 has 240 seconds left.
|
|t:|1731267623
|move|p2a: Aerodactyl|Substitute|p2a: Aerodactyl
|-start|p2a: Aerodactyl|Substitute
|-damage|p2a: Aerodactyl|51/100
|move|p1a: Zodd|Crunch|p2a: Aerodactyl
|-end|p2a: Aerodactyl|Substitute
|
|-weather|Sandstorm|[upkeep]
|upkeep
|turn|6
|inactive|Fear has 270 seconds left.
|
|t:|1731267643
|move|p2a: Aerodactyl|Substitute|p2a: Aerodactyl
|-start|p2a: Aerodactyl|Substitute
|-damage|p2a: Aerodactyl|26/100
|move|p1a: Zodd|Crunch|p2a: Aerodactyl
|-end|p2a: Aerodactyl|Substitute
|
|-weather|Sandstorm|[upkeep]
|upkeep
|turn|7
|
|t:|1731267647
|move|p2a: Aerodactyl|Substitute|p2a: Aerodactyl
|-start|p2a: Aerodactyl|Substitute
|-damage|p2a: Aerodactyl|1/100
|move|p1a: Zodd|Crunch|p2a: Aerodactyl
|-end|p2a: Aerodactyl|Substitute
|
|-weather|Sandstorm|[upkeep]
|-enditem|p2a: Aerodactyl|Liechi Berry|[eat]
|-boost|p2a: Aerodactyl|atk|1|[from] item: Liechi Berry
|upkeep
|turn|8
|
|t:|1731267658
|move|p2a: Aerodactyl|Earthquake|p1a: Zodd
|-supereffective|p1a: Zodd
|-crit|p1a: Zodd
|-damage|p1a: Zodd|0 fnt
|faint|p1a: Zodd
|inactive|Fear has 270 seconds left.
|
|t:|1731267675
|switch|p1a: The count|Kangaskhan, F|100/100
|
|-weather|Sandstorm|[upkeep]
|-damage|p1a: The count|94/100|[from] Sandstorm
|-heal|p1a: The count|100/100|[from] item: Leftovers
|upkeep
|turn|9
|inactive|kaboom64 has 270 seconds left.
|
|t:|1731267687
|move|p1a: The count|Fake Out|p2a: Aerodactyl
|-resisted|p2a: Aerodactyl
|-damage|p2a: Aerodactyl|0 fnt
|faint|p2a: Aerodactyl
|
|t:|1731267690
|switch|p2a: Celebi|Celebi|100/100
|
|-weather|Sandstorm|[upkeep]
|-damage|p2a: Celebi|94/100|[from] Sandstorm
|-damage|p1a: The count|94/100|[from] Sandstorm
|-heal|p2a: Celebi|100/100|[from] item: Leftovers
|-heal|p1a: The count|100/100|[from] item: Leftovers
|upkeep
|turn|10
|
|t:|1731267703
|move|p2a: Celebi|Swords Dance|p2a: Celebi
|-boost|p2a: Celebi|atk|2
|move|p1a: The count|Double-Edge|p2a: Celebi
|-damage|p2a: Celebi|63/100
|-damage|p1a: The count|88/100|[from] Recoil|[of] p2a: Celebi
|
|-weather|Sandstorm|[upkeep]
|-damage|p2a: Celebi|56/100|[from] Sandstorm
|-damage|p1a: The count|82/100|[from] Sandstorm
|-heal|p2a: Celebi|63/100|[from] item: Leftovers
|-heal|p1a: The count|88/100|[from] item: Leftovers
|upkeep
|turn|11
|
|t:|1731267714
|switch|p1a: Rakshas|Zapdos|100/100
|move|p2a: Celebi|Recover|p2a: Celebi
|-heal|p2a: Celebi|100/100
|
|-weather|Sandstorm|[upkeep]
|-damage|p1a: Rakshas|94/100|[from] Sandstorm
|-damage|p2a: Celebi|94/100|[from] Sandstorm
|-heal|p1a: Rakshas|100/100|[from] item: Leftovers
|-heal|p2a: Celebi|100/100|[from] item: Leftovers
|upkeep
|turn|12
|
|t:|1731267723
|move|p1a: Rakshas|Hidden Power|p2a: Celebi
|-supereffective|p2a: Celebi
|-damage|p2a: Celebi|65/100
|move|p2a: Celebi|Shadow Ball|p1a: Rakshas
|-damage|p1a: Rakshas|58/100
|
|-weather|Sandstorm|[upkeep]
|-damage|p1a: Rakshas|52/100|[from] Sandstorm
|-damage|p2a: Celebi|58/100|[from] Sandstorm
|-heal|p1a: Rakshas|58/100|[from] item: Leftovers
|-heal|p2a: Celebi|65/100|[from] item: Leftovers
|upkeep
|turn|13
|
|t:|1731267740
|move|p1a: Rakshas|Hidden Power|p2a: Celebi
|-supereffective|p2a: Celebi
|-damage|p2a: Celebi|31/100
|move|p2a: Celebi|Recover|p2a: Celebi
|-heal|p2a: Celebi|81/100
|
|-weather|Sandstorm|[upkeep]
|-damage|p1a: Rakshas|52/100|[from] Sandstorm
|-damage|p2a: Celebi|75/100|[from] Sandstorm
|-heal|p1a: Rakshas|58/100|[from] item: Leftovers
|-heal|p2a: Celebi|81/100|[from] item: Leftovers
|upkeep
|turn|14
|
|t:|1731267754
|switch|p1a: Mozgus|Metagross|100/100
|move|p2a: Celebi|Shadow Ball|p1a: Mozgus
|-damage|p1a: Mozgus|71/100
|
|-weather|Sandstorm|[upkeep]
|-damage|p2a: Celebi|75/100|[from] Sandstorm
|-heal|p2a: Celebi|81/100|[from] item: Leftovers
|-heal|p1a: Mozgus|77/100|[from] item: Leftovers
|upkeep
|turn|15
|inactive|kaboom64 has 270 seconds left.
|
|t:|1731267784
|move|p2a: Celebi|Baton Pass|p2a: Celebi
|
|t:|1731267785
|switch|p2a: Magneton|Magneton|100/100|[from] Baton Pass
|move|p1a: Mozgus|Agility|p1a: Mozgus
|-boost|p1a: Mozgus|spe|2
|
|-weather|Sandstorm|[upkeep]
|-heal|p1a: Mozgus|83/100|[from] item: Leftovers
|upkeep
|turn|16
|inactive|kaboom64 has 270 seconds left.
|
|t:|1731267798
|switch|p2a: Gyarados|Gyarados, F|100/100
|-ability|p2a: Gyarados|Intimidate|boost
|-fail|p1a: Mozgus|unboost|[from] ability: Clear Body|[of] p1a: Mozgus
|move|p1a: Mozgus|Earthquake|p2a: Gyarados
|-immune|p2a: Gyarados
|
|-weather|Sandstorm|[upkeep]
|-damage|p2a: Gyarados|94/100|[from] Sandstorm
|-heal|p1a: Mozgus|89/100|[from] item: Leftovers
|-heal|p2a: Gyarados|100/100|[from] item: Leftovers
|upkeep
|turn|17
|
|t:|1731267807
|move|p1a: Mozgus|Rock Slide|p2a: Gyarados|[miss]
|-miss|p1a: Mozgus|p2a: Gyarados
|move|p2a: Gyarados|Dragon Dance|p2a: Gyarados
|-boost|p2a: Gyarados|atk|1
|-boost|p2a: Gyarados|spe|1
|
|-weather|Sandstorm|[upkeep]
|-damage|p2a: Gyarados|94/100|[from] Sandstorm
|-heal|p1a: Mozgus|95/100|[from] item: Leftovers
|-heal|p2a: Gyarados|100/100|[from] item: Leftovers
|upkeep
|turn|18
|inactive|kaboom64 has 270 seconds left.
|
|t:|1731267834
|switch|p1a: Irvine|Starmie|100/100
|move|p2a: Gyarados|Earthquake|p1a: Irvine
|-damage|p1a: Irvine|48/100
|
|-weather|Sandstorm|[upkeep]
|-damage|p2a: Gyarados|94/100|[from] Sandstorm
|-damage|p1a: Irvine|42/100|[from] Sandstorm
|-heal|p2a: Gyarados|100/100|[from] item: Leftovers
|-heal|p1a: Irvine|48/100|[from] item: Leftovers
|upkeep
|turn|19
|
|t:|1731267848
|move|p2a: Gyarados|Substitute|p2a: Gyarados
|-start|p2a: Gyarados|Substitute
|-damage|p2a: Gyarados|75/100
|move|p1a: Irvine|Thunder Wave||[still]
|-fail|p1a: Irvine
|
|-weather|Sandstorm|[upkeep]
|-damage|p2a: Gyarados|69/100|[from] Sandstorm
|-damage|p1a: Irvine|42/100|[from] Sandstorm
|-heal|p2a: Gyarados|75/100|[from] item: Leftovers
|-heal|p1a: Irvine|48/100|[from] item: Leftovers
|upkeep
|turn|20
|
|t:|1731267876
|switch|p1a: The count|Kangaskhan, F|88/100
|move|p2a: Gyarados|Dragon Dance|p2a: Gyarados
|-boost|p2a: Gyarados|atk|1
|-boost|p2a: Gyarados|spe|1
|
|-weather|Sandstorm|[upkeep]
|-damage|p2a: Gyarados|69/100|[from] Sandstorm
|-damage|p1a: The count|82/100|[from] Sandstorm
|-heal|p2a: Gyarados|75/100|[from] item: Leftovers
|-heal|p1a: The count|88/100|[from] item: Leftovers
|upkeep
|turn|21
|
|t:|1731267882
|move|p1a: The count|Fake Out|p2a: Gyarados
|-activate|p2a: Gyarados|Substitute|[damage]
|move|p2a: Gyarados|Earthquake|p1a: The count
|-damage|p1a: The count|20/100
|
|-weather|Sandstorm|[upkeep]
|-damage|p2a: Gyarados|69/100|[from] Sandstorm
|-damage|p1a: The count|14/100|[from] Sandstorm
|-heal|p2a: Gyarados|75/100|[from] item: Leftovers
|-heal|p1a: The count|20/100|[from] item: Leftovers
|upkeep
|turn|22
|
|t:|1731267896
|switch|p1a: Irvine|Starmie|48/100
|move|p2a: Gyarados|Hidden Power|p1a: Irvine
|-damage|p1a: Irvine|0 fnt
|faint|p1a: Irvine
|
|t:|1731267898
|switch|p1a: The count|Kangaskhan, F|20/100
|
|-weather|Sandstorm|[upkeep]
|-damage|p2a: Gyarados|69/100|[from] Sandstorm
|-damage|p1a: The count|14/100|[from] Sandstorm
|-heal|p2a: Gyarados|75/100|[from] item: Leftovers
|-heal|p1a: The count|20/100|[from] item: Leftovers
|upkeep
|turn|23
|
|t:|1731267903
|move|p2a: Gyarados|Dragon Dance|p2a: Gyarados
|-boost|p2a: Gyarados|atk|1
|-boost|p2a: Gyarados|spe|1
|move|p1a: The count|Double-Edge|p2a: Gyarados
|-end|p2a: Gyarados|Substitute
|-damage|p1a: The count|19/100|[from] Recoil|[of] p2a: Gyarados
|
|-weather|Sandstorm|[upkeep]
|-damage|p2a: Gyarados|69/100|[from] Sandstorm
|-damage|p1a: The count|13/100|[from] Sandstorm
|-heal|p2a: Gyarados|75/100|[from] item: Leftovers
|-heal|p1a: The count|19/100|[from] item: Leftovers
|upkeep
|turn|24
|
|t:|1731267906
|move|p2a: Gyarados|Hidden Power|p1a: The count
|-damage|p1a: The count|0 fnt
|faint|p1a: The count
|
|t:|1731267909
|switch|p1a: Rakshas|Zapdos|58/100
|
|-weather|Sandstorm|[upkeep]
|-damage|p2a: Gyarados|69/100|[from] Sandstorm
|-damage|p1a: Rakshas|52/100|[from] Sandstorm
|-heal|p2a: Gyarados|75/100|[from] item: Leftovers
|-heal|p1a: Rakshas|58/100|[from] item: Leftovers
|upkeep
|turn|25
|
|t:|1731267910
|move|p2a: Gyarados|Hidden Power|p1a: Rakshas
|-supereffective|p1a: Rakshas
|-damage|p1a: Rakshas|0 fnt
|faint|p1a: Rakshas
|
|t:|1731267914
|switch|p1a: Mozgus|Metagross|95/100
|
|-weather|Sandstorm|[upkeep]
|-damage|p2a: Gyarados|69/100|[from] Sandstorm
|-heal|p2a: Gyarados|75/100|[from] item: Leftovers
|-heal|p1a: Mozgus|100/100|[from] item: Leftovers
|upkeep
|turn|26
|
|t:|1731267915
|move|p2a: Gyarados|Earthquake|p1a: Mozgus
|-supereffective|p1a: Mozgus
|-damage|p1a: Mozgus|0 fnt
|faint|p1a: Mozgus
|
|win|kaboom64
|c|☆Fear|gg
|c|☆kaboom64|gg

</script>
<script type="application/json" class="data" id="replaydata-smogtours-gen3ou-805838">
{"id":"smogtours-gen3ou-805838","format":"[Gen 3] OU","players":["Fear","kaboom64"],"uploadtime":1731267915,"views":26,"formatid":"gen3ou","rating":null,"private":0,"password":null}
</script>

<script defer src="js/replays.js?9d40a366"></script>
