<!DOCTYPE html>
<meta charset="utf-8" />
<meta name="viewport" content="width=device-width" />

<title>[Gen 3] OU: Cakeconnesseur vs. a plague doc - Replays - Pok&eacute;mon Showdown!</title>

<meta name="description" content="Watch a replay of a Pok&eacute;mon battle between Cakeconnesseur and a plague doc! Format: [Gen 3] OU; Date: Oct 25, 2024" />
<!--

Hey, you! Looking in the source for the replay log?

You can find them in JSON format, just add `.json` at the end of a replay URL.

https://replay.pokemonshowdown.com/gen7randomdoublesbattle-865046831.json

Or, if you only need the log itself, add `.log` instead:

https://replay.pokemonshowdown.com/gen7randomdoublesbattle-865046831.log

-->

<link rel="stylesheet" href="//pokemonshowdown.com/style/global.css?0.023195364461161105" />
<link rel="stylesheet" href="//play.pokemonshowdown.com/style/font-awesome.css?0.13261647063804238" />
<link rel="stylesheet" href="//play.pokemonshowdown.com/style/battle.css?0.8753245789963631" />
<link rel="stylesheet" href="//play.pokemonshowdown.com/style/utilichart.css?0.8627959624976733" />

<!-- Global site tag (gtag.js) - Google Analytics -->
<script async src="https://www.googletagmanager.com/gtag/js?id=UA-26211653-1"></script>
<script>
  window.dataLayer = window.dataLayer || [];
  function gtag(){dataLayer.push(arguments);}
  gtag('js', new Date());

  gtag('config', 'UA-26211653-1');
</script>
<!-- End Google Analytics -->
<!-- Venatus Ad Manager - Install in <HEAD> of page -->
	<script src="https://hb.vntsm.com/v3/live/ad-manager.min.js" type="text/javascript" data-site-id="642aba63ec9a7b11c3c9c1be" data-mode="scan" async></script>
<!-- / Venatus Ad Manager -->

<style>
	@media (max-width:820px) {
		.battle {
			margin: 0 auto;
		}
		.battle-log {
			margin: 7px auto 0;
			max-width: 640px;
			height: 300px;
			position: static;
		}
	}
	.optgroup {
		display: inline-block;
		line-height: 22px;
		font-size: 10pt;
	}
	.optgroup .button {
		height: 25px;
		padding-top: 0;
		padding-bottom: 0;
	}
	.optgroup button.button {
		padding-left: 12px;
		padding-right: 12px;
	}
	.linklist {
		list-style: none;
		margin: 0.5em 0;
		padding: 0;
	}
	.linklist li {
		padding: 2px 0;
	}
	.sidebar {
		float: left;
		width: 320px;
	}
	.bar-wrapper {
		max-width: 1100px;
		margin: 0 auto;
	}
	.bar-wrapper.has-sidebar {
		max-width: 1430px;
	}
	.mainbar {
		margin: 0;
		padding-right: 1px;
	}
	.mainbar.has-sidebar {
		margin-left: 330px;
	}
	@media (min-width: 1511px) {
		.sidebar {
			width: 400px;
		}
		.bar-wrapper.has-sidebar {
			max-width: 1510px;
		}
		.mainbar.has-sidebar {
			margin-left: 410px;
		}
	}
	.section.first-section {
		margin-top: 9px;
	}
	.blocklink small {
		white-space: normal;
	}
	.button {
		vertical-align: middle;
	}
	.replay-controls {
		padding-top: 10px;
	}
	.replay-controls h1 {
		font-size: 16pt;
		font-weight: normal;
		color: #CCC;
	}
	.pagelink {
		text-align: center;
	}
	.pagelink a {
		width: 150px;
	}
	.textbox, .button {
		font-size: 11pt;
		vertical-align: middle;
	}
	@media (max-width: 450px) {
		.button {
			font-size: 9pt;
		}
	}
</style>

<div>

	<header>
		<div class="nav-wrapper"><ul class="nav">
			<li><a class="button nav-first" href="//pokemonshowdown.com/"><img src="//pokemonshowdown.com/images/pokemonshowdownbeta.png" srcset="//pokemonshowdown.com/images/pokemonshowdownbeta.png 1x, //pokemonshowdown.com/images/pokemonshowdownbeta@2x.png 2x" alt="Pok&eacute;mon Showdown" width="146" height="44" /> Home</a></li>
			<li><a class="button" href="//pokemonshowdown.com/dex/">Pok&eacute;dex</a></li>
			<li><a class="button cur" href="/">Replays</a></li>
			<li><a class="button" href="//pokemonshowdown.com/ladder/">Ladder</a></li>
			<li><a class="button nav-last" href="//pokemonshowdown.com/forums/">Forum</a></li>
			<li><a class="button greenbutton nav-first nav-last" href="//play.pokemonshowdown.com/">Play</a></li>
		</ul></div>
	</header>

	<div class="main" id="main">

		<noscript><section class="section">You need to enable JavaScript to use this page; sorry!</section></noscript>

	</div>

</div>

<script defer nomodule src="//play.pokemonshowdown.com/js/lib/ps-polyfill.js"></script>
<script defer src="//play.pokemonshowdown.com/js/lib/preact.min.js"></script>

<script defer src="//play.pokemonshowdown.com/config/config.js?2bddbc15"></script>
<script defer src="//play.pokemonshowdown.com/js/lib/jquery-1.11.0.min.js"></script>
<script defer src="//play.pokemonshowdown.com/js/lib/html-sanitizer-minified.js"></script>
<script defer src="//play.pokemonshowdown.com/js/battle-sound.js"></script>
<script defer src="//play.pokemonshowdown.com/js/battledata.js?0.7209276989879541"></script>
<script defer src="//play.pokemonshowdown.com/data/pokedex-mini.js?0.6111056340867951"></script>
<script defer src="//play.pokemonshowdown.com/data/pokedex-mini-bw.js?0.3532142036491459"></script>
<script defer src="//play.pokemonshowdown.com/data/graphics.js?0.24223875632456182"></script>
<script defer src="//play.pokemonshowdown.com/data/pokedex.js?0.38839984266356864"></script>
<script defer src="//play.pokemonshowdown.com/data/moves.js?0.21866028504024015"></script>
<script defer src="//play.pokemonshowdown.com/data/abilities.js?0.2005157953846628"></script>
<script defer src="//play.pokemonshowdown.com/data/items.js?0.9894211263848525"></script>
<script defer src="//play.pokemonshowdown.com/data/teambuilder-tables.js?0.6008791140282215"></script>
<script defer src="//play.pokemonshowdown.com/js/battle-tooltips.js?0.7580118955022959"></script>
<script defer src="//play.pokemonshowdown.com/js/battle.js?0.6057722274234274"></script>

<script defer src="js/utils.js?e31f9a17"></script>
<script defer src="js/replays-battle.js?7008c182"></script>

<!-- don't scrape this data! just add .json or .log after the URL!
Full API docs: https://github.com/smogon/pokemon-showdown-client/blob/master/WEB-API.md -->
<script type="text/plain" class="log" id="replaylog-smogtours-gen3ou-801892">
|inactive|Battle timer is ON: inactive players will automatically lose when time's up.
|t:|1729886541
|gametype|singles
|player|p1|Cakeconnesseur|lass-gen7|
|player|p2|a plague doc|#agplviblackpink|
|teamsize|p1|6
|teamsize|p2|6
|gen|3
|tier|[Gen 3] OU
|rule|Sleep Clause Mod: Limit one foe put to sleep
|rule|Switch Priority Clause Mod: Faster Pokémon switch first
|rule|Species Clause: Limit one of each Pokémon
|rule|OHKO Clause: OHKO moves are banned
|rule|Evasion Items Clause: Evasion items are banned
|rule|Evasion Moves Clause: Evasion moves are banned
|rule|Endless Battle Clause: Forcing endless battles is banned
|rule|HP Percentage Mod: HP is shown in percentages
|rule|One Boost Passer Clause: Limit one Baton Passer that has a way to boost its stats
|rule|Freeze Clause Mod: Limit one foe frozen
|
|t:|1729886541
|start
|switch|p1a: KeepYourselfAlive|Skarmory, F|100/100
|switch|p2a: Zapdos|Zapdos|100/100
|turn|1
|inactive|Cakeconnesseur also wants the timer to be on.
|c|☆a plague doc|hf
|c|☆Cakeconnesseur|hf
|inactive|a plague doc has 270 seconds left.
|
|t:|1729886572
|switch|p1a: Fat Bottomed Girls|Blissey, F|100/100
|move|p2a: Zapdos|Thunderbolt|p1a: Fat Bottomed Girls
|-damage|p1a: Fat Bottomed Girls|83/100
|
|-heal|p1a: Fat Bottomed Girls|89/100|[from] item: Leftovers
|upkeep
|turn|2
|
|t:|1729886581
|switch|p2a: Tyranitar|Tyranitar, M|100/100
|-weather|Sandstorm|[from] ability: Sand Stream|[of] p2a: Tyranitar
|move|p1a: Fat Bottomed Girls|Toxic|p2a: Tyranitar|[miss]
|-miss|p1a: Fat Bottomed Girls|p2a: Tyranitar
|
|-weather|Sandstorm|[upkeep]
|-damage|p1a: Fat Bottomed Girls|83/100|[from] Sandstorm
|-heal|p1a: Fat Bottomed Girls|89/100|[from] item: Leftovers
|upkeep
|turn|3
|
|t:|1729886612
|-singleturn|p2a: Tyranitar|move: Focus Punch
|switch|p1a: KeepYourselfAlive|Skarmory, F|100/100
|move|p2a: Tyranitar|Focus Punch|p1a: KeepYourselfAlive
|-damage|p1a: KeepYourselfAlive|31/100
|
|-weather|Sandstorm|[upkeep]
|-heal|p1a: KeepYourselfAlive|37/100|[from] item: Leftovers
|upkeep
|turn|4
|
|t:|1729886618
|-singleturn|p2a: Tyranitar|move: Focus Punch
|move|p1a: KeepYourselfAlive|Protect|p1a: KeepYourselfAlive
|-singleturn|p1a: KeepYourselfAlive|Protect
|move|p2a: Tyranitar|Focus Punch|p1a: KeepYourselfAlive
|-activate|p1a: KeepYourselfAlive|Protect
|
|-weather|Sandstorm|[upkeep]
|-heal|p1a: KeepYourselfAlive|43/100|[from] item: Leftovers
|upkeep
|turn|5
|
|t:|1729886648
|-singleturn|p2a: Tyranitar|move: Focus Punch
|switch|p1a: Under Pressure|Zapdos|100/100
|move|p2a: Tyranitar|Focus Punch|p1a: Under Pressure
|-resisted|p1a: Under Pressure
|-damage|p1a: Under Pressure|60/100
|
|-weather|Sandstorm|[upkeep]
|-damage|p1a: Under Pressure|54/100|[from] Sandstorm
|-heal|p1a: Under Pressure|60/100|[from] item: Leftovers
|upkeep
|turn|6
|inactive|Cakeconnesseur has 270 seconds left.
|
|t:|1729886667
|switch|p2a: Zapdos|Zapdos|100/100
|move|p1a: Under Pressure|Thunderbolt|p2a: Zapdos
|-damage|p2a: Zapdos|74/100
|
|-weather|Sandstorm|[upkeep]
|-damage|p1a: Under Pressure|54/100|[from] Sandstorm
|-damage|p2a: Zapdos|68/100|[from] Sandstorm
|-heal|p1a: Under Pressure|60/100|[from] item: Leftovers
|-heal|p2a: Zapdos|74/100|[from] item: Leftovers
|upkeep
|turn|7
|
|t:|1729886681
|switch|p1a: Fat Bottomed Girls|Blissey, F|89/100
|move|p2a: Zapdos|Thunderbolt|p1a: Fat Bottomed Girls
|-damage|p1a: Fat Bottomed Girls|72/100
|
|-weather|Sandstorm|[upkeep]
|-damage|p2a: Zapdos|68/100|[from] Sandstorm
|-damage|p1a: Fat Bottomed Girls|66/100|[from] Sandstorm
|-heal|p2a: Zapdos|74/100|[from] item: Leftovers
|-heal|p1a: Fat Bottomed Girls|72/100|[from] item: Leftovers
|upkeep
|turn|8
|
|t:|1729886697
|switch|p2a: Dugtrio|Dugtrio, F|100/100
|move|p1a: Fat Bottomed Girls|Toxic|p2a: Dugtrio
|-status|p2a: Dugtrio|tox
|
|-weather|Sandstorm|[upkeep]
|-damage|p1a: Fat Bottomed Girls|66/100|[from] Sandstorm
|-damage|p2a: Dugtrio|94/100 tox|[from] psn
|-heal|p1a: Fat Bottomed Girls|72/100|[from] item: Leftovers
|upkeep
|turn|9
|inactive|Cakeconnesseur has 270 seconds left.
|
|t:|1729886722
|move|p2a: Dugtrio|Earthquake|p1a: Fat Bottomed Girls
|-damage|p1a: Fat Bottomed Girls|17/100
|move|p1a: Fat Bottomed Girls|Ice Beam|p2a: Dugtrio
|-supereffective|p2a: Dugtrio
|-damage|p2a: Dugtrio|0 fnt
|faint|p2a: Dugtrio
|inactive|a plague doc has 270 seconds left.
|
|t:|1729886762
|switch|p2a: Tyranitar|Tyranitar, M|100/100
|
|-weather|Sandstorm|[upkeep]
|-damage|p1a: Fat Bottomed Girls|11/100|[from] Sandstorm
|-heal|p1a: Fat Bottomed Girls|17/100|[from] item: Leftovers
|upkeep
|turn|10
|inactive|Cakeconnesseur has 270 seconds left.
|inactive|Cakeconnesseur has 240 seconds left.
|
|t:|1729886808
|switch|p1a: Now I'm Here|Flygon, F|100/100
|move|p2a: Tyranitar|Rock Slide|p1a: Now I'm Here
|-resisted|p1a: Now I'm Here
|-damage|p1a: Now I'm Here|75/100
|
|-weather|Sandstorm|[upkeep]
|-heal|p1a: Now I'm Here|81/100|[from] item: Leftovers
|upkeep
|turn|11
|inactive|a plague doc has 270 seconds left.
|
|t:|1729886825
|switch|p2a: Swampert|Swampert, F|100/100
|move|p1a: Now I'm Here|Toxic|p2a: Swampert
|-status|p2a: Swampert|tox
|
|-weather|Sandstorm|[upkeep]
|-heal|p1a: Now I'm Here|87/100|[from] item: Leftovers
|-damage|p2a: Swampert|94/100 tox|[from] psn
|upkeep
|turn|12
|
|t:|1729886837
|move|p1a: Now I'm Here|Protect|p1a: Now I'm Here
|-singleturn|p1a: Now I'm Here|Protect
|move|p2a: Swampert|Refresh|p2a: Swampert
|-curestatus|p2a: Swampert|tox|[msg]
|
|-weather|Sandstorm|[upkeep]
|-heal|p1a: Now I'm Here|93/100|[from] item: Leftovers
|-heal|p2a: Swampert|100/100|[from] item: Leftovers
|upkeep
|turn|13
|inactive|Cakeconnesseur has 240 seconds left.
|inactive|a plague doc has 270 seconds left.
|inactive|Cakeconnesseur has 210 seconds left.
|
|t:|1729886883
|switch|p1a: Fat Bottomed Girls|Blissey, F|17/100
|move|p2a: Swampert|Surf|p1a: Fat Bottomed Girls
|-damage|p1a: Fat Bottomed Girls|5/100
|
|-weather|Sandstorm|[upkeep]
|-damage|p1a: Fat Bottomed Girls|0 fnt|[from] Sandstorm
|faint|p1a: Fat Bottomed Girls
|upkeep
|inactive|Cakeconnesseur has 210 seconds left.
|
|t:|1729886898
|switch|p1a: Under Pressure|Zapdos|60/100
|turn|14
|inactive|a plague doc has 270 seconds left.
|
|t:|1729886930
|switch|p2a: Zapdos|Zapdos|74/100
|move|p1a: Under Pressure|Thunderbolt|p2a: Zapdos
|-damage|p2a: Zapdos|45/100
|
|-weather|Sandstorm|[upkeep]
|-damage|p1a: Under Pressure|54/100|[from] Sandstorm
|-damage|p2a: Zapdos|39/100|[from] Sandstorm
|-heal|p1a: Under Pressure|60/100|[from] item: Leftovers
|-heal|p2a: Zapdos|45/100|[from] item: Leftovers
|upkeep
|turn|15
|
|t:|1729886946
|move|p1a: Under Pressure|Thunderbolt|p2a: Zapdos
|-crit|p2a: Zapdos
|-damage|p2a: Zapdos|0 fnt
|faint|p2a: Zapdos
|c|☆a plague doc|,
|inactive|a plague doc has 240 seconds left.
|
|t:|1729886984
|switch|p2a: Aerodactyl|Aerodactyl, M|100/100
|
|-weather|Sandstorm|[upkeep]
|-damage|p1a: Under Pressure|54/100|[from] Sandstorm
|-heal|p1a: Under Pressure|60/100|[from] item: Leftovers
|upkeep
|turn|16
|
|t:|1729887005
|switch|p1a: KeepYourselfAlive|Skarmory, F|43/100
|move|p2a: Aerodactyl|Double-Edge|p1a: KeepYourselfAlive
|-resisted|p1a: KeepYourselfAlive
|-damage|p1a: KeepYourselfAlive|22/100
|
|-weather|Sandstorm|[upkeep]
|-heal|p1a: KeepYourselfAlive|28/100|[from] item: Leftovers
|upkeep
|turn|17
|inactive|Cakeconnesseur has 210 seconds left.
|
|t:|1729887024
|switch|p2a: Tyranitar|Tyranitar, M|100/100
|move|p1a: KeepYourselfAlive|Toxic|p2a: Tyranitar
|-status|p2a: Tyranitar|tox
|
|-weather|Sandstorm|[upkeep]
|-damage|p2a: Tyranitar|94/100 tox|[from] psn
|-heal|p1a: KeepYourselfAlive|34/100|[from] item: Leftovers
|upkeep
|turn|18
|
|t:|1729887041
|-singleturn|p2a: Tyranitar|move: Focus Punch
|move|p1a: KeepYourselfAlive|Protect|p1a: KeepYourselfAlive
|-singleturn|p1a: KeepYourselfAlive|Protect
|move|p2a: Tyranitar|Focus Punch|p1a: KeepYourselfAlive
|-activate|p1a: KeepYourselfAlive|Protect
|
|-weather|Sandstorm|[upkeep]
|-damage|p2a: Tyranitar|82/100 tox|[from] psn
|-heal|p1a: KeepYourselfAlive|40/100|[from] item: Leftovers
|upkeep
|turn|19
|
|t:|1729887044
|-singleturn|p2a: Tyranitar|move: Focus Punch
|switch|p1a: Radio Ga Ga|Gengar, F|100/100
|move|p2a: Tyranitar|Focus Punch|p1a: Radio Ga Ga
|-immune|p1a: Radio Ga Ga
|
|-weather|Sandstorm|[upkeep]
|-damage|p1a: Radio Ga Ga|95/100|[from] Sandstorm
|-heal|p1a: Radio Ga Ga|100/100|[from] item: Leftovers
|-damage|p2a: Tyranitar|64/100 tox|[from] psn
|upkeep
|turn|20
|
|t:|1729887057
|switch|p2a: Metagross|Metagross|100/100
|move|p1a: Radio Ga Ga|Giga Drain|p2a: Metagross
|-resisted|p2a: Metagross
|-damage|p2a: Metagross|91/100
|
|-weather|Sandstorm|[upkeep]
|-damage|p1a: Radio Ga Ga|95/100|[from] Sandstorm
|-heal|p1a: Radio Ga Ga|100/100|[from] item: Leftovers
|upkeep
|turn|21
|inactive|Cakeconnesseur has 240 seconds left.
|
|t:|1729887091
|switch|p1a: Under Pressure|Zapdos|60/100
|move|p2a: Metagross|Meteor Mash|p1a: Under Pressure
|-resisted|p1a: Under Pressure
|-damage|p1a: Under Pressure|16/100
|
|-weather|Sandstorm|[upkeep]
|-damage|p1a: Under Pressure|10/100|[from] Sandstorm
|-heal|p1a: Under Pressure|16/100|[from] item: Leftovers
|upkeep
|turn|22
|inactive|a plague doc has 240 seconds left.
|
|t:|1729887108
|switch|p2a: Swampert|Swampert, F|100/100
|move|p1a: Under Pressure|Thunderbolt|p2a: Swampert
|-immune|p2a: Swampert
|
|-weather|Sandstorm|[upkeep]
|-damage|p1a: Under Pressure|10/100|[from] Sandstorm
|-heal|p1a: Under Pressure|16/100|[from] item: Leftovers
|upkeep
|turn|23
|
|t:|1729887115
|move|p1a: Under Pressure|Rest|p1a: Under Pressure
|-status|p1a: Under Pressure|slp|[from] move: Rest
|-heal|p1a: Under Pressure|100/100 slp|[silent]
|move|p2a: Swampert|Surf|p1a: Under Pressure
|-damage|p1a: Under Pressure|81/100 slp
|
|-weather|Sandstorm|[upkeep]
|-damage|p1a: Under Pressure|75/100 slp|[from] Sandstorm
|-heal|p1a: Under Pressure|81/100 slp|[from] item: Leftovers
|upkeep
|turn|24
|inactive|a plague doc has 240 seconds left.
|inactive|a plague doc has 210 seconds left.
|
|t:|1729887153
|switch|p2a: Metagross|Metagross|91/100
|cant|p1a: Under Pressure|slp
|
|-weather|Sandstorm|[upkeep]
|-damage|p1a: Under Pressure|75/100 slp|[from] Sandstorm
|-heal|p1a: Under Pressure|81/100 slp|[from] item: Leftovers
|upkeep
|turn|25
|
|t:|1729887162
|cant|p1a: Under Pressure|slp
|move|p1a: Under Pressure|Sleep Talk|p1a: Under Pressure
|move|p1a: Under Pressure|Roar|p2a: Metagross|[from]Sleep Talk
|drag|p2a: Swampert|Swampert, F|100/100
|
|-weather|Sandstorm|[upkeep]
|-damage|p1a: Under Pressure|75/100 slp|[from] Sandstorm
|-heal|p1a: Under Pressure|81/100 slp|[from] item: Leftovers
|upkeep
|turn|26
|
|t:|1729887172
|-curestatus|p1a: Under Pressure|slp|[msg]
|move|p1a: Under Pressure|Thunderbolt|p2a: Swampert
|-immune|p2a: Swampert
|move|p2a: Swampert|Surf|p1a: Under Pressure
|-damage|p1a: Under Pressure|62/100
|
|-weather|Sandstorm|[upkeep]
|-damage|p1a: Under Pressure|56/100|[from] Sandstorm
|-heal|p1a: Under Pressure|62/100|[from] item: Leftovers
|upkeep
|turn|27
|
|t:|1729887193
|move|p1a: Under Pressure|Thunderbolt|p2a: Swampert
|-immune|p2a: Swampert
|move|p2a: Swampert|Toxic|p1a: Under Pressure
|-status|p1a: Under Pressure|tox
|
|-weather|Sandstorm|[upkeep]
|-damage|p1a: Under Pressure|56/100 tox|[from] Sandstorm
|-heal|p1a: Under Pressure|62/100 tox|[from] item: Leftovers
|-damage|p1a: Under Pressure|56/100 tox|[from] psn
|upkeep
|turn|28
|
|t:|1729887202
|switch|p2a: Metagross|Metagross|91/100
|move|p1a: Under Pressure|Thunderbolt|p2a: Metagross
|-damage|p2a: Metagross|48/100
|-status|p2a: Metagross|par
|
|-weather|Sandstorm|[upkeep]
|-damage|p1a: Under Pressure|49/100 tox|[from] Sandstorm
|-heal|p1a: Under Pressure|56/100 tox|[from] item: Leftovers
|-damage|p1a: Under Pressure|43/100 tox|[from] psn
|upkeep
|turn|29
|
|t:|1729887221
|move|p1a: Under Pressure|Thunderbolt|p2a: Metagross
|-damage|p2a: Metagross|2/100 par
|move|p2a: Metagross|Rock Slide|p1a: Under Pressure
|-supereffective|p1a: Under Pressure
|-damage|p1a: Under Pressure|0 fnt
|faint|p1a: Under Pressure
|inactive|Cakeconnesseur has 210 seconds left.
|inactive|Cakeconnesseur has 180 seconds left.
|
|t:|1729887272
|switch|p1a: Radio Ga Ga|Gengar, F|100/100
|
|-weather|Sandstorm|[upkeep]
|-damage|p1a: Radio Ga Ga|95/100|[from] Sandstorm
|-heal|p1a: Radio Ga Ga|100/100|[from] item: Leftovers
|upkeep
|turn|30
|inactive|Cakeconnesseur has 180 seconds left.
|inactive|a plague doc has 240 seconds left.
|
|t:|1729887282
|switch|p2a: Aerodactyl|Aerodactyl, M|100/100
|move|p1a: Radio Ga Ga|Thunderbolt|p2a: Aerodactyl
|-supereffective|p2a: Aerodactyl
|-damage|p2a: Aerodactyl|17/100
|
|-weather|Sandstorm|[upkeep]
|-damage|p1a: Radio Ga Ga|95/100|[from] Sandstorm
|-heal|p1a: Radio Ga Ga|100/100|[from] item: Leftovers
|upkeep
|turn|31
|inactive|a plague doc has 240 seconds left.
|inactive|Cakeconnesseur has 180 seconds left.
|
|t:|1729887296
|switch|p1a: KeepYourselfAlive|Skarmory, F|40/100
|move|p2a: Aerodactyl|Rock Slide|p1a: KeepYourselfAlive
|-damage|p1a: KeepYourselfAlive|3/100
|
|-weather|Sandstorm|[upkeep]
|-heal|p1a: KeepYourselfAlive|9/100|[from] item: Leftovers
|upkeep
|turn|32
|
|t:|1729887306
|move|p1a: KeepYourselfAlive|Protect|p1a: KeepYourselfAlive
|-singleturn|p1a: KeepYourselfAlive|Protect
|move|p2a: Aerodactyl|Rock Slide|p1a: KeepYourselfAlive
|-activate|p1a: KeepYourselfAlive|Protect
|
|-weather|Sandstorm|[upkeep]
|-heal|p1a: KeepYourselfAlive|15/100|[from] item: Leftovers
|upkeep
|turn|33
|
|t:|1729887313
|switch|p1a: Now I'm Here|Flygon, F|93/100
|move|p2a: Aerodactyl|Rock Slide|p1a: Now I'm Here
|-resisted|p1a: Now I'm Here
|-crit|p1a: Now I'm Here
|-damage|p1a: Now I'm Here|51/100
|
|-weather|Sandstorm|[upkeep]
|-heal|p1a: Now I'm Here|57/100|[from] item: Leftovers
|upkeep
|turn|34
|
|t:|1729887321
|switch|p2a: Swampert|Swampert, F|100/100
|move|p1a: Now I'm Here|Flamethrower|p2a: Swampert
|-resisted|p2a: Swampert
|-damage|p2a: Swampert|94/100
|
|-weather|Sandstorm|[upkeep]
|-heal|p1a: Now I'm Here|63/100|[from] item: Leftovers
|-heal|p2a: Swampert|99/100|[from] item: Leftovers
|upkeep
|turn|35
|
|t:|1729887331
|move|p1a: Now I'm Here|Protect|p1a: Now I'm Here
|-singleturn|p1a: Now I'm Here|Protect
|move|p2a: Swampert|Surf|p1a: Now I'm Here
|-activate|p1a: Now I'm Here|Protect
|
|-weather|Sandstorm|[upkeep]
|-heal|p1a: Now I'm Here|69/100|[from] item: Leftovers
|-heal|p2a: Swampert|100/100|[from] item: Leftovers
|upkeep
|turn|36
|inactive|Cakeconnesseur has 210 seconds left.
|
|t:|1729887356
|switch|p1a: KeepYourselfAlive|Skarmory, F|15/100
|move|p2a: Swampert|Surf|p1a: KeepYourselfAlive
|-damage|p1a: KeepYourselfAlive|0 fnt
|faint|p1a: KeepYourselfAlive
|
|t:|1729887361
|switch|p1a: Radio Ga Ga|Gengar, F|100/100
|
|-weather|Sandstorm|[upkeep]
|-damage|p1a: Radio Ga Ga|95/100|[from] Sandstorm
|-heal|p1a: Radio Ga Ga|100/100|[from] item: Leftovers
|upkeep
|turn|37
|inactive|a plague doc has 270 seconds left.
|
|t:|1729887383
|switch|p2a: Metagross|Metagross|2/100 par
|move|p1a: Radio Ga Ga|Giga Drain|p2a: Metagross
|-resisted|p2a: Metagross
|-damage|p2a: Metagross|0 fnt
|faint|p2a: Metagross
|
|t:|1729887393
|switch|p2a: Aerodactyl|Aerodactyl, M|17/100
|
|-weather|Sandstorm|[upkeep]
|-damage|p1a: Radio Ga Ga|95/100|[from] Sandstorm
|-heal|p1a: Radio Ga Ga|100/100|[from] item: Leftovers
|upkeep
|turn|38
|inactive|Cakeconnesseur has 180 seconds left.
|
|t:|1729887424
|switch|p1a: Now I'm Here|Flygon, F|69/100
|move|p2a: Aerodactyl|Rock Slide|p1a: Now I'm Here
|-resisted|p1a: Now I'm Here
|-damage|p1a: Now I'm Here|49/100
|
|-weather|Sandstorm|[upkeep]
|-heal|p1a: Now I'm Here|55/100|[from] item: Leftovers
|upkeep
|turn|39
|inactive|Cakeconnesseur has 180 seconds left.
|
|t:|1729887436
|switch|p2a: Swampert|Swampert, F|100/100
|move|p1a: Now I'm Here|Earthquake|p2a: Swampert
|-damage|p2a: Swampert|79/100
|
|-weather|Sandstorm|[upkeep]
|-heal|p1a: Now I'm Here|61/100|[from] item: Leftovers
|-heal|p2a: Swampert|85/100|[from] item: Leftovers
|upkeep
|turn|40
|inactive|a plague doc has 240 seconds left.
|
|t:|1729887480
|move|p1a: Now I'm Here|Protect|p1a: Now I'm Here
|-singleturn|p1a: Now I'm Here|Protect
|move|p2a: Swampert|Surf|p1a: Now I'm Here
|-activate|p1a: Now I'm Here|Protect
|
|-weather|Sandstorm|[upkeep]
|-heal|p1a: Now I'm Here|68/100|[from] item: Leftovers
|-heal|p2a: Swampert|91/100|[from] item: Leftovers
|upkeep
|turn|41
|inactive|Cakeconnesseur has 180 seconds left.
|
|t:|1729887501
|switch|p1a: Radio Ga Ga|Gengar, F|100/100
|switch|p2a: Aerodactyl|Aerodactyl, M|17/100
|
|-weather|Sandstorm|[upkeep]
|-damage|p1a: Radio Ga Ga|95/100|[from] Sandstorm
|-heal|p1a: Radio Ga Ga|100/100|[from] item: Leftovers
|upkeep
|turn|42
|inactive|Cakeconnesseur has 180 seconds left.
|
|t:|1729887514
|switch|p1a: Now I'm Here|Flygon, F|68/100
|move|p2a: Aerodactyl|Double-Edge|p1a: Now I'm Here
|-damage|p1a: Now I'm Here|25/100
|
|-weather|Sandstorm|[upkeep]
|-heal|p1a: Now I'm Here|31/100|[from] item: Leftovers
|upkeep
|turn|43
|inactive|Cakeconnesseur has 180 seconds left.
|inactive|a plague doc has 210 seconds left.
|inactive|Cakeconnesseur has 150 seconds left.
|inactive|Cakeconnesseur has 120 seconds left.
|inactive|Cakeconnesseur has 90 seconds left.
|
|t:|1729887632
|switch|p2a: Swampert|Swampert, F|91/100
|move|p1a: Now I'm Here|Protect||[still]
|-fail|p1a: Now I'm Here
|
|-weather|Sandstorm|[upkeep]
|-heal|p1a: Now I'm Here|37/100|[from] item: Leftovers
|-heal|p2a: Swampert|97/100|[from] item: Leftovers
|upkeep
|turn|44
|
|t:|1729887644
|move|p1a: Now I'm Here|Protect|p1a: Now I'm Here
|-singleturn|p1a: Now I'm Here|Protect
|move|p2a: Swampert|Surf|p1a: Now I'm Here
|-activate|p1a: Now I'm Here|Protect
|
|-weather|Sandstorm|[upkeep]
|-heal|p1a: Now I'm Here|43/100|[from] item: Leftovers
|-heal|p2a: Swampert|100/100|[from] item: Leftovers
|upkeep
|turn|45
|
|t:|1729887651
|switch|p1a: Radio Ga Ga|Gengar, F|100/100
|switch|p2a: Aerodactyl|Aerodactyl, M|17/100
|
|-weather|Sandstorm|[upkeep]
|-damage|p1a: Radio Ga Ga|95/100|[from] Sandstorm
|-heal|p1a: Radio Ga Ga|100/100|[from] item: Leftovers
|upkeep
|turn|46
|inactive|Cakeconnesseur has 90 seconds left.
|
|t:|1729887663
|switch|p1a: Killer Queen|Tyranitar, M|100/100
|move|p2a: Aerodactyl|Rock Slide|p1a: Killer Queen
|-damage|p1a: Killer Queen|60/100
|
|-weather|Sandstorm|[upkeep]
|-heal|p1a: Killer Queen|66/100|[from] item: Leftovers
|upkeep
|turn|47
|inactive|Cakeconnesseur has 90 seconds left.
|inactive|a plague doc has 210 seconds left.
|
|t:|1729887700
|move|p2a: Aerodactyl|Rock Slide|p1a: Killer Queen
|-crit|p1a: Killer Queen
|-damage|p1a: Killer Queen|0 fnt
|faint|p1a: Killer Queen
|inactive|Cakeconnesseur has 90 seconds left.
|c|☆Cakeconnesseur|wheres the . now?
|
|t:|1729887713
|switch|p1a: Now I'm Here|Flygon, F|43/100
|
|-weather|Sandstorm|[upkeep]
|-heal|p1a: Now I'm Here|49/100|[from] item: Leftovers
|upkeep
|turn|48
|inactive|Cakeconnesseur has 90 seconds left.
|c|☆a plague doc|now im the one that got lucky
|c|☆a plague doc|:)
|c|☆Cakeconnesseur|????
|c|☆a plague doc|?
|inactive|a plague doc has 180 seconds left.
|c|☆a plague doc|sis u prob win anw
|c|☆a plague doc|its alr
|
|t:|1729887762
|switch|p2a: Swampert|Swampert, F|100/100
|switch|p1a: Radio Ga Ga|Gengar, F|100/100
|
|-weather|Sandstorm|[upkeep]
|-damage|p1a: Radio Ga Ga|95/100|[from] Sandstorm
|-heal|p1a: Radio Ga Ga|100/100|[from] item: Leftovers
|upkeep
|turn|49
|
|t:|1729887772
|move|p2a: Swampert|Protect|p2a: Swampert
|-singleturn|p2a: Swampert|Protect
|move|p1a: Radio Ga Ga|Giga Drain|p2a: Swampert
|-activate|p2a: Swampert|Protect
|
|-weather|Sandstorm|[upkeep]
|-damage|p1a: Radio Ga Ga|95/100|[from] Sandstorm
|-heal|p1a: Radio Ga Ga|100/100|[from] item: Leftovers
|upkeep
|turn|50
|
|t:|1729887800
|switch|p2a: Tyranitar|Tyranitar, M|64/100 tox
|move|p1a: Radio Ga Ga|Giga Drain|p2a: Tyranitar
|-supereffective|p2a: Tyranitar
|-damage|p2a: Tyranitar|32/100 tox
|
|-weather|Sandstorm|[upkeep]
|-damage|p1a: Radio Ga Ga|95/100|[from] Sandstorm
|-heal|p1a: Radio Ga Ga|100/100|[from] item: Leftovers
|-damage|p2a: Tyranitar|26/100 tox|[from] psn
|upkeep
|turn|51
|inactive|Cakeconnesseur has 90 seconds left.
|
|t:|1729887826
|move|p1a: Radio Ga Ga|Giga Drain|p2a: Tyranitar
|-supereffective|p2a: Tyranitar
|-damage|p2a: Tyranitar|0 fnt
|faint|p2a: Tyranitar
|
|t:|1729887828
|switch|p2a: Aerodactyl|Aerodactyl, M|17/100
|
|-weather|Sandstorm|[upkeep]
|-damage|p1a: Radio Ga Ga|95/100|[from] Sandstorm
|-heal|p1a: Radio Ga Ga|100/100|[from] item: Leftovers
|upkeep
|turn|52
|inactive|Cakeconnesseur has 90 seconds left.
|
|t:|1729887854
|switch|p1a: Now I'm Here|Flygon, F|49/100
|move|p2a: Aerodactyl|Rock Slide|p1a: Now I'm Here
|-resisted|p1a: Now I'm Here
|-damage|p1a: Now I'm Here|28/100
|
|-weather|Sandstorm|[upkeep]
|-heal|p1a: Now I'm Here|34/100|[from] item: Leftovers
|upkeep
|turn|53
|inactive|a plague doc has 150 seconds left.
|
|t:|1729887888
|switch|p2a: Swampert|Swampert, F|100/100
|move|p1a: Now I'm Here|Toxic|p2a: Swampert
|-status|p2a: Swampert|tox
|
|-weather|Sandstorm|[upkeep]
|-heal|p1a: Now I'm Here|40/100|[from] item: Leftovers
|-damage|p2a: Swampert|94/100 tox|[from] psn
|upkeep
|turn|54
|
|t:|1729887895
|switch|p1a: Radio Ga Ga|Gengar, F|100/100
|move|p2a: Swampert|Refresh|p2a: Swampert
|-curestatus|p2a: Swampert|tox|[msg]
|
|-weather|Sandstorm|[upkeep]
|-damage|p1a: Radio Ga Ga|95/100|[from] Sandstorm
|-heal|p1a: Radio Ga Ga|100/100|[from] item: Leftovers
|-heal|p2a: Swampert|100/100|[from] item: Leftovers
|upkeep
|turn|55
|
|t:|1729887903
|move|p1a: Radio Ga Ga|Will-O-Wisp|p2a: Swampert
|-status|p2a: Swampert|brn
|move|p2a: Swampert|Surf|p1a: Radio Ga Ga
|-damage|p1a: Radio Ga Ga|66/100
|
|-weather|Sandstorm|[upkeep]
|-damage|p1a: Radio Ga Ga|60/100|[from] Sandstorm
|-heal|p1a: Radio Ga Ga|66/100|[from] item: Leftovers
|-damage|p2a: Swampert|88/100 brn|[from] brn
|upkeep
|turn|56
|inactive|Cakeconnesseur has 90 seconds left.
|inactive|a plague doc has 150 seconds left.
|inactive|a plague doc has 120 seconds left.
|inactive|Cakeconnesseur has 60 seconds left.
|
|t:|1729887978
|move|p1a: Radio Ga Ga|Giga Drain|p2a: Swampert
|-supereffective|p2a: Swampert
|-damage|p2a: Swampert|23/100 brn
|-heal|p1a: Radio Ga Ga|100/100|[from] drain|[of] p2a: Swampert
|move|p2a: Swampert|Surf|p1a: Radio Ga Ga
|-damage|p1a: Radio Ga Ga|53/100
|
|-weather|Sandstorm|[upkeep]
|-damage|p1a: Radio Ga Ga|47/100|[from] Sandstorm
|-heal|p1a: Radio Ga Ga|53/100|[from] item: Leftovers
|-heal|p2a: Swampert|29/100 brn|[from] item: Leftovers
|-damage|p2a: Swampert|17/100 brn|[from] brn
|upkeep
|turn|57
|inactive|a plague doc has 120 seconds left.
|
|t:|1729887988
|move|p2a: Swampert|Protect|p2a: Swampert
|-singleturn|p2a: Swampert|Protect
|move|p1a: Radio Ga Ga|Giga Drain|p2a: Swampert
|-activate|p2a: Swampert|Protect
|
|-weather|Sandstorm|[upkeep]
|-damage|p1a: Radio Ga Ga|47/100|[from] Sandstorm
|-heal|p1a: Radio Ga Ga|53/100|[from] item: Leftovers
|-heal|p2a: Swampert|23/100 brn|[from] item: Leftovers
|-damage|p2a: Swampert|11/100 brn|[from] brn
|upkeep
|turn|58
|inactive|Cakeconnesseur has 60 seconds left.
|inactive|a plague doc has 120 seconds left.
|
|t:|1729887998
|move|p2a: Swampert|Protect|p2a: Swampert
|-singleturn|p2a: Swampert|Protect
|move|p1a: Radio Ga Ga|Giga Drain|p2a: Swampert
|-activate|p2a: Swampert|Protect
|
|-weather|Sandstorm|[upkeep]
|-damage|p1a: Radio Ga Ga|47/100|[from] Sandstorm
|-heal|p1a: Radio Ga Ga|53/100|[from] item: Leftovers
|-heal|p2a: Swampert|17/100 brn|[from] item: Leftovers
|-damage|p2a: Swampert|4/100 brn|[from] brn
|upkeep
|turn|59
|inactive|a plague doc has 120 seconds left.
|inactive|Cakeconnesseur has 60 seconds left.
|
|t:|1729888021
|move|p1a: Radio Ga Ga|Will-O-Wisp|p2a: Swampert
|-fail|p2a: Swampert|brn
|move|p2a: Swampert|Surf|p1a: Radio Ga Ga
|-damage|p1a: Radio Ga Ga|7/100
|
|-weather|Sandstorm|[upkeep]
|-damage|p1a: Radio Ga Ga|1/100|[from] Sandstorm
|-heal|p1a: Radio Ga Ga|7/100|[from] item: Leftovers
|-heal|p2a: Swampert|11/100 brn|[from] item: Leftovers
|-damage|p2a: Swampert|0 fnt|[from] brn
|faint|p2a: Swampert
|upkeep
|
|t:|1729888026
|switch|p2a: Aerodactyl|Aerodactyl, M|17/100
|turn|60
|
|t:|1729888031
|move|p2a: Aerodactyl|Rock Slide|p1a: Radio Ga Ga
|-damage|p1a: Radio Ga Ga|0 fnt
|faint|p1a: Radio Ga Ga
|
|t:|1729888033
|switch|p1a: Now I'm Here|Flygon, F|40/100
|
|-weather|Sandstorm|[upkeep]
|-heal|p1a: Now I'm Here|46/100|[from] item: Leftovers
|upkeep
|turn|61
|
|t:|1729888036
|move|p1a: Now I'm Here|Protect|p1a: Now I'm Here
|-singleturn|p1a: Now I'm Here|Protect
|move|p2a: Aerodactyl|Rock Slide|p1a: Now I'm Here
|-activate|p1a: Now I'm Here|Protect
|
|-weather|Sandstorm|[upkeep]
|-heal|p1a: Now I'm Here|52/100|[from] item: Leftovers
|upkeep
|turn|62
|
|t:|1729888040
|move|p2a: Aerodactyl|Rock Slide|p1a: Now I'm Here
|-resisted|p1a: Now I'm Here
|-damage|p1a: Now I'm Here|32/100
|move|p1a: Now I'm Here|Flamethrower|p2a: Aerodactyl
|-resisted|p2a: Aerodactyl
|-damage|p2a: Aerodactyl|6/100
|
|-weather|Sandstorm|[upkeep]
|-heal|p1a: Now I'm Here|38/100|[from] item: Leftovers
|upkeep
|turn|63
|
|t:|1729888044
|move|p1a: Now I'm Here|Protect|p1a: Now I'm Here
|-singleturn|p1a: Now I'm Here|Protect
|move|p2a: Aerodactyl|Rock Slide|p1a: Now I'm Here
|-activate|p1a: Now I'm Here|Protect
|
|-weather|Sandstorm|[upkeep]
|-heal|p1a: Now I'm Here|44/100|[from] item: Leftovers
|upkeep
|turn|64
|
|t:|1729888047
|move|p2a: Aerodactyl|Rock Slide|p1a: Now I'm Here
|-resisted|p1a: Now I'm Here
|-damage|p1a: Now I'm Here|23/100
|move|p1a: Now I'm Here|Flamethrower|p2a: Aerodactyl
|-resisted|p2a: Aerodactyl
|-damage|p2a: Aerodactyl|0 fnt
|faint|p2a: Aerodactyl
|
|win|Cakeconnesseur
|c|☆a plague doc|gg
|c|☆Cakeconnesseur|gg
|player|p2|

</script>
<script type="application/json" class="data" id="replaydata-smogtours-gen3ou-801892">
{"id":"smogtours-gen3ou-801892","format":"[Gen 3] OU","players":["Cakeconnesseur","a plague doc"],"uploadtime":1729888047,"views":106,"formatid":"gen3ou","rating":null,"private":0,"password":null}
</script>

<script defer src="js/replays.js?9d40a366"></script>
