<!DOCTYPE html>
<meta charset="utf-8" />
<meta name="viewport" content="width=device-width" />

<title>[Gen 3] OU: jeem16 vs. HoChi_Pro - Replays - Pok&eacute;mon Showdown!</title>

<meta name="description" content="Watch a replay of a Pok&eacute;mon battle between jeem16 and HoChi_Pro! Format: [Gen 3] OU; Date: Oct 14, 2024" />
<!--

Hey, you! Looking in the source for the replay log?

You can find them in JSON format, just add `.json` at the end of a replay URL.

https://replay.pokemonshowdown.com/gen7randomdoublesbattle-865046831.json

Or, if you only need the log itself, add `.log` instead:

https://replay.pokemonshowdown.com/gen7randomdoublesbattle-865046831.log

-->

<link rel="stylesheet" href="//pokemonshowdown.com/style/global.css?0.023195364461161105" />
<link rel="stylesheet" href="//play.pokemonshowdown.com/style/font-awesome.css?0.13261647063804238" />
<link rel="stylesheet" href="//play.pokemonshowdown.com/style/battle.css?0.8753245789963631" />
<link rel="stylesheet" href="//play.pokemonshowdown.com/style/utilichart.css?0.8627959624976733" />

<!-- Global site tag (gtag.js) - Google Analytics -->
<script async src="https://www.googletagmanager.com/gtag/js?id=UA-26211653-1"></script>
<script>
  window.dataLayer = window.dataLayer || [];
  function gtag(){dataLayer.push(arguments);}
  gtag('js', new Date());

  gtag('config', 'UA-26211653-1');
</script>
<!-- End Google Analytics -->
<!-- Venatus Ad Manager - Install in <HEAD> of page -->
	<script src="https://hb.vntsm.com/v3/live/ad-manager.min.js" type="text/javascript" data-site-id="642aba63ec9a7b11c3c9c1be" data-mode="scan" async></script>
<!-- / Venatus Ad Manager -->

<style>
	@media (max-width:820px) {
		.battle {
			margin: 0 auto;
		}
		.battle-log {
			margin: 7px auto 0;
			max-width: 640px;
			height: 300px;
			position: static;
		}
	}
	.optgroup {
		display: inline-block;
		line-height: 22px;
		font-size: 10pt;
	}
	.optgroup .button {
		height: 25px;
		padding-top: 0;
		padding-bottom: 0;
	}
	.optgroup button.button {
		padding-left: 12px;
		padding-right: 12px;
	}
	.linklist {
		list-style: none;
		margin: 0.5em 0;
		padding: 0;
	}
	.linklist li {
		padding: 2px 0;
	}
	.sidebar {
		float: left;
		width: 320px;
	}
	.bar-wrapper {
		max-width: 1100px;
		margin: 0 auto;
	}
	.bar-wrapper.has-sidebar {
		max-width: 1430px;
	}
	.mainbar {
		margin: 0;
		padding-right: 1px;
	}
	.mainbar.has-sidebar {
		margin-left: 330px;
	}
	@media (min-width: 1511px) {
		.sidebar {
			width: 400px;
		}
		.bar-wrapper.has-sidebar {
			max-width: 1510px;
		}
		.mainbar.has-sidebar {
			margin-left: 410px;
		}
	}
	.section.first-section {
		margin-top: 9px;
	}
	.blocklink small {
		white-space: normal;
	}
	.button {
		vertical-align: middle;
	}
	.replay-controls {
		padding-top: 10px;
	}
	.replay-controls h1 {
		font-size: 16pt;
		font-weight: normal;
		color: #CCC;
	}
	.pagelink {
		text-align: center;
	}
	.pagelink a {
		width: 150px;
	}
	.textbox, .button {
		font-size: 11pt;
		vertical-align: middle;
	}
	@media (max-width: 450px) {
		.button {
			font-size: 9pt;
		}
	}
</style>

<div>

	<header>
		<div class="nav-wrapper"><ul class="nav">
			<li><a class="button nav-first" href="//pokemonshowdown.com/"><img src="//pokemonshowdown.com/images/pokemonshowdownbeta.png" srcset="//pokemonshowdown.com/images/pokemonshowdownbeta.png 1x, //pokemonshowdown.com/images/pokemonshowdownbeta@2x.png 2x" alt="Pok&eacute;mon Showdown" width="146" height="44" /> Home</a></li>
			<li><a class="button" href="//pokemonshowdown.com/dex/">Pok&eacute;dex</a></li>
			<li><a class="button cur" href="/">Replays</a></li>
			<li><a class="button" href="//pokemonshowdown.com/ladder/">Ladder</a></li>
			<li><a class="button nav-last" href="//pokemonshowdown.com/forums/">Forum</a></li>
			<li><a class="button greenbutton nav-first nav-last" href="//play.pokemonshowdown.com/">Play</a></li>
		</ul></div>
	</header>

	<div class="main" id="main">

		<noscript><section class="section">You need to enable JavaScript to use this page; sorry!</section></noscript>

	</div>

</div>

<script defer nomodule src="//play.pokemonshowdown.com/js/lib/ps-polyfill.js"></script>
<script defer src="//play.pokemonshowdown.com/js/lib/preact.min.js"></script>

<script defer src="//play.pokemonshowdown.com/config/config.js?2bddbc15"></script>
<script defer src="//play.pokemonshowdown.com/js/lib/jquery-1.11.0.min.js"></script>
<script defer src="//play.pokemonshowdown.com/js/lib/html-sanitizer-minified.js"></script>
<script defer src="//play.pokemonshowdown.com/js/battle-sound.js"></script>
<script defer src="//play.pokemonshowdown.com/js/battledata.js?0.7209276989879541"></script>
<script defer src="//play.pokemonshowdown.com/data/pokedex-mini.js?0.6111056340867951"></script>
<script defer src="//play.pokemonshowdown.com/data/pokedex-mini-bw.js?0.3532142036491459"></script>
<script defer src="//play.pokemonshowdown.com/data/graphics.js?0.24223875632456182"></script>
<script defer src="//play.pokemonshowdown.com/data/pokedex.js?0.38839984266356864"></script>
<script defer src="//play.pokemonshowdown.com/data/moves.js?0.21866028504024015"></script>
<script defer src="//play.pokemonshowdown.com/data/abilities.js?0.2005157953846628"></script>
<script defer src="//play.pokemonshowdown.com/data/items.js?0.9894211263848525"></script>
<script defer src="//play.pokemonshowdown.com/data/teambuilder-tables.js?0.6008791140282215"></script>
<script defer src="//play.pokemonshowdown.com/js/battle-tooltips.js?0.7580118955022959"></script>
<script defer src="//play.pokemonshowdown.com/js/battle.js?0.6057722274234274"></script>

<script defer src="js/utils.js?e31f9a17"></script>
<script defer src="js/replays-battle.js?7008c182"></script>

<!-- don't scrape this data! just add .json or .log after the URL!
Full API docs: https://github.com/smogon/pokemon-showdown-client/blob/master/WEB-API.md -->
<script type="text/plain" class="log" id="replaylog-smogtours-gen3ou-798657">
|inactive|Battle timer is ON: inactive players will automatically lose when time's up.
|t:|1728924526
|gametype|singles
|player|p1|jeem16|alder|
|player|p2|HoChi_Pro|170|
|teamsize|p1|6
|teamsize|p2|6
|gen|3
|tier|[Gen 3] OU
|rule|Sleep Clause Mod: Limit one foe put to sleep
|rule|Switch Priority Clause Mod: Faster Pokémon switch first
|rule|Species Clause: Limit one of each Pokémon
|rule|OHKO Clause: OHKO moves are banned
|rule|Evasion Items Clause: Evasion items are banned
|rule|Evasion Moves Clause: Evasion moves are banned
|rule|Endless Battle Clause: Forcing endless battles is banned
|rule|HP Percentage Mod: HP is shown in percentages
|rule|One Boost Passer Clause: Limit one Baton Passer that has a way to boost its stats
|rule|Freeze Clause Mod: Limit one foe frozen
|
|t:|1728924526
|start
|switch|p1a: Jimothy|Hariyama, F|100/100
|switch|p2a: Zapdos|Zapdos|100/100
|turn|1
|
|t:|1728924546
|move|p2a: Zapdos|Thunderbolt|p1a: Jimothy
|-damage|p1a: Jimothy|56/100
|move|p1a: Jimothy|Knock Off|p2a: Zapdos
|-damage|p2a: Zapdos|98/100
|-enditem|p2a: Zapdos|Leftovers|[from] move: Knock Off|[of] p1a: Jimothy
|-hint|In Gens 3-4, Knock Off only makes the target's item unusable; it cannot obtain a new item.
|
|-heal|p1a: Jimothy|62/100|[from] item: Leftovers
|upkeep
|turn|2
|
|t:|1728924564
|switch|p1a: Simian|Blissey, F|100/100
|move|p2a: Zapdos|Thunder Wave|p1a: Simian
|-status|p1a: Simian|par
|
|upkeep
|turn|3
|
|t:|1728924572
|switch|p2a: Metagross|Metagross|100/100
|move|p1a: Simian|Ice Beam|p2a: Metagross
|-resisted|p2a: Metagross
|-damage|p2a: Metagross|92/100
|
|upkeep
|turn|4
|inactive|jeem16 has 270 seconds left.
|
|t:|1728924614
|-curestatus|p1a: Simian|par|[from] ability: Natural Cure
|switch|p1a: Kalaveet|Claydol|100/100
|move|p2a: Metagross|Meteor Mash|p1a: Kalaveet
|-damage|p1a: Kalaveet|0 fnt
|faint|p1a: Kalaveet
|inactive|jeem16 has 240 seconds left.
|
|t:|1728924644
|switch|p1a: Callous|Jirachi|100/100
|
|upkeep
|turn|5
|inactive|jeem16 has 240 seconds left.
|
|t:|1728924666
|switch|p2a: Zapdos|Zapdos|98/100
|move|p1a: Callous|Toxic|p2a: Zapdos
|-status|p2a: Zapdos|tox
|
|-damage|p2a: Zapdos|92/100 tox|[from] psn
|upkeep
|turn|6
|
|t:|1728924692
|move|p2a: Zapdos|Baton Pass|p2a: Zapdos
|inactive|HoChi_Pro has 270 seconds left.
|
|t:|1728924707
|switch|p2a: Metagross|Metagross|92/100|[from] Baton Pass
|move|p1a: Callous|Wish|p1a: Callous
|
|upkeep
|turn|7
|inactive|HoChi_Pro has 270 seconds left.
|inactive|jeem16 has 210 seconds left.
|inactive|jeem16 has 180 seconds left.
|
|t:|1728924765
|switch|p1a: LRXC|Suicune|100/100
|move|p2a: Metagross|Earthquake|p1a: LRXC
|-damage|p1a: LRXC|65/100
|
|-heal|p1a: LRXC|100/100|[from] move: Wish|[wisher] Callous
|upkeep
|turn|8
|inactive|jeem16 has 180 seconds left.
|inactive|HoChi_Pro has 270 seconds left.
|
|t:|1728924784
|switch|p2a: Milotic|Milotic, F|100/100
|move|p1a: LRXC|Surf|p2a: Milotic
|-resisted|p2a: Milotic
|-damage|p2a: Milotic|90/100
|
|-heal|p2a: Milotic|96/100|[from] item: Leftovers
|upkeep
|turn|9
|inactive|jeem16 has 180 seconds left.
|inactive|HoChi_Pro has 270 seconds left.
|
|t:|1728924795
|switch|p1a: Callous|Jirachi|100/100
|move|p2a: Milotic|Toxic|p1a: Callous
|-immune|p1a: Callous
|
|-heal|p2a: Milotic|100/100|[from] item: Leftovers
|upkeep
|turn|10
|inactive|jeem16 has 180 seconds left.
|inactive|HoChi_Pro has 270 seconds left.
|
|t:|1728924811
|move|p1a: Callous|Wish|p1a: Callous
|move|p2a: Milotic|Surf|p1a: Callous
|-damage|p1a: Callous|81/100
|
|-heal|p1a: Callous|87/100|[from] item: Leftovers
|upkeep
|turn|11
|
|t:|1728924817
|switch|p1a: Jimothy|Hariyama, F|62/100
|move|p2a: Milotic|Toxic|p1a: Jimothy
|-status|p1a: Jimothy|tox
|
|-heal|p1a: Jimothy|100/100 tox|[from] move: Wish|[wisher] Callous
|-damage|p1a: Jimothy|94/100 tox|[from] psn
|upkeep
|turn|12
|inactive|HoChi_Pro has 270 seconds left.
|inactive|jeem16 has 180 seconds left.
|
|t:|1728924852
|switch|p1a: Callous|Jirachi|87/100
|move|p2a: Milotic|Surf|p1a: Callous
|-damage|p1a: Callous|64/100
|
|-heal|p1a: Callous|71/100|[from] item: Leftovers
|upkeep
|turn|13
|inactive|HoChi_Pro has 240 seconds left.
|
|t:|1728924871
|switch|p2a: Zapdos|Zapdos|92/100 tox
|move|p1a: Callous|Wish|p1a: Callous
|
|-damage|p2a: Zapdos|86/100 tox|[from] psn
|-heal|p1a: Callous|77/100|[from] item: Leftovers
|upkeep
|turn|14
|
|t:|1728924880
|move|p1a: Callous|Protect|p1a: Callous
|-singleturn|p1a: Callous|Protect
|move|p2a: Zapdos|Thunder Wave|p1a: Callous
|-activate|p1a: Callous|Protect
|
|-heal|p1a: Callous|100/100|[from] move: Wish|[wisher] Callous
|-damage|p2a: Zapdos|73/100 tox|[from] psn
|upkeep
|turn|15
|inactive|jeem16 has 180 seconds left.
|
|t:|1728924893
|switch|p1a: Simian|Blissey, F|100/100
|move|p2a: Zapdos|Baton Pass|p2a: Zapdos
|
|t:|1728924909
|switch|p2a: Forretress|Forretress, M|100/100|[from] Baton Pass
|
|upkeep
|turn|16
|inactive|jeem16 has 180 seconds left.
|
|t:|1728924925
|switch|p1a: Callous|Jirachi|100/100
|move|p2a: Forretress|Spikes|p1a: Callous
|-sidestart|p1: jeem16|Spikes
|
|upkeep
|turn|17
|inactive|jeem16 has 180 seconds left.
|
|t:|1728924933
|switch|p2a: Milotic|Milotic, F|100/100
|move|p1a: Callous|Protect||[still]
|-fail|p1a: Callous
|
|upkeep
|turn|18
|
|t:|1728924940
|move|p1a: Callous|Toxic|p2a: Milotic
|-status|p2a: Milotic|tox
|move|p2a: Milotic|Surf|p1a: Callous
|-damage|p1a: Callous|80/100
|
|-heal|p1a: Callous|86/100|[from] item: Leftovers
|-damage|p2a: Milotic|94/100 tox|[from] psn
|upkeep
|turn|19
|
|t:|1728924945
|move|p1a: Callous|Fire Punch|p2a: Milotic
|-resisted|p2a: Milotic
|-damage|p2a: Milotic|89/100 tox
|move|p2a: Milotic|Refresh|p2a: Milotic
|-curestatus|p2a: Milotic|tox|[msg]
|
|-heal|p1a: Callous|92/100|[from] item: Leftovers
|-heal|p2a: Milotic|95/100|[from] item: Leftovers
|upkeep
|turn|20
|
|t:|1728924949
|move|p1a: Callous|Toxic|p2a: Milotic
|-status|p2a: Milotic|tox
|move|p2a: Milotic|Surf|p1a: Callous
|-damage|p1a: Callous|71/100
|
|-heal|p1a: Callous|77/100|[from] item: Leftovers
|-heal|p2a: Milotic|100/100 tox|[from] item: Leftovers
|-damage|p2a: Milotic|94/100 tox|[from] psn
|upkeep
|turn|21
|
|t:|1728924955
|move|p1a: Callous|Wish|p1a: Callous
|move|p2a: Milotic|Refresh|p2a: Milotic
|-curestatus|p2a: Milotic|tox|[msg]
|
|-heal|p1a: Callous|83/100|[from] item: Leftovers
|-heal|p2a: Milotic|100/100|[from] item: Leftovers
|upkeep
|turn|22
|
|t:|1728924958
|move|p1a: Callous|Toxic|p2a: Milotic
|-status|p2a: Milotic|tox
|move|p2a: Milotic|Toxic|p1a: Callous
|-immune|p1a: Callous
|
|-heal|p1a: Callous|100/100|[from] move: Wish|[wisher] Callous
|-damage|p2a: Milotic|94/100 tox|[from] psn
|upkeep
|turn|23
|
|t:|1728924963
|move|p1a: Callous|Wish|p1a: Callous
|move|p2a: Milotic|Refresh|p2a: Milotic
|-curestatus|p2a: Milotic|tox|[msg]
|
|-heal|p2a: Milotic|100/100|[from] item: Leftovers
|upkeep
|turn|24
|inactive|jeem16 has 240 seconds left.
|
|t:|1728924975
|switch|p1a: Jimothy|Hariyama, F|94/100 tox
|-damage|p1a: Jimothy|82/100 tox|[from] Spikes
|move|p2a: Milotic|Toxic|p1a: Jimothy
|-fail|p1a: Jimothy|tox
|
|-heal|p1a: Jimothy|100/100 tox|[from] move: Wish|[wisher] Callous
|-damage|p1a: Jimothy|94/100 tox|[from] psn
|upkeep
|turn|25
|
|t:|1728924981
|move|p2a: Milotic|Surf|p1a: Jimothy
|-damage|p1a: Jimothy|66/100 tox
|move|p1a: Jimothy|Knock Off|p2a: Milotic
|-damage|p2a: Milotic|99/100
|-enditem|p2a: Milotic|Leftovers|[from] move: Knock Off|[of] p1a: Jimothy
|
|-heal|p1a: Jimothy|72/100 tox|[from] item: Leftovers
|-damage|p1a: Jimothy|60/100 tox|[from] psn
|upkeep
|turn|26
|
|t:|1728924992
|switch|p1a: Callous|Jirachi|100/100
|-damage|p1a: Callous|88/100|[from] Spikes
|move|p2a: Milotic|Surf|p1a: Callous
|-crit|p1a: Callous
|-damage|p1a: Callous|44/100
|
|-heal|p1a: Callous|50/100|[from] item: Leftovers
|upkeep
|turn|27
|
|t:|1728925005
|switch|p2a: Celebi|Celebi|100/100
|move|p1a: Callous|Wish|p1a: Callous
|
|-heal|p1a: Callous|57/100|[from] item: Leftovers
|upkeep
|turn|28
|
|t:|1728925011
|move|p2a: Celebi|Calm Mind|p2a: Celebi
|-boost|p2a: Celebi|spa|1
|-boost|p2a: Celebi|spd|1
|move|p1a: Callous|Toxic|p2a: Celebi
|-status|p2a: Celebi|tox
|
|-heal|p1a: Callous|100/100|[from] move: Wish|[wisher] Callous
|-damage|p2a: Celebi|94/100 tox|[from] psn
|upkeep
|turn|29
|
|t:|1728925021
|move|p2a: Celebi|Baton Pass|p2a: Celebi
|
|t:|1728925027
|-curestatus|p2a: Celebi|tox|[from] ability: Natural Cure
|switch|p2a: Milotic|Milotic, F|99/100|[from] Baton Pass
|move|p1a: Callous|Wish|p1a: Callous
|
|upkeep
|turn|30
|
|t:|1728925037
|move|p1a: Callous|Toxic|p2a: Milotic
|-status|p2a: Milotic|tox
|move|p2a: Milotic|Refresh|p2a: Milotic
|-curestatus|p2a: Milotic|tox|[msg]
|
|upkeep
|turn|31
|
|t:|1728925048
|move|p1a: Callous|Wish|p1a: Callous
|move|p2a: Milotic|Surf|p1a: Callous
|-crit|p1a: Callous
|-damage|p1a: Callous|35/100
|
|-heal|p1a: Callous|41/100|[from] item: Leftovers
|upkeep
|turn|32
|
|t:|1728925054
|move|p1a: Callous|Protect|p1a: Callous
|-singleturn|p1a: Callous|Protect
|move|p2a: Milotic|Recover|p2a: Milotic
|-heal|p2a: Milotic|100/100
|
|-heal|p1a: Callous|91/100|[from] move: Wish|[wisher] Callous
|-heal|p1a: Callous|97/100|[from] item: Leftovers
|upkeep
|turn|33
|
|t:|1728925057
|switch|p1a: LRXC|Suicune|100/100
|-damage|p1a: LRXC|88/100|[from] Spikes
|move|p2a: Milotic|Surf|p1a: LRXC
|-resisted|p1a: LRXC
|-damage|p1a: LRXC|70/100
|
|-heal|p1a: LRXC|77/100|[from] item: Leftovers
|upkeep
|turn|34
|
|t:|1728925062
|move|p1a: LRXC|Surf|p2a: Milotic
|-resisted|p2a: Milotic
|-damage|p2a: Milotic|93/100
|move|p2a: Milotic|Toxic|p1a: LRXC
|-status|p1a: LRXC|tox
|
|-heal|p1a: LRXC|83/100 tox|[from] item: Leftovers
|-damage|p1a: LRXC|77/100 tox|[from] psn
|upkeep
|turn|35
|
|t:|1728925068
|switch|p2a: Celebi|Celebi|94/100
|move|p1a: LRXC|Rest|p1a: LRXC
|-status|p1a: LRXC|slp|[from] move: Rest
|-heal|p1a: LRXC|100/100 slp|[silent]
|
|-heal|p2a: Celebi|100/100|[from] item: Leftovers
|upkeep
|turn|36
|
|t:|1728925084
|move|p2a: Celebi|Calm Mind|p2a: Celebi
|-boost|p2a: Celebi|spa|1
|-boost|p2a: Celebi|spd|1
|cant|p1a: LRXC|slp
|move|p1a: LRXC|Sleep Talk|p1a: LRXC
|move|p1a: LRXC|Calm Mind|p1a: LRXC|[from]Sleep Talk
|-boost|p1a: LRXC|spa|1
|-boost|p1a: LRXC|spd|1
|
|upkeep
|turn|37
|
|t:|1728925088
|move|p2a: Celebi|Calm Mind|p2a: Celebi
|-boost|p2a: Celebi|spa|1
|-boost|p2a: Celebi|spd|1
|cant|p1a: LRXC|slp
|move|p1a: LRXC|Sleep Talk|p1a: LRXC
|move|p1a: LRXC|Surf|p2a: Celebi|[from]Sleep Talk
|-resisted|p2a: Celebi
|-damage|p2a: Celebi|92/100
|
|-heal|p2a: Celebi|98/100|[from] item: Leftovers
|upkeep
|turn|38
|
|t:|1728925109
|switch|p1a: Callous|Jirachi|97/100
|-damage|p1a: Callous|85/100|[from] Spikes
|move|p2a: Celebi|Calm Mind|p2a: Celebi
|-boost|p2a: Celebi|spa|1
|-boost|p2a: Celebi|spd|1
|
|-heal|p2a: Celebi|100/100|[from] item: Leftovers
|-heal|p1a: Callous|91/100|[from] item: Leftovers
|upkeep
|turn|39
|
|t:|1728925129
|move|p2a: Celebi|Hidden Power|p1a: Callous
|-resisted|p1a: Callous
|-damage|p1a: Callous|77/100
|move|p1a: Callous|Fire Punch|p2a: Celebi
|-supereffective|p2a: Celebi
|-damage|p2a: Celebi|88/100
|
|-heal|p2a: Celebi|94/100|[from] item: Leftovers
|-heal|p1a: Callous|83/100|[from] item: Leftovers
|upkeep
|turn|40
|
|t:|1728925139
|move|p2a: Celebi|Baton Pass|p2a: Celebi
|
|t:|1728925151
|switch|p2a: Salamence|Salamence, M|100/100|[from] Baton Pass
|-ability|p2a: Salamence|Intimidate|boost
|-unboost|p1a: Callous|atk|1
|move|p1a: Callous|Fire Punch|p2a: Salamence
|-resisted|p2a: Salamence
|-damage|p2a: Salamence|96/100
|
|-heal|p2a: Salamence|100/100|[from] item: Leftovers
|-heal|p1a: Callous|90/100|[from] item: Leftovers
|upkeep
|turn|41
|
|t:|1728925160
|move|p1a: Callous|Protect|p1a: Callous
|-singleturn|p1a: Callous|Protect
|move|p2a: Salamence|Fire Blast|p1a: Callous
|-activate|p1a: Callous|Protect
|
|-heal|p1a: Callous|96/100|[from] item: Leftovers
|upkeep
|turn|42
|
|t:|1728925185
|switch|p1a: Simian|Blissey, F|100/100
|-damage|p1a: Simian|88/100|[from] Spikes
|move|p2a: Salamence|Fire Blast|p1a: Simian
|-damage|p1a: Simian|55/100
|
|-heal|p1a: Simian|61/100|[from] item: Leftovers
|upkeep
|turn|43
|
|t:|1728925194
|move|p2a: Salamence|Brick Break|p1a: Simian
|-supereffective|p1a: Simian
|-damage|p1a: Simian|24/100
|move|p1a: Simian|Soft-Boiled|p1a: Simian
|-heal|p1a: Simian|74/100
|
|-heal|p1a: Simian|80/100|[from] item: Leftovers
|upkeep
|turn|44
|
|t:|1728925205
|switch|p2a: Metagross|Metagross|92/100
|move|p1a: Simian|Ice Beam|p2a: Metagross
|-resisted|p2a: Metagross
|-damage|p2a: Metagross|82/100
|
|-heal|p1a: Simian|86/100|[from] item: Leftovers
|upkeep
|turn|45
|
|t:|1728925214
|switch|p1a: LRXC|Suicune|100/100 slp
|-damage|p1a: LRXC|88/100 slp|[from] Spikes
|move|p2a: Metagross|Meteor Mash|p1a: LRXC
|-resisted|p1a: LRXC
|-damage|p1a: LRXC|64/100 slp
|
|-heal|p1a: LRXC|70/100 slp|[from] item: Leftovers
|upkeep
|turn|46
|
|t:|1728925230
|switch|p2a: Celebi|Celebi|94/100
|cant|p1a: LRXC|slp
|
|-heal|p2a: Celebi|99/100|[from] item: Leftovers
|-heal|p1a: LRXC|76/100 slp|[from] item: Leftovers
|upkeep
|turn|47
|
|t:|1728925236
|switch|p1a: Callous|Jirachi|96/100
|-damage|p1a: Callous|83/100|[from] Spikes
|move|p2a: Celebi|Calm Mind|p2a: Celebi
|-boost|p2a: Celebi|spa|1
|-boost|p2a: Celebi|spd|1
|
|-heal|p2a: Celebi|100/100|[from] item: Leftovers
|-heal|p1a: Callous|90/100|[from] item: Leftovers
|upkeep
|turn|48
|
|t:|1728925241
|move|p2a: Celebi|Calm Mind|p2a: Celebi
|-boost|p2a: Celebi|spa|1
|-boost|p2a: Celebi|spd|1
|move|p1a: Callous|Fire Punch|p2a: Celebi
|-supereffective|p2a: Celebi
|-damage|p2a: Celebi|86/100
|
|-heal|p2a: Celebi|92/100|[from] item: Leftovers
|-heal|p1a: Callous|96/100|[from] item: Leftovers
|upkeep
|turn|49
|
|t:|1728925245
|move|p2a: Celebi|Calm Mind|p2a: Celebi
|-boost|p2a: Celebi|spa|1
|-boost|p2a: Celebi|spd|1
|move|p1a: Callous|Fire Punch|p2a: Celebi
|-supereffective|p2a: Celebi
|-damage|p2a: Celebi|79/100
|-status|p2a: Celebi|brn
|
|-heal|p2a: Celebi|85/100 brn|[from] item: Leftovers
|-damage|p2a: Celebi|73/100 brn|[from] brn
|-heal|p1a: Callous|100/100|[from] item: Leftovers
|upkeep
|turn|50
|
|t:|1728925249
|move|p2a: Celebi|Calm Mind|p2a: Celebi
|-boost|p2a: Celebi|spa|1
|-boost|p2a: Celebi|spd|1
|move|p1a: Callous|Toxic||[still]
|-fail|p1a: Callous
|
|-heal|p2a: Celebi|79/100 brn|[from] item: Leftovers
|-damage|p2a: Celebi|66/100 brn|[from] brn
|upkeep
|turn|51
|
|t:|1728925261
|switch|p1a: Jimothy|Hariyama, F|60/100 tox
|-damage|p1a: Jimothy|47/100 tox|[from] Spikes
|move|p2a: Celebi|Baton Pass|p2a: Celebi
|
|t:|1728925286
|-curestatus|p2a: Celebi|brn|[from] ability: Natural Cure
|switch|p2a: Salamence|Salamence, M|100/100|[from] Baton Pass
|-ability|p2a: Salamence|Intimidate|boost
|-unboost|p1a: Jimothy|atk|1
|
|-heal|p1a: Jimothy|53/100 tox|[from] item: Leftovers
|-damage|p1a: Jimothy|47/100 tox|[from] psn
|upkeep
|turn|52
|
|t:|1728925298
|switch|p1a: Gold|Salamence, M|100/100
|-ability|p1a: Gold|Intimidate|boost
|-unboost|p2a: Salamence|atk|1
|move|p2a: Salamence|Dragon Claw|p1a: Gold
|-supereffective|p1a: Gold
|-damage|p1a: Gold|0 fnt
|faint|p1a: Gold
|
|t:|1728925302
|switch|p1a: Simian|Blissey, F|86/100
|-damage|p1a: Simian|74/100|[from] Spikes
|
|-heal|p1a: Simian|80/100|[from] item: Leftovers
|upkeep
|turn|53
|
|t:|1728925317
|switch|p2a: Milotic|Milotic, F|93/100
|move|p1a: Simian|Ice Beam|p2a: Milotic
|-resisted|p2a: Milotic
|-damage|p2a: Milotic|87/100
|
|-heal|p1a: Simian|86/100|[from] item: Leftovers
|upkeep
|turn|54
|
|t:|1728925321
|move|p2a: Milotic|Toxic|p1a: Simian
|-status|p1a: Simian|tox
|move|p1a: Simian|Calm Mind|p1a: Simian
|-boost|p1a: Simian|spa|1
|-boost|p1a: Simian|spd|1
|
|-heal|p1a: Simian|93/100 tox|[from] item: Leftovers
|-damage|p1a: Simian|86/100 tox|[from] psn
|upkeep
|turn|55
|
|t:|1728925329
|move|p2a: Milotic|Surf|p1a: Simian
|-damage|p1a: Simian|78/100 tox
|move|p1a: Simian|Thunderbolt|p2a: Milotic
|-supereffective|p2a: Milotic
|-damage|p2a: Milotic|52/100
|
|-heal|p1a: Simian|84/100 tox|[from] item: Leftovers
|-damage|p1a: Simian|72/100 tox|[from] psn
|upkeep
|turn|56
|
|t:|1728925332
|move|p2a: Milotic|Recover|p2a: Milotic
|-heal|p2a: Milotic|100/100
|move|p1a: Simian|Thunderbolt|p2a: Milotic
|-supereffective|p2a: Milotic
|-damage|p2a: Milotic|66/100
|-status|p2a: Milotic|par
|
|-heal|p1a: Simian|78/100 tox|[from] item: Leftovers
|-damage|p1a: Simian|59/100 tox|[from] psn
|upkeep
|turn|57
|
|t:|1728925337
|move|p1a: Simian|Soft-Boiled|p1a: Simian
|-heal|p1a: Simian|100/100 tox
|cant|p2a: Milotic|par
|
|-damage|p1a: Simian|76/100 tox|[from] psn
|upkeep
|turn|58
|
|t:|1728925343
|-curestatus|p1a: Simian|tox|[from] ability: Natural Cure
|switch|p1a: LRXC|Suicune|76/100 slp
|-damage|p1a: LRXC|64/100 slp|[from] Spikes
|switch|p2a: Forretress|Forretress, M|100/100
|
|-heal|p1a: LRXC|70/100 slp|[from] item: Leftovers
|upkeep
|turn|59
|
|t:|1728925351
|switch|p1a: Callous|Jirachi|100/100
|-damage|p1a: Callous|88/100|[from] Spikes
|move|p2a: Forretress|Spikes|p1a: Callous
|-sidestart|p1: jeem16|Spikes
|
|-heal|p1a: Callous|94/100|[from] item: Leftovers
|upkeep
|turn|60
|
|t:|1728925355
|move|p1a: Callous|Fire Punch|p2a: Forretress
|-supereffective|p2a: Forretress
|-damage|p2a: Forretress|37/100
|move|p2a: Forretress|Spikes|p1a: Callous
|-sidestart|p1: jeem16|Spikes
|
|-heal|p1a: Callous|100/100|[from] item: Leftovers
|-heal|p2a: Forretress|43/100|[from] item: Leftovers
|upkeep
|turn|61
|
|t:|1728925362
|switch|p2a: Salamence|Salamence, M|100/100
|-ability|p2a: Salamence|Intimidate|boost
|-unboost|p1a: Callous|atk|1
|move|p1a: Callous|Fire Punch|p2a: Salamence
|-resisted|p2a: Salamence
|-damage|p2a: Salamence|88/100
|-status|p2a: Salamence|brn
|
|-heal|p2a: Salamence|94/100 brn|[from] item: Leftovers
|-damage|p2a: Salamence|81/100 brn|[from] brn
|upkeep
|turn|62
|
|t:|1728925370
|switch|p2a: Milotic|Milotic, F|66/100 par
|switch|p1a: Simian|Blissey, F|76/100
|-damage|p1a: Simian|51/100|[from] Spikes
|
|-heal|p1a: Simian|57/100|[from] item: Leftovers
|upkeep
|turn|63
|
|t:|1728925373
|move|p1a: Simian|Soft-Boiled|p1a: Simian
|-heal|p1a: Simian|100/100
|cant|p2a: Milotic|par
|
|upkeep
|turn|64
|
|t:|1728925377
|move|p1a: Simian|Thunderbolt|p2a: Milotic
|-supereffective|p2a: Milotic
|-damage|p2a: Milotic|42/100 par
|move|p2a: Milotic|Toxic|p1a: Simian
|-status|p1a: Simian|tox
|
|-damage|p1a: Simian|94/100 tox|[from] psn
|upkeep
|turn|65
|
|t:|1728925381
|move|p1a: Simian|Thunderbolt|p2a: Milotic
|-supereffective|p2a: Milotic
|-damage|p2a: Milotic|16/100 par
|move|p2a: Milotic|Recover|p2a: Milotic
|-heal|p2a: Milotic|66/100 par
|
|-heal|p1a: Simian|100/100 tox|[from] item: Leftovers
|-damage|p1a: Simian|88/100 tox|[from] psn
|upkeep
|turn|66
|
|t:|1728925388
|-curestatus|p1a: Simian|tox|[from] ability: Natural Cure
|switch|p1a: LRXC|Suicune|70/100 slp
|-damage|p1a: LRXC|45/100 slp|[from] Spikes
|move|p2a: Milotic|Refresh|p2a: Milotic
|-curestatus|p2a: Milotic|par|[msg]
|
|-heal|p1a: LRXC|51/100 slp|[from] item: Leftovers
|upkeep
|turn|67
|
|t:|1728925399
|switch|p2a: Celebi|Celebi|66/100
|cant|p1a: LRXC|slp
|move|p1a: LRXC|Sleep Talk|p1a: LRXC
|move|p1a: LRXC|Rest|p1a: LRXC|[from]Sleep Talk
|
|-heal|p2a: Celebi|73/100|[from] item: Leftovers
|-heal|p1a: LRXC|58/100 slp|[from] item: Leftovers
|upkeep
|turn|68
|
|t:|1728925403
|move|p2a: Celebi|Calm Mind|p2a: Celebi
|-boost|p2a: Celebi|spa|1
|-boost|p2a: Celebi|spd|1
|-curestatus|p1a: LRXC|slp|[msg]
|move|p1a: LRXC|Sleep Talk|p1a: LRXC
|
|-heal|p2a: Celebi|79/100|[from] item: Leftovers
|-heal|p1a: LRXC|64/100|[from] item: Leftovers
|upkeep
|turn|69
|
|t:|1728925405
|move|p2a: Celebi|Calm Mind|p2a: Celebi
|-boost|p2a: Celebi|spa|1
|-boost|p2a: Celebi|spd|1
|move|p1a: LRXC|Calm Mind|p1a: LRXC
|-boost|p1a: LRXC|spa|1
|-boost|p1a: LRXC|spd|1
|
|-heal|p2a: Celebi|85/100|[from] item: Leftovers
|-heal|p1a: LRXC|70/100|[from] item: Leftovers
|upkeep
|turn|70
|
|t:|1728925410
|move|p2a: Celebi|Calm Mind|p2a: Celebi
|-boost|p2a: Celebi|spa|1
|-boost|p2a: Celebi|spd|1
|move|p1a: LRXC|Calm Mind|p1a: LRXC
|-boost|p1a: LRXC|spa|1
|-boost|p1a: LRXC|spd|1
|
|-heal|p2a: Celebi|91/100|[from] item: Leftovers
|-heal|p1a: LRXC|76/100|[from] item: Leftovers
|upkeep
|turn|71
|
|t:|1728925414
|move|p2a: Celebi|Calm Mind|p2a: Celebi
|-boost|p2a: Celebi|spa|1
|-boost|p2a: Celebi|spd|1
|move|p1a: LRXC|Calm Mind|p1a: LRXC
|-boost|p1a: LRXC|spa|1
|-boost|p1a: LRXC|spd|1
|
|-heal|p2a: Celebi|97/100|[from] item: Leftovers
|-heal|p1a: LRXC|82/100|[from] item: Leftovers
|upkeep
|turn|72
|
|t:|1728925417
|move|p2a: Celebi|Calm Mind|p2a: Celebi
|-boost|p2a: Celebi|spa|1
|-boost|p2a: Celebi|spd|1
|move|p1a: LRXC|Calm Mind|p1a: LRXC
|-boost|p1a: LRXC|spa|1
|-boost|p1a: LRXC|spd|1
|
|-heal|p2a: Celebi|100/100|[from] item: Leftovers
|-heal|p1a: LRXC|89/100|[from] item: Leftovers
|upkeep
|turn|73
|
|t:|1728925418
|move|p2a: Celebi|Calm Mind|p2a: Celebi
|-boost|p2a: Celebi|spa|1
|-boost|p2a: Celebi|spd|1
|move|p1a: LRXC|Calm Mind|p1a: LRXC
|-boost|p1a: LRXC|spa|1
|-boost|p1a: LRXC|spd|1
|
|-heal|p1a: LRXC|95/100|[from] item: Leftovers
|upkeep
|turn|74
|
|t:|1728925421
|move|p2a: Celebi|Baton Pass|p2a: Celebi
|
|t:|1728925427
|switch|p2a: Milotic|Milotic, F|66/100|[from] Baton Pass
|move|p1a: LRXC|Calm Mind|p1a: LRXC
|-boost|p1a: LRXC|spa|1
|-boost|p1a: LRXC|spd|1
|
|-heal|p1a: LRXC|100/100|[from] item: Leftovers
|upkeep
|turn|75
|
|t:|1728925431
|move|p1a: LRXC|Surf|p2a: Milotic
|-resisted|p2a: Milotic
|-damage|p2a: Milotic|55/100
|move|p2a: Milotic|Toxic|p1a: LRXC
|-status|p1a: LRXC|tox
|
|-damage|p1a: LRXC|94/100 tox|[from] psn
|upkeep
|turn|76
|
|t:|1728925435
|move|p1a: LRXC|Surf|p2a: Milotic
|-resisted|p2a: Milotic
|-damage|p2a: Milotic|44/100
|move|p2a: Milotic|Recover|p2a: Milotic
|-heal|p2a: Milotic|94/100
|
|-heal|p1a: LRXC|100/100 tox|[from] item: Leftovers
|-damage|p1a: LRXC|88/100 tox|[from] psn
|upkeep
|turn|77
|
|t:|1728925441
|move|p1a: LRXC|Surf|p2a: Milotic
|-resisted|p2a: Milotic
|-damage|p2a: Milotic|82/100
|move|p2a: Milotic|Surf|p1a: LRXC
|-resisted|p1a: LRXC
|-damage|p1a: LRXC|77/100 tox
|
|-heal|p1a: LRXC|83/100 tox|[from] item: Leftovers
|-damage|p1a: LRXC|64/100 tox|[from] psn
|upkeep
|turn|78
|
|t:|1728925449
|move|p1a: LRXC|Surf|p2a: Milotic
|-resisted|p2a: Milotic
|-damage|p2a: Milotic|73/100
|move|p2a: Milotic|Recover|p2a: Milotic
|-heal|p2a: Milotic|100/100
|
|-heal|p1a: LRXC|70/100 tox|[from] item: Leftovers
|-damage|p1a: LRXC|46/100 tox|[from] psn
|upkeep
|turn|79
|
|t:|1728925452
|move|p1a: LRXC|Rest|p1a: LRXC
|-status|p1a: LRXC|slp|[from] move: Rest
|-heal|p1a: LRXC|100/100 slp|[silent]
|move|p2a: Milotic|Toxic||[still]
|-fail|p2a: Milotic
|
|upkeep
|turn|80
|
|t:|1728925459
|switch|p2a: Metagross|Metagross|82/100
|cant|p1a: LRXC|slp
|
|upkeep
|turn|81
|
|t:|1728925464
|cant|p1a: LRXC|slp
|move|p1a: LRXC|Sleep Talk|p1a: LRXC
|move|p1a: LRXC|Calm Mind|p1a: LRXC|[from]Sleep Talk
|-boost|p1a: LRXC|spa|0
|-boost|p1a: LRXC|spd|0
|move|p2a: Metagross|Earthquake|p1a: LRXC
|-damage|p1a: LRXC|65/100 slp
|
|-heal|p1a: LRXC|71/100 slp|[from] item: Leftovers
|upkeep
|turn|82
|
|t:|1728925473
|-curestatus|p1a: LRXC|slp|[msg]
|move|p1a: LRXC|Surf|p2a: Metagross
|-damage|p2a: Metagross|0 fnt
|faint|p2a: Metagross
|
|t:|1728925480
|switch|p2a: Milotic|Milotic, F|100/100
|
|-heal|p1a: LRXC|77/100|[from] item: Leftovers
|upkeep
|turn|83
|
|t:|1728925484
|move|p1a: LRXC|Surf|p2a: Milotic
|-resisted|p2a: Milotic
|-damage|p2a: Milotic|60/100
|move|p2a: Milotic|Toxic|p1a: LRXC|[miss]
|-miss|p2a: Milotic|p1a: LRXC
|
|-heal|p1a: LRXC|83/100|[from] item: Leftovers
|upkeep
|turn|84
|
|t:|1728925489
|move|p1a: LRXC|Surf|p2a: Milotic
|-resisted|p2a: Milotic
|-damage|p2a: Milotic|16/100
|move|p2a: Milotic|Recover|p2a: Milotic
|-heal|p2a: Milotic|66/100
|
|-heal|p1a: LRXC|89/100|[from] item: Leftovers
|upkeep
|turn|85
|
|t:|1728925494
|move|p1a: LRXC|Surf|p2a: Milotic
|-resisted|p2a: Milotic
|-crit|p2a: Milotic
|-damage|p2a: Milotic|0 fnt
|faint|p2a: Milotic
|
|t:|1728925497
|switch|p2a: Celebi|Celebi|100/100
|
|-heal|p1a: LRXC|96/100|[from] item: Leftovers
|upkeep
|turn|86
|
|t:|1728925504
|move|p2a: Celebi|Calm Mind|p2a: Celebi
|-boost|p2a: Celebi|spa|1
|-boost|p2a: Celebi|spd|1
|move|p1a: LRXC|Surf|p2a: Celebi
|-resisted|p2a: Celebi
|-crit|p2a: Celebi
|-damage|p2a: Celebi|0 fnt
|faint|p2a: Celebi
|
|t:|1728925512
|switch|p2a: Zapdos|Zapdos|73/100 tox
|
|-damage|p2a: Zapdos|67/100 tox|[from] psn
|-heal|p1a: LRXC|100/100|[from] item: Leftovers
|upkeep
|turn|87
|c|☆jeem16|sorry man
|c|☆jeem16|those crits
|c|☆HoChi_Pro|I can't beleive I threw
|
|t:|1728925525
|move|p2a: Zapdos|Thunderbolt|p1a: LRXC
|-supereffective|p1a: LRXC
|-damage|p1a: LRXC|80/100
|move|p1a: LRXC|Surf|p2a: Zapdos
|-damage|p2a: Zapdos|0 fnt
|faint|p2a: Zapdos
|
|t:|1728925532
|switch|p2a: Salamence|Salamence, M|81/100 brn
|-ability|p2a: Salamence|Intimidate|boost
|-unboost|p1a: LRXC|atk|1
|
|-heal|p2a: Salamence|87/100 brn|[from] item: Leftovers
|-damage|p2a: Salamence|75/100 brn|[from] brn
|-heal|p1a: LRXC|86/100|[from] item: Leftovers
|upkeep
|turn|88
|
|t:|1728925535
|move|p2a: Salamence|Hidden Power|p1a: LRXC
|-supereffective|p1a: LRXC
|-damage|p1a: LRXC|78/100
|move|p1a: LRXC|Surf|p2a: Salamence
|-resisted|p2a: Salamence
|-damage|p2a: Salamence|0 fnt
|faint|p2a: Salamence
|
|t:|1728925537
|switch|p2a: Forretress|Forretress, M|43/100
|
|-heal|p1a: LRXC|84/100|[from] item: Leftovers
|-heal|p2a: Forretress|49/100|[from] item: Leftovers
|upkeep
|turn|89
|
|t:|1728925540
|move|p1a: LRXC|Surf|p2a: Forretress
|-damage|p2a: Forretress|0 fnt
|faint|p2a: Forretress
|
|win|jeem16
|c|☆jeem16|ggwp
|c|☆HoChi_Pro|u2

</script>
<script type="application/json" class="data" id="replaydata-smogtours-gen3ou-798657">
{"id":"smogtours-gen3ou-798657","format":"[Gen 3] OU","players":["jeem16","HoChi_Pro"],"uploadtime":1728925540,"views":89,"formatid":"gen3ou","rating":null,"private":0,"password":null}
</script>

<script defer src="js/replays.js?9d40a366"></script>
