<!DOCTYPE html>
<meta charset="utf-8" />
<meta name="viewport" content="width=device-width" />

<title>[Gen 3] OU: I&#039;m the Dome Ace vs. Xenocles - Replays - Pok&eacute;mon Showdown!</title>

<meta name="description" content="Watch a replay of a Pok&eacute;mon battle between I&#039;m the Dome Ace and Xenocles! Format: [Gen 3] OU; Date: Oct 25, 2024" />
<!--

Hey, you! Looking in the source for the replay log?

You can find them in JSON format, just add `.json` at the end of a replay URL.

https://replay.pokemonshowdown.com/gen7randomdoublesbattle-865046831.json

Or, if you only need the log itself, add `.log` instead:

https://replay.pokemonshowdown.com/gen7randomdoublesbattle-865046831.log

-->

<link rel="stylesheet" href="//pokemonshowdown.com/style/global.css?0.023195364461161105" />
<link rel="stylesheet" href="//play.pokemonshowdown.com/style/font-awesome.css?0.13261647063804238" />
<link rel="stylesheet" href="//play.pokemonshowdown.com/style/battle.css?0.8753245789963631" />
<link rel="stylesheet" href="//play.pokemonshowdown.com/style/utilichart.css?0.8627959624976733" />

<!-- Global site tag (gtag.js) - Google Analytics -->
<script async src="https://www.googletagmanager.com/gtag/js?id=UA-26211653-1"></script>
<script>
  window.dataLayer = window.dataLayer || [];
  function gtag(){dataLayer.push(arguments);}
  gtag('js', new Date());

  gtag('config', 'UA-26211653-1');
</script>
<!-- End Google Analytics -->
<!-- Venatus Ad Manager - Install in <HEAD> of page -->
	<script src="https://hb.vntsm.com/v3/live/ad-manager.min.js" type="text/javascript" data-site-id="642aba63ec9a7b11c3c9c1be" data-mode="scan" async></script>
<!-- / Venatus Ad Manager -->

<style>
	@media (max-width:820px) {
		.battle {
			margin: 0 auto;
		}
		.battle-log {
			margin: 7px auto 0;
			max-width: 640px;
			height: 300px;
			position: static;
		}
	}
	.optgroup {
		display: inline-block;
		line-height: 22px;
		font-size: 10pt;
	}
	.optgroup .button {
		height: 25px;
		padding-top: 0;
		padding-bottom: 0;
	}
	.optgroup button.button {
		padding-left: 12px;
		padding-right: 12px;
	}
	.linklist {
		list-style: none;
		margin: 0.5em 0;
		padding: 0;
	}
	.linklist li {
		padding: 2px 0;
	}
	.sidebar {
		float: left;
		width: 320px;
	}
	.bar-wrapper {
		max-width: 1100px;
		margin: 0 auto;
	}
	.bar-wrapper.has-sidebar {
		max-width: 1430px;
	}
	.mainbar {
		margin: 0;
		padding-right: 1px;
	}
	.mainbar.has-sidebar {
		margin-left: 330px;
	}
	@media (min-width: 1511px) {
		.sidebar {
			width: 400px;
		}
		.bar-wrapper.has-sidebar {
			max-width: 1510px;
		}
		.mainbar.has-sidebar {
			margin-left: 410px;
		}
	}
	.section.first-section {
		margin-top: 9px;
	}
	.blocklink small {
		white-space: normal;
	}
	.button {
		vertical-align: middle;
	}
	.replay-controls {
		padding-top: 10px;
	}
	.replay-controls h1 {
		font-size: 16pt;
		font-weight: normal;
		color: #CCC;
	}
	.pagelink {
		text-align: center;
	}
	.pagelink a {
		width: 150px;
	}
	.textbox, .button {
		font-size: 11pt;
		vertical-align: middle;
	}
	@media (max-width: 450px) {
		.button {
			font-size: 9pt;
		}
	}
</style>

<div>

	<header>
		<div class="nav-wrapper"><ul class="nav">
			<li><a class="button nav-first" href="//pokemonshowdown.com/"><img src="//pokemonshowdown.com/images/pokemonshowdownbeta.png" srcset="//pokemonshowdown.com/images/pokemonshowdownbeta.png 1x, //pokemonshowdown.com/images/pokemonshowdownbeta@2x.png 2x" alt="Pok&eacute;mon Showdown" width="146" height="44" /> Home</a></li>
			<li><a class="button" href="//pokemonshowdown.com/dex/">Pok&eacute;dex</a></li>
			<li><a class="button cur" href="/">Replays</a></li>
			<li><a class="button" href="//pokemonshowdown.com/ladder/">Ladder</a></li>
			<li><a class="button nav-last" href="//pokemonshowdown.com/forums/">Forum</a></li>
			<li><a class="button greenbutton nav-first nav-last" href="//play.pokemonshowdown.com/">Play</a></li>
		</ul></div>
	</header>

	<div class="main" id="main">

		<noscript><section class="section">You need to enable JavaScript to use this page; sorry!</section></noscript>

	</div>

</div>

<script defer nomodule src="//play.pokemonshowdown.com/js/lib/ps-polyfill.js"></script>
<script defer src="//play.pokemonshowdown.com/js/lib/preact.min.js"></script>

<script defer src="//play.pokemonshowdown.com/config/config.js?2bddbc15"></script>
<script defer src="//play.pokemonshowdown.com/js/lib/jquery-1.11.0.min.js"></script>
<script defer src="//play.pokemonshowdown.com/js/lib/html-sanitizer-minified.js"></script>
<script defer src="//play.pokemonshowdown.com/js/battle-sound.js"></script>
<script defer src="//play.pokemonshowdown.com/js/battledata.js?0.7209276989879541"></script>
<script defer src="//play.pokemonshowdown.com/data/pokedex-mini.js?0.6111056340867951"></script>
<script defer src="//play.pokemonshowdown.com/data/pokedex-mini-bw.js?0.3532142036491459"></script>
<script defer src="//play.pokemonshowdown.com/data/graphics.js?0.24223875632456182"></script>
<script defer src="//play.pokemonshowdown.com/data/pokedex.js?0.38839984266356864"></script>
<script defer src="//play.pokemonshowdown.com/data/moves.js?0.21866028504024015"></script>
<script defer src="//play.pokemonshowdown.com/data/abilities.js?0.2005157953846628"></script>
<script defer src="//play.pokemonshowdown.com/data/items.js?0.9894211263848525"></script>
<script defer src="//play.pokemonshowdown.com/data/teambuilder-tables.js?0.6008791140282215"></script>
<script defer src="//play.pokemonshowdown.com/js/battle-tooltips.js?0.7580118955022959"></script>
<script defer src="//play.pokemonshowdown.com/js/battle.js?0.6057722274234274"></script>

<script defer src="js/utils.js?e31f9a17"></script>
<script defer src="js/replays-battle.js?7008c182"></script>

<!-- don't scrape this data! just add .json or .log after the URL!
Full API docs: https://github.com/smogon/pokemon-showdown-client/blob/master/WEB-API.md -->
<script type="text/plain" class="log" id="replaylog-smogtours-gen3ou-801713">
|inactive|Battle timer is ON: inactive players will automatically lose when time's up.
|t:|1729814707
|gametype|singles
|player|p1|I'm the Dome Ace|rancher|
|player|p2|Xenocles|swimmer-gen4dp|
|teamsize|p1|6
|teamsize|p2|6
|gen|3
|tier|[Gen 3] OU
|rule|Sleep Clause Mod: Limit one foe put to sleep
|rule|Switch Priority Clause Mod: Faster Pokémon switch first
|rule|Species Clause: Limit one of each Pokémon
|rule|OHKO Clause: OHKO moves are banned
|rule|Evasion Items Clause: Evasion items are banned
|rule|Evasion Moves Clause: Evasion moves are banned
|rule|Endless Battle Clause: Forcing endless battles is banned
|rule|HP Percentage Mod: HP is shown in percentages
|rule|One Boost Passer Clause: Limit one Baton Passer that has a way to boost its stats
|rule|Freeze Clause Mod: Limit one foe frozen
|
|t:|1729814707
|start
|switch|p1a: Swampert|Swampert, F|100/100
|switch|p2a: Metagross|Metagross|100/100
|turn|1
|inactive|Xenocles also wants the timer to be on.
|c|☆I'm the Dome Ace|glhf
|c|☆I'm the Dome Ace|can you link
|c|☆I'm the Dome Ace|im playing on my work pc
|c|☆Xenocles|LOL beast
|c|☆Xenocles|yeah I gotchu
|inactive|Xenocles has 270 seconds left.
|
|t:|1729814739
|switch|p2a: Skarmory|Skarmory, M|100/100
|move|p1a: Swampert|Protect||[still]
|-fail|p1a: Swampert
|
|upkeep
|turn|2
|c|☆I'm the Dome Ace|damn
|c|☆Xenocles|almost
|c|☆I'm the Dome Ace|my houdini senses were tingling... but they were lYING
|c|☆I'm the Dome Ace|im just such a tar lead spammer i felt the 'dini in my bones
|
|t:|1729814766
|switch|p2a: Blissey|Blissey, F|100/100
|switch|p1a: Armaldo|Armaldo, M|100/100
|
|upkeep
|turn|3
|inactive|Xenocles has 270 seconds left.
|
|t:|1729814788
|switch|p2a: Gengar|Gengar, M|100/100
|move|p1a: Armaldo|Knock Off|p2a: Gengar
|-supereffective|p2a: Gengar
|-damage|p2a: Gengar|92/100
|-enditem|p2a: Gengar|Leftovers|[from] move: Knock Off|[of] p1a: Armaldo
|-hint|In Gens 3-4, Knock Off only makes the target's item unusable; it cannot obtain a new item.
|
|upkeep
|turn|4
|inactive|Xenocles has 270 seconds left.
|
|t:|1729814815
|switch|p1a: Celebi|Celebi|100/100
|move|p2a: Gengar|Will-O-Wisp|p1a: Celebi
|-status|p1a: Celebi|brn
|
|-damage|p1a: Celebi|88/100 brn|[from] brn
|upkeep
|turn|5
|inactive|Xenocles has 270 seconds left.
|
|t:|1729814837
|switch|p2a: Blissey|Blissey, F|100/100
|-curestatus|p1a: Celebi|brn|[from] ability: Natural Cure
|switch|p1a: Armaldo|Armaldo, M|100/100
|
|upkeep
|turn|6
|
|t:|1729814856
|switch|p2a: Gengar|Gengar, M|92/100
|move|p1a: Armaldo|Knock Off|p2a: Gengar
|-supereffective|p2a: Gengar
|-damage|p2a: Gengar|84/100
|
|upkeep
|turn|7
|
|t:|1729814875
|switch|p2a: Skarmory|Skarmory, M|100/100
|move|p1a: Armaldo|Rock Blast|p2a: Skarmory
|-damage|p2a: Skarmory|92/100
|-damage|p2a: Skarmory|82/100
|-damage|p2a: Skarmory|72/100
|-hitcount|p2a: Skarmory|3
|
|-heal|p2a: Skarmory|78/100|[from] item: Leftovers
|upkeep
|turn|8
|
|t:|1729814880
|move|p2a: Skarmory|Spikes|p1a: Armaldo
|-sidestart|p1: I'm the Dome Ace|Spikes
|move|p1a: Armaldo|Knock Off|p2a: Skarmory
|-resisted|p2a: Skarmory
|-damage|p2a: Skarmory|76/100
|-enditem|p2a: Skarmory|Leftovers|[from] move: Knock Off|[of] p1a: Armaldo
|
|upkeep
|turn|9
|
|t:|1729814886
|switch|p2a: Gengar|Gengar, M|84/100
|move|p1a: Armaldo|Rock Blast|p2a: Gengar
|-damage|p2a: Gengar|66/100
|-damage|p2a: Gengar|48/100
|-hitcount|p2a: Gengar|2
|
|upkeep
|turn|10
|
|t:|1729814895
|move|p2a: Gengar|Will-O-Wisp|p1a: Armaldo
|-status|p1a: Armaldo|brn
|move|p1a: Armaldo|Rock Blast|p2a: Gengar
|-damage|p2a: Gengar|39/100
|-damage|p2a: Gengar|30/100
|-hitcount|p2a: Gengar|2
|
|-damage|p1a: Armaldo|88/100 brn|[from] brn
|upkeep
|turn|11
|
|t:|1729814905
|switch|p2a: Skarmory|Skarmory, M|76/100
|switch|p1a: Swampert|Swampert, F|100/100
|-damage|p1a: Swampert|88/100|[from] Spikes
|
|-heal|p1a: Swampert|94/100|[from] item: Leftovers
|upkeep
|turn|12
|inactive|Xenocles has 270 seconds left.
|
|t:|1729814912
|switch|p1a: Claydol|Claydol|100/100
|move|p2a: Skarmory|Spikes|p1a: Claydol
|-sidestart|p1: I'm the Dome Ace|Spikes
|
|upkeep
|turn|13
|inactive|Xenocles has 270 seconds left.
|c|☆Xenocles|armaldo stall
|c|☆Xenocles|I have things to do today
|c|☆I'm the Dome Ace|not anymore bih
|
|t:|1729814943
|move|p1a: Claydol|Rapid Spin|p2a: Skarmory
|-resisted|p2a: Skarmory
|-damage|p2a: Skarmory|74/100
|-sideend|p1: I'm the Dome Ace|Spikes|[from] move: Rapid Spin|[of] p1a: Claydol
|move|p2a: Skarmory|Toxic|p1a: Claydol|[miss]
|-miss|p2a: Skarmory|p1a: Claydol
|
|upkeep
|turn|14
|
|t:|1729814966
|switch|p1a: Celebi|Celebi|88/100
|move|p2a: Skarmory|Spikes|p1a: Celebi
|-sidestart|p1: I'm the Dome Ace|Spikes
|
|-heal|p1a: Celebi|94/100|[from] item: Leftovers
|upkeep
|turn|15
|
|t:|1729814970
|move|p1a: Celebi|Leech Seed|p2a: Skarmory
|-start|p2a: Skarmory|move: Leech Seed
|move|p2a: Skarmory|Roar|p1a: Celebi
|drag|p1a: Jirachi|Jirachi|100/100
|-damage|p1a: Jirachi|88/100|[from] Spikes
|
|-heal|p1a: Jirachi|94/100|[from] item: Leftovers
|-damage|p2a: Skarmory|62/100|[from] Leech Seed|[of] p1a: Jirachi
|-heal|p1a: Jirachi|100/100|[silent]
|upkeep
|turn|16
|
|t:|1729814984
|switch|p1a: Celebi|Celebi|94/100
|-damage|p1a: Celebi|82/100|[from] Spikes
|switch|p2a: Blissey|Blissey, F|100/100
|
|-heal|p1a: Celebi|88/100|[from] item: Leftovers
|upkeep
|turn|17
|
|t:|1729814996
|move|p1a: Celebi|Leech Seed|p2a: Blissey
|-start|p2a: Blissey|move: Leech Seed
|move|p2a: Blissey|Wish|p2a: Blissey
|
|-heal|p1a: Celebi|94/100|[from] item: Leftovers
|-damage|p2a: Blissey|88/100|[from] Leech Seed|[of] p1a: Celebi
|-heal|p1a: Celebi|100/100|[silent]
|upkeep
|turn|18
|c|☆I'm the Dome Ace|oh boy
|c|☆I'm the Dome Ace|lock in
|
|t:|1729815007
|switch|p2a: Skarmory|Skarmory, M|62/100
|move|p1a: Celebi|Heal Bell|p1a: Celebi
|-activate|p1a: Celebi|move: Heal Bell
|-curestatus|p1: Armaldo|brn|[silent]
|
|-heal|p2a: Skarmory|100/100|[from] move: Wish|[wisher] Blissey
|upkeep
|turn|19
|c|☆Xenocles|yea lmao
|c|☆Xenocles|oh fuck
|
|t:|1729815026
|switch|p1a: Jirachi|Jirachi|100/100
|-damage|p1a: Jirachi|88/100|[from] Spikes
|move|p2a: Skarmory|Toxic|p1a: Jirachi
|-immune|p1a: Jirachi
|
|-heal|p1a: Jirachi|94/100|[from] item: Leftovers
|upkeep
|turn|20
|
|t:|1729815042
|switch|p2a: Blissey|Blissey, F|88/100
|move|p1a: Jirachi|Calm Mind|p1a: Jirachi
|-boost|p1a: Jirachi|spa|1
|-boost|p1a: Jirachi|spd|1
|
|-heal|p1a: Jirachi|100/100|[from] item: Leftovers
|-heal|p2a: Blissey|94/100|[from] item: Leftovers
|upkeep
|turn|21
|
|t:|1729815047
|move|p1a: Jirachi|Substitute|p1a: Jirachi
|-start|p1a: Jirachi|Substitute
|-damage|p1a: Jirachi|75/100
|move|p2a: Blissey|Seismic Toss|p1a: Jirachi
|-activate|p1a: Jirachi|Substitute|[damage]
|
|-heal|p1a: Jirachi|82/100|[from] item: Leftovers
|-heal|p2a: Blissey|99/100|[from] item: Leftovers
|upkeep
|turn|22
|
|t:|1729815050
|move|p1a: Jirachi|Calm Mind|p1a: Jirachi
|-boost|p1a: Jirachi|spa|1
|-boost|p1a: Jirachi|spd|1
|move|p2a: Blissey|Seismic Toss|p1a: Jirachi
|-end|p1a: Jirachi|Substitute
|
|-heal|p1a: Jirachi|88/100|[from] item: Leftovers
|-heal|p2a: Blissey|100/100|[from] item: Leftovers
|upkeep
|turn|23
|
|t:|1729815053
|switch|p2a: Metagross|Metagross|100/100
|move|p1a: Jirachi|Substitute|p1a: Jirachi
|-start|p1a: Jirachi|Substitute
|-damage|p1a: Jirachi|63/100
|
|-heal|p1a: Jirachi|69/100|[from] item: Leftovers
|upkeep
|turn|24
|
|t:|1729815055
|move|p1a: Jirachi|Thunderbolt|p2a: Metagross
|-damage|p2a: Metagross|43/100
|move|p2a: Metagross|Earthquake|p1a: Jirachi
|-supereffective|p1a: Jirachi
|-end|p1a: Jirachi|Substitute
|
|-heal|p1a: Jirachi|75/100|[from] item: Leftovers
|upkeep
|turn|25
|
|t:|1729815069
|move|p1a: Jirachi|Thunderbolt|p2a: Metagross
|-damage|p2a: Metagross|0 fnt
|faint|p2a: Metagross
|
|t:|1729815070
|switch|p2a: Mike Wazowski|Dugtrio, F|100/100
|
|-heal|p1a: Jirachi|81/100|[from] item: Leftovers
|upkeep
|turn|26
|
|t:|1729815073
|move|p2a: Mike Wazowski|Earthquake|p1a: Jirachi
|-supereffective|p1a: Jirachi
|-damage|p1a: Jirachi|0 fnt
|faint|p1a: Jirachi
|c|☆I'm the Dome Ace|we are seriously
|c|☆I'm the Dome Ace|gonna be here a while huh
|c|☆Xenocles|you never know
|
|t:|1729815097
|switch|p1a: Claydol|Claydol|100/100
|
|upkeep
|turn|27
|
|t:|1729815113
|switch|p2a: Skarmory|Skarmory, M|100/100
|move|p1a: Claydol|Rapid Spin|p2a: Skarmory
|-resisted|p2a: Skarmory
|-damage|p2a: Skarmory|99/100
|-sideend|p1: I'm the Dome Ace|Spikes|[from] move: Rapid Spin|[of] p1a: Claydol
|
|upkeep
|turn|28
|
|t:|1729815129
|switch|p1a: Swampert|Swampert, F|94/100
|move|p2a: Skarmory|Spikes|p1a: Swampert
|-sidestart|p1: I'm the Dome Ace|Spikes
|
|-heal|p1a: Swampert|100/100|[from] item: Leftovers
|upkeep
|turn|29
|c|☆I'm the Dome Ace|i saw dug coming as soon as metagross died
|c|☆I'm the Dome Ace|sadly that was 0.5 seconds too late
|
|t:|1729815155
|move|p2a: Skarmory|Protect|p2a: Skarmory
|-singleturn|p2a: Skarmory|Protect
|move|p1a: Swampert|Protect||[still]
|-fail|p1a: Swampert
|
|upkeep
|turn|30
|c|☆Xenocles|should’ve turn before
|c|☆I'm the Dome Ace|yeah.
|inactive|Xenocles has 270 seconds left.
|c|☆Xenocles|but if you ice punch I just lose
|
|t:|1729815195
|switch|p2a: Blissey|Blissey, F|100/100
|move|p1a: Swampert|Protect||[still]
|-fail|p1a: Swampert
|
|upkeep
|turn|31
|inactive|I'm the Dome Ace has 270 seconds left.
|
|t:|1729815220
|switch|p1a: Celebi|Celebi|100/100
|-damage|p1a: Celebi|88/100|[from] Spikes
|move|p2a: Blissey|Ice Beam|p1a: Celebi
|-supereffective|p1a: Celebi
|-damage|p1a: Celebi|60/100
|
|-heal|p1a: Celebi|66/100|[from] item: Leftovers
|upkeep
|turn|32
|
|t:|1729815233
|move|p1a: Celebi|Recover|p1a: Celebi
|-heal|p1a: Celebi|100/100
|move|p2a: Blissey|Ice Beam|p1a: Celebi
|-supereffective|p1a: Celebi
|-damage|p1a: Celebi|71/100
|-status|p1a: Celebi|frz
|
|-heal|p1a: Celebi|77/100 frz|[from] item: Leftovers
|upkeep
|turn|33
|
|t:|1729815245
|-curestatus|p1a: Celebi|frz|[from] ability: Natural Cure
|switch|p1a: Gyarados|Gyarados, F|100/100
|-ability|p1a: Gyarados|Intimidate|boost
|-unboost|p2a: Blissey|atk|1
|move|p2a: Blissey|Seismic Toss|p1a: Gyarados
|-damage|p1a: Gyarados|75/100
|
|-heal|p1a: Gyarados|81/100|[from] item: Leftovers
|upkeep
|turn|34
|
|t:|1729815260
|switch|p2a: Claydol|Claydol|100/100
|move|p1a: Gyarados|Thunder Wave|p2a: Claydol
|-immune|p2a: Claydol
|
|-heal|p1a: Gyarados|87/100|[from] item: Leftovers
|upkeep
|turn|35
|inactive|I'm the Dome Ace has 270 seconds left.
|
|t:|1729815280
|switch|p1a: Swampert|Swampert, F|100/100
|-damage|p1a: Swampert|88/100|[from] Spikes
|move|p2a: Claydol|Earthquake|p1a: Swampert
|-damage|p1a: Swampert|64/100
|
|-heal|p1a: Swampert|70/100|[from] item: Leftovers
|upkeep
|turn|36
|
|t:|1729815292
|switch|p2a: Blissey|Blissey, F|100/100
|move|p1a: Swampert|Toxic|p2a: Blissey
|-status|p2a: Blissey|tox
|
|-heal|p1a: Swampert|77/100|[from] item: Leftovers
|-damage|p2a: Blissey|94/100 tox|[from] psn
|upkeep
|turn|37
|
|t:|1729815300
|switch|p1a: Claydol|Claydol|100/100
|-curestatus|p2a: Blissey|tox|[from] ability: Natural Cure
|switch|p2a: Skarmory|Skarmory, M|99/100
|
|upkeep
|turn|38
|
|t:|1729815329
|switch|p1a: Gyarados|Gyarados, F|87/100
|-ability|p1a: Gyarados|Intimidate|boost
|-unboost|p2a: Skarmory|atk|1
|move|p2a: Skarmory|Spikes|p1a: Gyarados
|-sidestart|p1: I'm the Dome Ace|Spikes
|
|-heal|p1a: Gyarados|93/100|[from] item: Leftovers
|upkeep
|turn|39
|
|t:|1729815341
|switch|p2a: Claydol|Claydol|100/100
|move|p1a: Gyarados|Thunder Wave|p2a: Claydol
|-immune|p2a: Claydol
|
|-heal|p1a: Gyarados|99/100|[from] item: Leftovers
|upkeep
|turn|40
|
|t:|1729815347
|switch|p1a: Claydol|Claydol|100/100
|move|p2a: Claydol|Psychic|p1a: Claydol
|-resisted|p1a: Claydol
|-damage|p1a: Claydol|90/100
|
|-heal|p1a: Claydol|96/100|[from] item: Leftovers
|upkeep
|turn|41
|c|☆Xenocles|I hate u
|inactive|Xenocles has 240 seconds left.
|c|☆I'm the Dome Ace|im not kidding bro strap in
|c|☆I'm the Dome Ace|sandless spikeless knock stall vs wishbliss
|inactive|Xenocles has 210 seconds left.
|
|t:|1729815409
|switch|p2a: Skarmory|Skarmory, M|99/100
|move|p1a: Claydol|Rapid Spin|p2a: Skarmory
|-resisted|p2a: Skarmory
|-damage|p2a: Skarmory|97/100
|-sideend|p1: I'm the Dome Ace|Spikes|[from] move: Rapid Spin|[of] p1a: Claydol
|
|-heal|p1a: Claydol|100/100|[from] item: Leftovers
|upkeep
|turn|42
|
|t:|1729815422
|switch|p1a: Celebi|Celebi|77/100
|move|p2a: Skarmory|Toxic|p1a: Celebi
|-status|p1a: Celebi|tox
|
|-heal|p1a: Celebi|83/100 tox|[from] item: Leftovers
|-damage|p1a: Celebi|77/100 tox|[from] psn
|upkeep
|turn|43
|
|t:|1729815434
|-curestatus|p1a: Celebi|tox|[from] ability: Natural Cure
|switch|p1a: Gyarados|Gyarados, F|99/100
|-ability|p1a: Gyarados|Intimidate|boost
|-unboost|p2a: Skarmory|atk|1
|move|p2a: Skarmory|Toxic|p1a: Gyarados
|-status|p1a: Gyarados|tox
|
|-heal|p1a: Gyarados|100/100 tox|[from] item: Leftovers
|-damage|p1a: Gyarados|94/100 tox|[from] psn
|upkeep
|turn|44
|
|t:|1729815449
|switch|p2a: Claydol|Claydol|100/100
|move|p1a: Gyarados|Thunder Wave|p2a: Claydol
|-immune|p2a: Claydol
|
|-heal|p1a: Gyarados|100/100 tox|[from] item: Leftovers
|-damage|p1a: Gyarados|88/100 tox|[from] psn
|upkeep
|turn|45
|inactive|Xenocles has 180 seconds left.
|
|t:|1729815477
|switch|p1a: Armaldo|Armaldo, M|88/100
|switch|p2a: Skarmory|Skarmory, M|97/100
|
|-heal|p1a: Armaldo|94/100|[from] item: Leftovers
|upkeep
|turn|46
|
|t:|1729815486
|move|p2a: Skarmory|Toxic|p1a: Armaldo
|-status|p1a: Armaldo|tox
|move|p1a: Armaldo|Rock Blast|p2a: Skarmory
|-damage|p2a: Skarmory|87/100
|-damage|p2a: Skarmory|79/100
|-hitcount|p2a: Skarmory|2
|
|-heal|p1a: Armaldo|100/100 tox|[from] item: Leftovers
|-damage|p1a: Armaldo|94/100 tox|[from] psn
|upkeep
|turn|47
|
|t:|1729815499
|switch|p1a: Gyarados|Gyarados, F|88/100 tox
|-ability|p1a: Gyarados|Intimidate|boost
|-unboost|p2a: Skarmory|atk|1
|move|p2a: Skarmory|Spikes|p1a: Gyarados
|-sidestart|p1: I'm the Dome Ace|Spikes
|
|-heal|p1a: Gyarados|94/100 tox|[from] item: Leftovers
|-damage|p1a: Gyarados|88/100 tox|[from] psn
|upkeep
|turn|48
|
|t:|1729815510
|switch|p2a: Claydol|Claydol|100/100
|move|p1a: Gyarados|Thunder Wave|p2a: Claydol
|-immune|p2a: Claydol
|
|-heal|p1a: Gyarados|94/100 tox|[from] item: Leftovers
|-damage|p1a: Gyarados|82/100 tox|[from] psn
|upkeep
|turn|49
|
|t:|1729815519
|switch|p1a: Claydol|Claydol|100/100
|move|p2a: Claydol|Psychic|p1a: Claydol
|-resisted|p1a: Claydol
|-damage|p1a: Claydol|90/100
|
|-heal|p1a: Claydol|96/100|[from] item: Leftovers
|upkeep
|turn|50
|
|t:|1729815537
|move|p1a: Claydol|Rapid Spin|p2a: Claydol
|-damage|p2a: Claydol|95/100
|-sideend|p1: I'm the Dome Ace|Spikes|[from] move: Rapid Spin|[of] p1a: Claydol
|move|p2a: Claydol|Psychic|p1a: Claydol
|-resisted|p1a: Claydol
|-damage|p1a: Claydol|86/100
|
|-heal|p1a: Claydol|92/100|[from] item: Leftovers
|-heal|p2a: Claydol|100/100|[from] item: Leftovers
|upkeep
|turn|51
|
|t:|1729815551
|switch|p1a: Celebi|Celebi|77/100
|move|p2a: Claydol|Earthquake|p1a: Celebi
|-resisted|p1a: Celebi
|-damage|p1a: Celebi|62/100
|
|-heal|p1a: Celebi|69/100|[from] item: Leftovers
|upkeep
|turn|52
|
|t:|1729815563
|switch|p2a: Mike Wazowski|Dugtrio, F|100/100
|move|p1a: Celebi|Recover|p1a: Celebi
|-heal|p1a: Celebi|100/100
|
|upkeep
|turn|53
|c|☆Xenocles|calc time
|inactive|Xenocles has 180 seconds left.
|c|☆I'm the Dome Ace|i live, you die
|c|☆I'm the Dome Ace|thats the point of the spread
|c|☆I'm the Dome Ace|40 SpA 30 IVs Celebi Hidden Power Grass vs. 0 HP / 4 SpD 30 IVs Dugtrio: 210-248 (99.5 - 117.5%) -- 93.8% chance to OHKO
|inactive|I'm the Dome Ace has 270 seconds left.
|c|☆I'm the Dome Ace|unless funny abnormal virgin dug
|inactive|Xenocles has 150 seconds left.
|c|☆Xenocles|that would be funny
|c|☆I'm the Dome Ace|not really actually
|
|t:|1729815629
|switch|p2a: Blissey|Blissey, F|94/100
|move|p1a: Celebi|Hidden Power|p2a: Blissey
|-damage|p2a: Blissey|84/100
|
|-heal|p2a: Blissey|90/100|[from] item: Leftovers
|upkeep
|turn|54
|inactive|I'm the Dome Ace has 270 seconds left.
|
|t:|1729815643
|move|p1a: Celebi|Heal Bell|p1a: Celebi
|-activate|p1a: Celebi|move: Heal Bell
|-curestatus|p1: Armaldo|tox|[silent]
|-curestatus|p1: Gyarados|tox|[silent]
|move|p2a: Blissey|Ice Beam|p1a: Celebi
|-supereffective|p1a: Celebi
|-crit|p1a: Celebi
|-damage|p1a: Celebi|36/100
|
|-heal|p1a: Celebi|42/100|[from] item: Leftovers
|-heal|p2a: Blissey|97/100|[from] item: Leftovers
|upkeep
|turn|55
|inactive|I'm the Dome Ace has 270 seconds left.
|
|t:|1729815660
|switch|p2a: Skarmory|Skarmory, M|79/100
|move|p1a: Celebi|Recover|p1a: Celebi
|-heal|p1a: Celebi|92/100
|
|-heal|p1a: Celebi|99/100|[from] item: Leftovers
|upkeep
|turn|56
|
|t:|1729815665
|move|p2a: Skarmory|Protect|p2a: Skarmory
|-singleturn|p2a: Skarmory|Protect
|move|p1a: Celebi|Leech Seed|p2a: Skarmory|[miss]
|-miss|p1a: Celebi|p2a: Skarmory
|
|-heal|p1a: Celebi|100/100|[from] item: Leftovers
|upkeep
|turn|57
|
|t:|1729815675
|switch|p2a: Blissey|Blissey, F|97/100
|move|p1a: Celebi|Leech Seed|p2a: Blissey
|-start|p2a: Blissey|move: Leech Seed
|
|-heal|p2a: Blissey|100/100|[from] item: Leftovers
|-damage|p2a: Blissey|88/100|[from] Leech Seed|[of] p1a: Celebi
|upkeep
|turn|58
|
|t:|1729815692
|switch|p1a: Gyarados|Gyarados, F|82/100
|-ability|p1a: Gyarados|Intimidate|boost
|-unboost|p2a: Blissey|atk|1
|switch|p2a: Skarmory|Skarmory, M|79/100
|
|-heal|p1a: Gyarados|88/100|[from] item: Leftovers
|upkeep
|turn|59
|
|t:|1729815694
|switch|p2a: Claydol|Claydol|100/100
|move|p1a: Gyarados|Thunder Wave|p2a: Claydol
|-immune|p2a: Claydol
|
|-heal|p1a: Gyarados|94/100|[from] item: Leftovers
|upkeep
|turn|60
|
|t:|1729815703
|switch|p1a: Armaldo|Armaldo, M|94/100
|move|p2a: Claydol|Psychic|p1a: Armaldo
|-damage|p1a: Armaldo|74/100
|
|-heal|p1a: Armaldo|80/100|[from] item: Leftovers
|upkeep
|turn|61
|inactive|Xenocles has 180 seconds left.
|
|t:|1729815713
|switch|p2a: Skarmory|Skarmory, M|79/100
|move|p1a: Armaldo|Rock Blast|p2a: Skarmory
|-damage|p2a: Skarmory|70/100
|-damage|p2a: Skarmory|61/100
|-hitcount|p2a: Skarmory|2
|
|-heal|p1a: Armaldo|87/100|[from] item: Leftovers
|upkeep
|turn|62
|
|t:|1729815718
|move|p2a: Skarmory|Protect|p2a: Skarmory
|-singleturn|p2a: Skarmory|Protect
|move|p1a: Armaldo|Rock Blast|p2a: Skarmory
|-activate|p2a: Skarmory|Protect
|
|-heal|p1a: Armaldo|93/100|[from] item: Leftovers
|upkeep
|turn|63
|
|t:|1729815724
|switch|p2a: Claydol|Claydol|100/100
|move|p1a: Armaldo|Rock Blast|p2a: Claydol
|-resisted|p2a: Claydol
|-damage|p2a: Claydol|94/100
|-resisted|p2a: Claydol
|-damage|p2a: Claydol|88/100
|-resisted|p2a: Claydol
|-damage|p2a: Claydol|82/100
|-hitcount|p2a: Claydol|3
|
|-heal|p2a: Claydol|88/100|[from] item: Leftovers
|-heal|p1a: Armaldo|99/100|[from] item: Leftovers
|upkeep
|turn|64
|c|☆I'm the Dome Ace|can armaldo get a decent rock blast off
|
|t:|1729815733
|switch|p2a: Skarmory|Skarmory, M|61/100
|move|p1a: Armaldo|Hidden Power|p2a: Skarmory
|-resisted|p2a: Skarmory
|-damage|p2a: Skarmory|56/100
|
|-heal|p1a: Armaldo|100/100|[from] item: Leftovers
|upkeep
|turn|65
|
|t:|1729815735
|move|p2a: Skarmory|Protect|p2a: Skarmory
|-singleturn|p2a: Skarmory|Protect
|move|p1a: Armaldo|Rock Blast|p2a: Skarmory
|-activate|p2a: Skarmory|Protect
|
|upkeep
|turn|66
|
|t:|1729815743
|move|p2a: Skarmory|Toxic|p1a: Armaldo
|-status|p1a: Armaldo|tox
|move|p1a: Armaldo|Rock Blast|p2a: Skarmory
|-damage|p2a: Skarmory|47/100
|-damage|p2a: Skarmory|38/100
|-damage|p2a: Skarmory|29/100
|-damage|p2a: Skarmory|20/100
|-damage|p2a: Skarmory|10/100
|-hitcount|p2a: Skarmory|5
|
|-damage|p1a: Armaldo|94/100 tox|[from] psn
|upkeep
|turn|67
|c|☆I'm the Dome Ace|there we fucking go baby
|
|t:|1729815759
|switch|p1a: Swampert|Swampert, F|77/100
|move|p2a: Skarmory|Protect||[still]
|-fail|p2a: Skarmory
|
|-heal|p1a: Swampert|83/100|[from] item: Leftovers
|upkeep
|turn|68
|
|t:|1729815766
|switch|p2a: Blissey|Blissey, F|88/100
|move|p1a: Swampert|Surf|p2a: Blissey
|-damage|p2a: Blissey|77/100
|
|-heal|p1a: Swampert|89/100|[from] item: Leftovers
|-heal|p2a: Blissey|83/100|[from] item: Leftovers
|upkeep
|turn|69
|
|t:|1729815770
|move|p1a: Swampert|Toxic|p2a: Blissey
|-status|p2a: Blissey|tox
|move|p2a: Blissey|Ice Beam|p1a: Swampert
|-damage|p1a: Swampert|68/100
|
|-heal|p1a: Swampert|74/100|[from] item: Leftovers
|-heal|p2a: Blissey|89/100 tox|[from] item: Leftovers
|-damage|p2a: Blissey|83/100 tox|[from] psn
|upkeep
|turn|70
|
|t:|1729815775
|-curestatus|p2a: Blissey|tox|[from] ability: Natural Cure
|switch|p2a: Claydol|Claydol|88/100
|move|p1a: Swampert|Surf|p2a: Claydol
|-supereffective|p2a: Claydol
|-damage|p2a: Claydol|37/100
|
|-heal|p2a: Claydol|43/100|[from] item: Leftovers
|-heal|p1a: Swampert|81/100|[from] item: Leftovers
|upkeep
|turn|71
|c|☆Xenocles|yeah kinda boned
|inactive|Xenocles has 240 seconds left.
|
|t:|1729815799
|switch|p2a: Blissey|Blissey, F|83/100
|move|p1a: Swampert|Toxic|p2a: Blissey
|-status|p2a: Blissey|tox
|
|-heal|p1a: Swampert|87/100|[from] item: Leftovers
|-heal|p2a: Blissey|89/100 tox|[from] item: Leftovers
|-damage|p2a: Blissey|83/100 tox|[from] psn
|upkeep
|turn|72
|
|t:|1729815803
|move|p1a: Swampert|Surf|p2a: Blissey
|-damage|p2a: Blissey|72/100 tox
|move|p2a: Blissey|Ice Beam|p1a: Swampert
|-damage|p1a: Swampert|67/100
|
|-heal|p1a: Swampert|73/100|[from] item: Leftovers
|-heal|p2a: Blissey|78/100 tox|[from] item: Leftovers
|-damage|p2a: Blissey|66/100 tox|[from] psn
|upkeep
|turn|73
|c|☆I'm the Dome Ace|pick
|
|t:|1729815809
|move|p1a: Swampert|Surf|p2a: Blissey
|-damage|p2a: Blissey|55/100 tox
|move|p2a: Blissey|Soft-Boiled|p2a: Blissey
|-heal|p2a: Blissey|100/100 tox
|
|-heal|p1a: Swampert|79/100|[from] item: Leftovers
|-damage|p2a: Blissey|82/100 tox|[from] psn
|upkeep
|turn|74
|
|t:|1729815833
|move|p1a: Swampert|Surf|p2a: Blissey
|-damage|p2a: Blissey|69/100 tox
|move|p2a: Blissey|Wish|p2a: Blissey
|
|-heal|p1a: Swampert|85/100|[from] item: Leftovers
|-heal|p2a: Blissey|76/100 tox|[from] item: Leftovers
|-damage|p2a: Blissey|51/100 tox|[from] psn
|upkeep
|turn|75
|
|t:|1729815837
|-curestatus|p2a: Blissey|tox|[from] ability: Natural Cure
|switch|p2a: Claydol|Claydol|43/100
|move|p1a: Swampert|Surf|p2a: Claydol
|-supereffective|p2a: Claydol
|-damage|p2a: Claydol|0 fnt
|faint|p2a: Claydol
|
|t:|1729815839
|switch|p2a: Gengar|Gengar, M|30/100
|
|-heal|p2a: Gengar|80/100|[from] move: Wish|[wisher] Blissey
|-heal|p1a: Swampert|91/100|[from] item: Leftovers
|upkeep
|turn|76
|c|☆I'm the Dome Ace|fair enough
|
|t:|1729815849
|move|p1a: Swampert|Protect|p1a: Swampert
|-singleturn|p1a: Swampert|Protect
|move|p2a: Gengar|Will-O-Wisp|p1a: Swampert|[miss]
|-miss|p2a: Gengar|p1a: Swampert
|
|-heal|p1a: Swampert|98/100|[from] item: Leftovers
|upkeep
|turn|77
|inactive|Xenocles has 270 seconds left.
|
|t:|1729815857
|switch|p1a: Celebi|Celebi|100/100
|move|p2a: Gengar|Will-O-Wisp|p1a: Celebi|[miss]
|-miss|p2a: Gengar|p1a: Celebi
|
|upkeep
|turn|78
|inactive|Xenocles has 270 seconds left.
|
|t:|1729815867
|switch|p2a: Blissey|Blissey, F|51/100
|move|p1a: Celebi|Leech Seed|p2a: Blissey
|-start|p2a: Blissey|move: Leech Seed
|
|-heal|p2a: Blissey|57/100|[from] item: Leftovers
|-damage|p2a: Blissey|45/100|[from] Leech Seed|[of] p1a: Celebi
|upkeep
|turn|79
|
|t:|1729815893
|switch|p1a: Gyarados|Gyarados, F|94/100
|-ability|p1a: Gyarados|Intimidate|boost
|-unboost|p2a: Blissey|atk|1
|switch|p2a: Gengar|Gengar, M|80/100
|
|-heal|p1a: Gyarados|100/100|[from] item: Leftovers
|upkeep
|turn|80
|
|t:|1729815905
|switch|p1a: Celebi|Celebi|100/100
|move|p2a: Gengar|Thunderbolt|p1a: Celebi
|-resisted|p1a: Celebi
|-damage|p1a: Celebi|91/100
|
|-heal|p1a: Celebi|97/100|[from] item: Leftovers
|upkeep
|turn|81
|
|t:|1729815914
|move|p2a: Gengar|Taunt|p1a: Celebi
|-start|p1a: Celebi|move: Taunt
|cant|p1a: Celebi|move: Taunt|Heal Bell
|
|-heal|p1a: Celebi|100/100|[from] item: Leftovers
|upkeep
|turn|82
|
|t:|1729815920
|switch|p2a: Blissey|Blissey, F|45/100
|move|p1a: Celebi|Hidden Power|p2a: Blissey
|-damage|p2a: Blissey|34/100
|
|-end|p1a: Celebi|move: Taunt|[silent]
|-heal|p2a: Blissey|40/100|[from] item: Leftovers
|upkeep
|turn|83
|
|t:|1729815925
|switch|p1a: Gyarados|Gyarados, F|100/100
|-ability|p1a: Gyarados|Intimidate|boost
|-unboost|p2a: Blissey|atk|1
|move|p2a: Blissey|Soft-Boiled|p2a: Blissey
|-heal|p2a: Blissey|90/100
|
|-heal|p2a: Blissey|96/100|[from] item: Leftovers
|upkeep
|turn|84
|
|t:|1729815934
|switch|p2a: Mike Wazowski|Dugtrio, F|100/100
|move|p1a: Gyarados|Thunder Wave|p2a: Mike Wazowski
|-immune|p2a: Mike Wazowski
|
|upkeep
|turn|85
|
|t:|1729815946
|switch|p2a: Blissey|Blissey, F|96/100
|move|p1a: Gyarados|Hidden Power|p2a: Blissey
|-crit|p2a: Blissey
|-damage|p2a: Blissey|42/100
|
|-heal|p2a: Blissey|48/100|[from] item: Leftovers
|upkeep
|turn|86
|
|t:|1729815973
|switch|p2a: Gengar|Gengar, M|80/100
|move|p1a: Gyarados|Thunder Wave|p2a: Gengar
|-status|p2a: Gengar|par
|
|upkeep
|turn|87
|c|☆Xenocles|fuck
|
|t:|1729815982
|switch|p1a: Celebi|Celebi|100/100
|move|p2a: Gengar|Will-O-Wisp|p1a: Celebi
|-status|p1a: Celebi|brn
|
|-damage|p1a: Celebi|88/100 brn|[from] brn
|upkeep
|turn|88
|
|t:|1729815989
|move|p1a: Celebi|Heal Bell|p1a: Celebi
|-activate|p1a: Celebi|move: Heal Bell
|-curestatus|p1a: Celebi|brn|[silent]
|-curestatus|p1: Armaldo|tox|[silent]
|move|p2a: Gengar|Will-O-Wisp|p1a: Celebi
|-status|p1a: Celebi|brn
|
|-heal|p1a: Celebi|94/100 brn|[from] item: Leftovers
|-damage|p1a: Celebi|82/100 brn|[from] brn
|upkeep
|turn|89
|
|t:|1729815996
|-curestatus|p1a: Celebi|brn|[from] ability: Natural Cure
|switch|p1a: Swampert|Swampert, F|98/100
|cant|p2a: Gengar|par
|
|-heal|p1a: Swampert|100/100|[from] item: Leftovers
|upkeep
|turn|90
|
|t:|1729816006
|move|p1a: Swampert|Protect|p1a: Swampert
|-singleturn|p1a: Swampert|Protect
|cant|p2a: Gengar|par
|
|upkeep
|turn|91
|
|t:|1729816017
|move|p1a: Swampert|Surf|p2a: Gengar
|-damage|p2a: Gengar|45/100 par
|move|p2a: Gengar|Will-O-Wisp|p1a: Swampert|[miss]
|-miss|p2a: Gengar|p1a: Swampert
|
|upkeep
|turn|92
|
|t:|1729816023
|move|p1a: Swampert|Surf|p2a: Gengar
|-damage|p2a: Gengar|14/100 par
|move|p2a: Gengar|Giga Drain|p1a: Swampert
|-supereffective|p1a: Swampert
|-damage|p1a: Swampert|38/100
|-heal|p2a: Gengar|53/100 par|[from] drain|[of] p1a: Swampert
|
|-heal|p1a: Swampert|44/100|[from] item: Leftovers
|upkeep
|turn|93
|c|☆I'm the Dome Ace|omg
|c|☆I'm the Dome Ace|it was 
|c|☆I'm the Dome Ace|lol
|
|t:|1729816039
|move|p1a: Swampert|Protect|p1a: Swampert
|-singleturn|p1a: Swampert|Protect
|move|p2a: Gengar|Will-O-Wisp|p1a: Swampert
|-activate|p1a: Swampert|Protect
|
|-heal|p1a: Swampert|50/100|[from] item: Leftovers
|upkeep
|turn|94
|
|t:|1729816051
|switch|p1a: Armaldo|Armaldo, M|94/100
|switch|p2a: Mike Wazowski|Dugtrio, F|100/100
|
|-heal|p1a: Armaldo|100/100|[from] item: Leftovers
|upkeep
|turn|95
|
|t:|1729816077
|move|p2a: Mike Wazowski|Rock Slide|p1a: Armaldo
|-supereffective|p1a: Armaldo
|-damage|p1a: Armaldo|38/100
|cant|p1a: Armaldo|flinch
|
|-heal|p1a: Armaldo|45/100|[from] item: Leftovers
|upkeep
|turn|96
|c|☆I'm the Dome Ace|Fuk
|inactive|I'm the Dome Ace has 270 seconds left.
|c|☆I'm the Dome Ace|this 1v1s without that
|
|t:|1729816098
|switch|p2a: Blissey|Blissey, F|48/100
|move|p1a: Armaldo|Knock Off|p2a: Blissey
|-damage|p2a: Blissey|47/100
|-enditem|p2a: Blissey|Leftovers|[from] move: Knock Off|[of] p1a: Armaldo
|
|-heal|p1a: Armaldo|51/100|[from] item: Leftovers
|upkeep
|turn|97
|c|☆I'm the Dome Ace|Wha
|c|☆Xenocles|guh
|inactive|I'm the Dome Ace has 270 seconds left.
|c|☆Xenocles|where’s the switch
|c|☆I'm the Dome Ace|Dude im literally arena trapped
|c|☆Xenocles|we gg
|c|☆Xenocles|oh fuck
|c|☆Xenocles|am I stupid
|inactive|I'm the Dome Ace has 240 seconds left.
|c|☆I'm the Dome Ace|seems so 
|c|☆Xenocles|LOL
|
|t:|1729816138
|move|p2a: Blissey|Soft-Boiled|p2a: Blissey
|-heal|p2a: Blissey|97/100
|move|p1a: Armaldo|Hidden Power|p2a: Blissey
|-damage|p2a: Blissey|67/100
|
|-heal|p1a: Armaldo|57/100|[from] item: Leftovers
|upkeep
|turn|98
|
|t:|1729816146
|move|p2a: Blissey|Seismic Toss|p1a: Armaldo
|-damage|p1a: Armaldo|29/100
|move|p1a: Armaldo|Hidden Power|p2a: Blissey
|-damage|p2a: Blissey|36/100
|
|-heal|p1a: Armaldo|35/100|[from] item: Leftovers
|upkeep
|turn|99
|
|t:|1729816152
|switch|p2a: Mike Wazowski|Dugtrio, F|100/100
|switch|p1a: Celebi|Celebi|82/100
|
|-heal|p1a: Celebi|88/100|[from] item: Leftovers
|upkeep
|turn|100
|
|t:|1729816155
|move|p2a: Mike Wazowski|Hidden Power|p1a: Celebi
|-supereffective|p1a: Celebi
|-damage|p1a: Celebi|0 fnt
|faint|p1a: Celebi
|
|t:|1729816159
|switch|p1a: Gyarados|Gyarados, F|100/100
|-ability|p1a: Gyarados|Intimidate|boost
|-unboost|p2a: Mike Wazowski|atk|1
|
|upkeep
|turn|101
|c|☆Xenocles|I’ve never trapped the stupid bug dinosaur
|c|☆Xenocles|pattern recognition failed
|
|t:|1729816184
|switch|p2a: Gengar|Gengar, M|53/100 par
|move|p1a: Gyarados|Hidden Power|p2a: Gengar
|-damage|p2a: Gengar|3/100 par
|
|upkeep
|turn|102
|
|t:|1729816198
|move|p1a: Gyarados|Hidden Power|p2a: Gengar
|-damage|p2a: Gengar|0 fnt
|faint|p2a: Gengar
|
|t:|1729816205
|switch|p2a: Mike Wazowski|Dugtrio, F|100/100
|
|upkeep
|turn|103
|
|t:|1729816215
|switch|p1a: Claydol|Claydol|92/100
|move|p2a: Mike Wazowski|Rock Slide|p1a: Claydol
|-resisted|p1a: Claydol
|-damage|p1a: Claydol|77/100
|
|-heal|p1a: Claydol|83/100|[from] item: Leftovers
|upkeep
|turn|104
|
|t:|1729816223
|switch|p2a: Skarmory|Skarmory, M|10/100
|move|p1a: Claydol|Psychic|p2a: Skarmory
|-resisted|p2a: Skarmory
|-damage|p2a: Skarmory|0 fnt
|faint|p2a: Skarmory
|
|t:|1729816225
|switch|p2a: Blissey|Blissey, F|36/100
|
|-heal|p1a: Claydol|89/100|[from] item: Leftovers
|upkeep
|turn|105
|c|☆I'm the Dome Ace|gg
|c|☆Xenocles|gg
|
|t:|1729816231
|move|p1a: Claydol|Explosion|p2a: Blissey
|-damage|p2a: Blissey|0 fnt
|faint|p1a: Claydol
|faint|p2a: Blissey
|
|t:|1729816234
|switch|p1a: Gyarados|Gyarados, F|100/100
|switch|p2a: Mike Wazowski|Dugtrio, F|100/100
|-ability|p1a: Gyarados|Intimidate|boost
|-unboost|p2a: Mike Wazowski|atk|1
|
|upkeep
|turn|106
|
|t:|1729816236
|move|p2a: Mike Wazowski|Rock Slide|p1a: Gyarados
|-supereffective|p1a: Gyarados
|-damage|p1a: Gyarados|56/100
|cant|p1a: Gyarados|flinch
|
|-heal|p1a: Gyarados|62/100|[from] item: Leftovers
|upkeep
|turn|107
|
|t:|1729816240
|switch|p1a: Armaldo|Armaldo, M|35/100
|move|p2a: Mike Wazowski|Rock Slide|p1a: Armaldo
|-supereffective|p1a: Armaldo
|-damage|p1a: Armaldo|0 fnt
|faint|p1a: Armaldo
|
|t:|1729816242
|switch|p1a: Gyarados|Gyarados, F|62/100
|-ability|p1a: Gyarados|Intimidate|boost
|-unboost|p2a: Mike Wazowski|atk|1
|
|-heal|p1a: Gyarados|68/100|[from] item: Leftovers
|upkeep
|turn|108
|c|☆I'm the Dome Ace|consolation, game was over even if you trapped successuflly i think
|c|☆Xenocles|take my 0.000006% chance 
|
|t:|1729816260
|move|p2a: Mike Wazowski|Rock Slide|p1a: Gyarados
|-supereffective|p1a: Gyarados
|-damage|p1a: Gyarados|34/100
|cant|p1a: Gyarados|flinch
|
|-heal|p1a: Gyarados|40/100|[from] item: Leftovers
|upkeep
|turn|109
|
|t:|1729816263
|move|p2a: Mike Wazowski|Rock Slide|p1a: Gyarados
|-supereffective|p1a: Gyarados
|-damage|p1a: Gyarados|6/100
|move|p1a: Gyarados|Rest|p1a: Gyarados
|-status|p1a: Gyarados|slp|[from] move: Rest
|-heal|p1a: Gyarados|100/100 slp|[silent]
|
|upkeep
|turn|110
|c|☆Xenocles|oh rest yea
|
|t:|1729816272
|move|p2a: Mike Wazowski|Rock Slide|p1a: Gyarados
|-supereffective|p1a: Gyarados
|-damage|p1a: Gyarados|67/100 slp
|cant|p1a: Gyarados|slp
|
|-heal|p1a: Gyarados|73/100 slp|[from] item: Leftovers
|upkeep
|turn|111
|c|☆Xenocles|makes sense 
|c|☆Xenocles|i thought you were just holding dd forever
|
|t:|1729816286
|move|p2a: Mike Wazowski|Rock Slide|p1a: Gyarados
|-supereffective|p1a: Gyarados
|-damage|p1a: Gyarados|41/100 slp
|cant|p1a: Gyarados|slp
|
|-heal|p1a: Gyarados|47/100 slp|[from] item: Leftovers
|upkeep
|turn|112
|
|t:|1729816290
|move|p2a: Mike Wazowski|Rock Slide|p1a: Gyarados
|-supereffective|p1a: Gyarados
|-damage|p1a: Gyarados|16/100 slp
|-curestatus|p1a: Gyarados|slp|[msg]
|move|p1a: Gyarados|Rest|p1a: Gyarados
|-status|p1a: Gyarados|slp|[from] move: Rest
|-heal|p1a: Gyarados|100/100 slp|[silent]
|
|upkeep
|turn|113
|
|t:|1729816299
|move|p2a: Mike Wazowski|Rock Slide|p1a: Gyarados
|-supereffective|p1a: Gyarados
|-damage|p1a: Gyarados|69/100 slp
|cant|p1a: Gyarados|slp
|
|-heal|p1a: Gyarados|75/100 slp|[from] item: Leftovers
|upkeep
|turn|114
|
|t:|1729816300
|move|p2a: Mike Wazowski|Rock Slide|p1a: Gyarados
|-supereffective|p1a: Gyarados
|-damage|p1a: Gyarados|39/100 slp
|cant|p1a: Gyarados|slp
|
|-heal|p1a: Gyarados|46/100 slp|[from] item: Leftovers
|upkeep
|turn|115
|
|t:|1729816302
|move|p2a: Mike Wazowski|Rock Slide|p1a: Gyarados
|-supereffective|p1a: Gyarados
|-damage|p1a: Gyarados|13/100 slp
|-curestatus|p1a: Gyarados|slp|[msg]
|cant|p1a: Gyarados|flinch
|
|-heal|p1a: Gyarados|20/100|[from] item: Leftovers
|upkeep
|turn|116
|
|t:|1729816306
|move|p2a: Mike Wazowski|Rock Slide|p1a: Gyarados
|-supereffective|p1a: Gyarados
|-damage|p1a: Gyarados|0 fnt
|faint|p1a: Gyarados
|
|t:|1729816307
|switch|p1a: Swampert|Swampert, F|50/100
|
|-heal|p1a: Swampert|56/100|[from] item: Leftovers
|upkeep
|turn|117
|
|t:|1729816309
|move|p1a: Swampert|Protect|p1a: Swampert
|-singleturn|p1a: Swampert|Protect
|move|p2a: Mike Wazowski|Rock Slide|p1a: Swampert
|-activate|p1a: Swampert|Protect
|
|-heal|p1a: Swampert|63/100|[from] item: Leftovers
|upkeep
|turn|118
|
|t:|1729816311
|move|p2a: Mike Wazowski|Rock Slide|p1a: Swampert
|-resisted|p1a: Swampert
|-damage|p1a: Swampert|57/100
|move|p1a: Swampert|Surf|p2a: Mike Wazowski
|-supereffective|p2a: Mike Wazowski
|-damage|p2a: Mike Wazowski|0 fnt
|faint|p2a: Mike Wazowski
|
|win|I'm the Dome Ace
|c|☆Xenocles|gg
|c|☆I'm the Dome Ace|gg

</script>
<script type="application/json" class="data" id="replaydata-smogtours-gen3ou-801713">
{"id":"smogtours-gen3ou-801713","format":"[Gen 3] OU","players":["I'm the Dome Ace","Xenocles"],"uploadtime":1729816311,"views":172,"formatid":"gen3ou","rating":null,"private":0,"password":null}
</script>

<script defer src="js/replays.js?9d40a366"></script>
