<!DOCTYPE html>
<meta charset="utf-8" />
<meta name="viewport" content="width=device-width" />

<title>[Gen 3] OU: stuckkkk vs. banyanya - Replays - Pok&eacute;mon Showdown!</title>

<meta name="description" content="Watch a replay of a Pok&eacute;mon battle between stuckkkk and banyanya! Format: [Gen 3] OU; Date: Oct 8, 2024" />
<!--

Hey, you! Looking in the source for the replay log?

You can find them in JSON format, just add `.json` at the end of a replay URL.

https://replay.pokemonshowdown.com/gen7randomdoublesbattle-865046831.json

Or, if you only need the log itself, add `.log` instead:

https://replay.pokemonshowdown.com/gen7randomdoublesbattle-865046831.log

-->

<link rel="stylesheet" href="//pokemonshowdown.com/style/global.css?0.023195364461161105" />
<link rel="stylesheet" href="//play.pokemonshowdown.com/style/font-awesome.css?0.13261647063804238" />
<link rel="stylesheet" href="//play.pokemonshowdown.com/style/battle.css?0.8753245789963631" />
<link rel="stylesheet" href="//play.pokemonshowdown.com/style/utilichart.css?0.8627959624976733" />

<!-- Global site tag (gtag.js) - Google Analytics -->
<script async src="https://www.googletagmanager.com/gtag/js?id=UA-26211653-1"></script>
<script>
  window.dataLayer = window.dataLayer || [];
  function gtag(){dataLayer.push(arguments);}
  gtag('js', new Date());

  gtag('config', 'UA-26211653-1');
</script>
<!-- End Google Analytics -->
<!-- Venatus Ad Manager - Install in <HEAD> of page -->
	<script src="https://hb.vntsm.com/v3/live/ad-manager.min.js" type="text/javascript" data-site-id="642aba63ec9a7b11c3c9c1be" data-mode="scan" async></script>
<!-- / Venatus Ad Manager -->

<style>
	@media (max-width:820px) {
		.battle {
			margin: 0 auto;
		}
		.battle-log {
			margin: 7px auto 0;
			max-width: 640px;
			height: 300px;
			position: static;
		}
	}
	.optgroup {
		display: inline-block;
		line-height: 22px;
		font-size: 10pt;
	}
	.optgroup .button {
		height: 25px;
		padding-top: 0;
		padding-bottom: 0;
	}
	.optgroup button.button {
		padding-left: 12px;
		padding-right: 12px;
	}
	.linklist {
		list-style: none;
		margin: 0.5em 0;
		padding: 0;
	}
	.linklist li {
		padding: 2px 0;
	}
	.sidebar {
		float: left;
		width: 320px;
	}
	.bar-wrapper {
		max-width: 1100px;
		margin: 0 auto;
	}
	.bar-wrapper.has-sidebar {
		max-width: 1430px;
	}
	.mainbar {
		margin: 0;
		padding-right: 1px;
	}
	.mainbar.has-sidebar {
		margin-left: 330px;
	}
	@media (min-width: 1511px) {
		.sidebar {
			width: 400px;
		}
		.bar-wrapper.has-sidebar {
			max-width: 1510px;
		}
		.mainbar.has-sidebar {
			margin-left: 410px;
		}
	}
	.section.first-section {
		margin-top: 9px;
	}
	.blocklink small {
		white-space: normal;
	}
	.button {
		vertical-align: middle;
	}
	.replay-controls {
		padding-top: 10px;
	}
	.replay-controls h1 {
		font-size: 16pt;
		font-weight: normal;
		color: #CCC;
	}
	.pagelink {
		text-align: center;
	}
	.pagelink a {
		width: 150px;
	}
	.textbox, .button {
		font-size: 11pt;
		vertical-align: middle;
	}
	@media (max-width: 450px) {
		.button {
			font-size: 9pt;
		}
	}
</style>

<div>

	<header>
		<div class="nav-wrapper"><ul class="nav">
			<li><a class="button nav-first" href="//pokemonshowdown.com/"><img src="//pokemonshowdown.com/images/pokemonshowdownbeta.png" srcset="//pokemonshowdown.com/images/pokemonshowdownbeta.png 1x, //pokemonshowdown.com/images/pokemonshowdownbeta@2x.png 2x" alt="Pok&eacute;mon Showdown" width="146" height="44" /> Home</a></li>
			<li><a class="button" href="//pokemonshowdown.com/dex/">Pok&eacute;dex</a></li>
			<li><a class="button cur" href="/">Replays</a></li>
			<li><a class="button" href="//pokemonshowdown.com/ladder/">Ladder</a></li>
			<li><a class="button nav-last" href="//pokemonshowdown.com/forums/">Forum</a></li>
			<li><a class="button greenbutton nav-first nav-last" href="//play.pokemonshowdown.com/">Play</a></li>
		</ul></div>
	</header>

	<div class="main" id="main">

		<noscript><section class="section">You need to enable JavaScript to use this page; sorry!</section></noscript>

	</div>

</div>

<script defer nomodule src="//play.pokemonshowdown.com/js/lib/ps-polyfill.js"></script>
<script defer src="//play.pokemonshowdown.com/js/lib/preact.min.js"></script>

<script defer src="//play.pokemonshowdown.com/config/config.js?2bddbc15"></script>
<script defer src="//play.pokemonshowdown.com/js/lib/jquery-1.11.0.min.js"></script>
<script defer src="//play.pokemonshowdown.com/js/lib/html-sanitizer-minified.js"></script>
<script defer src="//play.pokemonshowdown.com/js/battle-sound.js"></script>
<script defer src="//play.pokemonshowdown.com/js/battledata.js?0.7209276989879541"></script>
<script defer src="//play.pokemonshowdown.com/data/pokedex-mini.js?0.6111056340867951"></script>
<script defer src="//play.pokemonshowdown.com/data/pokedex-mini-bw.js?0.3532142036491459"></script>
<script defer src="//play.pokemonshowdown.com/data/graphics.js?0.24223875632456182"></script>
<script defer src="//play.pokemonshowdown.com/data/pokedex.js?0.38839984266356864"></script>
<script defer src="//play.pokemonshowdown.com/data/moves.js?0.21866028504024015"></script>
<script defer src="//play.pokemonshowdown.com/data/abilities.js?0.2005157953846628"></script>
<script defer src="//play.pokemonshowdown.com/data/items.js?0.9894211263848525"></script>
<script defer src="//play.pokemonshowdown.com/data/teambuilder-tables.js?0.6008791140282215"></script>
<script defer src="//play.pokemonshowdown.com/js/battle-tooltips.js?0.7580118955022959"></script>
<script defer src="//play.pokemonshowdown.com/js/battle.js?0.6057722274234274"></script>

<script defer src="js/utils.js?e31f9a17"></script>
<script defer src="js/replays-battle.js?7008c182"></script>

<!-- don't scrape this data! just add .json or .log after the URL!
Full API docs: https://github.com/smogon/pokemon-showdown-client/blob/master/WEB-API.md -->
<script type="text/plain" class="log" id="replaylog-smogtours-gen3ou-796441">
|inactive|Battle timer is ON: inactive players will automatically lose when time's up.
|t:|1728414182
|gametype|singles
|player|p1|stuckkkk|swimmer|
|player|p2|banyanya|101|
|teamsize|p1|6
|teamsize|p2|6
|gen|3
|tier|[Gen 3] OU
|rule|Sleep Clause Mod: Limit one foe put to sleep
|rule|Switch Priority Clause Mod: Faster Pokémon switch first
|rule|Species Clause: Limit one of each Pokémon
|rule|OHKO Clause: OHKO moves are banned
|rule|Evasion Items Clause: Evasion items are banned
|rule|Evasion Moves Clause: Evasion moves are banned
|rule|Endless Battle Clause: Forcing endless battles is banned
|rule|HP Percentage Mod: HP is shown in percentages
|rule|One Boost Passer Clause: Limit one Baton Passer that has a way to boost its stats
|rule|Freeze Clause Mod: Limit one foe frozen
|
|t:|1728414182
|start
|switch|p1a: Steve Austin|Regirock|100/100
|switch|p2a: Forretress|Forretress, M|100/100
|turn|1
|c|☆stuckkkk|whats good
|c|☆stuckkkk|gl, have fun
|c|☆banyanya|glhf
|
|t:|1728414196
|switch|p1a: Jackass 2|Magneton|100/100
|move|p2a: Forretress|Spikes|p1a: Jackass 2
|-sidestart|p1: stuckkkk|Spikes
|
|upkeep
|turn|2
|
|t:|1728414205
|move|p1a: Jackass 2|Hidden Power|p2a: Forretress
|-supereffective|p2a: Forretress
|-damage|p2a: Forretress|1/100
|move|p2a: Forretress|Spikes|p1a: Jackass 2
|-sidestart|p1: stuckkkk|Spikes
|
|-heal|p2a: Forretress|7/100|[from] item: Leftovers
|upkeep
|turn|3
|
|t:|1728414215
|move|p1a: Jackass 2|Hidden Power|p2a: Forretress
|-supereffective|p2a: Forretress
|-damage|p2a: Forretress|0 fnt
|faint|p2a: Forretress
|
|t:|1728414229
|switch|p2a: Swampert|Swampert, F|100/100
|
|upkeep
|turn|4
|
|t:|1728414245
|switch|p1a: #1 TM44 fan|Suicune|100/100
|-damage|p1a: #1 TM44 fan|84/100|[from] Spikes
|move|p2a: Swampert|Toxic|p1a: #1 TM44 fan|[miss]
|-miss|p2a: Swampert|p1a: #1 TM44 fan
|
|-heal|p1a: #1 TM44 fan|90/100|[from] item: Leftovers
|upkeep
|turn|5
|
|t:|1728414254
|move|p1a: #1 TM44 fan|Surf|p2a: Swampert
|-damage|p2a: Swampert|63/100
|move|p2a: Swampert|Toxic|p1a: #1 TM44 fan
|-status|p1a: #1 TM44 fan|tox
|
|-heal|p1a: #1 TM44 fan|97/100 tox|[from] item: Leftovers
|-damage|p1a: #1 TM44 fan|90/100 tox|[from] psn
|-heal|p2a: Swampert|69/100|[from] item: Leftovers
|upkeep
|turn|6
|
|t:|1728414263
|switch|p2a: Blissey|Blissey, F|100/100
|move|p1a: #1 TM44 fan|Surf|p2a: Blissey
|-damage|p2a: Blissey|85/100
|
|-heal|p1a: #1 TM44 fan|97/100 tox|[from] item: Leftovers
|-damage|p1a: #1 TM44 fan|84/100 tox|[from] psn
|-heal|p2a: Blissey|91/100|[from] item: Leftovers
|upkeep
|turn|7
|
|t:|1728414274
|switch|p1a: uppies?|Snorlax, F, shiny|100/100
|-damage|p1a: uppies?|84/100|[from] Spikes
|move|p2a: Blissey|Thunderbolt|p1a: uppies?
|-damage|p1a: uppies?|70/100
|
|-heal|p2a: Blissey|97/100|[from] item: Leftovers
|-heal|p1a: uppies?|76/100|[from] item: Leftovers
|upkeep
|turn|8
|
|t:|1728414291
|switch|p2a: Zapdos|Zapdos|100/100
|move|p1a: uppies?|Curse|p1a: uppies?
|-unboost|p1a: uppies?|spe|1
|-boost|p1a: uppies?|atk|1
|-boost|p1a: uppies?|def|1
|
|-heal|p1a: uppies?|82/100|[from] item: Leftovers
|upkeep
|turn|9
|
|t:|1728414315
|move|p1a: uppies?|Curse|p1a: uppies?
|-unboost|p1a: uppies?|spe|1
|-boost|p1a: uppies?|atk|1
|-boost|p1a: uppies?|def|1
|move|p2a: Zapdos|Roar|p1a: uppies?
|drag|p1a: #1 TM44 fan|Suicune|84/100 tox
|-damage|p1a: #1 TM44 fan|68/100 tox|[from] Spikes
|
|-heal|p1a: #1 TM44 fan|74/100 tox|[from] item: Leftovers
|-damage|p1a: #1 TM44 fan|68/100 tox|[from] psn
|upkeep
|turn|10
|
|t:|1728414326
|switch|p1a: uppies?|Snorlax, F, shiny|82/100
|-damage|p1a: uppies?|65/100|[from] Spikes
|move|p2a: Zapdos|Roar|p1a: uppies?
|drag|p1a: lolcow requiem|Salamence, F|100/100
|-ability|p1a: lolcow requiem|Intimidate|boost
|-unboost|p2a: Zapdos|atk|1
|
|upkeep
|turn|11
|inactive|stuckkkk has 270 seconds left.
|
|t:|1728414349
|switch|p1a: uppies?|Snorlax, F, shiny|65/100
|-damage|p1a: uppies?|49/100|[from] Spikes
|move|p2a: Zapdos|Thunderbolt|p1a: uppies?
|-damage|p1a: uppies?|25/100
|
|-heal|p1a: uppies?|31/100|[from] item: Leftovers
|upkeep
|turn|12
|
|t:|1728414352
|move|p2a: Zapdos|Thunderbolt|p1a: uppies?
|-damage|p1a: uppies?|8/100
|move|p1a: uppies?|Self-Destruct|p2a: Zapdos
|-damage|p2a: Zapdos|0 fnt
|faint|p1a: uppies?
|faint|p2a: Zapdos
|inactive|stuckkkk has 270 seconds left.
|
|t:|1728414368
|switch|p2a: Tyranitar|Tyranitar, F|100/100
|switch|p1a: Steve Austin|Regirock|100/100
|-damage|p1a: Steve Austin|84/100|[from] Spikes
|-weather|Sandstorm|[from] ability: Sand Stream|[of] p2a: Tyranitar
|
|-weather|Sandstorm|[upkeep]
|-heal|p1a: Steve Austin|90/100|[from] item: Leftovers
|upkeep
|turn|13
|inactive|stuckkkk has 270 seconds left.
|
|t:|1728414378
|switch|p2a: Swampert|Swampert, F|69/100
|move|p1a: Steve Austin|Earthquake|p2a: Swampert
|-damage|p2a: Swampert|46/100
|
|-weather|Sandstorm|[upkeep]
|-heal|p2a: Swampert|52/100|[from] item: Leftovers
|-heal|p1a: Steve Austin|96/100|[from] item: Leftovers
|upkeep
|turn|14
|inactive|stuckkkk has 270 seconds left.
|
|t:|1728414408
|switch|p1a: #1 TM44 fan|Suicune|68/100 tox
|-damage|p1a: #1 TM44 fan|51/100 tox|[from] Spikes
|move|p2a: Swampert|Protect||[still]
|-fail|p2a: Swampert
|
|-weather|Sandstorm|[upkeep]
|-damage|p1a: #1 TM44 fan|45/100 tox|[from] Sandstorm
|-heal|p1a: #1 TM44 fan|51/100 tox|[from] item: Leftovers
|-damage|p1a: #1 TM44 fan|45/100 tox|[from] psn
|-heal|p2a: Swampert|58/100|[from] item: Leftovers
|upkeep
|turn|15
|
|t:|1728414425
|move|p2a: Swampert|Protect|p2a: Swampert
|-singleturn|p2a: Swampert|Protect
|move|p1a: #1 TM44 fan|Rest|p1a: #1 TM44 fan
|-status|p1a: #1 TM44 fan|slp|[from] move: Rest
|-heal|p1a: #1 TM44 fan|100/100 slp|[silent]
|
|-weather|Sandstorm|[upkeep]
|-damage|p1a: #1 TM44 fan|94/100 slp|[from] Sandstorm
|-heal|p1a: #1 TM44 fan|100/100 slp|[from] item: Leftovers
|-heal|p2a: Swampert|65/100|[from] item: Leftovers
|upkeep
|turn|16
|inactive|stuckkkk has 240 seconds left.
|
|t:|1728414466
|switch|p1a: Steve Austin|Regirock|96/100
|-damage|p1a: Steve Austin|79/100|[from] Spikes
|switch|p2a: Blissey|Blissey, F|97/100
|
|-weather|Sandstorm|[upkeep]
|-damage|p2a: Blissey|91/100|[from] Sandstorm
|-heal|p1a: Steve Austin|85/100|[from] item: Leftovers
|-heal|p2a: Blissey|97/100|[from] item: Leftovers
|upkeep
|turn|17
|
|t:|1728414486
|move|p1a: Steve Austin|Rock Slide|p2a: Blissey
|-damage|p2a: Blissey|58/100
|move|p2a: Blissey|Wish|p2a: Blissey
|
|-weather|Sandstorm|[upkeep]
|-damage|p2a: Blissey|52/100|[from] Sandstorm
|-heal|p1a: Steve Austin|91/100|[from] item: Leftovers
|-heal|p2a: Blissey|58/100|[from] item: Leftovers
|upkeep
|turn|18
|
|t:|1728414494
|switch|p2a: Swampert|Swampert, F|65/100
|move|p1a: Steve Austin|Rock Slide|p2a: Swampert
|-resisted|p2a: Swampert
|-damage|p2a: Swampert|52/100
|
|-heal|p2a: Swampert|100/100|[from] move: Wish|[wisher] Blissey
|-weather|Sandstorm|[upkeep]
|-heal|p1a: Steve Austin|97/100|[from] item: Leftovers
|upkeep
|turn|19
|
|t:|1728414508
|switch|p1a: #1 TM44 fan|Suicune|100/100 slp
|-damage|p1a: #1 TM44 fan|84/100 slp|[from] Spikes
|move|p2a: Swampert|Surf|p1a: #1 TM44 fan
|-resisted|p1a: #1 TM44 fan
|-damage|p1a: #1 TM44 fan|74/100 slp
|
|-weather|Sandstorm|[upkeep]
|-damage|p1a: #1 TM44 fan|68/100 slp|[from] Sandstorm
|-heal|p1a: #1 TM44 fan|74/100 slp|[from] item: Leftovers
|upkeep
|turn|20
|
|t:|1728414515
|switch|p2a: Blissey|Blissey, F|58/100
|cant|p1a: #1 TM44 fan|slp
|move|p1a: #1 TM44 fan|Sleep Talk|p1a: #1 TM44 fan
|move|p1a: #1 TM44 fan|Surf|p2a: Blissey|[from]Sleep Talk
|-damage|p2a: Blissey|42/100
|
|-weather|Sandstorm|[upkeep]
|-damage|p1a: #1 TM44 fan|68/100 slp|[from] Sandstorm
|-damage|p2a: Blissey|36/100|[from] Sandstorm
|-heal|p1a: #1 TM44 fan|74/100 slp|[from] item: Leftovers
|-heal|p2a: Blissey|42/100|[from] item: Leftovers
|upkeep
|turn|21
|
|t:|1728414522
|cant|p1a: #1 TM44 fan|slp
|move|p1a: #1 TM44 fan|Sleep Talk|p1a: #1 TM44 fan
|move|p1a: #1 TM44 fan|Rest|p1a: #1 TM44 fan|[from]Sleep Talk
|move|p2a: Blissey|Thunderbolt|p1a: #1 TM44 fan
|-supereffective|p1a: #1 TM44 fan
|-damage|p1a: #1 TM44 fan|37/100 slp
|
|-weather|Sandstorm|[upkeep]
|-damage|p1a: #1 TM44 fan|30/100 slp|[from] Sandstorm
|-damage|p2a: Blissey|36/100|[from] Sandstorm
|-heal|p1a: #1 TM44 fan|37/100 slp|[from] item: Leftovers
|-heal|p2a: Blissey|42/100|[from] item: Leftovers
|upkeep
|turn|22
|inactive|stuckkkk has 240 seconds left.
|
|t:|1728414536
|-curestatus|p1a: #1 TM44 fan|slp|[msg]
|move|p1a: #1 TM44 fan|Rest|p1a: #1 TM44 fan
|-status|p1a: #1 TM44 fan|slp|[from] move: Rest
|-heal|p1a: #1 TM44 fan|100/100 slp|[silent]
|move|p2a: Blissey|Thunderbolt|p1a: #1 TM44 fan
|-supereffective|p1a: #1 TM44 fan
|-damage|p1a: #1 TM44 fan|65/100 slp
|
|-weather|Sandstorm|[upkeep]
|-damage|p1a: #1 TM44 fan|58/100 slp|[from] Sandstorm
|-damage|p2a: Blissey|36/100|[from] Sandstorm
|-heal|p1a: #1 TM44 fan|65/100 slp|[from] item: Leftovers
|-heal|p2a: Blissey|42/100|[from] item: Leftovers
|upkeep
|turn|23
|inactive|stuckkkk has 240 seconds left.
|
|t:|1728414545
|switch|p1a: Steve Austin|Regirock|97/100
|-damage|p1a: Steve Austin|81/100|[from] Spikes
|move|p2a: Blissey|Thunderbolt|p1a: Steve Austin
|-damage|p1a: Steve Austin|56/100
|-status|p1a: Steve Austin|par
|
|-weather|Sandstorm|[upkeep]
|-damage|p2a: Blissey|36/100|[from] Sandstorm
|-heal|p2a: Blissey|42/100|[from] item: Leftovers
|-heal|p1a: Steve Austin|62/100 par|[from] item: Leftovers
|upkeep
|turn|24
|inactive|stuckkkk has 240 seconds left.
|
|t:|1728414559
|switch|p2a: Swampert|Swampert, F|100/100
|cant|p1a: Steve Austin|par
|
|-weather|Sandstorm|[upkeep]
|-heal|p1a: Steve Austin|68/100 par|[from] item: Leftovers
|upkeep
|turn|25
|inactive|stuckkkk has 240 seconds left.
|
|t:|1728414570
|move|p2a: Swampert|Surf|p1a: Steve Austin
|-supereffective|p1a: Steve Austin
|-damage|p1a: Steve Austin|15/100 par
|move|p1a: Steve Austin|Explosion|p2a: Swampert
|-damage|p2a: Swampert|0 fnt
|faint|p1a: Steve Austin
|faint|p2a: Swampert
|inactive|stuckkkk has 240 seconds left.
|
|t:|1728414597
|switch|p2a: Tyranitar|Tyranitar, F|100/100
|switch|p1a: Jackass 2|Magneton|100/100
|-damage|p1a: Jackass 2|84/100|[from] Spikes
|
|-weather|Sandstorm|[upkeep]
|upkeep
|turn|26
|
|t:|1728414610
|move|p1a: Jackass 2|Thunderbolt|p2a: Tyranitar
|-damage|p2a: Tyranitar|56/100
|move|p2a: Tyranitar|Flamethrower|p1a: Jackass 2
|-supereffective|p1a: Jackass 2
|-damage|p1a: Jackass 2|0 fnt
|faint|p1a: Jackass 2
|
|t:|1728414619
|switch|p1a: lolcow requiem|Salamence, F|100/100
|-ability|p1a: lolcow requiem|Intimidate|boost
|-unboost|p2a: Tyranitar|atk|1
|
|-weather|Sandstorm|[upkeep]
|-damage|p1a: lolcow requiem|95/100|[from] Sandstorm
|-heal|p1a: lolcow requiem|100/100|[from] item: Leftovers
|-heal|p2a: Tyranitar|62/100|[from] item: Leftovers
|upkeep
|turn|27
|inactive|stuckkkk has 210 seconds left.
|
|t:|1728414664
|move|p1a: lolcow requiem|Brick Break|p2a: Tyranitar
|-supereffective|p2a: Tyranitar
|-damage|p2a: Tyranitar|0 fnt
|faint|p2a: Tyranitar
|
|t:|1728414670
|switch|p2a: Aerodactyl|Aerodactyl, M|100/100
|
|-weather|Sandstorm|[upkeep]
|-damage|p1a: lolcow requiem|95/100|[from] Sandstorm
|-heal|p1a: lolcow requiem|100/100|[from] item: Leftovers
|upkeep
|turn|28
|
|t:|1728414685
|switch|p1a: King from Tekken|Metagross, shiny|100/100
|-damage|p1a: King from Tekken|84/100|[from] Spikes
|move|p2a: Aerodactyl|Rock Slide|p1a: King from Tekken
|-resisted|p1a: King from Tekken
|-damage|p1a: King from Tekken|60/100
|
|-weather|Sandstorm|[upkeep]
|-heal|p1a: King from Tekken|66/100|[from] item: Leftovers
|upkeep
|turn|29
|inactive|stuckkkk has 180 seconds left.
|
|t:|1728414716
|switch|p2a: Blissey|Blissey, F|42/100
|move|p1a: King from Tekken|Meteor Mash|p2a: Blissey
|-damage|p2a: Blissey|0 fnt
|faint|p2a: Blissey
|
|t:|1728414720
|switch|p2a: Aerodactyl|Aerodactyl, M|100/100
|
|-weather|Sandstorm|[upkeep]
|-heal|p1a: King from Tekken|72/100|[from] item: Leftovers
|upkeep
|turn|30
|inactive|stuckkkk has 180 seconds left.
|
|t:|1728414739
|move|p2a: Aerodactyl|Rock Slide|p1a: King from Tekken
|-resisted|p1a: King from Tekken
|-crit|p1a: King from Tekken
|-damage|p1a: King from Tekken|22/100
|move|p1a: King from Tekken|Explosion|p2a: Aerodactyl
|-resisted|p2a: Aerodactyl
|-damage|p2a: Aerodactyl|0 fnt
|faint|p1a: King from Tekken
|faint|p2a: Aerodactyl
|
|win|stuckkkk
|c|☆stuckkkk|gg
|c|☆banyanya|gg
|player|p2|
|c|☆stuckkkk|ready for game 2 or need a break?

</script>
<script type="application/json" class="data" id="replaydata-smogtours-gen3ou-796441">
{"id":"smogtours-gen3ou-796441","format":"[Gen 3] OU","players":["stuckkkk","banyanya"],"uploadtime":1728414739,"views":79,"formatid":"gen3ou","rating":null,"private":0,"password":null}
</script>

<script defer src="js/replays.js?9d40a366"></script>
