<!DOCTYPE html>
<meta charset="utf-8" />
<meta name="viewport" content="width=device-width" />

<title>[Gen 3] OU: TefoShark vs. No8ull - Replays - Pok&eacute;mon Showdown!</title>

<meta name="description" content="Watch a replay of a Pok&eacute;mon battle between TefoShark and No8ull! Format: [Gen 3] OU; Date: Oct 2, 2024" />
<!--

Hey, you! Looking in the source for the replay log?

You can find them in JSON format, just add `.json` at the end of a replay URL.

https://replay.pokemonshowdown.com/gen7randomdoublesbattle-865046831.json

Or, if you only need the log itself, add `.log` instead:

https://replay.pokemonshowdown.com/gen7randomdoublesbattle-865046831.log

-->

<link rel="stylesheet" href="//pokemonshowdown.com/style/global.css?0.023195364461161105" />
<link rel="stylesheet" href="//play.pokemonshowdown.com/style/font-awesome.css?0.13261647063804238" />
<link rel="stylesheet" href="//play.pokemonshowdown.com/style/battle.css?0.8753245789963631" />
<link rel="stylesheet" href="//play.pokemonshowdown.com/style/utilichart.css?0.8627959624976733" />

<!-- Global site tag (gtag.js) - Google Analytics -->
<script async src="https://www.googletagmanager.com/gtag/js?id=UA-26211653-1"></script>
<script>
  window.dataLayer = window.dataLayer || [];
  function gtag(){dataLayer.push(arguments);}
  gtag('js', new Date());

  gtag('config', 'UA-26211653-1');
</script>
<!-- End Google Analytics -->
<!-- Venatus Ad Manager - Install in <HEAD> of page -->
	<script src="https://hb.vntsm.com/v3/live/ad-manager.min.js" type="text/javascript" data-site-id="642aba63ec9a7b11c3c9c1be" data-mode="scan" async></script>
<!-- / Venatus Ad Manager -->

<style>
	@media (max-width:820px) {
		.battle {
			margin: 0 auto;
		}
		.battle-log {
			margin: 7px auto 0;
			max-width: 640px;
			height: 300px;
			position: static;
		}
	}
	.optgroup {
		display: inline-block;
		line-height: 22px;
		font-size: 10pt;
	}
	.optgroup .button {
		height: 25px;
		padding-top: 0;
		padding-bottom: 0;
	}
	.optgroup button.button {
		padding-left: 12px;
		padding-right: 12px;
	}
	.linklist {
		list-style: none;
		margin: 0.5em 0;
		padding: 0;
	}
	.linklist li {
		padding: 2px 0;
	}
	.sidebar {
		float: left;
		width: 320px;
	}
	.bar-wrapper {
		max-width: 1100px;
		margin: 0 auto;
	}
	.bar-wrapper.has-sidebar {
		max-width: 1430px;
	}
	.mainbar {
		margin: 0;
		padding-right: 1px;
	}
	.mainbar.has-sidebar {
		margin-left: 330px;
	}
	@media (min-width: 1511px) {
		.sidebar {
			width: 400px;
		}
		.bar-wrapper.has-sidebar {
			max-width: 1510px;
		}
		.mainbar.has-sidebar {
			margin-left: 410px;
		}
	}
	.section.first-section {
		margin-top: 9px;
	}
	.blocklink small {
		white-space: normal;
	}
	.button {
		vertical-align: middle;
	}
	.replay-controls {
		padding-top: 10px;
	}
	.replay-controls h1 {
		font-size: 16pt;
		font-weight: normal;
		color: #CCC;
	}
	.pagelink {
		text-align: center;
	}
	.pagelink a {
		width: 150px;
	}
	.textbox, .button {
		font-size: 11pt;
		vertical-align: middle;
	}
	@media (max-width: 450px) {
		.button {
			font-size: 9pt;
		}
	}
</style>

<div>

	<header>
		<div class="nav-wrapper"><ul class="nav">
			<li><a class="button nav-first" href="//pokemonshowdown.com/"><img src="//pokemonshowdown.com/images/pokemonshowdownbeta.png" srcset="//pokemonshowdown.com/images/pokemonshowdownbeta.png 1x, //pokemonshowdown.com/images/pokemonshowdownbeta@2x.png 2x" alt="Pok&eacute;mon Showdown" width="146" height="44" /> Home</a></li>
			<li><a class="button" href="//pokemonshowdown.com/dex/">Pok&eacute;dex</a></li>
			<li><a class="button cur" href="/">Replays</a></li>
			<li><a class="button" href="//pokemonshowdown.com/ladder/">Ladder</a></li>
			<li><a class="button nav-last" href="//pokemonshowdown.com/forums/">Forum</a></li>
			<li><a class="button greenbutton nav-first nav-last" href="//play.pokemonshowdown.com/">Play</a></li>
		</ul></div>
	</header>

	<div class="main" id="main">

		<noscript><section class="section">You need to enable JavaScript to use this page; sorry!</section></noscript>

	</div>

</div>

<script defer nomodule src="//play.pokemonshowdown.com/js/lib/ps-polyfill.js"></script>
<script defer src="//play.pokemonshowdown.com/js/lib/preact.min.js"></script>

<script defer src="//play.pokemonshowdown.com/config/config.js?2bddbc15"></script>
<script defer src="//play.pokemonshowdown.com/js/lib/jquery-1.11.0.min.js"></script>
<script defer src="//play.pokemonshowdown.com/js/lib/html-sanitizer-minified.js"></script>
<script defer src="//play.pokemonshowdown.com/js/battle-sound.js"></script>
<script defer src="//play.pokemonshowdown.com/js/battledata.js?0.7209276989879541"></script>
<script defer src="//play.pokemonshowdown.com/data/pokedex-mini.js?0.6111056340867951"></script>
<script defer src="//play.pokemonshowdown.com/data/pokedex-mini-bw.js?0.3532142036491459"></script>
<script defer src="//play.pokemonshowdown.com/data/graphics.js?0.24223875632456182"></script>
<script defer src="//play.pokemonshowdown.com/data/pokedex.js?0.38839984266356864"></script>
<script defer src="//play.pokemonshowdown.com/data/moves.js?0.21866028504024015"></script>
<script defer src="//play.pokemonshowdown.com/data/abilities.js?0.2005157953846628"></script>
<script defer src="//play.pokemonshowdown.com/data/items.js?0.9894211263848525"></script>
<script defer src="//play.pokemonshowdown.com/data/teambuilder-tables.js?0.6008791140282215"></script>
<script defer src="//play.pokemonshowdown.com/js/battle-tooltips.js?0.7580118955022959"></script>
<script defer src="//play.pokemonshowdown.com/js/battle.js?0.6057722274234274"></script>

<script defer src="js/utils.js?e31f9a17"></script>
<script defer src="js/replays-battle.js?7008c182"></script>

<!-- don't scrape this data! just add .json or .log after the URL!
Full API docs: https://github.com/smogon/pokemon-showdown-client/blob/master/WEB-API.md -->
<script type="text/plain" class="log" id="replaylog-smogtours-gen3ou-793878">
|inactive|Battle timer is ON: inactive players will automatically lose when time's up.
|t:|1727830989
|gametype|singles
|player|p1|TefoShark|acetrainer|
|player|p2|No8ull|266|
|teamsize|p1|6
|teamsize|p2|6
|gen|3
|tier|[Gen 3] OU
|rule|Sleep Clause Mod: Limit one foe put to sleep
|rule|Switch Priority Clause Mod: Faster Pokémon switch first
|rule|Species Clause: Limit one of each Pokémon
|rule|OHKO Clause: OHKO moves are banned
|rule|Evasion Items Clause: Evasion items are banned
|rule|Evasion Moves Clause: Evasion moves are banned
|rule|Endless Battle Clause: Forcing endless battles is banned
|rule|HP Percentage Mod: HP is shown in percentages
|rule|One Boost Passer Clause: Limit one Baton Passer that has a way to boost its stats
|rule|Freeze Clause Mod: Limit one foe frozen
|
|t:|1727830989
|start
|switch|p1a: Tyranitar|Tyranitar, M|100/100
|switch|p2a: Starmie|Starmie|100/100
|-weather|Sandstorm|[from] ability: Sand Stream|[of] p1a: Tyranitar
|turn|1
|c|☆TefoShark|glhf!
|c|☆No8ull|u2!
|
|t:|1727831007
|switch|p2a: Gyarados|Gyarados, F|100/100
|-ability|p2a: Gyarados|Intimidate|boost
|-unboost|p1a: Tyranitar|atk|1
|move|p1a: Tyranitar|Crunch|p2a: Gyarados
|-damage|p2a: Gyarados|71/100
|
|-weather|Sandstorm|[upkeep]
|-damage|p2a: Gyarados|64/100|[from] Sandstorm
|-heal|p2a: Gyarados|71/100|[from] item: Leftovers
|upkeep
|turn|2
|
|t:|1727831014
|switch|p1a: Gengar|Gengar, F|100/100
|move|p2a: Gyarados|Thunder Wave|p1a: Gengar
|-status|p1a: Gengar|par
|
|-weather|Sandstorm|[upkeep]
|-damage|p2a: Gyarados|64/100|[from] Sandstorm
|-damage|p1a: Gengar|94/100 par|[from] Sandstorm
|-heal|p2a: Gyarados|71/100|[from] item: Leftovers
|-heal|p1a: Gengar|100/100 par|[from] item: Leftovers
|upkeep
|turn|3
|
|t:|1727831029
|switch|p2a: Raikou|Raikou|100/100
|cant|p1a: Gengar|par
|
|-weather|Sandstorm|[upkeep]
|-damage|p2a: Raikou|94/100|[from] Sandstorm
|-damage|p1a: Gengar|94/100 par|[from] Sandstorm
|-heal|p2a: Raikou|100/100|[from] item: Leftovers
|-heal|p1a: Gengar|100/100 par|[from] item: Leftovers
|upkeep
|turn|4
|
|t:|1727831038
|switch|p1a: Blissey|Blissey, F|100/100
|move|p2a: Raikou|Substitute|p2a: Raikou
|-start|p2a: Raikou|Substitute
|-damage|p2a: Raikou|76/100
|
|-weather|Sandstorm|[upkeep]
|-damage|p2a: Raikou|69/100|[from] Sandstorm
|-damage|p1a: Blissey|94/100|[from] Sandstorm
|-heal|p2a: Raikou|76/100|[from] item: Leftovers
|-heal|p1a: Blissey|100/100|[from] item: Leftovers
|upkeep
|turn|5
|
|t:|1727831046
|move|p2a: Raikou|Thunderbolt|p1a: Blissey
|-damage|p1a: Blissey|85/100
|move|p1a: Blissey|Seismic Toss|p2a: Raikou
|-end|p2a: Raikou|Substitute
|
|-weather|Sandstorm|[upkeep]
|-damage|p2a: Raikou|69/100|[from] Sandstorm
|-damage|p1a: Blissey|79/100|[from] Sandstorm
|-heal|p2a: Raikou|76/100|[from] item: Leftovers
|-heal|p1a: Blissey|85/100|[from] item: Leftovers
|upkeep
|turn|6
|
|t:|1727831053
|switch|p2a: Dugtrio|Dugtrio, F|100/100
|move|p1a: Blissey|Seismic Toss|p2a: Dugtrio
|-damage|p2a: Dugtrio|53/100
|
|-weather|Sandstorm|[upkeep]
|-damage|p1a: Blissey|79/100|[from] Sandstorm
|-heal|p1a: Blissey|85/100|[from] item: Leftovers
|upkeep
|turn|7
|
|t:|1727831060
|move|p2a: Dugtrio|Beat Up|p1a: Blissey
|-damage|p1a: Blissey|76/100
|-damage|p1a: Blissey|69/100
|-crit|p1a: Blissey
|-damage|p1a: Blissey|50/100
|-damage|p1a: Blissey|42/100
|-damage|p1a: Blissey|27/100
|-damage|p1a: Blissey|17/100
|-hitcount|p1a: Blissey|6
|move|p1a: Blissey|Wish|p1a: Blissey
|
|-weather|Sandstorm|[upkeep]
|-damage|p1a: Blissey|11/100|[from] Sandstorm
|-heal|p1a: Blissey|17/100|[from] item: Leftovers
|upkeep
|turn|8
|
|t:|1727831070
|move|p2a: Dugtrio|Beat Up|p1a: Blissey
|-damage|p1a: Blissey|9/100
|-damage|p1a: Blissey|2/100
|-damage|p1a: Blissey|0 fnt
|-hitcount|p1a: Blissey|3
|faint|p1a: Blissey
|
|t:|1727831071
|switch|p1a: Dugtrio|Dugtrio, F|100/100
|
|-weather|Sandstorm|[upkeep]
|upkeep
|turn|9
|
|t:|1727831079
|move|p2a: Dugtrio|Beat Up|p1a: Dugtrio
|-damage|p1a: Dugtrio|94/100
|-damage|p1a: Dugtrio|89/100
|-damage|p1a: Dugtrio|83/100
|-damage|p1a: Dugtrio|77/100
|-damage|p1a: Dugtrio|67/100
|-damage|p1a: Dugtrio|59/100
|-hitcount|p1a: Dugtrio|6
|move|p1a: Dugtrio|Earthquake|p2a: Dugtrio
|-damage|p2a: Dugtrio|0 fnt
|faint|p2a: Dugtrio
|
|t:|1727831091
|switch|p2a: Gyarados|Gyarados, F|71/100
|-ability|p2a: Gyarados|Intimidate|boost
|-unboost|p1a: Dugtrio|atk|1
|
|-weather|Sandstorm|[upkeep]
|-damage|p2a: Gyarados|64/100|[from] Sandstorm
|-heal|p2a: Gyarados|71/100|[from] item: Leftovers
|upkeep
|turn|10
|
|t:|1727831109
|switch|p1a: Gengar|Gengar, F|100/100 par
|move|p2a: Gyarados|Thunder Wave|p1a: Gengar
|-fail|p1a: Gengar|par
|
|-weather|Sandstorm|[upkeep]
|-damage|p2a: Gyarados|64/100|[from] Sandstorm
|-damage|p1a: Gengar|94/100 par|[from] Sandstorm
|-heal|p2a: Gyarados|71/100|[from] item: Leftovers
|-heal|p1a: Gengar|100/100 par|[from] item: Leftovers
|upkeep
|turn|11
|
|t:|1727831111
|switch|p2a: Raikou|Raikou|76/100
|move|p1a: Gengar|Thunderbolt|p2a: Raikou
|-resisted|p2a: Raikou
|-crit|p2a: Raikou
|-damage|p2a: Raikou|48/100
|
|-weather|Sandstorm|[upkeep]
|-damage|p2a: Raikou|42/100|[from] Sandstorm
|-damage|p1a: Gengar|94/100 par|[from] Sandstorm
|-heal|p2a: Raikou|48/100|[from] item: Leftovers
|-heal|p1a: Gengar|100/100 par|[from] item: Leftovers
|upkeep
|turn|12
|
|t:|1727831127
|switch|p1a: Forretress|Forretress, M|100/100
|move|p2a: Raikou|Substitute|p2a: Raikou
|-start|p2a: Raikou|Substitute
|-damage|p2a: Raikou|23/100
|
|-weather|Sandstorm|[upkeep]
|-damage|p2a: Raikou|17/100|[from] Sandstorm
|-heal|p2a: Raikou|23/100|[from] item: Leftovers
|upkeep
|turn|13
|
|t:|1727831132
|move|p2a: Raikou|Thunderbolt|p1a: Forretress
|-damage|p1a: Forretress|56/100
|-status|p1a: Forretress|par
|move|p1a: Forretress|Earthquake|p2a: Raikou
|-supereffective|p2a: Raikou
|-end|p2a: Raikou|Substitute
|
|-weather|Sandstorm|[upkeep]
|-damage|p2a: Raikou|17/100|[from] Sandstorm
|-heal|p2a: Raikou|23/100|[from] item: Leftovers
|-heal|p1a: Forretress|62/100 par|[from] item: Leftovers
|upkeep
|turn|14
|
|t:|1727831142
|switch|p2a: Gyarados|Gyarados, F|71/100
|-ability|p2a: Gyarados|Intimidate|boost
|-unboost|p1a: Forretress|atk|1
|move|p1a: Forretress|Earthquake|p2a: Gyarados
|-immune|p2a: Gyarados
|
|-weather|Sandstorm|[upkeep]
|-damage|p2a: Gyarados|64/100|[from] Sandstorm
|-heal|p2a: Gyarados|71/100|[from] item: Leftovers
|-heal|p1a: Forretress|68/100 par|[from] item: Leftovers
|upkeep
|turn|15
|
|t:|1727831149
|switch|p2a: Steelix|Steelix, M|100/100
|move|p1a: Forretress|Spikes|p2a: Steelix
|-sidestart|p2: No8ull|Spikes
|
|-weather|Sandstorm|[upkeep]
|-heal|p1a: Forretress|74/100 par|[from] item: Leftovers
|upkeep
|turn|16
|
|t:|1727831167
|switch|p1a: Swampert|Swampert, M|100/100
|move|p2a: Steelix|Hidden Power|p1a: Swampert
|-resisted|p1a: Swampert
|-damage|p1a: Swampert|96/100
|
|-weather|Sandstorm|[upkeep]
|-heal|p1a: Swampert|100/100|[from] item: Leftovers
|upkeep
|turn|17
|
|t:|1727831181
|switch|p2a: Gyarados|Gyarados, F|71/100
|-ability|p2a: Gyarados|Intimidate|boost
|-unboost|p1a: Swampert|atk|1
|move|p1a: Swampert|Earthquake|p2a: Gyarados
|-immune|p2a: Gyarados
|
|-weather|Sandstorm|[upkeep]
|-damage|p2a: Gyarados|64/100|[from] Sandstorm
|-heal|p2a: Gyarados|71/100|[from] item: Leftovers
|upkeep
|turn|18
|
|t:|1727831203
|switch|p2a: Starmie|Starmie|100/100
|-damage|p2a: Starmie|88/100|[from] Spikes
|move|p1a: Swampert|Ice Beam|p2a: Starmie
|-resisted|p2a: Starmie
|-damage|p2a: Starmie|73/100
|
|-weather|Sandstorm|[upkeep]
|-damage|p2a: Starmie|67/100|[from] Sandstorm
|-heal|p2a: Starmie|73/100|[from] item: Leftovers
|upkeep
|turn|19
|inactive|TefoShark has 270 seconds left.
|
|t:|1727831237
|switch|p1a: Dugtrio|Dugtrio, F|59/100
|move|p2a: Starmie|Hydro Pump|p1a: Dugtrio|[miss]
|-miss|p2a: Starmie|p1a: Dugtrio
|
|-weather|Sandstorm|[upkeep]
|-damage|p2a: Starmie|67/100|[from] Sandstorm
|-heal|p2a: Starmie|73/100|[from] item: Leftovers
|upkeep
|turn|20
|
|t:|1727831245
|move|p2a: Starmie|Ice Beam|p1a: Dugtrio
|-supereffective|p1a: Dugtrio
|-damage|p1a: Dugtrio|0 fnt
|faint|p1a: Dugtrio
|
|t:|1727831247
|switch|p1a: Tyranitar|Tyranitar, M|100/100
|
|-weather|Sandstorm|[upkeep]
|-damage|p2a: Starmie|67/100|[from] Sandstorm
|-heal|p2a: Starmie|73/100|[from] item: Leftovers
|upkeep
|turn|21
|
|t:|1727831254
|switch|p2a: Gyarados|Gyarados, F|71/100
|-ability|p2a: Gyarados|Intimidate|boost
|-unboost|p1a: Tyranitar|atk|1
|move|p1a: Tyranitar|Crunch|p2a: Gyarados
|-damage|p2a: Gyarados|38/100
|
|-weather|Sandstorm|[upkeep]
|-damage|p2a: Gyarados|32/100|[from] Sandstorm
|-heal|p2a: Gyarados|38/100|[from] item: Leftovers
|upkeep
|turn|22
|
|t:|1727831273
|switch|p2a: Steelix|Steelix, M|100/100
|-damage|p2a: Steelix|88/100|[from] Spikes
|move|p1a: Tyranitar|Crunch|p2a: Steelix
|-resisted|p2a: Steelix
|-damage|p2a: Steelix|70/100
|-unboost|p2a: Steelix|spd|1
|
|-weather|Sandstorm|[upkeep]
|-heal|p2a: Steelix|76/100|[from] item: Leftovers
|upkeep
|turn|23
|
|t:|1727831282
|move|p1a: Tyranitar|Flamethrower|p2a: Steelix
|-supereffective|p2a: Steelix
|-damage|p2a: Steelix|0 fnt
|faint|p2a: Steelix
|
|t:|1727831291
|switch|p2a: Starmie|Starmie|73/100
|-damage|p2a: Starmie|61/100|[from] Spikes
|
|-weather|Sandstorm|[upkeep]
|-damage|p2a: Starmie|55/100|[from] Sandstorm
|-heal|p2a: Starmie|61/100|[from] item: Leftovers
|upkeep
|turn|24
|
|t:|1727831295
|move|p2a: Starmie|Hydro Pump|p1a: Tyranitar
|-supereffective|p1a: Tyranitar
|-damage|p1a: Tyranitar|8/100
|move|p1a: Tyranitar|Crunch|p2a: Starmie
|-supereffective|p2a: Starmie
|-damage|p2a: Starmie|0 fnt
|faint|p2a: Starmie
|inactive|No8ull has 270 seconds left.
|
|t:|1727831326
|switch|p2a: Magneton|Magneton|100/100
|-damage|p2a: Magneton|88/100|[from] Spikes
|
|-weather|Sandstorm|[upkeep]
|-heal|p1a: Tyranitar|14/100|[from] item: Leftovers
|upkeep
|turn|25
|
|t:|1727831332
|move|p2a: Magneton|Thunderbolt|p1a: Tyranitar
|-damage|p1a: Tyranitar|0 fnt
|faint|p1a: Tyranitar
|
|t:|1727831341
|switch|p1a: Swampert|Swampert, M|100/100
|
|-weather|Sandstorm|[upkeep]
|upkeep
|turn|26
|
|t:|1727831347
|switch|p2a: Gyarados|Gyarados, F|38/100
|-ability|p2a: Gyarados|Intimidate|boost
|-unboost|p1a: Swampert|atk|1
|move|p1a: Swampert|Earthquake|p2a: Gyarados
|-immune|p2a: Gyarados
|
|-weather|Sandstorm|[upkeep]
|-damage|p2a: Gyarados|32/100|[from] Sandstorm
|-heal|p2a: Gyarados|38/100|[from] item: Leftovers
|upkeep
|turn|27
|
|t:|1727831353
|switch|p1a: Gengar|Gengar, F|100/100 par
|move|p2a: Gyarados|Hidden Power|p1a: Gengar
|-damage|p1a: Gengar|56/100 par
|
|-weather|Sandstorm|[upkeep]
|-damage|p2a: Gyarados|32/100|[from] Sandstorm
|-damage|p1a: Gengar|50/100 par|[from] Sandstorm
|-heal|p2a: Gyarados|38/100|[from] item: Leftovers
|-heal|p1a: Gengar|56/100 par|[from] item: Leftovers
|upkeep
|turn|28
|
|t:|1727831369
|switch|p2a: Raikou|Raikou|23/100
|-damage|p2a: Raikou|10/100|[from] Spikes
|move|p1a: Gengar|Explosion|p2a: Raikou
|-damage|p2a: Raikou|0 fnt
|faint|p1a: Gengar
|faint|p2a: Raikou
|
|t:|1727831378
|switch|p2a: Gyarados|Gyarados, F|38/100
|switch|p1a: Swampert|Swampert, M|100/100
|-ability|p2a: Gyarados|Intimidate|boost
|-unboost|p1a: Swampert|atk|1
|
|-weather|Sandstorm|[upkeep]
|-damage|p2a: Gyarados|32/100|[from] Sandstorm
|-heal|p2a: Gyarados|38/100|[from] item: Leftovers
|upkeep
|turn|29
|
|t:|1727831382
|move|p2a: Gyarados|Earthquake|p1a: Swampert
|-damage|p1a: Swampert|78/100
|move|p1a: Swampert|Ice Beam|p2a: Gyarados
|-damage|p2a: Gyarados|19/100
|
|-weather|Sandstorm|[upkeep]
|-damage|p2a: Gyarados|13/100|[from] Sandstorm
|-heal|p2a: Gyarados|19/100|[from] item: Leftovers
|-heal|p1a: Swampert|84/100|[from] item: Leftovers
|upkeep
|turn|30
|
|t:|1727831388
|move|p2a: Gyarados|Hidden Power|p1a: Swampert
|-damage|p1a: Swampert|61/100
|move|p1a: Swampert|Ice Beam|p2a: Gyarados
|-damage|p2a: Gyarados|1/100
|
|-weather|Sandstorm|[upkeep]
|-damage|p2a: Gyarados|0 fnt|[from] Sandstorm
|faint|p2a: Gyarados
|-heal|p1a: Swampert|67/100|[from] item: Leftovers
|upkeep
|
|t:|1727831394
|switch|p2a: Magneton|Magneton|88/100
|-damage|p2a: Magneton|76/100|[from] Spikes
|turn|31
|
|t:|1727831400
|move|p2a: Magneton|Hidden Power|p1a: Swampert
|-supereffective|p1a: Swampert
|-damage|p1a: Swampert|0 fnt
|faint|p1a: Swampert
|
|t:|1727831403
|switch|p1a: Forretress|Forretress, M|74/100 par
|
|-weather|Sandstorm|[upkeep]
|-heal|p1a: Forretress|80/100 par|[from] item: Leftovers
|upkeep
|turn|32
|
|t:|1727831407
|move|p2a: Magneton|Thunderbolt|p1a: Forretress
|-damage|p1a: Forretress|33/100 par
|move|p1a: Forretress|Earthquake|p2a: Magneton
|-supereffective|p2a: Magneton
|-damage|p2a: Magneton|0 fnt
|faint|p2a: Magneton
|
|win|TefoShark
|c|☆TefoShark|gg
|c|☆No8ull|gg
|c|☆TefoShark|ill save it, send it to disc and then go for game 2

</script>
<script type="application/json" class="data" id="replaydata-smogtours-gen3ou-793878">
{"id":"smogtours-gen3ou-793878","format":"[Gen 3] OU","players":["TefoShark","No8ull"],"uploadtime":1727831407,"views":117,"formatid":"gen3ou","rating":null,"private":0,"password":null}
</script>

<script defer src="js/replays.js?9d40a366"></script>
