<!DOCTYPE html>
<meta charset="utf-8" />
<meta name="viewport" content="width=device-width" />

<title>[Gen 3] OU: Kvist vs. BongMoodeus - Replays - Pok&eacute;mon Showdown!</title>

<meta name="description" content="Watch a replay of a Pok&eacute;mon battle between Kvist and BongMoodeus! Format: [Gen 3] OU; Date: Nov 2, 2024" />
<!--

Hey, you! Looking in the source for the replay log?

You can find them in JSON format, just add `.json` at the end of a replay URL.

https://replay.pokemonshowdown.com/gen7randomdoublesbattle-865046831.json

Or, if you only need the log itself, add `.log` instead:

https://replay.pokemonshowdown.com/gen7randomdoublesbattle-865046831.log

-->

<link rel="stylesheet" href="//pokemonshowdown.com/style/global.css?0.023195364461161105" />
<link rel="stylesheet" href="//play.pokemonshowdown.com/style/font-awesome.css?0.13261647063804238" />
<link rel="stylesheet" href="//play.pokemonshowdown.com/style/battle.css?0.8753245789963631" />
<link rel="stylesheet" href="//play.pokemonshowdown.com/style/utilichart.css?0.8627959624976733" />

<!-- Global site tag (gtag.js) - Google Analytics -->
<script async src="https://www.googletagmanager.com/gtag/js?id=UA-26211653-1"></script>
<script>
  window.dataLayer = window.dataLayer || [];
  function gtag(){dataLayer.push(arguments);}
  gtag('js', new Date());

  gtag('config', 'UA-26211653-1');
</script>
<!-- End Google Analytics -->
<!-- Venatus Ad Manager - Install in <HEAD> of page -->
	<script src="https://hb.vntsm.com/v3/live/ad-manager.min.js" type="text/javascript" data-site-id="642aba63ec9a7b11c3c9c1be" data-mode="scan" async></script>
<!-- / Venatus Ad Manager -->

<style>
	@media (max-width:820px) {
		.battle {
			margin: 0 auto;
		}
		.battle-log {
			margin: 7px auto 0;
			max-width: 640px;
			height: 300px;
			position: static;
		}
	}
	.optgroup {
		display: inline-block;
		line-height: 22px;
		font-size: 10pt;
	}
	.optgroup .button {
		height: 25px;
		padding-top: 0;
		padding-bottom: 0;
	}
	.optgroup button.button {
		padding-left: 12px;
		padding-right: 12px;
	}
	.linklist {
		list-style: none;
		margin: 0.5em 0;
		padding: 0;
	}
	.linklist li {
		padding: 2px 0;
	}
	.sidebar {
		float: left;
		width: 320px;
	}
	.bar-wrapper {
		max-width: 1100px;
		margin: 0 auto;
	}
	.bar-wrapper.has-sidebar {
		max-width: 1430px;
	}
	.mainbar {
		margin: 0;
		padding-right: 1px;
	}
	.mainbar.has-sidebar {
		margin-left: 330px;
	}
	@media (min-width: 1511px) {
		.sidebar {
			width: 400px;
		}
		.bar-wrapper.has-sidebar {
			max-width: 1510px;
		}
		.mainbar.has-sidebar {
			margin-left: 410px;
		}
	}
	.section.first-section {
		margin-top: 9px;
	}
	.blocklink small {
		white-space: normal;
	}
	.button {
		vertical-align: middle;
	}
	.replay-controls {
		padding-top: 10px;
	}
	.replay-controls h1 {
		font-size: 16pt;
		font-weight: normal;
		color: #CCC;
	}
	.pagelink {
		text-align: center;
	}
	.pagelink a {
		width: 150px;
	}
	.textbox, .button {
		font-size: 11pt;
		vertical-align: middle;
	}
	@media (max-width: 450px) {
		.button {
			font-size: 9pt;
		}
	}
</style>

<div>

	<header>
		<div class="nav-wrapper"><ul class="nav">
			<li><a class="button nav-first" href="//pokemonshowdown.com/"><img src="//pokemonshowdown.com/images/pokemonshowdownbeta.png" srcset="//pokemonshowdown.com/images/pokemonshowdownbeta.png 1x, //pokemonshowdown.com/images/pokemonshowdownbeta@2x.png 2x" alt="Pok&eacute;mon Showdown" width="146" height="44" /> Home</a></li>
			<li><a class="button" href="//pokemonshowdown.com/dex/">Pok&eacute;dex</a></li>
			<li><a class="button cur" href="/">Replays</a></li>
			<li><a class="button" href="//pokemonshowdown.com/ladder/">Ladder</a></li>
			<li><a class="button nav-last" href="//pokemonshowdown.com/forums/">Forum</a></li>
			<li><a class="button greenbutton nav-first nav-last" href="//play.pokemonshowdown.com/">Play</a></li>
		</ul></div>
	</header>

	<div class="main" id="main">

		<noscript><section class="section">You need to enable JavaScript to use this page; sorry!</section></noscript>

	</div>

</div>

<script defer nomodule src="//play.pokemonshowdown.com/js/lib/ps-polyfill.js"></script>
<script defer src="//play.pokemonshowdown.com/js/lib/preact.min.js"></script>

<script defer src="//play.pokemonshowdown.com/config/config.js?2bddbc15"></script>
<script defer src="//play.pokemonshowdown.com/js/lib/jquery-1.11.0.min.js"></script>
<script defer src="//play.pokemonshowdown.com/js/lib/html-sanitizer-minified.js"></script>
<script defer src="//play.pokemonshowdown.com/js/battle-sound.js"></script>
<script defer src="//play.pokemonshowdown.com/js/battledata.js?0.7209276989879541"></script>
<script defer src="//play.pokemonshowdown.com/data/pokedex-mini.js?0.6111056340867951"></script>
<script defer src="//play.pokemonshowdown.com/data/pokedex-mini-bw.js?0.3532142036491459"></script>
<script defer src="//play.pokemonshowdown.com/data/graphics.js?0.24223875632456182"></script>
<script defer src="//play.pokemonshowdown.com/data/pokedex.js?0.38839984266356864"></script>
<script defer src="//play.pokemonshowdown.com/data/moves.js?0.21866028504024015"></script>
<script defer src="//play.pokemonshowdown.com/data/abilities.js?0.2005157953846628"></script>
<script defer src="//play.pokemonshowdown.com/data/items.js?0.9894211263848525"></script>
<script defer src="//play.pokemonshowdown.com/data/teambuilder-tables.js?0.6008791140282215"></script>
<script defer src="//play.pokemonshowdown.com/js/battle-tooltips.js?0.7580118955022959"></script>
<script defer src="//play.pokemonshowdown.com/js/battle.js?0.6057722274234274"></script>

<script defer src="js/utils.js?e31f9a17"></script>
<script defer src="js/replays-battle.js?7008c182"></script>

<!-- don't scrape this data! just add .json or .log after the URL!
Full API docs: https://github.com/smogon/pokemon-showdown-client/blob/master/WEB-API.md -->
<script type="text/plain" class="log" id="replaylog-smogtours-gen3ou-803857">
|inactive|Battle timer is ON: inactive players will automatically lose when time's up.
|t:|1730506246
|gametype|singles
|player|p1|Kvist|silver-gen2|
|player|p2|BongMoodeus|pokemonbreederf-gen4|
|teamsize|p1|6
|teamsize|p2|6
|gen|3
|tier|[Gen 3] OU
|rule|Sleep Clause Mod: Limit one foe put to sleep
|rule|Switch Priority Clause Mod: Faster Pokémon switch first
|rule|Species Clause: Limit one of each Pokémon
|rule|OHKO Clause: OHKO moves are banned
|rule|Evasion Items Clause: Evasion items are banned
|rule|Evasion Moves Clause: Evasion moves are banned
|rule|Endless Battle Clause: Forcing endless battles is banned
|rule|HP Percentage Mod: HP is shown in percentages
|rule|One Boost Passer Clause: Limit one Baton Passer that has a way to boost its stats
|rule|Freeze Clause Mod: Limit one foe frozen
|
|t:|1730506246
|start
|switch|p1a: Tyranitar|Tyranitar, M|100/100
|switch|p2a: Medichamina|Medicham, F|100/100
|-weather|Sandstorm|[from] ability: Sand Stream|[of] p1a: Tyranitar
|turn|1
|
|t:|1730506268
|-singleturn|p2a: Medichamina|move: Focus Punch
|switch|p1a: Swampert|Swampert, F|100/100
|move|p2a: Medichamina|Focus Punch|p1a: Swampert
|-damage|p1a: Swampert|30/100
|
|-weather|Sandstorm|[upkeep]
|-damage|p2a: Medichamina|94/100|[from] Sandstorm
|-heal|p1a: Swampert|37/100|[from] item: Leftovers
|upkeep
|turn|2
|
|t:|1730506276
|switch|p2a: Suicunius|Suicune|100/100
|move|p1a: Swampert|Protect||[still]
|-fail|p1a: Swampert
|
|-weather|Sandstorm|[upkeep]
|-damage|p2a: Suicunius|94/100|[from] Sandstorm
|-heal|p2a: Suicunius|100/100|[from] item: Leftovers
|-heal|p1a: Swampert|43/100|[from] item: Leftovers
|upkeep
|turn|3
|
|t:|1730506282
|switch|p2a: Medichamina|Medicham, F|94/100
|switch|p1a: Skarmory|Skarmory, F|100/100
|
|-weather|Sandstorm|[upkeep]
|-damage|p2a: Medichamina|88/100|[from] Sandstorm
|upkeep
|turn|4
|
|t:|1730506287
|-singleturn|p2a: Medichamina|move: Focus Punch
|move|p1a: Skarmory|Toxic|p2a: Medichamina
|-status|p2a: Medichamina|tox
|move|p2a: Medichamina|Focus Punch|p1a: Skarmory
|-damage|p1a: Skarmory|25/100
|
|-weather|Sandstorm|[upkeep]
|-damage|p2a: Medichamina|82/100 tox|[from] Sandstorm
|-damage|p2a: Medichamina|76/100 tox|[from] psn
|-heal|p1a: Skarmory|31/100|[from] item: Leftovers
|upkeep
|turn|5
|
|t:|1730506291
|-singleturn|p2a: Medichamina|move: Focus Punch
|move|p1a: Skarmory|Protect|p1a: Skarmory
|-singleturn|p1a: Skarmory|Protect
|move|p2a: Medichamina|Focus Punch|p1a: Skarmory
|-activate|p1a: Skarmory|Protect
|
|-weather|Sandstorm|[upkeep]
|-damage|p2a: Medichamina|70/100 tox|[from] Sandstorm
|-damage|p2a: Medichamina|58/100 tox|[from] psn
|-heal|p1a: Skarmory|37/100|[from] item: Leftovers
|upkeep
|turn|6
|
|t:|1730506295
|-singleturn|p2a: Medichamina|move: Focus Punch
|switch|p1a: Gengar|Gengar, M, shiny|100/100
|move|p2a: Medichamina|Focus Punch|p1a: Gengar
|-immune|p1a: Gengar
|
|-weather|Sandstorm|[upkeep]
|-damage|p1a: Gengar|94/100|[from] Sandstorm
|-damage|p2a: Medichamina|52/100 tox|[from] Sandstorm
|-heal|p1a: Gengar|100/100|[from] item: Leftovers
|-damage|p2a: Medichamina|33/100 tox|[from] psn
|upkeep
|turn|7
|inactive|BongMoodeus has 270 seconds left.
|
|t:|1730506332
|move|p1a: Gengar|Thunderbolt|p2a: Medichamina
|-damage|p2a: Medichamina|0 fnt
|faint|p2a: Medichamina
|
|t:|1730506337
|switch|p2a: Snorlaxerus|Snorlax, F|100/100
|
|-weather|Sandstorm|[upkeep]
|-damage|p1a: Gengar|94/100|[from] Sandstorm
|-damage|p2a: Snorlaxerus|94/100|[from] Sandstorm
|-heal|p1a: Gengar|100/100|[from] item: Leftovers
|-heal|p2a: Snorlaxerus|100/100|[from] item: Leftovers
|upkeep
|turn|8
|
|t:|1730506348
|switch|p1a: Skarmory|Skarmory, F|37/100
|move|p2a: Snorlaxerus|Shadow Ball|p1a: Skarmory
|-resisted|p1a: Skarmory
|-damage|p1a: Skarmory|27/100
|
|-weather|Sandstorm|[upkeep]
|-damage|p2a: Snorlaxerus|94/100|[from] Sandstorm
|-heal|p1a: Skarmory|33/100|[from] item: Leftovers
|-heal|p2a: Snorlaxerus|100/100|[from] item: Leftovers
|upkeep
|turn|9
|
|t:|1730506353
|switch|p2a: Magnetonicus|Magneton|100/100
|move|p1a: Skarmory|Spikes|p2a: Magnetonicus
|-sidestart|p2: BongMoodeus|Spikes
|
|-weather|Sandstorm|[upkeep]
|-heal|p1a: Skarmory|39/100|[from] item: Leftovers
|upkeep
|turn|10
|
|t:|1730506356
|move|p2a: Magnetonicus|Thunderbolt|p1a: Skarmory
|-supereffective|p1a: Skarmory
|-damage|p1a: Skarmory|0 fnt
|faint|p1a: Skarmory
|
|t:|1730506359
|switch|p1a: Charizard|Charizard, M, shiny|100/100
|
|-weather|Sandstorm|[upkeep]
|-damage|p1a: Charizard|94/100|[from] Sandstorm
|-heal|p1a: Charizard|100/100|[from] item: Leftovers
|upkeep
|turn|11
|
|t:|1730506363
|switch|p2a: Suicunius|Suicune|100/100
|-damage|p2a: Suicunius|88/100|[from] Spikes
|move|p1a: Charizard|Fire Blast|p2a: Suicunius
|-resisted|p2a: Suicunius
|-damage|p2a: Suicunius|72/100
|
|-weather|Sandstorm|[upkeep]
|-damage|p1a: Charizard|94/100|[from] Sandstorm
|-damage|p2a: Suicunius|65/100|[from] Sandstorm
|-heal|p1a: Charizard|100/100|[from] item: Leftovers
|-heal|p2a: Suicunius|72/100|[from] item: Leftovers
|upkeep
|turn|12
|
|t:|1730506373
|switch|p1a: Blissey|Blissey, F|100/100
|move|p2a: Suicunius|Calm Mind|p2a: Suicunius
|-boost|p2a: Suicunius|spa|1
|-boost|p2a: Suicunius|spd|1
|
|-weather|Sandstorm|[upkeep]
|-damage|p2a: Suicunius|65/100|[from] Sandstorm
|-damage|p1a: Blissey|94/100|[from] Sandstorm
|-heal|p2a: Suicunius|72/100|[from] item: Leftovers
|-heal|p1a: Blissey|100/100|[from] item: Leftovers
|upkeep
|turn|13
|
|t:|1730506377
|move|p2a: Suicunius|Calm Mind|p2a: Suicunius
|-boost|p2a: Suicunius|spa|1
|-boost|p2a: Suicunius|spd|1
|move|p1a: Blissey|Toxic|p2a: Suicunius
|-status|p2a: Suicunius|tox
|
|-weather|Sandstorm|[upkeep]
|-damage|p2a: Suicunius|65/100 tox|[from] Sandstorm
|-damage|p1a: Blissey|94/100|[from] Sandstorm
|-heal|p2a: Suicunius|72/100 tox|[from] item: Leftovers
|-damage|p2a: Suicunius|65/100 tox|[from] psn
|-heal|p1a: Blissey|100/100|[from] item: Leftovers
|upkeep
|turn|14
|
|t:|1730506383
|move|p2a: Suicunius|Calm Mind|p2a: Suicunius
|-boost|p2a: Suicunius|spa|1
|-boost|p2a: Suicunius|spd|1
|move|p1a: Blissey|Thunderbolt|p2a: Suicunius
|-supereffective|p2a: Suicunius
|-damage|p2a: Suicunius|51/100 tox
|
|-weather|Sandstorm|[upkeep]
|-damage|p2a: Suicunius|45/100 tox|[from] Sandstorm
|-damage|p1a: Blissey|94/100|[from] Sandstorm
|-heal|p2a: Suicunius|51/100 tox|[from] item: Leftovers
|-damage|p2a: Suicunius|39/100 tox|[from] psn
|-heal|p1a: Blissey|100/100|[from] item: Leftovers
|upkeep
|turn|15
|
|t:|1730506388
|move|p2a: Suicunius|Surf|p1a: Blissey
|-damage|p1a: Blissey|64/100
|move|p1a: Blissey|Thunderbolt|p2a: Suicunius
|-supereffective|p2a: Suicunius
|-damage|p2a: Suicunius|24/100 tox
|
|-weather|Sandstorm|[upkeep]
|-damage|p2a: Suicunius|18/100 tox|[from] Sandstorm
|-damage|p1a: Blissey|58/100|[from] Sandstorm
|-heal|p2a: Suicunius|24/100 tox|[from] item: Leftovers
|-damage|p2a: Suicunius|6/100 tox|[from] psn
|-heal|p1a: Blissey|64/100|[from] item: Leftovers
|upkeep
|turn|16
|
|t:|1730506392
|move|p2a: Suicunius|Rest|p2a: Suicunius
|-status|p2a: Suicunius|slp|[from] move: Rest
|-heal|p2a: Suicunius|100/100 slp|[silent]
|move|p1a: Blissey|Thunderbolt|p2a: Suicunius
|-supereffective|p2a: Suicunius
|-damage|p2a: Suicunius|86/100 slp
|
|-weather|Sandstorm|[upkeep]
|-damage|p2a: Suicunius|79/100 slp|[from] Sandstorm
|-damage|p1a: Blissey|58/100|[from] Sandstorm
|-heal|p2a: Suicunius|86/100 slp|[from] item: Leftovers
|-heal|p1a: Blissey|64/100|[from] item: Leftovers
|upkeep
|turn|17
|
|t:|1730506398
|switch|p1a: Gengar|Gengar, M, shiny|100/100
|cant|p2a: Suicunius|slp
|
|-weather|Sandstorm|[upkeep]
|-damage|p1a: Gengar|94/100|[from] Sandstorm
|-damage|p2a: Suicunius|79/100 slp|[from] Sandstorm
|-heal|p1a: Gengar|100/100|[from] item: Leftovers
|-heal|p2a: Suicunius|86/100 slp|[from] item: Leftovers
|upkeep
|turn|18
|
|t:|1730506400
|move|p1a: Gengar|Thunderbolt|p2a: Suicunius
|-supereffective|p2a: Suicunius
|-damage|p2a: Suicunius|69/100 slp
|cant|p2a: Suicunius|slp
|
|-weather|Sandstorm|[upkeep]
|-damage|p1a: Gengar|94/100|[from] Sandstorm
|-damage|p2a: Suicunius|63/100 slp|[from] Sandstorm
|-heal|p1a: Gengar|100/100|[from] item: Leftovers
|-heal|p2a: Suicunius|69/100 slp|[from] item: Leftovers
|upkeep
|turn|19
|
|t:|1730506404
|move|p1a: Gengar|Explosion|p2a: Suicunius
|-crit|p2a: Suicunius
|-damage|p2a: Suicunius|0 fnt
|faint|p1a: Gengar
|faint|p2a: Suicunius
|
|t:|1730506413
|switch|p1a: Charizard|Charizard, M, shiny|100/100
|switch|p2a: Salamencerus|Salamence, M|100/100
|-ability|p2a: Salamencerus|Intimidate|boost
|-unboost|p1a: Charizard|atk|1
|
|-weather|Sandstorm|[upkeep]
|-damage|p1a: Charizard|94/100|[from] Sandstorm
|-damage|p2a: Salamencerus|94/100|[from] Sandstorm
|-heal|p1a: Charizard|100/100|[from] item: Leftovers
|-heal|p2a: Salamencerus|100/100|[from] item: Leftovers
|upkeep
|turn|20
|
|t:|1730506420
|move|p1a: Charizard|Hidden Power|p2a: Salamencerus
|-supereffective|p2a: Salamencerus
|-damage|p2a: Salamencerus|7/100
|move|p2a: Salamencerus|Dragon Dance|p2a: Salamencerus
|-boost|p2a: Salamencerus|atk|1
|-boost|p2a: Salamencerus|spe|1
|
|-weather|Sandstorm|[upkeep]
|-damage|p2a: Salamencerus|1/100|[from] Sandstorm
|-damage|p1a: Charizard|94/100|[from] Sandstorm
|-heal|p2a: Salamencerus|7/100|[from] item: Leftovers
|-heal|p1a: Charizard|100/100|[from] item: Leftovers
|upkeep
|turn|21
|
|t:|1730506426
|switch|p1a: Swampert|Swampert, F|43/100
|move|p2a: Salamencerus|Rock Slide|p1a: Swampert
|-resisted|p1a: Swampert
|-damage|p1a: Swampert|30/100
|
|-weather|Sandstorm|[upkeep]
|-damage|p2a: Salamencerus|1/100|[from] Sandstorm
|-heal|p2a: Salamencerus|7/100|[from] item: Leftovers
|-heal|p1a: Swampert|36/100|[from] item: Leftovers
|upkeep
|turn|22
|
|t:|1730506432
|move|p2a: Salamencerus|Hidden Power|p1a: Swampert
|-damage|p1a: Swampert|0 fnt
|faint|p1a: Swampert
|
|t:|1730506435
|switch|p1a: Blissey|Blissey, F|64/100
|
|-weather|Sandstorm|[upkeep]
|-damage|p2a: Salamencerus|1/100|[from] Sandstorm
|-damage|p1a: Blissey|58/100|[from] Sandstorm
|-heal|p2a: Salamencerus|7/100|[from] item: Leftovers
|-heal|p1a: Blissey|64/100|[from] item: Leftovers
|upkeep
|turn|23
|
|t:|1730506438
|move|p2a: Salamencerus|Hidden Power|p1a: Blissey
|-damage|p1a: Blissey|7/100
|move|p1a: Blissey|Ice Beam|p2a: Salamencerus
|-supereffective|p2a: Salamencerus
|-damage|p2a: Salamencerus|0 fnt
|faint|p2a: Salamencerus
|
|t:|1730506444
|switch|p2a: Snorlaxerus|Snorlax, F|100/100
|-damage|p2a: Snorlaxerus|88/100|[from] Spikes
|
|-weather|Sandstorm|[upkeep]
|-damage|p1a: Blissey|1/100|[from] Sandstorm
|-damage|p2a: Snorlaxerus|82/100|[from] Sandstorm
|-heal|p1a: Blissey|7/100|[from] item: Leftovers
|-heal|p2a: Snorlaxerus|88/100|[from] item: Leftovers
|upkeep
|turn|24
|
|t:|1730506455
|switch|p1a: Tyranitar|Tyranitar, M|100/100
|move|p2a: Snorlaxerus|Body Slam|p1a: Tyranitar
|-resisted|p1a: Tyranitar
|-damage|p1a: Tyranitar|82/100
|
|-weather|Sandstorm|[upkeep]
|-damage|p2a: Snorlaxerus|82/100|[from] Sandstorm
|-heal|p2a: Snorlaxerus|88/100|[from] item: Leftovers
|upkeep
|turn|25
|
|t:|1730506460
|switch|p2a: Metagrossian|Metagross|100/100
|-damage|p2a: Metagrossian|88/100|[from] Spikes
|move|p1a: Tyranitar|Brick Break|p2a: Metagrossian
|-damage|p2a: Metagrossian|71/100
|
|-weather|Sandstorm|[upkeep]
|-heal|p2a: Metagrossian|77/100|[from] item: Leftovers
|upkeep
|turn|26
|
|t:|1730506466
|move|p1a: Tyranitar|Fire Blast|p2a: Metagrossian
|-supereffective|p2a: Metagrossian
|-damage|p2a: Metagrossian|4/100
|move|p2a: Metagrossian|Meteor Mash|p1a: Tyranitar
|-supereffective|p1a: Tyranitar
|-damage|p1a: Tyranitar|0 fnt
|faint|p1a: Tyranitar
|
|t:|1730506470
|switch|p1a: Charizard|Charizard, M, shiny|100/100
|
|-weather|Sandstorm|[upkeep]
|-damage|p1a: Charizard|94/100|[from] Sandstorm
|-heal|p1a: Charizard|100/100|[from] item: Leftovers
|-heal|p2a: Metagrossian|10/100|[from] item: Leftovers
|upkeep
|turn|27
|
|t:|1730506476
|move|p1a: Charizard|Fire Blast|p2a: Metagrossian
|-supereffective|p2a: Metagrossian
|-damage|p2a: Metagrossian|0 fnt
|faint|p2a: Metagrossian
|
|t:|1730506478
|switch|p2a: Snorlaxerus|Snorlax, F|88/100
|-damage|p2a: Snorlaxerus|76/100|[from] Spikes
|
|-weather|Sandstorm|[upkeep]
|-damage|p1a: Charizard|94/100|[from] Sandstorm
|-damage|p2a: Snorlaxerus|70/100|[from] Sandstorm
|-heal|p1a: Charizard|100/100|[from] item: Leftovers
|-heal|p2a: Snorlaxerus|76/100|[from] item: Leftovers
|upkeep
|turn|28
|
|t:|1730506484
|move|p1a: Charizard|Fire Blast|p2a: Snorlaxerus
|-damage|p2a: Snorlaxerus|46/100
|move|p2a: Snorlaxerus|Body Slam|p1a: Charizard
|-damage|p1a: Charizard|38/100
|
|-weather|Sandstorm|[upkeep]
|-damage|p1a: Charizard|32/100|[from] Sandstorm
|-damage|p2a: Snorlaxerus|40/100|[from] Sandstorm
|-heal|p1a: Charizard|38/100|[from] item: Leftovers
|-heal|p2a: Snorlaxerus|46/100|[from] item: Leftovers
|upkeep
|turn|29
|
|t:|1730506489
|move|p1a: Charizard|Fire Blast|p2a: Snorlaxerus
|-damage|p2a: Snorlaxerus|16/100
|move|p2a: Snorlaxerus|Body Slam|p1a: Charizard
|-damage|p1a: Charizard|0 fnt
|faint|p1a: Charizard
|
|t:|1730506493
|switch|p1a: Blissey|Blissey, F|7/100
|
|-weather|Sandstorm|[upkeep]
|-damage|p1a: Blissey|1/100|[from] Sandstorm
|-damage|p2a: Snorlaxerus|10/100|[from] Sandstorm
|-heal|p1a: Blissey|7/100|[from] item: Leftovers
|-heal|p2a: Snorlaxerus|16/100|[from] item: Leftovers
|upkeep
|turn|30
|
|t:|1730506496
|move|p1a: Blissey|Soft-Boiled|p1a: Blissey
|-heal|p1a: Blissey|57/100
|move|p2a: Snorlaxerus|Self-Destruct|p1a: Blissey
|-damage|p1a: Blissey|0 fnt
|faint|p2a: Snorlaxerus
|faint|p1a: Blissey
|
|win|BongMoodeus
|c|☆Kvist|gg
|c|☆BongMoodeus|ggs

</script>
<script type="application/json" class="data" id="replaydata-smogtours-gen3ou-803857">
{"id":"smogtours-gen3ou-803857","format":"[Gen 3] OU","players":["Kvist","BongMoodeus"],"uploadtime":1730506496,"views":53,"formatid":"gen3ou","rating":null,"private":0,"password":null}
</script>

<script defer src="js/replays.js?9d40a366"></script>
