<!DOCTYPE html>
<meta charset="utf-8" />
<meta name="viewport" content="width=device-width" />

<title>[Gen 3] OU: HoChi_Pro vs. Fakes - Replays - Pok&eacute;mon Showdown!</title>

<meta name="description" content="Watch a replay of a Pok&eacute;mon battle between HoChi_Pro and Fakes! Format: [Gen 3] OU; Date: Oct 23, 2024" />
<!--

Hey, you! Looking in the source for the replay log?

You can find them in JSON format, just add `.json` at the end of a replay URL.

https://replay.pokemonshowdown.com/gen7randomdoublesbattle-865046831.json

Or, if you only need the log itself, add `.log` instead:

https://replay.pokemonshowdown.com/gen7randomdoublesbattle-865046831.log

-->

<link rel="stylesheet" href="//pokemonshowdown.com/style/global.css?0.023195364461161105" />
<link rel="stylesheet" href="//play.pokemonshowdown.com/style/font-awesome.css?0.13261647063804238" />
<link rel="stylesheet" href="//play.pokemonshowdown.com/style/battle.css?0.8753245789963631" />
<link rel="stylesheet" href="//play.pokemonshowdown.com/style/utilichart.css?0.8627959624976733" />

<!-- Global site tag (gtag.js) - Google Analytics -->
<script async src="https://www.googletagmanager.com/gtag/js?id=UA-26211653-1"></script>
<script>
  window.dataLayer = window.dataLayer || [];
  function gtag(){dataLayer.push(arguments);}
  gtag('js', new Date());

  gtag('config', 'UA-26211653-1');
</script>
<!-- End Google Analytics -->
<!-- Venatus Ad Manager - Install in <HEAD> of page -->
	<script src="https://hb.vntsm.com/v3/live/ad-manager.min.js" type="text/javascript" data-site-id="642aba63ec9a7b11c3c9c1be" data-mode="scan" async></script>
<!-- / Venatus Ad Manager -->

<style>
	@media (max-width:820px) {
		.battle {
			margin: 0 auto;
		}
		.battle-log {
			margin: 7px auto 0;
			max-width: 640px;
			height: 300px;
			position: static;
		}
	}
	.optgroup {
		display: inline-block;
		line-height: 22px;
		font-size: 10pt;
	}
	.optgroup .button {
		height: 25px;
		padding-top: 0;
		padding-bottom: 0;
	}
	.optgroup button.button {
		padding-left: 12px;
		padding-right: 12px;
	}
	.linklist {
		list-style: none;
		margin: 0.5em 0;
		padding: 0;
	}
	.linklist li {
		padding: 2px 0;
	}
	.sidebar {
		float: left;
		width: 320px;
	}
	.bar-wrapper {
		max-width: 1100px;
		margin: 0 auto;
	}
	.bar-wrapper.has-sidebar {
		max-width: 1430px;
	}
	.mainbar {
		margin: 0;
		padding-right: 1px;
	}
	.mainbar.has-sidebar {
		margin-left: 330px;
	}
	@media (min-width: 1511px) {
		.sidebar {
			width: 400px;
		}
		.bar-wrapper.has-sidebar {
			max-width: 1510px;
		}
		.mainbar.has-sidebar {
			margin-left: 410px;
		}
	}
	.section.first-section {
		margin-top: 9px;
	}
	.blocklink small {
		white-space: normal;
	}
	.button {
		vertical-align: middle;
	}
	.replay-controls {
		padding-top: 10px;
	}
	.replay-controls h1 {
		font-size: 16pt;
		font-weight: normal;
		color: #CCC;
	}
	.pagelink {
		text-align: center;
	}
	.pagelink a {
		width: 150px;
	}
	.textbox, .button {
		font-size: 11pt;
		vertical-align: middle;
	}
	@media (max-width: 450px) {
		.button {
			font-size: 9pt;
		}
	}
</style>

<div>

	<header>
		<div class="nav-wrapper"><ul class="nav">
			<li><a class="button nav-first" href="//pokemonshowdown.com/"><img src="//pokemonshowdown.com/images/pokemonshowdownbeta.png" srcset="//pokemonshowdown.com/images/pokemonshowdownbeta.png 1x, //pokemonshowdown.com/images/pokemonshowdownbeta@2x.png 2x" alt="Pok&eacute;mon Showdown" width="146" height="44" /> Home</a></li>
			<li><a class="button" href="//pokemonshowdown.com/dex/">Pok&eacute;dex</a></li>
			<li><a class="button cur" href="/">Replays</a></li>
			<li><a class="button" href="//pokemonshowdown.com/ladder/">Ladder</a></li>
			<li><a class="button nav-last" href="//pokemonshowdown.com/forums/">Forum</a></li>
			<li><a class="button greenbutton nav-first nav-last" href="//play.pokemonshowdown.com/">Play</a></li>
		</ul></div>
	</header>

	<div class="main" id="main">

		<noscript><section class="section">You need to enable JavaScript to use this page; sorry!</section></noscript>

	</div>

</div>

<script defer nomodule src="//play.pokemonshowdown.com/js/lib/ps-polyfill.js"></script>
<script defer src="//play.pokemonshowdown.com/js/lib/preact.min.js"></script>

<script defer src="//play.pokemonshowdown.com/config/config.js?2bddbc15"></script>
<script defer src="//play.pokemonshowdown.com/js/lib/jquery-1.11.0.min.js"></script>
<script defer src="//play.pokemonshowdown.com/js/lib/html-sanitizer-minified.js"></script>
<script defer src="//play.pokemonshowdown.com/js/battle-sound.js"></script>
<script defer src="//play.pokemonshowdown.com/js/battledata.js?0.7209276989879541"></script>
<script defer src="//play.pokemonshowdown.com/data/pokedex-mini.js?0.6111056340867951"></script>
<script defer src="//play.pokemonshowdown.com/data/pokedex-mini-bw.js?0.3532142036491459"></script>
<script defer src="//play.pokemonshowdown.com/data/graphics.js?0.24223875632456182"></script>
<script defer src="//play.pokemonshowdown.com/data/pokedex.js?0.38839984266356864"></script>
<script defer src="//play.pokemonshowdown.com/data/moves.js?0.21866028504024015"></script>
<script defer src="//play.pokemonshowdown.com/data/abilities.js?0.2005157953846628"></script>
<script defer src="//play.pokemonshowdown.com/data/items.js?0.9894211263848525"></script>
<script defer src="//play.pokemonshowdown.com/data/teambuilder-tables.js?0.6008791140282215"></script>
<script defer src="//play.pokemonshowdown.com/js/battle-tooltips.js?0.7580118955022959"></script>
<script defer src="//play.pokemonshowdown.com/js/battle.js?0.6057722274234274"></script>

<script defer src="js/utils.js?e31f9a17"></script>
<script defer src="js/replays-battle.js?7008c182"></script>

<!-- don't scrape this data! just add .json or .log after the URL!
Full API docs: https://github.com/smogon/pokemon-showdown-client/blob/master/WEB-API.md -->
<script type="text/plain" class="log" id="replaylog-smogtours-gen3ou-801404">
|inactive|Battle timer is ON: inactive players will automatically lose when time's up.
|t:|1729709676
|gametype|singles
|player|p1|HoChi_Pro|pokemonbreeder-gen4|
|player|p2|Fakes|lucas|
|teamsize|p1|6
|teamsize|p2|6
|gen|3
|tier|[Gen 3] OU
|rule|Sleep Clause Mod: Limit one foe put to sleep
|rule|Switch Priority Clause Mod: Faster Pokémon switch first
|rule|Species Clause: Limit one of each Pokémon
|rule|OHKO Clause: OHKO moves are banned
|rule|Evasion Items Clause: Evasion items are banned
|rule|Evasion Moves Clause: Evasion moves are banned
|rule|Endless Battle Clause: Forcing endless battles is banned
|rule|HP Percentage Mod: HP is shown in percentages
|rule|One Boost Passer Clause: Limit one Baton Passer that has a way to boost its stats
|rule|Freeze Clause Mod: Limit one foe frozen
|
|t:|1729709676
|start
|switch|p1a: Registeel|Registeel|100/100
|switch|p2a: Suicune|Suicune|100/100
|turn|1
|c|☆Fakes|hf
|c|☆HoChi_Pro|y2
|
|t:|1729709690
|move|p2a: Suicune|Substitute|p2a: Suicune
|-start|p2a: Suicune|Substitute
|-damage|p2a: Suicune|75/100
|move|p1a: Registeel|Thunder Wave||[still]
|-fail|p1a: Registeel
|
|-heal|p2a: Suicune|82/100|[from] item: Leftovers
|upkeep
|turn|2
|
|t:|1729709702
|switch|p1a: Suicune|Suicune|100/100
|move|p2a: Suicune|Calm Mind|p2a: Suicune
|-boost|p2a: Suicune|spa|1
|-boost|p2a: Suicune|spd|1
|
|-heal|p2a: Suicune|88/100|[from] item: Leftovers
|upkeep
|turn|3
|
|t:|1729709706
|move|p2a: Suicune|Surf|p1a: Suicune
|-resisted|p1a: Suicune
|-damage|p1a: Suicune|82/100
|move|p1a: Suicune|Roar|p2a: Suicune
|drag|p2a: Celebi|Celebi|100/100
|
|-heal|p1a: Suicune|88/100|[from] item: Leftovers
|upkeep
|turn|4
|
|t:|1729709714
|move|p2a: Celebi|Calm Mind|p2a: Celebi
|-boost|p2a: Celebi|spa|1
|-boost|p2a: Celebi|spd|1
|move|p1a: Suicune|Ice Beam|p2a: Celebi
|-supereffective|p2a: Celebi
|-damage|p2a: Celebi|71/100
|
|-heal|p2a: Celebi|77/100|[from] item: Leftovers
|-heal|p1a: Suicune|94/100|[from] item: Leftovers
|upkeep
|turn|5
|
|t:|1729709724
|move|p2a: Celebi|Leech Seed|p1a: Suicune
|-start|p1a: Suicune|move: Leech Seed
|move|p1a: Suicune|Roar|p2a: Celebi
|drag|p2a: Porygon2|Porygon2|100/100
|-ability|p2a: Porygon2|Pressure|[from] ability: Trace|[of] p1a: Suicune
|
|-heal|p1a: Suicune|99/100|[from] item: Leftovers
|-damage|p1a: Suicune|87/100|[from] Leech Seed|[of] p2a: Porygon2
|upkeep
|turn|6
|
|t:|1729709734
|switch|p1a: Registeel|Registeel|100/100
|switch|p2a: Celebi|Celebi|77/100
|
|-heal|p2a: Celebi|83/100|[from] item: Leftovers
|upkeep
|turn|7
|
|t:|1729709750
|switch|p2a: Suicune|Suicune|88/100
|move|p1a: Registeel|Thunder Wave|p2a: Suicune
|-status|p2a: Suicune|par
|
|-heal|p2a: Suicune|94/100 par|[from] item: Leftovers
|upkeep
|turn|8
|
|t:|1729709762
|switch|p1a: Suicune|Suicune|87/100
|switch|p2a: Starmie|Starmie|100/100
|
|-heal|p1a: Suicune|93/100|[from] item: Leftovers
|upkeep
|turn|9
|
|t:|1729709769
|switch|p1a: Blissey|Blissey, F|100/100
|move|p2a: Starmie|Thunder|p1a: Blissey
|-damage|p1a: Blissey|89/100
|-status|p1a: Blissey|par
|
|-heal|p1a: Blissey|95/100 par|[from] item: Leftovers
|upkeep
|turn|10
|
|t:|1729709778
|switch|p2a: Celebi|Celebi|83/100
|-curestatus|p1a: Blissey|par|[from] ability: Natural Cure
|switch|p1a: Tyranitar|Tyranitar, F|100/100
|-weather|Sandstorm|[from] ability: Sand Stream|[of] p1a: Tyranitar
|
|-weather|Sandstorm|[upkeep]
|-damage|p2a: Celebi|77/100|[from] Sandstorm
|-heal|p2a: Celebi|83/100|[from] item: Leftovers
|upkeep
|turn|11
|
|t:|1729709789
|switch|p2a: Suicune|Suicune|94/100 par
|move|p1a: Tyranitar|Fire Blast|p2a: Suicune|[miss]
|-miss|p1a: Tyranitar|p2a: Suicune
|
|-weather|Sandstorm|[upkeep]
|-damage|p2a: Suicune|88/100 par|[from] Sandstorm
|-heal|p2a: Suicune|94/100 par|[from] item: Leftovers
|upkeep
|turn|12
|
|t:|1729709801
|switch|p1a: Suicune|Suicune|93/100
|cant|p2a: Suicune|par
|
|-weather|Sandstorm|[upkeep]
|-damage|p1a: Suicune|87/100|[from] Sandstorm
|-damage|p2a: Suicune|88/100 par|[from] Sandstorm
|-heal|p1a: Suicune|93/100|[from] item: Leftovers
|-heal|p2a: Suicune|94/100 par|[from] item: Leftovers
|upkeep
|turn|13
|
|t:|1729709826
|switch|p2a: Starmie|Starmie|100/100
|move|p1a: Suicune|Roar|p2a: Starmie
|drag|p2a: Celebi|Celebi|83/100
|
|-weather|Sandstorm|[upkeep]
|-damage|p2a: Celebi|77/100|[from] Sandstorm
|-damage|p1a: Suicune|87/100|[from] Sandstorm
|-heal|p2a: Celebi|83/100|[from] item: Leftovers
|-heal|p1a: Suicune|93/100|[from] item: Leftovers
|upkeep
|turn|14
|
|t:|1729709832
|switch|p1a: Forretress|Forretress, M|100/100
|move|p2a: Celebi|Leech Seed|p1a: Forretress
|-start|p1a: Forretress|move: Leech Seed
|
|-weather|Sandstorm|[upkeep]
|-damage|p2a: Celebi|77/100|[from] Sandstorm
|-heal|p2a: Celebi|83/100|[from] item: Leftovers
|-damage|p1a: Forretress|88/100|[from] Leech Seed|[of] p2a: Celebi
|-heal|p2a: Celebi|94/100|[silent]
|upkeep
|turn|15
|
|t:|1729709842
|switch|p2a: Raikou|Raikou|100/100
|move|p1a: Forretress|Hidden Power|p2a: Raikou
|-damage|p2a: Raikou|77/100
|
|-weather|Sandstorm|[upkeep]
|-damage|p2a: Raikou|71/100|[from] Sandstorm
|-heal|p2a: Raikou|77/100|[from] item: Leftovers
|-heal|p1a: Forretress|94/100|[from] item: Leftovers
|-damage|p1a: Forretress|82/100|[from] Leech Seed|[of] p2a: Raikou
|-heal|p2a: Raikou|88/100|[silent]
|upkeep
|turn|16
|
|t:|1729709850
|switch|p1a: Tyranitar|Tyranitar, F|100/100
|move|p2a: Raikou|Calm Mind|p2a: Raikou
|-boost|p2a: Raikou|spa|1
|-boost|p2a: Raikou|spd|1
|
|-weather|Sandstorm|[upkeep]
|-damage|p2a: Raikou|82/100|[from] Sandstorm
|-heal|p2a: Raikou|88/100|[from] item: Leftovers
|upkeep
|turn|17
|
|t:|1729709853
|move|p2a: Raikou|Thunderbolt|p1a: Tyranitar
|-damage|p1a: Tyranitar|52/100
|move|p1a: Tyranitar|Roar|p2a: Raikou
|drag|p2a: Dugtrio|Dugtrio, F|100/100
|
|-weather|Sandstorm|[upkeep]
|-heal|p1a: Tyranitar|58/100|[from] item: Leftovers
|upkeep
|turn|18
|
|t:|1729709878
|move|p2a: Dugtrio|Earthquake|p1a: Tyranitar
|-supereffective|p1a: Tyranitar
|-damage|p1a: Tyranitar|0 fnt
|faint|p1a: Tyranitar
|
|t:|1729709885
|switch|p1a: Aerodactyl|Aerodactyl, M|100/100
|
|-weather|Sandstorm|[upkeep]
|upkeep
|turn|19
|inactive|HoChi_Pro has 270 seconds left.
|
|t:|1729709901
|switch|p2a: Suicune|Suicune|94/100 par
|move|p1a: Aerodactyl|Double-Edge|p2a: Suicune
|-damage|p2a: Suicune|63/100 par
|
|-weather|Sandstorm|[upkeep]
|-damage|p2a: Suicune|56/100 par|[from] Sandstorm
|-heal|p2a: Suicune|63/100 par|[from] item: Leftovers
|upkeep
|turn|20
|
|t:|1729709909
|switch|p1a: Forretress|Forretress, M|82/100
|cant|p2a: Suicune|par
|
|-weather|Sandstorm|[upkeep]
|-damage|p2a: Suicune|56/100 par|[from] Sandstorm
|-heal|p1a: Forretress|88/100|[from] item: Leftovers
|-heal|p2a: Suicune|63/100 par|[from] item: Leftovers
|upkeep
|turn|21
|
|t:|1729709916
|move|p1a: Forretress|Spikes|p2a: Suicune
|-sidestart|p2: Fakes|Spikes
|cant|p2a: Suicune|par
|
|-weather|Sandstorm|[upkeep]
|-damage|p2a: Suicune|56/100 par|[from] Sandstorm
|-heal|p1a: Forretress|94/100|[from] item: Leftovers
|-heal|p2a: Suicune|63/100 par|[from] item: Leftovers
|upkeep
|turn|22
|
|t:|1729709924
|switch|p1a: Suicune|Suicune|93/100
|move|p2a: Suicune|Calm Mind|p2a: Suicune
|-boost|p2a: Suicune|spa|1
|-boost|p2a: Suicune|spd|1
|
|-weather|Sandstorm|[upkeep]
|-damage|p1a: Suicune|87/100|[from] Sandstorm
|-damage|p2a: Suicune|56/100 par|[from] Sandstorm
|-heal|p1a: Suicune|93/100|[from] item: Leftovers
|-heal|p2a: Suicune|63/100 par|[from] item: Leftovers
|upkeep
|turn|23
|
|t:|1729709930
|move|p1a: Suicune|Calm Mind|p1a: Suicune
|-boost|p1a: Suicune|spa|1
|-boost|p1a: Suicune|spd|1
|move|p2a: Suicune|Surf|p1a: Suicune
|-resisted|p1a: Suicune
|-crit|p1a: Suicune
|-damage|p1a: Suicune|53/100
|
|-weather|Sandstorm|[upkeep]
|-damage|p1a: Suicune|47/100|[from] Sandstorm
|-damage|p2a: Suicune|56/100 par|[from] Sandstorm
|-heal|p1a: Suicune|53/100|[from] item: Leftovers
|-heal|p2a: Suicune|63/100 par|[from] item: Leftovers
|upkeep
|turn|24
|
|t:|1729709935
|cant|p2a: Suicune|par
|move|p1a: Suicune|Roar|p2a: Suicune
|drag|p2a: Celebi|Celebi|94/100
|-damage|p2a: Celebi|81/100|[from] Spikes
|
|-weather|Sandstorm|[upkeep]
|-damage|p2a: Celebi|75/100|[from] Sandstorm
|-damage|p1a: Suicune|47/100|[from] Sandstorm
|-heal|p2a: Celebi|81/100|[from] item: Leftovers
|-heal|p1a: Suicune|53/100|[from] item: Leftovers
|upkeep
|turn|25
|
|t:|1729709940
|move|p2a: Celebi|Calm Mind|p2a: Celebi
|-boost|p2a: Celebi|spa|1
|-boost|p2a: Celebi|spd|1
|move|p1a: Suicune|Ice Beam|p2a: Celebi
|-supereffective|p2a: Celebi
|-damage|p2a: Celebi|29/100
|-status|p2a: Celebi|frz
|
|-weather|Sandstorm|[upkeep]
|-damage|p2a: Celebi|23/100 frz|[from] Sandstorm
|-damage|p1a: Suicune|47/100|[from] Sandstorm
|-heal|p2a: Celebi|29/100 frz|[from] item: Leftovers
|-heal|p1a: Suicune|53/100|[from] item: Leftovers
|upkeep
|turn|26
|
|t:|1729709949
|-curestatus|p2a: Celebi|frz|[from] ability: Natural Cure
|switch|p2a: Starmie|Starmie|100/100
|-damage|p2a: Starmie|88/100|[from] Spikes
|move|p1a: Suicune|Roar|p2a: Starmie
|drag|p2a: Dugtrio|Dugtrio, F|100/100
|-damage|p2a: Dugtrio|88/100|[from] Spikes
|
|-weather|Sandstorm|[upkeep]
|-damage|p1a: Suicune|47/100|[from] Sandstorm
|-heal|p1a: Suicune|53/100|[from] item: Leftovers
|upkeep
|turn|27
|
|t:|1729709958
|move|p2a: Dugtrio|Earthquake|p1a: Suicune
|-damage|p1a: Suicune|3/100
|move|p1a: Suicune|Ice Beam|p2a: Dugtrio
|-supereffective|p2a: Dugtrio
|-damage|p2a: Dugtrio|0 fnt
|faint|p2a: Dugtrio
|
|t:|1729709962
|switch|p2a: Porygon2|Porygon2|100/100
|-damage|p2a: Porygon2|88/100|[from] Spikes
|-ability|p2a: Porygon2|Pressure|[from] ability: Trace|[of] p1a: Suicune
|
|-weather|Sandstorm|[upkeep]
|-damage|p1a: Suicune|0 fnt|[from] Sandstorm
|-damage|p2a: Porygon2|82/100|[from] Sandstorm
|faint|p1a: Suicune
|-heal|p2a: Porygon2|88/100|[from] item: Leftovers
|upkeep
|
|t:|1729709986
|switch|p1a: Forretress|Forretress, M|94/100
|turn|28
|inactive|Fakes has 270 seconds left.
|
|t:|1729710019
|move|p2a: Porygon2|Rain Dance|p2a: Porygon2
|-weather|RainDance
|move|p1a: Forretress|Spikes|p2a: Porygon2
|-sidestart|p2: Fakes|Spikes
|
|-weather|RainDance|[upkeep]
|-heal|p2a: Porygon2|94/100|[from] item: Leftovers
|-heal|p1a: Forretress|100/100|[from] item: Leftovers
|upkeep
|turn|29
|
|t:|1729710032
|switch|p2a: Starmie|Starmie|88/100
|-damage|p2a: Starmie|72/100|[from] Spikes
|move|p1a: Forretress|Hidden Power|p2a: Starmie
|-supereffective|p2a: Starmie
|-damage|p2a: Starmie|13/100
|
|-weather|RainDance|[upkeep]
|-heal|p2a: Starmie|19/100|[from] item: Leftovers
|upkeep
|turn|30
|
|t:|1729710040
|move|p2a: Starmie|Rapid Spin|p1a: Forretress
|-resisted|p1a: Forretress
|-damage|p1a: Forretress|99/100
|-sideend|p2: Fakes|Spikes|[from] move: Rapid Spin|[of] p2a: Starmie
|move|p1a: Forretress|Hidden Power|p2a: Starmie
|-supereffective|p2a: Starmie
|-damage|p2a: Starmie|0 fnt
|faint|p2a: Starmie
|
|t:|1729710042
|switch|p2a: Raikou|Raikou|88/100
|
|-weather|RainDance|[upkeep]
|-heal|p2a: Raikou|94/100|[from] item: Leftovers
|-heal|p1a: Forretress|100/100|[from] item: Leftovers
|upkeep
|turn|31
|
|t:|1729710046
|move|p2a: Raikou|Calm Mind|p2a: Raikou
|-boost|p2a: Raikou|spa|1
|-boost|p2a: Raikou|spd|1
|move|p1a: Forretress|Earthquake|p2a: Raikou
|-supereffective|p2a: Raikou
|-damage|p2a: Raikou|48/100
|
|-weather|RainDance|[upkeep]
|-heal|p2a: Raikou|54/100|[from] item: Leftovers
|upkeep
|turn|32
|
|t:|1729710051
|move|p2a: Raikou|Thunderbolt|p1a: Forretress
|-damage|p1a: Forretress|46/100
|-status|p1a: Forretress|par
|cant|p1a: Forretress|par
|
|-weather|none
|-heal|p2a: Raikou|60/100|[from] item: Leftovers
|-heal|p1a: Forretress|52/100 par|[from] item: Leftovers
|upkeep
|turn|33
|
|t:|1729710057
|move|p2a: Raikou|Thunderbolt|p1a: Forretress
|-damage|p1a: Forretress|0 fnt
|faint|p1a: Forretress
|
|t:|1729710067
|switch|p1a: Aerodactyl|Aerodactyl, M|100/100
|
|-heal|p2a: Raikou|66/100|[from] item: Leftovers
|upkeep
|turn|34
|inactive|HoChi_Pro has 270 seconds left.
|inactive|Fakes has 270 seconds left.
|inactive|Fakes has 240 seconds left.
|
|t:|1729710151
|switch|p2a: Porygon2|Porygon2|94/100
|-ability|p2a: Porygon2|Rock Head|[from] ability: Trace|[of] p1a: Aerodactyl
|move|p1a: Aerodactyl|Double-Edge|p2a: Porygon2
|-damage|p2a: Porygon2|56/100
|
|-heal|p2a: Porygon2|62/100|[from] item: Leftovers
|upkeep
|turn|35
|inactive|HoChi_Pro has 270 seconds left.
|
|t:|1729710165
|switch|p1a: Blissey|Blissey, F|95/100
|move|p2a: Porygon2|Recover|p2a: Porygon2
|-heal|p2a: Porygon2|100/100
|
|-heal|p1a: Blissey|100/100|[from] item: Leftovers
|upkeep
|turn|36
|inactive|HoChi_Pro has 270 seconds left.
|
|t:|1729710174
|switch|p2a: Raikou|Raikou|66/100
|move|p1a: Blissey|Seismic Toss|p2a: Raikou
|-damage|p2a: Raikou|40/100
|
|-heal|p2a: Raikou|46/100|[from] item: Leftovers
|upkeep
|turn|37
|
|t:|1729710182
|move|p2a: Raikou|Calm Mind|p2a: Raikou
|-boost|p2a: Raikou|spa|1
|-boost|p2a: Raikou|spd|1
|move|p1a: Blissey|Seismic Toss|p2a: Raikou
|-damage|p2a: Raikou|20/100
|
|-heal|p2a: Raikou|26/100|[from] item: Leftovers
|upkeep
|turn|38
|
|t:|1729710188
|move|p2a: Raikou|Rest|p2a: Raikou
|-status|p2a: Raikou|slp|[from] move: Rest
|-heal|p2a: Raikou|100/100 slp|[silent]
|move|p1a: Blissey|Seismic Toss|p2a: Raikou
|-damage|p2a: Raikou|74/100 slp
|
|-heal|p2a: Raikou|80/100 slp|[from] item: Leftovers
|upkeep
|turn|39
|
|t:|1729710199
|switch|p1a: Aerodactyl|Aerodactyl, M|100/100
|cant|p2a: Raikou|slp
|
|-heal|p2a: Raikou|86/100 slp|[from] item: Leftovers
|upkeep
|turn|40
|
|t:|1729710216
|switch|p2a: Porygon2|Porygon2|100/100
|-ability|p2a: Porygon2|Rock Head|[from] ability: Trace|[of] p1a: Aerodactyl
|move|p1a: Aerodactyl|Earthquake|p2a: Porygon2
|-damage|p2a: Porygon2|67/100
|
|-heal|p2a: Porygon2|73/100|[from] item: Leftovers
|upkeep
|turn|41
|
|t:|1729710225
|switch|p1a: Registeel|Registeel|100/100
|move|p2a: Porygon2|Recover|p2a: Porygon2
|-heal|p2a: Porygon2|100/100
|
|upkeep
|turn|42
|
|t:|1729710229
|switch|p2a: Celebi|Celebi|29/100
|move|p1a: Registeel|Thunder Wave|p2a: Celebi
|-status|p2a: Celebi|par
|
|-heal|p2a: Celebi|36/100 par|[from] item: Leftovers
|upkeep
|turn|43
|
|t:|1729710240
|switch|p1a: Aerodactyl|Aerodactyl, M|100/100
|move|p2a: Celebi|Recover|p2a: Celebi
|-heal|p2a: Celebi|86/100 par
|
|-heal|p2a: Celebi|92/100 par|[from] item: Leftovers
|upkeep
|turn|44
|
|t:|1729710246
|-curestatus|p2a: Celebi|par|[from] ability: Natural Cure
|switch|p2a: Porygon2|Porygon2|100/100
|-ability|p2a: Porygon2|Rock Head|[from] ability: Trace|[of] p1a: Aerodactyl
|move|p1a: Aerodactyl|Hidden Power|p2a: Porygon2
|-damage|p2a: Porygon2|69/100
|
|-heal|p2a: Porygon2|75/100|[from] item: Leftovers
|upkeep
|turn|45
|
|t:|1729710258
|switch|p1a: Blissey|Blissey, F|100/100
|move|p2a: Porygon2|Recover|p2a: Porygon2
|-heal|p2a: Porygon2|100/100
|
|upkeep
|turn|46
|
|t:|1729710269
|switch|p2a: Celebi|Celebi|92/100
|move|p1a: Blissey|Seismic Toss|p2a: Celebi
|-damage|p2a: Celebi|67/100
|
|-heal|p2a: Celebi|73/100|[from] item: Leftovers
|upkeep
|turn|47
|
|t:|1729710274
|move|p2a: Celebi|Leech Seed|p1a: Blissey
|-start|p1a: Blissey|move: Leech Seed
|move|p1a: Blissey|Ice Beam|p2a: Celebi
|-supereffective|p2a: Celebi
|-damage|p2a: Celebi|32/100
|
|-heal|p2a: Celebi|39/100|[from] item: Leftovers
|-damage|p1a: Blissey|88/100|[from] Leech Seed|[of] p2a: Celebi
|-heal|p2a: Celebi|59/100|[silent]
|upkeep
|turn|48
|
|t:|1729710281
|switch|p1a: Registeel|Registeel|100/100
|move|p2a: Celebi|Leech Seed|p1a: Registeel
|-start|p1a: Registeel|move: Leech Seed
|
|-heal|p2a: Celebi|65/100|[from] item: Leftovers
|-damage|p1a: Registeel|88/100|[from] Leech Seed|[of] p2a: Celebi
|-heal|p2a: Celebi|76/100|[silent]
|upkeep
|turn|49
|
|t:|1729710289
|switch|p2a: Raikou|Raikou|86/100 slp
|move|p1a: Registeel|Thunder Wave||[still]
|-fail|p1a: Registeel
|
|-heal|p2a: Raikou|92/100 slp|[from] item: Leftovers
|-heal|p1a: Registeel|94/100|[from] item: Leftovers
|-damage|p1a: Registeel|82/100|[from] Leech Seed|[of] p2a: Raikou
|-heal|p2a: Raikou|100/100 slp|[silent]
|upkeep
|turn|50
|
|t:|1729710296
|switch|p1a: Blissey|Blissey, F|88/100
|cant|p2a: Raikou|slp
|
|-heal|p1a: Blissey|94/100|[from] item: Leftovers
|upkeep
|turn|51
|
|t:|1729710304
|-curestatus|p2a: Raikou|slp|[msg]
|move|p2a: Raikou|Calm Mind|p2a: Raikou
|-boost|p2a: Raikou|spa|1
|-boost|p2a: Raikou|spd|1
|move|p1a: Blissey|Seismic Toss|p2a: Raikou
|-damage|p2a: Raikou|74/100
|
|-heal|p2a: Raikou|80/100|[from] item: Leftovers
|-heal|p1a: Blissey|99/100|[from] item: Leftovers
|upkeep
|turn|52
|
|t:|1729710310
|move|p2a: Raikou|Calm Mind|p2a: Raikou
|-boost|p2a: Raikou|spa|1
|-boost|p2a: Raikou|spd|1
|move|p1a: Blissey|Seismic Toss|p2a: Raikou
|-damage|p2a: Raikou|54/100
|
|-heal|p2a: Raikou|60/100|[from] item: Leftovers
|-heal|p1a: Blissey|100/100|[from] item: Leftovers
|upkeep
|turn|53
|
|t:|1729710319
|move|p2a: Raikou|Calm Mind|p2a: Raikou
|-boost|p2a: Raikou|spa|1
|-boost|p2a: Raikou|spd|1
|move|p1a: Blissey|Seismic Toss|p2a: Raikou
|-damage|p2a: Raikou|34/100
|
|-heal|p2a: Raikou|40/100|[from] item: Leftovers
|upkeep
|turn|54
|
|t:|1729710323
|switch|p1a: Registeel|Registeel|82/100
|move|p2a: Raikou|Thunderbolt|p1a: Registeel
|-damage|p1a: Registeel|29/100
|
|-heal|p2a: Raikou|46/100|[from] item: Leftovers
|-heal|p1a: Registeel|35/100|[from] item: Leftovers
|upkeep
|turn|55
|
|t:|1729710331
|move|p2a: Raikou|Thunderbolt|p1a: Registeel
|-damage|p1a: Registeel|0 fnt
|faint|p1a: Registeel
|
|t:|1729710332
|switch|p1a: Blissey|Blissey, F|100/100
|
|-heal|p2a: Raikou|52/100|[from] item: Leftovers
|upkeep
|turn|56
|
|t:|1729710338
|move|p2a: Raikou|Thunderbolt|p1a: Blissey
|-damage|p1a: Blissey|63/100
|move|p1a: Blissey|Seismic Toss|p2a: Raikou
|-damage|p2a: Raikou|26/100
|
|-heal|p2a: Raikou|32/100|[from] item: Leftovers
|-heal|p1a: Blissey|70/100|[from] item: Leftovers
|upkeep
|turn|57
|
|t:|1729710346
|move|p2a: Raikou|Thunderbolt|p1a: Blissey
|-damage|p1a: Blissey|32/100
|-status|p1a: Blissey|par
|move|p1a: Blissey|Soft-Boiled|p1a: Blissey
|-heal|p1a: Blissey|81/100 par
|
|-heal|p2a: Raikou|38/100|[from] item: Leftovers
|-heal|p1a: Blissey|88/100 par|[from] item: Leftovers
|upkeep
|turn|58
|
|t:|1729710351
|move|p2a: Raikou|Calm Mind|p2a: Raikou
|-boost|p2a: Raikou|spa|1
|-boost|p2a: Raikou|spd|1
|cant|p1a: Blissey|par
|
|-heal|p2a: Raikou|44/100|[from] item: Leftovers
|-heal|p1a: Blissey|94/100 par|[from] item: Leftovers
|upkeep
|turn|59
|
|t:|1729710355
|move|p2a: Raikou|Thunderbolt|p1a: Blissey
|-damage|p1a: Blissey|47/100 par
|move|p1a: Blissey|Aromatherapy|p1a: Blissey
|-cureteam|p1a: Blissey|[from] move: Aromatherapy
|
|-heal|p2a: Raikou|50/100|[from] item: Leftovers
|-heal|p1a: Blissey|53/100|[from] item: Leftovers
|upkeep
|turn|60
|
|t:|1729710359
|move|p2a: Raikou|Thunderbolt|p1a: Blissey
|-damage|p1a: Blissey|7/100
|move|p1a: Blissey|Seismic Toss|p2a: Raikou
|-damage|p2a: Raikou|24/100
|
|-heal|p2a: Raikou|30/100|[from] item: Leftovers
|-heal|p1a: Blissey|13/100|[from] item: Leftovers
|upkeep
|turn|61
|
|t:|1729710364
|move|p2a: Raikou|Thunderbolt|p1a: Blissey
|-damage|p1a: Blissey|0 fnt
|faint|p1a: Blissey
|
|t:|1729710366
|switch|p1a: Aerodactyl|Aerodactyl, M|100/100
|
|-heal|p2a: Raikou|36/100|[from] item: Leftovers
|upkeep
|turn|62
|inactive|HoChi_Pro has 270 seconds left.
|
|t:|1729710401
|move|p1a: Aerodactyl|Double-Edge|p2a: Raikou
|-damage|p2a: Raikou|0 fnt
|faint|p2a: Raikou
|
|t:|1729710416
|switch|p2a: Celebi|Celebi|76/100
|
|-heal|p2a: Celebi|82/100|[from] item: Leftovers
|upkeep
|turn|63
|
|t:|1729710419
|move|p1a: Aerodactyl|Double-Edge|p2a: Celebi
|-damage|p2a: Celebi|41/100
|move|p2a: Celebi|Leech Seed|p1a: Aerodactyl
|-start|p1a: Aerodactyl|move: Leech Seed
|
|-damage|p1a: Aerodactyl|88/100|[from] Leech Seed|[of] p2a: Celebi
|-heal|p2a: Celebi|50/100|[silent]
|-heal|p2a: Celebi|56/100|[from] item: Leftovers
|upkeep
|turn|64
|
|t:|1729710423
|move|p1a: Aerodactyl|Double-Edge|p2a: Celebi
|-damage|p2a: Celebi|14/100
|move|p2a: Celebi|Recover|p2a: Celebi
|-heal|p2a: Celebi|64/100
|
|-damage|p1a: Aerodactyl|76/100|[from] Leech Seed|[of] p2a: Celebi
|-heal|p2a: Celebi|73/100|[silent]
|-heal|p2a: Celebi|79/100|[from] item: Leftovers
|upkeep
|turn|65
|
|t:|1729710448
|move|p1a: Aerodactyl|Double-Edge|p2a: Celebi
|-damage|p2a: Celebi|40/100
|move|p2a: Celebi|Psychic|p1a: Aerodactyl
|-damage|p1a: Aerodactyl|34/100
|
|-damage|p1a: Aerodactyl|22/100|[from] Leech Seed|[of] p2a: Celebi
|-heal|p2a: Celebi|50/100|[silent]
|-heal|p2a: Celebi|56/100|[from] item: Leftovers
|upkeep
|turn|66
|
|t:|1729710451
|move|p1a: Aerodactyl|Double-Edge|p2a: Celebi
|-damage|p2a: Celebi|16/100
|move|p2a: Celebi|Psychic|p1a: Aerodactyl
|-damage|p1a: Aerodactyl|0 fnt
|faint|p1a: Aerodactyl
|
|win|Fakes
|c|☆HoChi_Pro|gg on that one
|c|☆Fakes|gg
|player|p1|

</script>
<script type="application/json" class="data" id="replaydata-smogtours-gen3ou-801404">
{"id":"smogtours-gen3ou-801404","format":"[Gen 3] OU","players":["HoChi_Pro","Fakes"],"uploadtime":1729710451,"views":125,"formatid":"gen3ou","rating":null,"private":1,"password":null}
</script>

<script defer src="js/replays.js?9d40a366"></script>
