<!DOCTYPE html>
<meta charset="utf-8" />
<meta name="viewport" content="width=device-width" />

<title>[Gen 3] OU: etymonlegomenon vs. Witchgender - Replays - Pok&eacute;mon Showdown!</title>

<meta name="description" content="Watch a replay of a Pok&eacute;mon battle between etymonlegomenon and Witchgender! Format: [Gen 3] OU; Date: Oct 20, 2024" />
<!--

Hey, you! Looking in the source for the replay log?

You can find them in JSON format, just add `.json` at the end of a replay URL.

https://replay.pokemonshowdown.com/gen7randomdoublesbattle-865046831.json

Or, if you only need the log itself, add `.log` instead:

https://replay.pokemonshowdown.com/gen7randomdoublesbattle-865046831.log

-->

<link rel="stylesheet" href="//pokemonshowdown.com/style/global.css?0.023195364461161105" />
<link rel="stylesheet" href="//play.pokemonshowdown.com/style/font-awesome.css?0.13261647063804238" />
<link rel="stylesheet" href="//play.pokemonshowdown.com/style/battle.css?0.8753245789963631" />
<link rel="stylesheet" href="//play.pokemonshowdown.com/style/utilichart.css?0.8627959624976733" />

<!-- Global site tag (gtag.js) - Google Analytics -->
<script async src="https://www.googletagmanager.com/gtag/js?id=UA-26211653-1"></script>
<script>
  window.dataLayer = window.dataLayer || [];
  function gtag(){dataLayer.push(arguments);}
  gtag('js', new Date());

  gtag('config', 'UA-26211653-1');
</script>
<!-- End Google Analytics -->
<!-- Venatus Ad Manager - Install in <HEAD> of page -->
	<script src="https://hb.vntsm.com/v3/live/ad-manager.min.js" type="text/javascript" data-site-id="642aba63ec9a7b11c3c9c1be" data-mode="scan" async></script>
<!-- / Venatus Ad Manager -->

<style>
	@media (max-width:820px) {
		.battle {
			margin: 0 auto;
		}
		.battle-log {
			margin: 7px auto 0;
			max-width: 640px;
			height: 300px;
			position: static;
		}
	}
	.optgroup {
		display: inline-block;
		line-height: 22px;
		font-size: 10pt;
	}
	.optgroup .button {
		height: 25px;
		padding-top: 0;
		padding-bottom: 0;
	}
	.optgroup button.button {
		padding-left: 12px;
		padding-right: 12px;
	}
	.linklist {
		list-style: none;
		margin: 0.5em 0;
		padding: 0;
	}
	.linklist li {
		padding: 2px 0;
	}
	.sidebar {
		float: left;
		width: 320px;
	}
	.bar-wrapper {
		max-width: 1100px;
		margin: 0 auto;
	}
	.bar-wrapper.has-sidebar {
		max-width: 1430px;
	}
	.mainbar {
		margin: 0;
		padding-right: 1px;
	}
	.mainbar.has-sidebar {
		margin-left: 330px;
	}
	@media (min-width: 1511px) {
		.sidebar {
			width: 400px;
		}
		.bar-wrapper.has-sidebar {
			max-width: 1510px;
		}
		.mainbar.has-sidebar {
			margin-left: 410px;
		}
	}
	.section.first-section {
		margin-top: 9px;
	}
	.blocklink small {
		white-space: normal;
	}
	.button {
		vertical-align: middle;
	}
	.replay-controls {
		padding-top: 10px;
	}
	.replay-controls h1 {
		font-size: 16pt;
		font-weight: normal;
		color: #CCC;
	}
	.pagelink {
		text-align: center;
	}
	.pagelink a {
		width: 150px;
	}
	.textbox, .button {
		font-size: 11pt;
		vertical-align: middle;
	}
	@media (max-width: 450px) {
		.button {
			font-size: 9pt;
		}
	}
</style>

<div>

	<header>
		<div class="nav-wrapper"><ul class="nav">
			<li><a class="button nav-first" href="//pokemonshowdown.com/"><img src="//pokemonshowdown.com/images/pokemonshowdownbeta.png" srcset="//pokemonshowdown.com/images/pokemonshowdownbeta.png 1x, //pokemonshowdown.com/images/pokemonshowdownbeta@2x.png 2x" alt="Pok&eacute;mon Showdown" width="146" height="44" /> Home</a></li>
			<li><a class="button" href="//pokemonshowdown.com/dex/">Pok&eacute;dex</a></li>
			<li><a class="button cur" href="/">Replays</a></li>
			<li><a class="button" href="//pokemonshowdown.com/ladder/">Ladder</a></li>
			<li><a class="button nav-last" href="//pokemonshowdown.com/forums/">Forum</a></li>
			<li><a class="button greenbutton nav-first nav-last" href="//play.pokemonshowdown.com/">Play</a></li>
		</ul></div>
	</header>

	<div class="main" id="main">

		<noscript><section class="section">You need to enable JavaScript to use this page; sorry!</section></noscript>

	</div>

</div>

<script defer nomodule src="//play.pokemonshowdown.com/js/lib/ps-polyfill.js"></script>
<script defer src="//play.pokemonshowdown.com/js/lib/preact.min.js"></script>

<script defer src="//play.pokemonshowdown.com/config/config.js?2bddbc15"></script>
<script defer src="//play.pokemonshowdown.com/js/lib/jquery-1.11.0.min.js"></script>
<script defer src="//play.pokemonshowdown.com/js/lib/html-sanitizer-minified.js"></script>
<script defer src="//play.pokemonshowdown.com/js/battle-sound.js"></script>
<script defer src="//play.pokemonshowdown.com/js/battledata.js?0.7209276989879541"></script>
<script defer src="//play.pokemonshowdown.com/data/pokedex-mini.js?0.6111056340867951"></script>
<script defer src="//play.pokemonshowdown.com/data/pokedex-mini-bw.js?0.3532142036491459"></script>
<script defer src="//play.pokemonshowdown.com/data/graphics.js?0.24223875632456182"></script>
<script defer src="//play.pokemonshowdown.com/data/pokedex.js?0.38839984266356864"></script>
<script defer src="//play.pokemonshowdown.com/data/moves.js?0.21866028504024015"></script>
<script defer src="//play.pokemonshowdown.com/data/abilities.js?0.2005157953846628"></script>
<script defer src="//play.pokemonshowdown.com/data/items.js?0.9894211263848525"></script>
<script defer src="//play.pokemonshowdown.com/data/teambuilder-tables.js?0.6008791140282215"></script>
<script defer src="//play.pokemonshowdown.com/js/battle-tooltips.js?0.7580118955022959"></script>
<script defer src="//play.pokemonshowdown.com/js/battle.js?0.6057722274234274"></script>

<script defer src="js/utils.js?e31f9a17"></script>
<script defer src="js/replays-battle.js?7008c182"></script>

<!-- don't scrape this data! just add .json or .log after the URL!
Full API docs: https://github.com/smogon/pokemon-showdown-client/blob/master/WEB-API.md -->
<script type="text/plain" class="log" id="replaylog-smogtours-gen3ou-800745">
|inactive|Battle timer is ON: inactive players will automatically lose when time's up.
|t:|1729454684
|gametype|singles
|player|p1|etymonlegomenon|2|
|player|p2|Witchgender|medium|
|teamsize|p1|6
|teamsize|p2|6
|gen|3
|tier|[Gen 3] OU
|rule|Sleep Clause Mod: Limit one foe put to sleep
|rule|Switch Priority Clause Mod: Faster Pokémon switch first
|rule|Species Clause: Limit one of each Pokémon
|rule|OHKO Clause: OHKO moves are banned
|rule|Evasion Items Clause: Evasion items are banned
|rule|Evasion Moves Clause: Evasion moves are banned
|rule|Endless Battle Clause: Forcing endless battles is banned
|rule|HP Percentage Mod: HP is shown in percentages
|rule|One Boost Passer Clause: Limit one Baton Passer that has a way to boost its stats
|rule|Freeze Clause Mod: Limit one foe frozen
|
|t:|1729454684
|start
|switch|p1a: RaptorialHassle|Zapdos|100/100
|switch|p2a: Tyranitar|Tyranitar, M|100/100
|-weather|Sandstorm|[from] ability: Sand Stream|[of] p2a: Tyranitar
|turn|1
|c|☆Witchgender|hf!
|
|t:|1729454706
|switch|p1a: RealCondorHours|Skarmory, M|100/100
|move|p2a: Tyranitar|Rock Slide|p1a: RealCondorHours
|-damage|p1a: RealCondorHours|69/100
|
|-weather|Sandstorm|[upkeep]
|-heal|p1a: RealCondorHours|75/100|[from] item: Leftovers
|upkeep
|turn|2
|
|t:|1729454714
|-singleturn|p2a: Tyranitar|move: Focus Punch
|move|p2a: Tyranitar|Focus Punch|p1a: RealCondorHours
|-damage|p1a: RealCondorHours|36/100
|move|p1a: RealCondorHours|Whirlwind|p2a: Tyranitar
|drag|p2a: Skarmory|Skarmory, M|100/100
|
|-weather|Sandstorm|[upkeep]
|-heal|p1a: RealCondorHours|42/100|[from] item: Leftovers
|upkeep
|turn|3
|
|t:|1729454720
|move|p1a: RealCondorHours|Taunt|p2a: Skarmory
|-start|p2a: Skarmory|move: Taunt
|cant|p2a: Skarmory|move: Taunt|Spikes
|
|-weather|Sandstorm|[upkeep]
|-heal|p1a: RealCondorHours|48/100|[from] item: Leftovers
|upkeep
|turn|4
|
|t:|1729454725
|switch|p2a: Starmie|Starmie|100/100
|move|p1a: RealCondorHours|Spikes|p2a: Starmie
|-sidestart|p2: Witchgender|Spikes
|
|-weather|Sandstorm|[upkeep]
|-damage|p2a: Starmie|94/100|[from] Sandstorm
|-heal|p2a: Starmie|100/100|[from] item: Leftovers
|-heal|p1a: RealCondorHours|54/100|[from] item: Leftovers
|upkeep
|turn|5
|
|t:|1729454735
|switch|p1a: RaptorialHassle|Zapdos|100/100
|move|p2a: Starmie|Rapid Spin|p1a: RaptorialHassle
|-damage|p1a: RaptorialHassle|98/100
|-sideend|p2: Witchgender|Spikes|[from] move: Rapid Spin|[of] p2a: Starmie
|
|-weather|Sandstorm|[upkeep]
|-damage|p2a: Starmie|94/100|[from] Sandstorm
|-damage|p1a: RaptorialHassle|92/100|[from] Sandstorm
|-heal|p2a: Starmie|100/100|[from] item: Leftovers
|-heal|p1a: RaptorialHassle|98/100|[from] item: Leftovers
|upkeep
|turn|6
|
|t:|1729454737
|switch|p2a: Celebi|Celebi|100/100
|move|p1a: RaptorialHassle|Thunderbolt|p2a: Celebi
|-resisted|p2a: Celebi
|-damage|p2a: Celebi|85/100
|
|-weather|Sandstorm|[upkeep]
|-damage|p2a: Celebi|79/100|[from] Sandstorm
|-damage|p1a: RaptorialHassle|92/100|[from] Sandstorm
|-heal|p2a: Celebi|85/100|[from] item: Leftovers
|-heal|p1a: RaptorialHassle|98/100|[from] item: Leftovers
|upkeep
|turn|7
|
|t:|1729454745
|switch|p1a: SandyLastWeek|Tyranitar, M|100/100
|move|p2a: Celebi|Leech Seed|p1a: SandyLastWeek
|-start|p1a: SandyLastWeek|move: Leech Seed
|
|-weather|Sandstorm|[upkeep]
|-damage|p2a: Celebi|79/100|[from] Sandstorm
|-heal|p2a: Celebi|85/100|[from] item: Leftovers
|-damage|p1a: SandyLastWeek|88/100|[from] Leech Seed|[of] p2a: Celebi
|-heal|p2a: Celebi|97/100|[silent]
|upkeep
|turn|8
|
|t:|1729454753
|switch|p2a: Swampert|Swampert, F|100/100
|move|p1a: SandyLastWeek|Hidden Power|p2a: Swampert
|-damage|p2a: Swampert|80/100
|
|-weather|Sandstorm|[upkeep]
|-heal|p1a: SandyLastWeek|94/100|[from] item: Leftovers
|-damage|p1a: SandyLastWeek|82/100|[from] Leech Seed|[of] p2a: Swampert
|-heal|p2a: Swampert|92/100|[silent]
|-heal|p2a: Swampert|99/100|[from] item: Leftovers
|upkeep
|turn|9
|
|t:|1729454765
|switch|p1a: RaptorialHassle|Zapdos|98/100
|switch|p2a: Celebi|Celebi|97/100
|
|-weather|Sandstorm|[upkeep]
|-damage|p2a: Celebi|91/100|[from] Sandstorm
|-damage|p1a: RaptorialHassle|92/100|[from] Sandstorm
|-heal|p2a: Celebi|97/100|[from] item: Leftovers
|-heal|p1a: RaptorialHassle|98/100|[from] item: Leftovers
|upkeep
|turn|10
|
|t:|1729454769
|move|p2a: Celebi|Leech Seed|p1a: RaptorialHassle
|-start|p1a: RaptorialHassle|move: Leech Seed
|move|p1a: RaptorialHassle|Toxic|p2a: Celebi
|-status|p2a: Celebi|tox
|
|-weather|Sandstorm|[upkeep]
|-damage|p2a: Celebi|91/100 tox|[from] Sandstorm
|-damage|p1a: RaptorialHassle|92/100|[from] Sandstorm
|-heal|p2a: Celebi|97/100 tox|[from] item: Leftovers
|-damage|p2a: Celebi|91/100 tox|[from] psn
|-heal|p1a: RaptorialHassle|98/100|[from] item: Leftovers
|-damage|p1a: RaptorialHassle|85/100|[from] Leech Seed|[of] p2a: Celebi
|-heal|p2a: Celebi|100/100 tox|[silent]
|upkeep
|turn|11
|
|t:|1729454789
|-curestatus|p2a: Celebi|tox|[from] ability: Natural Cure
|switch|p2a: Tyranitar|Tyranitar, M|100/100
|switch|p1a: RealCondorHours|Skarmory, M|54/100
|
|-weather|Sandstorm|[upkeep]
|-heal|p1a: RealCondorHours|60/100|[from] item: Leftovers
|upkeep
|turn|12
|
|t:|1729454799
|switch|p1a: MyNameIsMud|Swampert, M|100/100
|move|p2a: Tyranitar|Rock Slide|p1a: MyNameIsMud
|-resisted|p1a: MyNameIsMud
|-crit|p1a: MyNameIsMud
|-damage|p1a: MyNameIsMud|74/100
|
|-weather|Sandstorm|[upkeep]
|-heal|p1a: MyNameIsMud|80/100|[from] item: Leftovers
|upkeep
|turn|13
|
|t:|1729454808
|switch|p2a: Celebi|Celebi|100/100
|move|p1a: MyNameIsMud|Toxic|p2a: Celebi
|-status|p2a: Celebi|tox
|
|-weather|Sandstorm|[upkeep]
|-damage|p2a: Celebi|94/100 tox|[from] Sandstorm
|-heal|p2a: Celebi|100/100 tox|[from] item: Leftovers
|-damage|p2a: Celebi|94/100 tox|[from] psn
|-heal|p1a: MyNameIsMud|86/100|[from] item: Leftovers
|upkeep
|turn|14
|
|t:|1729454823
|switch|p1a: SandyLastWeek|Tyranitar, M|82/100
|move|p2a: Celebi|Leech Seed|p1a: SandyLastWeek
|-start|p1a: SandyLastWeek|move: Leech Seed
|
|-weather|Sandstorm|[upkeep]
|-damage|p2a: Celebi|88/100 tox|[from] Sandstorm
|-heal|p2a: Celebi|94/100 tox|[from] item: Leftovers
|-damage|p2a: Celebi|82/100 tox|[from] psn
|-heal|p1a: SandyLastWeek|88/100|[from] item: Leftovers
|-damage|p1a: SandyLastWeek|76/100|[from] Leech Seed|[of] p2a: Celebi
|-heal|p2a: Celebi|94/100 tox|[silent]
|upkeep
|turn|15
|
|t:|1729454832
|-singleturn|p1a: SandyLastWeek|move: Focus Punch
|-curestatus|p2a: Celebi|tox|[from] ability: Natural Cure
|switch|p2a: Skarmory|Skarmory, M|100/100
|move|p1a: SandyLastWeek|Focus Punch|p2a: Skarmory
|-damage|p2a: Skarmory|60/100
|
|-weather|Sandstorm|[upkeep]
|-heal|p1a: SandyLastWeek|82/100|[from] item: Leftovers
|-damage|p1a: SandyLastWeek|69/100|[from] Leech Seed|[of] p2a: Skarmory
|-heal|p2a: Skarmory|74/100|[silent]
|-heal|p2a: Skarmory|80/100|[from] item: Leftovers
|upkeep
|turn|16
|
|t:|1729454842
|switch|p1a: RaptorialHassle|Zapdos|85/100
|move|p2a: Skarmory|Spikes|p1a: RaptorialHassle
|-sidestart|p1: etymonlegomenon|Spikes
|
|-weather|Sandstorm|[upkeep]
|-damage|p1a: RaptorialHassle|79/100|[from] Sandstorm
|-heal|p1a: RaptorialHassle|85/100|[from] item: Leftovers
|-heal|p2a: Skarmory|86/100|[from] item: Leftovers
|upkeep
|turn|17
|
|t:|1729454847
|move|p2a: Skarmory|Protect|p2a: Skarmory
|-singleturn|p2a: Skarmory|Protect
|move|p1a: RaptorialHassle|Thunderbolt|p2a: Skarmory
|-activate|p2a: Skarmory|Protect
|
|-weather|Sandstorm|[upkeep]
|-damage|p1a: RaptorialHassle|79/100|[from] Sandstorm
|-heal|p1a: RaptorialHassle|85/100|[from] item: Leftovers
|-heal|p2a: Skarmory|92/100|[from] item: Leftovers
|upkeep
|turn|18
|
|t:|1729454852
|switch|p1a: TryptichSolecism|Dugtrio, M|100/100
|-damage|p1a: TryptichSolecism|88/100|[from] Spikes
|switch|p2a: Celebi|Celebi|94/100
|
|-weather|Sandstorm|[upkeep]
|-damage|p2a: Celebi|88/100|[from] Sandstorm
|-heal|p2a: Celebi|94/100|[from] item: Leftovers
|upkeep
|turn|19
|
|t:|1729454857
|move|p1a: TryptichSolecism|Hidden Power|p2a: Celebi
|-supereffective|p2a: Celebi
|-damage|p2a: Celebi|12/100
|move|p2a: Celebi|Psychic|p1a: TryptichSolecism
|-damage|p1a: TryptichSolecism|8/100
|
|-weather|Sandstorm|[upkeep]
|-damage|p2a: Celebi|6/100|[from] Sandstorm
|-heal|p2a: Celebi|12/100|[from] item: Leftovers
|upkeep
|turn|20
|
|t:|1729454861
|move|p1a: TryptichSolecism|Hidden Power|p2a: Celebi
|-supereffective|p2a: Celebi
|-damage|p2a: Celebi|0 fnt
|faint|p2a: Celebi
|inactive|Witchgender has 270 seconds left.
|inactive|Witchgender has 240 seconds left.
|
|t:|1729454926
|switch|p2a: Aerodactyl|Aerodactyl, F|100/100
|
|-weather|Sandstorm|[upkeep]
|upkeep
|turn|21
|
|t:|1729454948
|switch|p1a: SandyLastWeek|Tyranitar, M|69/100
|-damage|p1a: SandyLastWeek|57/100|[from] Spikes
|move|p2a: Aerodactyl|Rock Slide|p1a: SandyLastWeek
|-damage|p1a: SandyLastWeek|12/100
|
|-weather|Sandstorm|[upkeep]
|-heal|p1a: SandyLastWeek|18/100|[from] item: Leftovers
|upkeep
|turn|22
|
|t:|1729454956
|move|p2a: Aerodactyl|Rock Slide|p1a: SandyLastWeek
|-damage|p1a: SandyLastWeek|0 fnt
|faint|p1a: SandyLastWeek
|
|t:|1729454960
|switch|p1a: MyNameIsMud|Swampert, M|86/100
|-damage|p1a: MyNameIsMud|74/100|[from] Spikes
|
|-weather|Sandstorm|[upkeep]
|-heal|p1a: MyNameIsMud|80/100|[from] item: Leftovers
|upkeep
|turn|23
|
|t:|1729454969
|switch|p2a: Skarmory|Skarmory, M|92/100
|move|p1a: MyNameIsMud|Toxic|p2a: Skarmory
|-immune|p2a: Skarmory
|
|-weather|Sandstorm|[upkeep]
|-heal|p2a: Skarmory|98/100|[from] item: Leftovers
|-heal|p1a: MyNameIsMud|86/100|[from] item: Leftovers
|upkeep
|turn|24
|
|t:|1729454975
|switch|p1a: TryptichSolecism|Dugtrio, M|8/100
|-damage|p1a: TryptichSolecism|0 fnt|[from] Spikes
|faint|p1a: TryptichSolecism
|
|t:|1729454977
|switch|p1a: RealCondorHours|Skarmory, M|60/100
|
|-weather|Sandstorm|[upkeep]
|-heal|p1a: RealCondorHours|66/100|[from] item: Leftovers
|-heal|p2a: Skarmory|100/100|[from] item: Leftovers
|upkeep
|turn|25
|
|t:|1729454979
|switch|p2a: Starmie|Starmie|100/100
|move|p1a: RealCondorHours|Spikes|p2a: Starmie
|-sidestart|p2: Witchgender|Spikes
|
|-weather|Sandstorm|[upkeep]
|-damage|p2a: Starmie|94/100|[from] Sandstorm
|-heal|p2a: Starmie|100/100|[from] item: Leftovers
|-heal|p1a: RealCondorHours|72/100|[from] item: Leftovers
|upkeep
|turn|26
|
|t:|1729454985
|switch|p1a: RaptorialHassle|Zapdos|85/100
|move|p2a: Starmie|Thunder Wave|p1a: RaptorialHassle
|-status|p1a: RaptorialHassle|par
|
|-weather|Sandstorm|[upkeep]
|-damage|p2a: Starmie|94/100|[from] Sandstorm
|-damage|p1a: RaptorialHassle|79/100 par|[from] Sandstorm
|-heal|p2a: Starmie|100/100|[from] item: Leftovers
|-heal|p1a: RaptorialHassle|85/100 par|[from] item: Leftovers
|upkeep
|turn|27
|
|t:|1729454990
|switch|p2a: Tyranitar|Tyranitar, M|100/100
|-damage|p2a: Tyranitar|88/100|[from] Spikes
|cant|p1a: RaptorialHassle|par
|
|-weather|Sandstorm|[upkeep]
|-damage|p1a: RaptorialHassle|79/100 par|[from] Sandstorm
|-heal|p1a: RaptorialHassle|85/100 par|[from] item: Leftovers
|upkeep
|turn|28
|
|t:|1729455000
|-singleturn|p2a: Tyranitar|move: Focus Punch
|switch|p1a: BlackFrancis|Celebi|100/100
|-damage|p1a: BlackFrancis|88/100|[from] Spikes
|move|p2a: Tyranitar|Focus Punch|p1a: BlackFrancis
|-resisted|p1a: BlackFrancis
|-damage|p1a: BlackFrancis|66/100
|
|-weather|Sandstorm|[upkeep]
|-damage|p1a: BlackFrancis|60/100|[from] Sandstorm
|-heal|p1a: BlackFrancis|66/100|[from] item: Leftovers
|upkeep
|turn|29
|
|t:|1729455014
|move|p1a: BlackFrancis|Leech Seed|p2a: Tyranitar
|-start|p2a: Tyranitar|move: Leech Seed
|move|p2a: Tyranitar|Hidden Power|p1a: BlackFrancis
|-supereffective|p1a: BlackFrancis
|-damage|p1a: BlackFrancis|0 fnt
|faint|p1a: BlackFrancis
|
|t:|1729455032
|switch|p1a: MyNameIsMud|Swampert, M|86/100
|-damage|p1a: MyNameIsMud|74/100|[from] Spikes
|
|-weather|Sandstorm|[upkeep]
|-damage|p2a: Tyranitar|76/100|[from] Leech Seed|[of] p1a: MyNameIsMud
|-heal|p1a: MyNameIsMud|86/100|[silent]
|-heal|p1a: MyNameIsMud|93/100|[from] item: Leftovers
|upkeep
|turn|30
|
|t:|1729455046
|switch|p2a: Skarmory|Skarmory, M|100/100
|move|p1a: MyNameIsMud|Surf|p2a: Skarmory
|-damage|p2a: Skarmory|75/100
|
|-weather|Sandstorm|[upkeep]
|-heal|p2a: Skarmory|81/100|[from] item: Leftovers
|-heal|p1a: MyNameIsMud|99/100|[from] item: Leftovers
|upkeep
|turn|31
|
|t:|1729455052
|switch|p1a: RaptorialHassle|Zapdos|85/100 par
|move|p2a: Skarmory|Spikes|p1a: RaptorialHassle
|-sidestart|p1: etymonlegomenon|Spikes
|
|-weather|Sandstorm|[upkeep]
|-damage|p1a: RaptorialHassle|79/100 par|[from] Sandstorm
|-heal|p2a: Skarmory|87/100|[from] item: Leftovers
|-heal|p1a: RaptorialHassle|85/100 par|[from] item: Leftovers
|upkeep
|turn|32
|
|t:|1729455056
|move|p2a: Skarmory|Protect|p2a: Skarmory
|-singleturn|p2a: Skarmory|Protect
|cant|p1a: RaptorialHassle|par
|
|-weather|Sandstorm|[upkeep]
|-damage|p1a: RaptorialHassle|79/100 par|[from] Sandstorm
|-heal|p2a: Skarmory|93/100|[from] item: Leftovers
|-heal|p1a: RaptorialHassle|85/100 par|[from] item: Leftovers
|upkeep
|turn|33
|inactive|Witchgender has 270 seconds left.
|
|t:|1729455111
|switch|p2a: Tyranitar|Tyranitar, M|76/100
|-damage|p2a: Tyranitar|63/100|[from] Spikes
|move|p1a: RaptorialHassle|Thunder Wave|p2a: Tyranitar
|-status|p2a: Tyranitar|par
|-enditem|p2a: Tyranitar|Lum Berry|[eat]
|-curestatus|p2a: Tyranitar|par|[msg]
|
|-weather|Sandstorm|[upkeep]
|-damage|p1a: RaptorialHassle|79/100 par|[from] Sandstorm
|-heal|p1a: RaptorialHassle|85/100 par|[from] item: Leftovers
|upkeep
|turn|34
|
|t:|1729455125
|move|p2a: Tyranitar|Rock Slide|p1a: RaptorialHassle
|-supereffective|p1a: RaptorialHassle
|-damage|p1a: RaptorialHassle|2/100 par
|cant|p1a: RaptorialHassle|par
|
|-weather|Sandstorm|[upkeep]
|-damage|p1a: RaptorialHassle|0 fnt|[from] Sandstorm
|faint|p1a: RaptorialHassle
|upkeep
|-message|etymonlegomenon forfeited.
|
|win|Witchgender

</script>
<script type="application/json" class="data" id="replaydata-smogtours-gen3ou-800745">
{"id":"smogtours-gen3ou-800745","format":"[Gen 3] OU","players":["etymonlegomenon","Witchgender"],"uploadtime":1729455133,"views":74,"formatid":"gen3ou","rating":null,"private":0,"password":null}
</script>

<script defer src="js/replays.js?9d40a366"></script>
