<!DOCTYPE html>
<meta charset="utf-8" />
<meta name="viewport" content="width=device-width" />

<title>[Gen 3] OU: triangles vs. RoninRedux - Replays - Pok&eacute;mon Showdown!</title>

<meta name="description" content="Watch a replay of a Pok&eacute;mon battle between triangles and RoninRedux! Format: [Gen 3] OU; Date: Oct 3, 2024" />
<!--

Hey, you! Looking in the source for the replay log?

You can find them in JSON format, just add `.json` at the end of a replay URL.

https://replay.pokemonshowdown.com/gen7randomdoublesbattle-865046831.json

Or, if you only need the log itself, add `.log` instead:

https://replay.pokemonshowdown.com/gen7randomdoublesbattle-865046831.log

-->

<link rel="stylesheet" href="//pokemonshowdown.com/style/global.css?0.023195364461161105" />
<link rel="stylesheet" href="//play.pokemonshowdown.com/style/font-awesome.css?0.13261647063804238" />
<link rel="stylesheet" href="//play.pokemonshowdown.com/style/battle.css?0.8753245789963631" />
<link rel="stylesheet" href="//play.pokemonshowdown.com/style/utilichart.css?0.8627959624976733" />

<!-- Global site tag (gtag.js) - Google Analytics -->
<script async src="https://www.googletagmanager.com/gtag/js?id=UA-26211653-1"></script>
<script>
  window.dataLayer = window.dataLayer || [];
  function gtag(){dataLayer.push(arguments);}
  gtag('js', new Date());

  gtag('config', 'UA-26211653-1');
</script>
<!-- End Google Analytics -->
<!-- Venatus Ad Manager - Install in <HEAD> of page -->
	<script src="https://hb.vntsm.com/v3/live/ad-manager.min.js" type="text/javascript" data-site-id="642aba63ec9a7b11c3c9c1be" data-mode="scan" async></script>
<!-- / Venatus Ad Manager -->

<style>
	@media (max-width:820px) {
		.battle {
			margin: 0 auto;
		}
		.battle-log {
			margin: 7px auto 0;
			max-width: 640px;
			height: 300px;
			position: static;
		}
	}
	.optgroup {
		display: inline-block;
		line-height: 22px;
		font-size: 10pt;
	}
	.optgroup .button {
		height: 25px;
		padding-top: 0;
		padding-bottom: 0;
	}
	.optgroup button.button {
		padding-left: 12px;
		padding-right: 12px;
	}
	.linklist {
		list-style: none;
		margin: 0.5em 0;
		padding: 0;
	}
	.linklist li {
		padding: 2px 0;
	}
	.sidebar {
		float: left;
		width: 320px;
	}
	.bar-wrapper {
		max-width: 1100px;
		margin: 0 auto;
	}
	.bar-wrapper.has-sidebar {
		max-width: 1430px;
	}
	.mainbar {
		margin: 0;
		padding-right: 1px;
	}
	.mainbar.has-sidebar {
		margin-left: 330px;
	}
	@media (min-width: 1511px) {
		.sidebar {
			width: 400px;
		}
		.bar-wrapper.has-sidebar {
			max-width: 1510px;
		}
		.mainbar.has-sidebar {
			margin-left: 410px;
		}
	}
	.section.first-section {
		margin-top: 9px;
	}
	.blocklink small {
		white-space: normal;
	}
	.button {
		vertical-align: middle;
	}
	.replay-controls {
		padding-top: 10px;
	}
	.replay-controls h1 {
		font-size: 16pt;
		font-weight: normal;
		color: #CCC;
	}
	.pagelink {
		text-align: center;
	}
	.pagelink a {
		width: 150px;
	}
	.textbox, .button {
		font-size: 11pt;
		vertical-align: middle;
	}
	@media (max-width: 450px) {
		.button {
			font-size: 9pt;
		}
	}
</style>

<div>

	<header>
		<div class="nav-wrapper"><ul class="nav">
			<li><a class="button nav-first" href="//pokemonshowdown.com/"><img src="//pokemonshowdown.com/images/pokemonshowdownbeta.png" srcset="//pokemonshowdown.com/images/pokemonshowdownbeta.png 1x, //pokemonshowdown.com/images/pokemonshowdownbeta@2x.png 2x" alt="Pok&eacute;mon Showdown" width="146" height="44" /> Home</a></li>
			<li><a class="button" href="//pokemonshowdown.com/dex/">Pok&eacute;dex</a></li>
			<li><a class="button cur" href="/">Replays</a></li>
			<li><a class="button" href="//pokemonshowdown.com/ladder/">Ladder</a></li>
			<li><a class="button nav-last" href="//pokemonshowdown.com/forums/">Forum</a></li>
			<li><a class="button greenbutton nav-first nav-last" href="//play.pokemonshowdown.com/">Play</a></li>
		</ul></div>
	</header>

	<div class="main" id="main">

		<noscript><section class="section">You need to enable JavaScript to use this page; sorry!</section></noscript>

	</div>

</div>

<script defer nomodule src="//play.pokemonshowdown.com/js/lib/ps-polyfill.js"></script>
<script defer src="//play.pokemonshowdown.com/js/lib/preact.min.js"></script>

<script defer src="//play.pokemonshowdown.com/config/config.js?2bddbc15"></script>
<script defer src="//play.pokemonshowdown.com/js/lib/jquery-1.11.0.min.js"></script>
<script defer src="//play.pokemonshowdown.com/js/lib/html-sanitizer-minified.js"></script>
<script defer src="//play.pokemonshowdown.com/js/battle-sound.js"></script>
<script defer src="//play.pokemonshowdown.com/js/battledata.js?0.7209276989879541"></script>
<script defer src="//play.pokemonshowdown.com/data/pokedex-mini.js?0.6111056340867951"></script>
<script defer src="//play.pokemonshowdown.com/data/pokedex-mini-bw.js?0.3532142036491459"></script>
<script defer src="//play.pokemonshowdown.com/data/graphics.js?0.24223875632456182"></script>
<script defer src="//play.pokemonshowdown.com/data/pokedex.js?0.38839984266356864"></script>
<script defer src="//play.pokemonshowdown.com/data/moves.js?0.21866028504024015"></script>
<script defer src="//play.pokemonshowdown.com/data/abilities.js?0.2005157953846628"></script>
<script defer src="//play.pokemonshowdown.com/data/items.js?0.9894211263848525"></script>
<script defer src="//play.pokemonshowdown.com/data/teambuilder-tables.js?0.6008791140282215"></script>
<script defer src="//play.pokemonshowdown.com/js/battle-tooltips.js?0.7580118955022959"></script>
<script defer src="//play.pokemonshowdown.com/js/battle.js?0.6057722274234274"></script>

<script defer src="js/utils.js?e31f9a17"></script>
<script defer src="js/replays-battle.js?7008c182"></script>

<!-- don't scrape this data! just add .json or .log after the URL!
Full API docs: https://github.com/smogon/pokemon-showdown-client/blob/master/WEB-API.md -->
<script type="text/plain" class="log" id="replaylog-smogtours-gen3ou-794244">
|inactive|Battle timer is ON: inactive players will automatically lose when time's up.
|t:|1727974104
|gametype|singles
|player|p1|triangles|lucas|
|player|p2|RoninRedux|101|
|teamsize|p1|6
|teamsize|p2|6
|gen|3
|tier|[Gen 3] OU
|rule|Sleep Clause Mod: Limit one foe put to sleep
|rule|Switch Priority Clause Mod: Faster Pokémon switch first
|rule|Species Clause: Limit one of each Pokémon
|rule|OHKO Clause: OHKO moves are banned
|rule|Evasion Items Clause: Evasion items are banned
|rule|Evasion Moves Clause: Evasion moves are banned
|rule|Endless Battle Clause: Forcing endless battles is banned
|rule|HP Percentage Mod: HP is shown in percentages
|rule|One Boost Passer Clause: Limit one Baton Passer that has a way to boost its stats
|rule|Freeze Clause Mod: Limit one foe frozen
|
|t:|1727974104
|start
|switch|p1a: Tyranitar|Tyranitar, M, shiny|100/100
|switch|p2a: Medicham|Medicham, F|100/100
|-weather|Sandstorm|[from] ability: Sand Stream|[of] p1a: Tyranitar
|turn|1
|c|☆triangles|hf
|inactive|triangles has 270 seconds left.
|c|☆RoninRedux|hf
|
|t:|1727974147
|switch|p1a: Claydol|Claydol, shiny|100/100
|move|p2a: Medicham|Brick Break|p1a: Claydol
|-resisted|p1a: Claydol
|-damage|p1a: Claydol|79/100
|
|-weather|Sandstorm|[upkeep]
|-damage|p2a: Medicham|94/100|[from] Sandstorm
|-heal|p1a: Claydol|85/100|[from] item: Leftovers
|upkeep
|turn|2
|
|t:|1727974165
|switch|p1a: Jirachi|Jirachi|100/100
|move|p2a: Medicham|Shadow Ball|p1a: Jirachi
|-damage|p1a: Jirachi|72/100
|
|-weather|Sandstorm|[upkeep]
|-damage|p2a: Medicham|88/100|[from] Sandstorm
|-heal|p1a: Jirachi|78/100|[from] item: Leftovers
|upkeep
|turn|3
|
|t:|1727974184
|switch|p2a: Snorlax|Snorlax, F|100/100
|move|p1a: Jirachi|Protect||[still]
|-fail|p1a: Jirachi
|
|-weather|Sandstorm|[upkeep]
|-damage|p2a: Snorlax|94/100|[from] Sandstorm
|-heal|p1a: Jirachi|85/100|[from] item: Leftovers
|-heal|p2a: Snorlax|100/100|[from] item: Leftovers
|upkeep
|turn|4
|
|t:|1727974194
|switch|p1a: Skarmory|Skarmory, F, shiny|100/100
|move|p2a: Snorlax|Shadow Ball|p1a: Skarmory
|-resisted|p1a: Skarmory
|-damage|p1a: Skarmory|91/100
|
|-weather|Sandstorm|[upkeep]
|-damage|p2a: Snorlax|94/100|[from] Sandstorm
|-heal|p2a: Snorlax|100/100|[from] item: Leftovers
|upkeep
|turn|5
|
|t:|1727974205
|switch|p2a: Magneton|Magneton|100/100
|move|p1a: Skarmory|Spikes|p2a: Magneton
|-sidestart|p2: RoninRedux|Spikes
|
|-weather|Sandstorm|[upkeep]
|upkeep
|turn|6
|
|t:|1727974211
|move|p2a: Magneton|Thunderbolt|p1a: Skarmory
|-supereffective|p1a: Skarmory
|-damage|p1a: Skarmory|0 fnt
|faint|p1a: Skarmory
|
|t:|1727974214
|switch|p1a: Claydol|Claydol, shiny|85/100
|
|-weather|Sandstorm|[upkeep]
|-heal|p1a: Claydol|92/100|[from] item: Leftovers
|upkeep
|turn|7
|
|t:|1727974235
|move|p2a: Magneton|Rain Dance|p2a: Magneton
|-weather|RainDance
|move|p1a: Claydol|Earthquake|p2a: Magneton
|-supereffective|p2a: Magneton
|-damage|p2a: Magneton|0 fnt
|faint|p2a: Magneton
|
|t:|1727974241
|switch|p2a: Suicune|Suicune|100/100
|-damage|p2a: Suicune|88/100|[from] Spikes
|
|-weather|RainDance|[upkeep]
|-heal|p2a: Suicune|94/100|[from] item: Leftovers
|-heal|p1a: Claydol|98/100|[from] item: Leftovers
|upkeep
|turn|8
|
|t:|1727974265
|switch|p1a: Milotic|Milotic, M, shiny|100/100
|move|p2a: Suicune|Calm Mind|p2a: Suicune
|-boost|p2a: Suicune|spa|1
|-boost|p2a: Suicune|spd|1
|
|-weather|RainDance|[upkeep]
|-heal|p2a: Suicune|100/100|[from] item: Leftovers
|upkeep
|turn|9
|
|t:|1727974279
|move|p2a: Suicune|Hidden Power|p1a: Milotic
|-supereffective|p1a: Milotic
|-damage|p1a: Milotic|61/100
|move|p1a: Milotic|Toxic|p2a: Suicune
|-status|p2a: Suicune|tox
|
|-weather|RainDance|[upkeep]
|-damage|p2a: Suicune|94/100 tox|[from] psn
|-heal|p1a: Milotic|67/100|[from] item: Leftovers
|upkeep
|turn|10
|
|t:|1727974288
|move|p2a: Suicune|Hidden Power|p1a: Milotic
|-supereffective|p1a: Milotic
|-damage|p1a: Milotic|31/100
|move|p1a: Milotic|Recover|p1a: Milotic
|-heal|p1a: Milotic|81/100
|
|-weather|RainDance|[upkeep]
|-heal|p2a: Suicune|100/100 tox|[from] item: Leftovers
|-damage|p2a: Suicune|88/100 tox|[from] psn
|-heal|p1a: Milotic|87/100|[from] item: Leftovers
|upkeep
|turn|11
|
|t:|1727974302
|switch|p2a: Snorlax|Snorlax, F|100/100
|-damage|p2a: Snorlax|88/100|[from] Spikes
|switch|p1a: Tyranitar|Tyranitar, M, shiny|100/100
|-weather|Sandstorm|[from] ability: Sand Stream|[of] p1a: Tyranitar
|
|-weather|Sandstorm|[upkeep]
|-damage|p2a: Snorlax|82/100|[from] Sandstorm
|-heal|p2a: Snorlax|88/100|[from] item: Leftovers
|upkeep
|turn|12
|
|t:|1727974315
|move|p1a: Tyranitar|Rock Slide|p2a: Snorlax
|-damage|p2a: Snorlax|50/100
|move|p2a: Snorlax|Earthquake|p1a: Tyranitar
|-supereffective|p1a: Tyranitar
|-damage|p1a: Tyranitar|54/100
|
|-weather|Sandstorm|[upkeep]
|-damage|p2a: Snorlax|43/100|[from] Sandstorm
|-heal|p1a: Tyranitar|60/100|[from] item: Leftovers
|-heal|p2a: Snorlax|50/100|[from] item: Leftovers
|upkeep
|turn|13
|
|t:|1727974328
|switch|p2a: Medicham|Medicham, F|88/100
|-damage|p2a: Medicham|76/100|[from] Spikes
|move|p1a: Tyranitar|Rock Slide|p2a: Medicham
|-resisted|p2a: Medicham
|-damage|p2a: Medicham|41/100
|
|-weather|Sandstorm|[upkeep]
|-damage|p2a: Medicham|34/100|[from] Sandstorm
|-heal|p1a: Tyranitar|66/100|[from] item: Leftovers
|upkeep
|turn|14
|
|t:|1727974339
|-singleturn|p2a: Medicham|move: Focus Punch
|switch|p1a: Claydol|Claydol, shiny|98/100
|move|p2a: Medicham|Focus Punch|p1a: Claydol
|-resisted|p1a: Claydol
|-damage|p1a: Claydol|59/100
|
|-weather|Sandstorm|[upkeep]
|-damage|p2a: Medicham|28/100|[from] Sandstorm
|-heal|p1a: Claydol|65/100|[from] item: Leftovers
|upkeep
|turn|15
|
|t:|1727974366
|move|p2a: Medicham|Shadow Ball|p1a: Claydol
|-supereffective|p1a: Claydol
|-damage|p1a: Claydol|2/100
|move|p1a: Claydol|Earthquake|p2a: Medicham
|-damage|p2a: Medicham|0 fnt
|faint|p2a: Medicham
|inactive|RoninRedux has 270 seconds left.
|
|t:|1727974382
|switch|p2a: Suicune|Suicune|88/100 tox
|-damage|p2a: Suicune|76/100 tox|[from] Spikes
|
|-weather|Sandstorm|[upkeep]
|-damage|p2a: Suicune|70/100 tox|[from] Sandstorm
|-heal|p2a: Suicune|76/100 tox|[from] item: Leftovers
|-damage|p2a: Suicune|70/100 tox|[from] psn
|-heal|p1a: Claydol|8/100|[from] item: Leftovers
|upkeep
|turn|16
|inactive|RoninRedux has 270 seconds left.
|
|t:|1727974393
|switch|p1a: Milotic|Milotic, M, shiny|87/100
|move|p2a: Suicune|Hidden Power|p1a: Milotic
|-supereffective|p1a: Milotic
|-damage|p1a: Milotic|60/100
|
|-weather|Sandstorm|[upkeep]
|-damage|p2a: Suicune|63/100 tox|[from] Sandstorm
|-damage|p1a: Milotic|54/100|[from] Sandstorm
|-heal|p2a: Suicune|70/100 tox|[from] item: Leftovers
|-damage|p2a: Suicune|57/100 tox|[from] psn
|-heal|p1a: Milotic|60/100|[from] item: Leftovers
|upkeep
|turn|17
|inactive|RoninRedux has 270 seconds left.
|
|t:|1727974405
|switch|p2a: Snorlax|Snorlax, F|50/100
|-damage|p2a: Snorlax|37/100|[from] Spikes
|move|p1a: Milotic|Recover|p1a: Milotic
|-heal|p1a: Milotic|100/100
|
|-weather|Sandstorm|[upkeep]
|-damage|p1a: Milotic|94/100|[from] Sandstorm
|-damage|p2a: Snorlax|31/100|[from] Sandstorm
|-heal|p1a: Milotic|100/100|[from] item: Leftovers
|-heal|p2a: Snorlax|37/100|[from] item: Leftovers
|upkeep
|turn|18
|inactive|RoninRedux has 270 seconds left.
|
|t:|1727974422
|switch|p1a: Claydol|Claydol, shiny|8/100
|move|p2a: Snorlax|Return|p1a: Claydol
|-damage|p1a: Claydol|0 fnt
|faint|p1a: Claydol
|
|t:|1727974426
|switch|p1a: Tyranitar|Tyranitar, M, shiny|66/100
|
|-weather|Sandstorm|[upkeep]
|-damage|p2a: Snorlax|31/100|[from] Sandstorm
|-heal|p1a: Tyranitar|73/100|[from] item: Leftovers
|-heal|p2a: Snorlax|37/100|[from] item: Leftovers
|upkeep
|turn|19
|inactive|RoninRedux has 270 seconds left.
|
|t:|1727974447
|switch|p2a: Metagross|Metagross|100/100
|-damage|p2a: Metagross|88/100|[from] Spikes
|move|p1a: Tyranitar|Rock Slide|p2a: Metagross
|-resisted|p2a: Metagross
|-damage|p2a: Metagross|73/100
|
|-weather|Sandstorm|[upkeep]
|-heal|p2a: Metagross|79/100|[from] item: Leftovers
|-heal|p1a: Tyranitar|79/100|[from] item: Leftovers
|upkeep
|turn|20
|
|t:|1727974468
|switch|p1a: Jirachi|Jirachi|85/100
|move|p2a: Metagross|Meteor Mash|p1a: Jirachi|[miss]
|-miss|p2a: Metagross|p1a: Jirachi
|
|-weather|Sandstorm|[upkeep]
|-heal|p1a: Jirachi|91/100|[from] item: Leftovers
|-heal|p2a: Metagross|85/100|[from] item: Leftovers
|upkeep
|turn|21
|
|t:|1727974478
|move|p1a: Jirachi|Fire Punch|p2a: Metagross
|-supereffective|p2a: Metagross
|-damage|p2a: Metagross|52/100
|move|p2a: Metagross|Agility|p2a: Metagross
|-boost|p2a: Metagross|spe|2
|
|-weather|Sandstorm|[upkeep]
|-heal|p2a: Metagross|58/100|[from] item: Leftovers
|-heal|p1a: Jirachi|97/100|[from] item: Leftovers
|upkeep
|turn|22
|
|t:|1727974487
|switch|p1a: Zapdos|Zapdos|100/100
|move|p2a: Metagross|Earthquake|p1a: Zapdos
|-immune|p1a: Zapdos
|
|-weather|Sandstorm|[upkeep]
|-damage|p1a: Zapdos|94/100|[from] Sandstorm
|-heal|p2a: Metagross|65/100|[from] item: Leftovers
|-heal|p1a: Zapdos|100/100|[from] item: Leftovers
|upkeep
|turn|23
|
|t:|1727974497
|move|p2a: Metagross|Explosion|p1a: Zapdos
|-damage|p1a: Zapdos|0 fnt
|faint|p2a: Metagross
|faint|p1a: Zapdos
|inactive|RoninRedux has 270 seconds left.
|
|t:|1727974510
|switch|p1a: Tyranitar|Tyranitar, M, shiny|79/100
|switch|p2a: Suicune|Suicune|57/100 tox
|-damage|p2a: Suicune|45/100 tox|[from] Spikes
|
|-weather|Sandstorm|[upkeep]
|-damage|p2a: Suicune|39/100 tox|[from] Sandstorm
|-heal|p2a: Suicune|45/100 tox|[from] item: Leftovers
|-damage|p2a: Suicune|39/100 tox|[from] psn
|-heal|p1a: Tyranitar|85/100|[from] item: Leftovers
|upkeep
|turn|24
|inactive|RoninRedux has 270 seconds left.
|
|t:|1727974520
|switch|p1a: Milotic|Milotic, M, shiny|100/100
|move|p2a: Suicune|Surf|p1a: Milotic
|-resisted|p1a: Milotic
|-damage|p1a: Milotic|87/100
|
|-weather|Sandstorm|[upkeep]
|-damage|p2a: Suicune|32/100 tox|[from] Sandstorm
|-damage|p1a: Milotic|80/100|[from] Sandstorm
|-heal|p2a: Suicune|39/100 tox|[from] item: Leftovers
|-damage|p2a: Suicune|26/100 tox|[from] psn
|-heal|p1a: Milotic|87/100|[from] item: Leftovers
|upkeep
|turn|25
|inactive|RoninRedux has 270 seconds left.
|
|t:|1727974533
|switch|p2a: Snorlax|Snorlax, F|37/100
|-damage|p2a: Snorlax|25/100|[from] Spikes
|move|p1a: Milotic|Recover|p1a: Milotic
|-heal|p1a: Milotic|100/100
|
|-weather|Sandstorm|[upkeep]
|-damage|p1a: Milotic|94/100|[from] Sandstorm
|-damage|p2a: Snorlax|19/100|[from] Sandstorm
|-heal|p1a: Milotic|100/100|[from] item: Leftovers
|-heal|p2a: Snorlax|25/100|[from] item: Leftovers
|upkeep
|turn|26
|inactive|RoninRedux has 270 seconds left.
|
|t:|1727974547
|switch|p1a: Tyranitar|Tyranitar, M, shiny|85/100
|move|p2a: Snorlax|Self-Destruct|p1a: Tyranitar
|-resisted|p1a: Tyranitar
|-damage|p1a: Tyranitar|14/100
|faint|p2a: Snorlax
|
|t:|1727974570
|switch|p2a: Salamence|Salamence, F|100/100
|-ability|p2a: Salamence|Intimidate|boost
|-unboost|p1a: Tyranitar|atk|1
|
|-weather|Sandstorm|[upkeep]
|-damage|p2a: Salamence|94/100|[from] Sandstorm
|-heal|p2a: Salamence|100/100|[from] item: Leftovers
|-heal|p1a: Tyranitar|20/100|[from] item: Leftovers
|upkeep
|turn|27
|
|t:|1727974592
|switch|p1a: Milotic|Milotic, M, shiny|100/100
|move|p2a: Salamence|Dragon Dance|p2a: Salamence
|-boost|p2a: Salamence|atk|1
|-boost|p2a: Salamence|spe|1
|
|-weather|Sandstorm|[upkeep]
|-damage|p2a: Salamence|94/100|[from] Sandstorm
|-damage|p1a: Milotic|94/100|[from] Sandstorm
|-heal|p2a: Salamence|100/100|[from] item: Leftovers
|-heal|p1a: Milotic|100/100|[from] item: Leftovers
|upkeep
|turn|28
|inactive|RoninRedux has 240 seconds left.
|inactive|RoninRedux has 210 seconds left.
|
|t:|1727974649
|move|p2a: Salamence|Rock Slide|p1a: Milotic
|-damage|p1a: Milotic|69/100
|cant|p1a: Milotic|flinch
|
|-weather|Sandstorm|[upkeep]
|-damage|p2a: Salamence|94/100|[from] Sandstorm
|-damage|p1a: Milotic|63/100|[from] Sandstorm
|-heal|p2a: Salamence|100/100|[from] item: Leftovers
|-heal|p1a: Milotic|69/100|[from] item: Leftovers
|upkeep
|turn|29
|inactive|RoninRedux has 210 seconds left.
|
|t:|1727974664
|move|p2a: Salamence|Rock Slide|p1a: Milotic
|-damage|p1a: Milotic|40/100
|move|p1a: Milotic|Toxic|p2a: Salamence
|-status|p2a: Salamence|tox
|
|-weather|Sandstorm|[upkeep]
|-damage|p2a: Salamence|94/100 tox|[from] Sandstorm
|-damage|p1a: Milotic|34/100|[from] Sandstorm
|-heal|p2a: Salamence|100/100 tox|[from] item: Leftovers
|-damage|p2a: Salamence|94/100 tox|[from] psn
|-heal|p1a: Milotic|40/100|[from] item: Leftovers
|upkeep
|turn|30
|inactive|RoninRedux has 210 seconds left.
|
|t:|1727974681
|move|p2a: Salamence|Hidden Power|p1a: Milotic
|-crit|p1a: Milotic
|-damage|p1a: Milotic|0 fnt
|faint|p1a: Milotic
|
|t:|1727974686
|switch|p1a: Jirachi|Jirachi|97/100
|
|-weather|Sandstorm|[upkeep]
|-damage|p2a: Salamence|88/100 tox|[from] Sandstorm
|-heal|p2a: Salamence|94/100 tox|[from] item: Leftovers
|-damage|p2a: Salamence|82/100 tox|[from] psn
|-heal|p1a: Jirachi|100/100|[from] item: Leftovers
|upkeep
|turn|31
|
|t:|1727974707
|move|p2a: Salamence|Earthquake|p1a: Jirachi
|-supereffective|p1a: Jirachi
|-damage|p1a: Jirachi|21/100
|move|p1a: Jirachi|Body Slam|p2a: Salamence
|-crit|p2a: Salamence
|-damage|p2a: Salamence|36/100 tox
|
|-weather|Sandstorm|[upkeep]
|-damage|p2a: Salamence|30/100 tox|[from] Sandstorm
|-heal|p2a: Salamence|36/100 tox|[from] item: Leftovers
|-damage|p2a: Salamence|18/100 tox|[from] psn
|-heal|p1a: Jirachi|27/100|[from] item: Leftovers
|upkeep
|turn|32
|
|t:|1727974720
|move|p1a: Jirachi|Protect|p1a: Jirachi
|-singleturn|p1a: Jirachi|Protect
|move|p2a: Salamence|Earthquake|p1a: Jirachi
|-activate|p1a: Jirachi|Protect
|
|-weather|Sandstorm|[upkeep]
|-damage|p2a: Salamence|12/100 tox|[from] Sandstorm
|-heal|p2a: Salamence|18/100 tox|[from] item: Leftovers
|-damage|p2a: Salamence|0 fnt|[from] psn
|faint|p2a: Salamence
|-heal|p1a: Jirachi|33/100|[from] item: Leftovers
|upkeep
|
|t:|1727974731
|switch|p2a: Suicune|Suicune|26/100 tox
|-damage|p2a: Suicune|14/100 tox|[from] Spikes
|turn|33
|
|t:|1727974735
|switch|p1a: Tyranitar|Tyranitar, M, shiny|20/100
|move|p2a: Suicune|Surf|p1a: Tyranitar
|-supereffective|p1a: Tyranitar
|-damage|p1a: Tyranitar|0 fnt
|faint|p1a: Tyranitar
|
|t:|1727974739
|switch|p1a: Jirachi|Jirachi|33/100
|
|-weather|Sandstorm|[upkeep]
|-damage|p2a: Suicune|8/100 tox|[from] Sandstorm
|-heal|p1a: Jirachi|39/100|[from] item: Leftovers
|-heal|p2a: Suicune|14/100 tox|[from] item: Leftovers
|-damage|p2a: Suicune|8/100 tox|[from] psn
|upkeep
|turn|34
|
|t:|1727974748
|move|p1a: Jirachi|Protect|p1a: Jirachi
|-singleturn|p1a: Jirachi|Protect
|move|p2a: Suicune|Surf|p1a: Jirachi
|-activate|p1a: Jirachi|Protect
|
|-weather|Sandstorm|[upkeep]
|-damage|p2a: Suicune|1/100 tox|[from] Sandstorm
|-heal|p1a: Jirachi|45/100|[from] item: Leftovers
|-heal|p2a: Suicune|8/100 tox|[from] item: Leftovers
|-damage|p2a: Suicune|0 fnt|[from] psn
|faint|p2a: Suicune
|
|win|triangles
|upkeep

</script>
<script type="application/json" class="data" id="replaydata-smogtours-gen3ou-794244">
{"id":"smogtours-gen3ou-794244","format":"[Gen 3] OU","players":["triangles","RoninRedux"],"uploadtime":1727974748,"views":189,"formatid":"gen3ou","rating":null,"private":0,"password":null}
</script>

<script defer src="js/replays.js?9d40a366"></script>
