<!DOCTYPE html>
<meta charset="utf-8" />
<meta name="viewport" content="width=device-width" />

<title>[Gen 3] OU: GreenCatKid vs. SlamonBBQ - Replays - Pok&eacute;mon Showdown!</title>

<meta name="description" content="Watch a replay of a Pok&eacute;mon battle between GreenCatKid and SlamonBBQ! Format: [Gen 3] OU; Date: Oct 30, 2024" />
<!--

Hey, you! Looking in the source for the replay log?

You can find them in JSON format, just add `.json` at the end of a replay URL.

https://replay.pokemonshowdown.com/gen7randomdoublesbattle-865046831.json

Or, if you only need the log itself, add `.log` instead:

https://replay.pokemonshowdown.com/gen7randomdoublesbattle-865046831.log

-->

<link rel="stylesheet" href="//pokemonshowdown.com/style/global.css?0.023195364461161105" />
<link rel="stylesheet" href="//play.pokemonshowdown.com/style/font-awesome.css?0.13261647063804238" />
<link rel="stylesheet" href="//play.pokemonshowdown.com/style/battle.css?0.8753245789963631" />
<link rel="stylesheet" href="//play.pokemonshowdown.com/style/utilichart.css?0.8627959624976733" />

<!-- Global site tag (gtag.js) - Google Analytics -->
<script async src="https://www.googletagmanager.com/gtag/js?id=UA-26211653-1"></script>
<script>
  window.dataLayer = window.dataLayer || [];
  function gtag(){dataLayer.push(arguments);}
  gtag('js', new Date());

  gtag('config', 'UA-26211653-1');
</script>
<!-- End Google Analytics -->
<!-- Venatus Ad Manager - Install in <HEAD> of page -->
	<script src="https://hb.vntsm.com/v3/live/ad-manager.min.js" type="text/javascript" data-site-id="642aba63ec9a7b11c3c9c1be" data-mode="scan" async></script>
<!-- / Venatus Ad Manager -->

<style>
	@media (max-width:820px) {
		.battle {
			margin: 0 auto;
		}
		.battle-log {
			margin: 7px auto 0;
			max-width: 640px;
			height: 300px;
			position: static;
		}
	}
	.optgroup {
		display: inline-block;
		line-height: 22px;
		font-size: 10pt;
	}
	.optgroup .button {
		height: 25px;
		padding-top: 0;
		padding-bottom: 0;
	}
	.optgroup button.button {
		padding-left: 12px;
		padding-right: 12px;
	}
	.linklist {
		list-style: none;
		margin: 0.5em 0;
		padding: 0;
	}
	.linklist li {
		padding: 2px 0;
	}
	.sidebar {
		float: left;
		width: 320px;
	}
	.bar-wrapper {
		max-width: 1100px;
		margin: 0 auto;
	}
	.bar-wrapper.has-sidebar {
		max-width: 1430px;
	}
	.mainbar {
		margin: 0;
		padding-right: 1px;
	}
	.mainbar.has-sidebar {
		margin-left: 330px;
	}
	@media (min-width: 1511px) {
		.sidebar {
			width: 400px;
		}
		.bar-wrapper.has-sidebar {
			max-width: 1510px;
		}
		.mainbar.has-sidebar {
			margin-left: 410px;
		}
	}
	.section.first-section {
		margin-top: 9px;
	}
	.blocklink small {
		white-space: normal;
	}
	.button {
		vertical-align: middle;
	}
	.replay-controls {
		padding-top: 10px;
	}
	.replay-controls h1 {
		font-size: 16pt;
		font-weight: normal;
		color: #CCC;
	}
	.pagelink {
		text-align: center;
	}
	.pagelink a {
		width: 150px;
	}
	.textbox, .button {
		font-size: 11pt;
		vertical-align: middle;
	}
	@media (max-width: 450px) {
		.button {
			font-size: 9pt;
		}
	}
</style>

<div>

	<header>
		<div class="nav-wrapper"><ul class="nav">
			<li><a class="button nav-first" href="//pokemonshowdown.com/"><img src="//pokemonshowdown.com/images/pokemonshowdownbeta.png" srcset="//pokemonshowdown.com/images/pokemonshowdownbeta.png 1x, //pokemonshowdown.com/images/pokemonshowdownbeta@2x.png 2x" alt="Pok&eacute;mon Showdown" width="146" height="44" /> Home</a></li>
			<li><a class="button" href="//pokemonshowdown.com/dex/">Pok&eacute;dex</a></li>
			<li><a class="button cur" href="/">Replays</a></li>
			<li><a class="button" href="//pokemonshowdown.com/ladder/">Ladder</a></li>
			<li><a class="button nav-last" href="//pokemonshowdown.com/forums/">Forum</a></li>
			<li><a class="button greenbutton nav-first nav-last" href="//play.pokemonshowdown.com/">Play</a></li>
		</ul></div>
	</header>

	<div class="main" id="main">

		<noscript><section class="section">You need to enable JavaScript to use this page; sorry!</section></noscript>

	</div>

</div>

<script defer nomodule src="//play.pokemonshowdown.com/js/lib/ps-polyfill.js"></script>
<script defer src="//play.pokemonshowdown.com/js/lib/preact.min.js"></script>

<script defer src="//play.pokemonshowdown.com/config/config.js?2bddbc15"></script>
<script defer src="//play.pokemonshowdown.com/js/lib/jquery-1.11.0.min.js"></script>
<script defer src="//play.pokemonshowdown.com/js/lib/html-sanitizer-minified.js"></script>
<script defer src="//play.pokemonshowdown.com/js/battle-sound.js"></script>
<script defer src="//play.pokemonshowdown.com/js/battledata.js?0.7209276989879541"></script>
<script defer src="//play.pokemonshowdown.com/data/pokedex-mini.js?0.6111056340867951"></script>
<script defer src="//play.pokemonshowdown.com/data/pokedex-mini-bw.js?0.3532142036491459"></script>
<script defer src="//play.pokemonshowdown.com/data/graphics.js?0.24223875632456182"></script>
<script defer src="//play.pokemonshowdown.com/data/pokedex.js?0.38839984266356864"></script>
<script defer src="//play.pokemonshowdown.com/data/moves.js?0.21866028504024015"></script>
<script defer src="//play.pokemonshowdown.com/data/abilities.js?0.2005157953846628"></script>
<script defer src="//play.pokemonshowdown.com/data/items.js?0.9894211263848525"></script>
<script defer src="//play.pokemonshowdown.com/data/teambuilder-tables.js?0.6008791140282215"></script>
<script defer src="//play.pokemonshowdown.com/js/battle-tooltips.js?0.7580118955022959"></script>
<script defer src="//play.pokemonshowdown.com/js/battle.js?0.6057722274234274"></script>

<script defer src="js/utils.js?e31f9a17"></script>
<script defer src="js/replays-battle.js?7008c182"></script>

<!-- don't scrape this data! just add .json or .log after the URL!
Full API docs: https://github.com/smogon/pokemon-showdown-client/blob/master/WEB-API.md -->
<script type="text/plain" class="log" id="replaylog-smogtours-gen3ou-803487">
|inactive|Battle timer is ON: inactive players will automatically lose when time's up.
|t:|1730323519
|gametype|singles
|player|p1|GreenCatKid|fisherman-gen4|
|player|p2|SlamonBBQ|rood|
|teamsize|p1|6
|teamsize|p2|6
|gen|3
|tier|[Gen 3] OU
|rule|Sleep Clause Mod: Limit one foe put to sleep
|rule|Switch Priority Clause Mod: Faster Pokémon switch first
|rule|Species Clause: Limit one of each Pokémon
|rule|OHKO Clause: OHKO moves are banned
|rule|Evasion Items Clause: Evasion items are banned
|rule|Evasion Moves Clause: Evasion moves are banned
|rule|Endless Battle Clause: Forcing endless battles is banned
|rule|HP Percentage Mod: HP is shown in percentages
|rule|One Boost Passer Clause: Limit one Baton Passer that has a way to boost its stats
|rule|Freeze Clause Mod: Limit one foe frozen
|
|t:|1730323519
|start
|switch|p1a: Gojeera|Tyranitar, M|100/100
|switch|p2a: Milotic|Milotic, M|100/100
|-weather|Sandstorm|[from] ability: Sand Stream|[of] p1a: Gojeera
|turn|1
|inactive|GreenCatKid also wants the timer to be on.
|
|t:|1730323539
|switch|p1a: Garlic|Celebi|100/100
|move|p2a: Milotic|Hypnosis|p1a: Garlic|[miss]
|-miss|p2a: Milotic|p1a: Garlic
|
|-weather|Sandstorm|[upkeep]
|-damage|p1a: Garlic|94/100|[from] Sandstorm
|-damage|p2a: Milotic|94/100|[from] Sandstorm
|-heal|p1a: Garlic|100/100|[from] item: Leftovers
|-heal|p2a: Milotic|100/100|[from] item: Leftovers
|upkeep
|turn|2
|
|t:|1730323558
|switch|p2a: Celebi|Celebi|100/100
|move|p1a: Garlic|Giga Drain|p2a: Celebi
|-resisted|p2a: Celebi
|-damage|p2a: Celebi|88/100
|
|-weather|Sandstorm|[upkeep]
|-damage|p2a: Celebi|82/100|[from] Sandstorm
|-damage|p1a: Garlic|94/100|[from] Sandstorm
|-heal|p2a: Celebi|88/100|[from] item: Leftovers
|-heal|p1a: Garlic|100/100|[from] item: Leftovers
|upkeep
|turn|3
|
|t:|1730323578
|switch|p1a: Gojeera|Tyranitar, M|100/100
|move|p2a: Celebi|Swords Dance|p2a: Celebi
|-boost|p2a: Celebi|atk|2
|
|-weather|Sandstorm|[upkeep]
|-damage|p2a: Celebi|82/100|[from] Sandstorm
|-heal|p2a: Celebi|88/100|[from] item: Leftovers
|upkeep
|turn|4
|
|t:|1730323596
|move|p2a: Celebi|Baton Pass|p2a: Celebi
|
|t:|1730323603
|switch|p2a: Metagross|Metagross|100/100|[from] Baton Pass
|move|p1a: Gojeera|Rock Slide|p2a: Metagross
|-resisted|p2a: Metagross
|-damage|p2a: Metagross|82/100
|
|-weather|Sandstorm|[upkeep]
|-heal|p2a: Metagross|88/100|[from] item: Leftovers
|upkeep
|turn|5
|
|t:|1730323633
|move|p2a: Metagross|Meteor Mash|p1a: Gojeera
|-supereffective|p1a: Gojeera
|-damage|p1a: Gojeera|0 fnt
|faint|p1a: Gojeera
|inactive|GreenCatKid has 270 seconds left.
|
|t:|1730323670
|switch|p1a: Serious Sam 2 HD|Skarmory, M|100/100
|
|-weather|Sandstorm|[upkeep]
|-heal|p2a: Metagross|94/100|[from] item: Leftovers
|upkeep
|turn|6
|inactive|GreenCatKid has 240 seconds left.
|
|t:|1730323701
|move|p1a: Serious Sam 2 HD|Protect|p1a: Serious Sam 2 HD
|-singleturn|p1a: Serious Sam 2 HD|Protect
|move|p2a: Metagross|Meteor Mash|p1a: Serious Sam 2 HD
|-activate|p1a: Serious Sam 2 HD|Protect
|
|-weather|Sandstorm|[upkeep]
|-heal|p2a: Metagross|100/100|[from] item: Leftovers
|upkeep
|turn|7
|inactive|GreenCatKid has 210 seconds left.
|
|t:|1730323735
|move|p2a: Metagross|Meteor Mash|p1a: Serious Sam 2 HD
|-resisted|p1a: Serious Sam 2 HD
|-damage|p1a: Serious Sam 2 HD|52/100
|move|p1a: Serious Sam 2 HD|Roar|p2a: Metagross
|drag|p2a: Magneton|Magneton|100/100
|
|-weather|Sandstorm|[upkeep]
|-heal|p1a: Serious Sam 2 HD|58/100|[from] item: Leftovers
|upkeep
|turn|8
|inactive|GreenCatKid has 210 seconds left.
|
|t:|1730323746
|move|p2a: Magneton|Thunderbolt|p1a: Serious Sam 2 HD
|-supereffective|p1a: Serious Sam 2 HD
|-damage|p1a: Serious Sam 2 HD|0 fnt
|faint|p1a: Serious Sam 2 HD
|
|t:|1730323757
|switch|p1a: Dwayne|Aerodactyl, F|100/100
|
|-weather|Sandstorm|[upkeep]
|upkeep
|turn|9
|inactive|SlamonBBQ has 270 seconds left.
|
|t:|1730323799
|switch|p2a: Milotic|Milotic, M|100/100
|move|p1a: Dwayne|Earthquake|p2a: Milotic
|-damage|p2a: Milotic|68/100
|
|-weather|Sandstorm|[upkeep]
|-damage|p2a: Milotic|62/100|[from] Sandstorm
|-heal|p2a: Milotic|68/100|[from] item: Leftovers
|upkeep
|turn|10
|inactive|GreenCatKid has 180 seconds left.
|inactive|SlamonBBQ has 240 seconds left.
|
|t:|1730323864
|switch|p1a: Garlic|Celebi|100/100
|move|p2a: Milotic|Recover|p2a: Milotic
|-heal|p2a: Milotic|100/100
|
|-weather|Sandstorm|[upkeep]
|-damage|p1a: Garlic|94/100|[from] Sandstorm
|-damage|p2a: Milotic|94/100|[from] Sandstorm
|-heal|p1a: Garlic|100/100|[from] item: Leftovers
|-heal|p2a: Milotic|100/100|[from] item: Leftovers
|upkeep
|turn|11
|inactive|GreenCatKid has 150 seconds left.
|inactive|SlamonBBQ has 210 seconds left.
|inactive|SlamonBBQ has 180 seconds left.
|inactive|SlamonBBQ has 150 seconds left.
|inactive|SlamonBBQ has 120 seconds left.
|
|t:|1730323985
|switch|p1a: Skipper|Swampert, F|100/100
|switch|p2a: Snorlax|Snorlax, M|100/100
|
|-weather|Sandstorm|[upkeep]
|-damage|p2a: Snorlax|94/100|[from] Sandstorm
|-heal|p2a: Snorlax|100/100|[from] item: Leftovers
|upkeep
|turn|12
|inactive|GreenCatKid has 120 seconds left.
|inactive|SlamonBBQ has 90 seconds left.
|
|t:|1730324031
|switch|p1a: Casper|Gengar, M|100/100
|move|p2a: Snorlax|Return|p1a: Casper
|-immune|p1a: Casper
|
|-weather|Sandstorm|[upkeep]
|-damage|p1a: Casper|95/100|[from] Sandstorm
|-damage|p2a: Snorlax|94/100|[from] Sandstorm
|-heal|p1a: Casper|100/100|[from] item: Leftovers
|-heal|p2a: Snorlax|100/100|[from] item: Leftovers
|upkeep
|turn|13
|
|t:|1730324045
|move|p1a: Casper|Will-O-Wisp|p2a: Snorlax|[miss]
|-miss|p1a: Casper|p2a: Snorlax
|move|p2a: Snorlax|Shadow Ball|p1a: Casper
|-supereffective|p1a: Casper
|-damage|p1a: Casper|10/100
|
|-weather|Sandstorm|[upkeep]
|-damage|p1a: Casper|4/100|[from] Sandstorm
|-damage|p2a: Snorlax|94/100|[from] Sandstorm
|-heal|p1a: Casper|10/100|[from] item: Leftovers
|-heal|p2a: Snorlax|100/100|[from] item: Leftovers
|upkeep
|turn|14
|inactive|GreenCatKid has 120 seconds left.
|inactive|GreenCatKid has 90 seconds left.
|
|t:|1730324085
|move|p1a: Casper|Will-O-Wisp|p2a: Snorlax
|-status|p2a: Snorlax|brn
|move|p2a: Snorlax|Shadow Ball|p1a: Casper
|-supereffective|p1a: Casper
|-damage|p1a: Casper|0 fnt
|faint|p1a: Casper
|
|t:|1730324090
|switch|p1a: Skipper|Swampert, F|100/100
|
|-weather|Sandstorm|[upkeep]
|-damage|p2a: Snorlax|94/100 brn|[from] Sandstorm
|-heal|p2a: Snorlax|100/100 brn|[from] item: Leftovers
|-damage|p2a: Snorlax|88/100 brn|[from] brn
|upkeep
|turn|15
|
|t:|1730324113
|switch|p2a: Milotic|Milotic, M|100/100
|move|p1a: Skipper|Curse|p1a: Skipper
|-unboost|p1a: Skipper|spe|1
|-boost|p1a: Skipper|atk|1
|-boost|p1a: Skipper|def|1
|
|-weather|Sandstorm|[upkeep]
|-damage|p2a: Milotic|94/100|[from] Sandstorm
|-heal|p2a: Milotic|100/100|[from] item: Leftovers
|upkeep
|turn|16
|inactive|SlamonBBQ has 60 seconds left.
|
|t:|1730324145
|move|p2a: Milotic|Hypnosis|p1a: Skipper|[miss]
|-miss|p2a: Milotic|p1a: Skipper
|move|p1a: Skipper|Earthquake|p2a: Milotic
|-damage|p2a: Milotic|59/100
|
|-weather|Sandstorm|[upkeep]
|-damage|p2a: Milotic|53/100|[from] Sandstorm
|-heal|p2a: Milotic|59/100|[from] item: Leftovers
|upkeep
|turn|17
|inactive|SlamonBBQ has 30 seconds left.
|inactive|SlamonBBQ has 20 seconds left.
|
|t:|1730324183
|move|p2a: Milotic|Hypnosis|p1a: Skipper|[miss]
|-miss|p2a: Milotic|p1a: Skipper
|move|p1a: Skipper|Earthquake|p2a: Milotic
|-damage|p2a: Milotic|19/100
|
|-weather|Sandstorm|[upkeep]
|-damage|p2a: Milotic|13/100|[from] Sandstorm
|-heal|p2a: Milotic|19/100|[from] item: Leftovers
|upkeep
|turn|18
|inactive|SlamonBBQ has 30 seconds left this turn.
|inactive|SlamonBBQ has 20 seconds left.
|inactive|SlamonBBQ has 15 seconds left.
|inactive|SlamonBBQ has 10 seconds left.
|
|t:|1730324206
|move|p2a: Milotic|Hypnosis|p1a: Skipper
|-status|p1a: Skipper|slp|[from] move: Hypnosis
|cant|p1a: Skipper|slp
|
|-weather|Sandstorm|[upkeep]
|-damage|p2a: Milotic|13/100|[from] Sandstorm
|-heal|p2a: Milotic|19/100|[from] item: Leftovers
|upkeep
|turn|19
|inactive|SlamonBBQ has 20 seconds left this turn.
|inactive|SlamonBBQ has 15 seconds left.
|inactive|SlamonBBQ has 10 seconds left.
|inactive|SlamonBBQ has 5 seconds left.
|
|t:|1730324222
|switch|p2a: Snorlax|Snorlax, M|88/100 brn
|cant|p1a: Skipper|slp
|
|-weather|Sandstorm|[upkeep]
|-damage|p2a: Snorlax|82/100 brn|[from] Sandstorm
|-heal|p2a: Snorlax|88/100 brn|[from] item: Leftovers
|-damage|p2a: Snorlax|76/100 brn|[from] brn
|upkeep
|turn|20
|inactive|SlamonBBQ has 15 seconds left this turn.
|
|t:|1730324234
|move|p2a: Snorlax|Self-Destruct|p1a: Skipper
|-damage|p1a: Skipper|40/100 slp
|faint|p2a: Snorlax
|inactive|SlamonBBQ has 20 seconds left this turn.
|inactive|SlamonBBQ has 15 seconds left.
|inactive|SlamonBBQ has 10 seconds left.
|inactive|SlamonBBQ has 5 seconds left.
|
|t:|1730324252
|switch|p2a: Gyarados|Gyarados, M|100/100
|-ability|p2a: Gyarados|Intimidate|boost
|-unboost|p1a: Skipper|atk|1
|
|-weather|Sandstorm|[upkeep]
|-damage|p2a: Gyarados|94/100|[from] Sandstorm
|-heal|p2a: Gyarados|100/100|[from] item: Leftovers
|-heal|p1a: Skipper|46/100 slp|[from] item: Leftovers
|upkeep
|turn|21
|inactive|SlamonBBQ has 15 seconds left this turn.
|inactive|SlamonBBQ has 10 seconds left.
|inactive|GreenCatKid has 90 seconds left.
|
|t:|1730324300
|switch|p1a: Dwayne|Aerodactyl, F|100/100
|move|p2a: Gyarados|Dragon Dance|p2a: Gyarados
|-boost|p2a: Gyarados|atk|1
|-boost|p2a: Gyarados|spe|1
|
|-weather|Sandstorm|[upkeep]
|-damage|p2a: Gyarados|94/100|[from] Sandstorm
|-heal|p2a: Gyarados|100/100|[from] item: Leftovers
|upkeep
|turn|22
|inactive|SlamonBBQ has 20 seconds left this turn.
|
|t:|1730324314
|switch|p2a: Magneton|Magneton|100/100
|move|p1a: Dwayne|Rock Slide|p2a: Magneton
|-resisted|p2a: Magneton
|-crit|p2a: Magneton
|-damage|p2a: Magneton|40/100
|
|-weather|Sandstorm|[upkeep]
|-heal|p2a: Magneton|46/100|[from] item: Leftovers
|upkeep
|turn|23
|inactive|SlamonBBQ has 30 seconds left this turn.
|inactive|SlamonBBQ has 20 seconds left.
|inactive|SlamonBBQ has 15 seconds left.
|inactive|GreenCatKid has 60 seconds left.
|inactive|GreenCatKid has 30 seconds left.
|
|t:|1730324364
|switch|p1a: Garlic|Celebi|100/100
|switch|p2a: Milotic|Milotic, M|19/100
|
|-weather|Sandstorm|[upkeep]
|-damage|p1a: Garlic|94/100|[from] Sandstorm
|-damage|p2a: Milotic|13/100|[from] Sandstorm
|-heal|p1a: Garlic|100/100|[from] item: Leftovers
|-heal|p2a: Milotic|19/100|[from] item: Leftovers
|upkeep
|turn|24
|inactive|SlamonBBQ has 25 seconds left this turn.
|inactive|SlamonBBQ has 20 seconds left.
|inactive|GreenCatKid has 30 seconds left.
|inactive|SlamonBBQ has 15 seconds left.
|inactive|SlamonBBQ has 10 seconds left.
|
|t:|1730324389
|switch|p1a: Dwayne|Aerodactyl, F|100/100
|switch|p2a: Gyarados|Gyarados, M|100/100
|-ability|p2a: Gyarados|Intimidate|boost
|-unboost|p1a: Dwayne|atk|1
|
|-weather|Sandstorm|[upkeep]
|-damage|p2a: Gyarados|94/100|[from] Sandstorm
|-heal|p2a: Gyarados|100/100|[from] item: Leftovers
|upkeep
|turn|25
|inactive|SlamonBBQ has 20 seconds left this turn.
|inactive|GreenCatKid has 30 seconds left.
|
|t:|1730324398
|switch|p2a: Magneton|Magneton|46/100
|move|p1a: Dwayne|Rock Slide|p2a: Magneton
|-resisted|p2a: Magneton
|-damage|p2a: Magneton|26/100
|
|-weather|Sandstorm|[upkeep]
|-heal|p2a: Magneton|33/100|[from] item: Leftovers
|upkeep
|turn|26
|inactive|SlamonBBQ has 30 seconds left this turn.
|inactive|GreenCatKid has 30 seconds left.
|
|t:|1730324409
|switch|p1a: Skipper|Swampert, F|46/100 slp
|move|p2a: Magneton|Thunder Wave|p1a: Skipper
|-immune|p1a: Skipper
|
|-weather|Sandstorm|[upkeep]
|-heal|p2a: Magneton|39/100|[from] item: Leftovers
|-heal|p1a: Skipper|52/100 slp|[from] item: Leftovers
|upkeep
|turn|27
|inactive|GreenCatKid has 30 seconds left.
|
|t:|1730324419
|switch|p2a: Celebi|Celebi|88/100
|switch|p1a: Garlic|Celebi|100/100
|
|-weather|Sandstorm|[upkeep]
|-damage|p2a: Celebi|82/100|[from] Sandstorm
|-damage|p1a: Garlic|94/100|[from] Sandstorm
|-heal|p2a: Celebi|88/100|[from] item: Leftovers
|-heal|p1a: Garlic|100/100|[from] item: Leftovers
|upkeep
|turn|28
|
|t:|1730324427
|switch|p1a: Dwayne|Aerodactyl, F|100/100
|move|p2a: Celebi|Swords Dance|p2a: Celebi
|-boost|p2a: Celebi|atk|2
|
|-weather|Sandstorm|[upkeep]
|-damage|p2a: Celebi|82/100|[from] Sandstorm
|-heal|p2a: Celebi|88/100|[from] item: Leftovers
|upkeep
|turn|29
|
|t:|1730324440
|switch|p2a: Magneton|Magneton|39/100
|move|p1a: Dwayne|Hidden Power|p2a: Magneton
|-resisted|p2a: Magneton
|-damage|p2a: Magneton|17/100
|
|-weather|Sandstorm|[upkeep]
|-heal|p2a: Magneton|23/100|[from] item: Leftovers
|upkeep
|turn|30
|inactive|SlamonBBQ has 30 seconds left.
|inactive|SlamonBBQ has 20 seconds left.
|
|t:|1730324474
|move|p1a: Dwayne|Hidden Power|p2a: Magneton
|-resisted|p2a: Magneton
|-crit|p2a: Magneton
|-damage|p2a: Magneton|0 fnt
|faint|p2a: Magneton
|inactive|SlamonBBQ has 25 seconds left this turn.
|inactive|SlamonBBQ has 20 seconds left.
|
|t:|1730324482
|switch|p2a: Metagross|Metagross|100/100
|
|-weather|Sandstorm|[upkeep]
|upkeep
|turn|31
|inactive|SlamonBBQ has 30 seconds left this turn.
|inactive|SlamonBBQ has 20 seconds left.
|
|t:|1730324495
|switch|p1a: Skipper|Swampert, F|52/100 slp
|move|p2a: Metagross|Meteor Mash|p1a: Skipper
|-resisted|p1a: Skipper
|-crit|p1a: Skipper
|-damage|p1a: Skipper|0 fnt
|faint|p1a: Skipper
|inactive|SlamonBBQ has 25 seconds left this turn.
|inactive|GreenCatKid has 30 seconds left.
|
|t:|1730324525
|switch|p1a: Garlic|Celebi|100/100
|
|-weather|Sandstorm|[upkeep]
|-damage|p1a: Garlic|94/100|[from] Sandstorm
|-heal|p1a: Garlic|100/100|[from] item: Leftovers
|upkeep
|turn|32
|inactive|SlamonBBQ has 30 seconds left.
|inactive|SlamonBBQ has 20 seconds left.
|inactive|SlamonBBQ has 15 seconds left.
|
|t:|1730324546
|switch|p2a: Celebi|Celebi|88/100
|move|p1a: Garlic|Hidden Power|p2a: Celebi
|-supereffective|p2a: Celebi
|-damage|p2a: Celebi|48/100
|
|-weather|Sandstorm|[upkeep]
|-damage|p2a: Celebi|41/100|[from] Sandstorm
|-damage|p1a: Garlic|94/100|[from] Sandstorm
|-heal|p2a: Celebi|48/100|[from] item: Leftovers
|-heal|p1a: Garlic|100/100|[from] item: Leftovers
|upkeep
|turn|33
|inactive|SlamonBBQ has 25 seconds left this turn.
|inactive|SlamonBBQ has 20 seconds left.
|inactive|SlamonBBQ has 15 seconds left.
|
|t:|1730324559
|switch|p1a: Dwayne|Aerodactyl, F|100/100
|move|p2a: Celebi|Recover|p2a: Celebi
|-heal|p2a: Celebi|98/100
|
|-weather|Sandstorm|[upkeep]
|-damage|p2a: Celebi|91/100|[from] Sandstorm
|-heal|p2a: Celebi|98/100|[from] item: Leftovers
|upkeep
|turn|34
|inactive|SlamonBBQ has 25 seconds left this turn.
|inactive|SlamonBBQ has 20 seconds left.
|inactive|GreenCatKid has 30 seconds left.
|
|t:|1730324579
|switch|p2a: Milotic|Milotic, M|19/100
|move|p1a: Dwayne|Hidden Power|p2a: Milotic
|-damage|p2a: Milotic|0 fnt
|faint|p2a: Milotic
|inactive|GreenCatKid has 30 seconds left this turn.
|inactive|SlamonBBQ has 25 seconds left this turn.
|inactive|SlamonBBQ has 20 seconds left.
|inactive|SlamonBBQ has 15 seconds left.
|
|t:|1730324590
|switch|p2a: Gyarados|Gyarados, M|100/100
|-ability|p2a: Gyarados|Intimidate|boost
|-unboost|p1a: Dwayne|atk|1
|
|-weather|Sandstorm|[upkeep]
|-damage|p2a: Gyarados|94/100|[from] Sandstorm
|-heal|p2a: Gyarados|100/100|[from] item: Leftovers
|upkeep
|turn|35
|inactive|SlamonBBQ has 25 seconds left this turn.
|inactive|SlamonBBQ has 20 seconds left.
|
|t:|1730324598
|switch|p1a: Garlic|Celebi|100/100
|move|p2a: Gyarados|Dragon Dance|p2a: Gyarados
|-boost|p2a: Gyarados|atk|1
|-boost|p2a: Gyarados|spe|1
|
|-weather|Sandstorm|[upkeep]
|-damage|p2a: Gyarados|94/100|[from] Sandstorm
|-damage|p1a: Garlic|94/100|[from] Sandstorm
|-heal|p2a: Gyarados|100/100|[from] item: Leftovers
|-heal|p1a: Garlic|100/100|[from] item: Leftovers
|upkeep
|turn|36
|inactive|SlamonBBQ has 30 seconds left this turn.
|
|t:|1730324607
|move|p2a: Gyarados|Hidden Power|p1a: Garlic
|-supereffective|p1a: Garlic
|-damage|p1a: Garlic|14/100
|move|p1a: Garlic|Leech Seed|p2a: Gyarados
|-start|p2a: Gyarados|move: Leech Seed
|
|-weather|Sandstorm|[upkeep]
|-damage|p2a: Gyarados|94/100|[from] Sandstorm
|-damage|p1a: Garlic|8/100|[from] Sandstorm
|-heal|p2a: Gyarados|100/100|[from] item: Leftovers
|-damage|p2a: Gyarados|88/100|[from] Leech Seed|[of] p1a: Garlic
|-heal|p1a: Garlic|18/100|[silent]
|-heal|p1a: Garlic|24/100|[from] item: Leftovers
|upkeep
|turn|37
|
|t:|1730324615
|switch|p1a: Dwayne|Aerodactyl, F|100/100
|move|p2a: Gyarados|Hidden Power|p1a: Dwayne
|-resisted|p1a: Dwayne
|-crit|p1a: Dwayne
|-damage|p1a: Dwayne|12/100
|
|-weather|Sandstorm|[upkeep]
|-damage|p2a: Gyarados|82/100|[from] Sandstorm
|-heal|p2a: Gyarados|88/100|[from] item: Leftovers
|-damage|p2a: Gyarados|76/100|[from] Leech Seed|[of] p1a: Dwayne
|-heal|p1a: Dwayne|26/100|[silent]
|upkeep
|turn|38
|
|t:|1730324624
|move|p2a: Gyarados|Hidden Power|p1a: Dwayne
|-resisted|p1a: Dwayne
|-damage|p1a: Dwayne|0 fnt
|faint|p1a: Dwayne
|
|t:|1730324626
|switch|p1a: Garlic|Celebi|24/100
|
|-weather|Sandstorm|[upkeep]
|-damage|p2a: Gyarados|70/100|[from] Sandstorm
|-damage|p1a: Garlic|18/100|[from] Sandstorm
|-heal|p2a: Gyarados|76/100|[from] item: Leftovers
|-damage|p2a: Gyarados|63/100|[from] Leech Seed|[of] p1a: Garlic
|-heal|p1a: Garlic|28/100|[silent]
|-heal|p1a: Garlic|34/100|[from] item: Leftovers
|upkeep
|turn|39
|c|☆GreenCatKid|ggwp
|inactive|GreenCatKid has 60 seconds left.
|
|t:|1730324632
|move|p2a: Gyarados|Hidden Power|p1a: Garlic
|-supereffective|p1a: Garlic
|-damage|p1a: Garlic|0 fnt
|faint|p1a: Garlic
|
|win|SlamonBBQ
|c|☆SlamonBBQ|ggs
|c|☆SlamonBBQ|/log SlamonBBQ made the replay of this battle unlisted.

</script>
<script type="application/json" class="data" id="replaydata-smogtours-gen3ou-803487">
{"id":"smogtours-gen3ou-803487","format":"[Gen 3] OU","players":["GreenCatKid","SlamonBBQ"],"uploadtime":1730324632,"views":78,"formatid":"gen3ou","rating":null,"private":1,"password":null}
</script>

<script defer src="js/replays.js?9d40a366"></script>
