<!DOCTYPE html>
<meta charset="utf-8" />
<meta name="viewport" content="width=device-width" />

<title>[Gen 3] OU: the band pet vs. Mafx - Replays - Pok&eacute;mon Showdown!</title>

<meta name="description" content="Watch a replay of a Pok&eacute;mon battle between the band pet and Mafx! Format: [Gen 3] OU; Date: Oct 2, 2024" />
<!--

Hey, you! Looking in the source for the replay log?

You can find them in JSON format, just add `.json` at the end of a replay URL.

https://replay.pokemonshowdown.com/gen7randomdoublesbattle-865046831.json

Or, if you only need the log itself, add `.log` instead:

https://replay.pokemonshowdown.com/gen7randomdoublesbattle-865046831.log

-->

<link rel="stylesheet" href="//pokemonshowdown.com/style/global.css?0.023195364461161105" />
<link rel="stylesheet" href="//play.pokemonshowdown.com/style/font-awesome.css?0.13261647063804238" />
<link rel="stylesheet" href="//play.pokemonshowdown.com/style/battle.css?0.8753245789963631" />
<link rel="stylesheet" href="//play.pokemonshowdown.com/style/utilichart.css?0.8627959624976733" />

<!-- Global site tag (gtag.js) - Google Analytics -->
<script async src="https://www.googletagmanager.com/gtag/js?id=UA-26211653-1"></script>
<script>
  window.dataLayer = window.dataLayer || [];
  function gtag(){dataLayer.push(arguments);}
  gtag('js', new Date());

  gtag('config', 'UA-26211653-1');
</script>
<!-- End Google Analytics -->
<!-- Venatus Ad Manager - Install in <HEAD> of page -->
	<script src="https://hb.vntsm.com/v3/live/ad-manager.min.js" type="text/javascript" data-site-id="642aba63ec9a7b11c3c9c1be" data-mode="scan" async></script>
<!-- / Venatus Ad Manager -->

<style>
	@media (max-width:820px) {
		.battle {
			margin: 0 auto;
		}
		.battle-log {
			margin: 7px auto 0;
			max-width: 640px;
			height: 300px;
			position: static;
		}
	}
	.optgroup {
		display: inline-block;
		line-height: 22px;
		font-size: 10pt;
	}
	.optgroup .button {
		height: 25px;
		padding-top: 0;
		padding-bottom: 0;
	}
	.optgroup button.button {
		padding-left: 12px;
		padding-right: 12px;
	}
	.linklist {
		list-style: none;
		margin: 0.5em 0;
		padding: 0;
	}
	.linklist li {
		padding: 2px 0;
	}
	.sidebar {
		float: left;
		width: 320px;
	}
	.bar-wrapper {
		max-width: 1100px;
		margin: 0 auto;
	}
	.bar-wrapper.has-sidebar {
		max-width: 1430px;
	}
	.mainbar {
		margin: 0;
		padding-right: 1px;
	}
	.mainbar.has-sidebar {
		margin-left: 330px;
	}
	@media (min-width: 1511px) {
		.sidebar {
			width: 400px;
		}
		.bar-wrapper.has-sidebar {
			max-width: 1510px;
		}
		.mainbar.has-sidebar {
			margin-left: 410px;
		}
	}
	.section.first-section {
		margin-top: 9px;
	}
	.blocklink small {
		white-space: normal;
	}
	.button {
		vertical-align: middle;
	}
	.replay-controls {
		padding-top: 10px;
	}
	.replay-controls h1 {
		font-size: 16pt;
		font-weight: normal;
		color: #CCC;
	}
	.pagelink {
		text-align: center;
	}
	.pagelink a {
		width: 150px;
	}
	.textbox, .button {
		font-size: 11pt;
		vertical-align: middle;
	}
	@media (max-width: 450px) {
		.button {
			font-size: 9pt;
		}
	}
</style>

<div>

	<header>
		<div class="nav-wrapper"><ul class="nav">
			<li><a class="button nav-first" href="//pokemonshowdown.com/"><img src="//pokemonshowdown.com/images/pokemonshowdownbeta.png" srcset="//pokemonshowdown.com/images/pokemonshowdownbeta.png 1x, //pokemonshowdown.com/images/pokemonshowdownbeta@2x.png 2x" alt="Pok&eacute;mon Showdown" width="146" height="44" /> Home</a></li>
			<li><a class="button" href="//pokemonshowdown.com/dex/">Pok&eacute;dex</a></li>
			<li><a class="button cur" href="/">Replays</a></li>
			<li><a class="button" href="//pokemonshowdown.com/ladder/">Ladder</a></li>
			<li><a class="button nav-last" href="//pokemonshowdown.com/forums/">Forum</a></li>
			<li><a class="button greenbutton nav-first nav-last" href="//play.pokemonshowdown.com/">Play</a></li>
		</ul></div>
	</header>

	<div class="main" id="main">

		<noscript><section class="section">You need to enable JavaScript to use this page; sorry!</section></noscript>

	</div>

</div>

<script defer nomodule src="//play.pokemonshowdown.com/js/lib/ps-polyfill.js"></script>
<script defer src="//play.pokemonshowdown.com/js/lib/preact.min.js"></script>

<script defer src="//play.pokemonshowdown.com/config/config.js?2bddbc15"></script>
<script defer src="//play.pokemonshowdown.com/js/lib/jquery-1.11.0.min.js"></script>
<script defer src="//play.pokemonshowdown.com/js/lib/html-sanitizer-minified.js"></script>
<script defer src="//play.pokemonshowdown.com/js/battle-sound.js"></script>
<script defer src="//play.pokemonshowdown.com/js/battledata.js?0.7209276989879541"></script>
<script defer src="//play.pokemonshowdown.com/data/pokedex-mini.js?0.6111056340867951"></script>
<script defer src="//play.pokemonshowdown.com/data/pokedex-mini-bw.js?0.3532142036491459"></script>
<script defer src="//play.pokemonshowdown.com/data/graphics.js?0.24223875632456182"></script>
<script defer src="//play.pokemonshowdown.com/data/pokedex.js?0.38839984266356864"></script>
<script defer src="//play.pokemonshowdown.com/data/moves.js?0.21866028504024015"></script>
<script defer src="//play.pokemonshowdown.com/data/abilities.js?0.2005157953846628"></script>
<script defer src="//play.pokemonshowdown.com/data/items.js?0.9894211263848525"></script>
<script defer src="//play.pokemonshowdown.com/data/teambuilder-tables.js?0.6008791140282215"></script>
<script defer src="//play.pokemonshowdown.com/js/battle-tooltips.js?0.7580118955022959"></script>
<script defer src="//play.pokemonshowdown.com/js/battle.js?0.6057722274234274"></script>

<script defer src="js/utils.js?e31f9a17"></script>
<script defer src="js/replays-battle.js?7008c182"></script>

<!-- don't scrape this data! just add .json or .log after the URL!
Full API docs: https://github.com/smogon/pokemon-showdown-client/blob/master/WEB-API.md -->
<script type="text/plain" class="log" id="replaylog-smogtours-gen3ou-793983">
|inactive|Battle timer is ON: inactive players will automatically lose when time's up.
|t:|1727890410
|gametype|singles
|player|p1|the band pet|169|
|player|p2|Mafx|170|
|teamsize|p1|6
|teamsize|p2|6
|gen|3
|tier|[Gen 3] OU
|rule|Sleep Clause Mod: Limit one foe put to sleep
|rule|Switch Priority Clause Mod: Faster Pokémon switch first
|rule|Species Clause: Limit one of each Pokémon
|rule|OHKO Clause: OHKO moves are banned
|rule|Evasion Items Clause: Evasion items are banned
|rule|Evasion Moves Clause: Evasion moves are banned
|rule|Endless Battle Clause: Forcing endless battles is banned
|rule|HP Percentage Mod: HP is shown in percentages
|rule|One Boost Passer Clause: Limit one Baton Passer that has a way to boost its stats
|rule|Freeze Clause Mod: Limit one foe frozen
|
|t:|1727890410
|start
|switch|p1a: Tyranitar|Tyranitar, F|100/100
|switch|p2a: Zapdos|Zapdos|100/100
|-weather|Sandstorm|[from] ability: Sand Stream|[of] p1a: Tyranitar
|turn|1
|
|t:|1727890426
|move|p2a: Zapdos|Substitute|p2a: Zapdos
|-start|p2a: Zapdos|Substitute
|-damage|p2a: Zapdos|76/100
|move|p1a: Tyranitar|Substitute|p1a: Tyranitar
|-start|p1a: Tyranitar|Substitute
|-damage|p1a: Tyranitar|75/100
|
|-weather|Sandstorm|[upkeep]
|-damage|p2a: Zapdos|69/100|[from] Sandstorm
|-heal|p2a: Zapdos|76/100|[from] item: Leftovers
|-heal|p1a: Tyranitar|82/100|[from] item: Leftovers
|upkeep
|turn|2
|
|t:|1727890449
|move|p2a: Zapdos|Hidden Power|p1a: Tyranitar
|-supereffective|p1a: Tyranitar
|-end|p1a: Tyranitar|Substitute
|move|p1a: Tyranitar|Crunch|p2a: Zapdos
|-crit|p2a: Zapdos
|-end|p2a: Zapdos|Substitute
|
|-weather|Sandstorm|[upkeep]
|-damage|p2a: Zapdos|69/100|[from] Sandstorm
|-heal|p2a: Zapdos|76/100|[from] item: Leftovers
|-heal|p1a: Tyranitar|88/100|[from] item: Leftovers
|upkeep
|turn|3
|
|t:|1727890472
|move|p2a: Zapdos|Baton Pass|p2a: Zapdos
|
|t:|1727890475
|switch|p2a: Swampert|Swampert, M|100/100|[from] Baton Pass
|move|p1a: Tyranitar|Crunch|p2a: Swampert
|-damage|p2a: Swampert|67/100
|-unboost|p2a: Swampert|spd|1
|
|-weather|Sandstorm|[upkeep]
|-heal|p1a: Tyranitar|94/100|[from] item: Leftovers
|-heal|p2a: Swampert|73/100|[from] item: Leftovers
|upkeep
|turn|4
|
|t:|1727890487
|-singleturn|p2a: Swampert|move: Focus Punch
|switch|p1a: Venusaur|Venusaur, M|100/100
|move|p2a: Swampert|Focus Punch|p1a: Venusaur
|-resisted|p1a: Venusaur
|-damage|p1a: Venusaur|76/100
|
|-weather|Sandstorm|[upkeep]
|-damage|p1a: Venusaur|70/100|[from] Sandstorm
|-heal|p1a: Venusaur|76/100|[from] item: Leftovers
|-heal|p2a: Swampert|79/100|[from] item: Leftovers
|upkeep
|turn|5
|inactive|Mafx has 270 seconds left.
|
|t:|1727890518
|switch|p2a: Hariyama|Hariyama, M|100/100
|move|p1a: Venusaur|Leech Seed|p2a: Hariyama
|-start|p2a: Hariyama|move: Leech Seed
|
|-weather|Sandstorm|[upkeep]
|-damage|p1a: Venusaur|70/100|[from] Sandstorm
|-damage|p2a: Hariyama|94/100|[from] Sandstorm
|-heal|p1a: Venusaur|76/100|[from] item: Leftovers
|-heal|p2a: Hariyama|100/100|[from] item: Leftovers
|-damage|p2a: Hariyama|88/100|[from] Leech Seed|[of] p1a: Venusaur
|-heal|p1a: Venusaur|93/100|[silent]
|upkeep
|turn|6
|
|t:|1727890541
|move|p1a: Venusaur|Sleep Powder|p2a: Hariyama|[miss]
|-miss|p1a: Venusaur|p2a: Hariyama
|move|p2a: Hariyama|Cross Chop|p1a: Venusaur|[miss]
|-miss|p2a: Hariyama|p1a: Venusaur
|
|-weather|Sandstorm|[upkeep]
|-damage|p1a: Venusaur|87/100|[from] Sandstorm
|-damage|p2a: Hariyama|82/100|[from] Sandstorm
|-heal|p1a: Venusaur|93/100|[from] item: Leftovers
|-heal|p2a: Hariyama|88/100|[from] item: Leftovers
|-damage|p2a: Hariyama|76/100|[from] Leech Seed|[of] p1a: Venusaur
|-heal|p1a: Venusaur|100/100|[silent]
|upkeep
|turn|7
|inactive|Mafx has 240 seconds left.
|
|t:|1727890570
|move|p1a: Venusaur|Sleep Powder|p2a: Hariyama|[miss]
|-miss|p1a: Venusaur|p2a: Hariyama
|move|p2a: Hariyama|Cross Chop|p1a: Venusaur
|-resisted|p1a: Venusaur
|-damage|p1a: Venusaur|69/100
|
|-weather|Sandstorm|[upkeep]
|-damage|p1a: Venusaur|63/100|[from] Sandstorm
|-damage|p2a: Hariyama|70/100|[from] Sandstorm
|-heal|p1a: Venusaur|69/100|[from] item: Leftovers
|-heal|p2a: Hariyama|76/100|[from] item: Leftovers
|-damage|p2a: Hariyama|63/100|[from] Leech Seed|[of] p1a: Venusaur
|-heal|p1a: Venusaur|86/100|[silent]
|upkeep
|turn|8
|inactive|Mafx has 240 seconds left.
|
|t:|1727890591
|move|p1a: Venusaur|Sleep Powder|p2a: Hariyama
|-status|p2a: Hariyama|slp|[from] move: Sleep Powder
|cant|p2a: Hariyama|slp
|
|-weather|Sandstorm|[upkeep]
|-damage|p1a: Venusaur|80/100|[from] Sandstorm
|-damage|p2a: Hariyama|57/100 slp|[from] Sandstorm
|-heal|p1a: Venusaur|86/100|[from] item: Leftovers
|-heal|p2a: Hariyama|63/100 slp|[from] item: Leftovers
|-damage|p2a: Hariyama|51/100 slp|[from] Leech Seed|[of] p1a: Venusaur
|-heal|p1a: Venusaur|100/100|[silent]
|upkeep
|turn|9
|
|t:|1727890608
|switch|p2a: Zapdos|Zapdos|76/100
|move|p1a: Venusaur|Leech Seed|p2a: Zapdos
|-start|p2a: Zapdos|move: Leech Seed
|
|-weather|Sandstorm|[upkeep]
|-damage|p2a: Zapdos|69/100|[from] Sandstorm
|-damage|p1a: Venusaur|95/100|[from] Sandstorm
|-heal|p2a: Zapdos|76/100|[from] item: Leftovers
|-damage|p2a: Zapdos|63/100|[from] Leech Seed|[of] p1a: Venusaur
|-heal|p1a: Venusaur|100/100|[silent]
|upkeep
|turn|10
|inactive|the band pet has 270 seconds left.
|
|t:|1727890648
|switch|p2a: Hariyama|Hariyama, M|51/100 slp
|switch|p1a: Tyranitar|Tyranitar, F|94/100
|
|-weather|Sandstorm|[upkeep]
|-damage|p2a: Hariyama|45/100 slp|[from] Sandstorm
|-heal|p1a: Tyranitar|99/100|[from] item: Leftovers
|-heal|p2a: Hariyama|51/100 slp|[from] item: Leftovers
|upkeep
|turn|11
|inactive|the band pet has 270 seconds left.
|
|t:|1727890660
|move|p1a: Tyranitar|Substitute|p1a: Tyranitar
|-start|p1a: Tyranitar|Substitute
|-damage|p1a: Tyranitar|75/100
|-curestatus|p2a: Hariyama|slp|[msg]
|move|p2a: Hariyama|Cross Chop|p1a: Tyranitar|[miss]
|-miss|p2a: Hariyama|p1a: Tyranitar
|
|-weather|Sandstorm|[upkeep]
|-damage|p2a: Hariyama|45/100|[from] Sandstorm
|-heal|p1a: Tyranitar|81/100|[from] item: Leftovers
|-heal|p2a: Hariyama|51/100|[from] item: Leftovers
|upkeep
|turn|12
|inactive|the band pet has 270 seconds left.
|
|t:|1727890677
|-singleturn|p1a: Tyranitar|move: Focus Punch
|move|p2a: Hariyama|Cross Chop|p1a: Tyranitar
|-supereffective|p1a: Tyranitar
|-end|p1a: Tyranitar|Substitute
|move|p1a: Tyranitar|Focus Punch|p2a: Hariyama
|-damage|p2a: Hariyama|12/100
|
|-weather|Sandstorm|[upkeep]
|-damage|p2a: Hariyama|6/100|[from] Sandstorm
|-heal|p1a: Tyranitar|88/100|[from] item: Leftovers
|-heal|p2a: Hariyama|12/100|[from] item: Leftovers
|upkeep
|turn|13
|
|t:|1727890691
|move|p1a: Tyranitar|Crunch|p2a: Hariyama
|-resisted|p2a: Hariyama
|-damage|p2a: Hariyama|0 fnt
|faint|p2a: Hariyama
|
|t:|1727890707
|switch|p2a: Dugtrio|Dugtrio, M|100/100
|
|-weather|Sandstorm|[upkeep]
|-heal|p1a: Tyranitar|94/100|[from] item: Leftovers
|upkeep
|turn|14
|
|t:|1727890712
|move|p2a: Dugtrio|Earthquake|p1a: Tyranitar
|-supereffective|p1a: Tyranitar
|-damage|p1a: Tyranitar|8/100
|move|p1a: Tyranitar|Crunch|p2a: Dugtrio
|-damage|p2a: Dugtrio|27/100
|
|-weather|Sandstorm|[upkeep]
|-heal|p1a: Tyranitar|15/100|[from] item: Leftovers
|upkeep
|turn|15
|
|t:|1727890719
|move|p2a: Dugtrio|Earthquake|p1a: Tyranitar
|-supereffective|p1a: Tyranitar
|-crit|p1a: Tyranitar
|-damage|p1a: Tyranitar|0 fnt
|faint|p1a: Tyranitar
|
|t:|1727890722
|switch|p1a: Skarmory|Skarmory, F|100/100
|
|-weather|Sandstorm|[upkeep]
|upkeep
|turn|16
|inactive|Mafx has 240 seconds left.
|
|t:|1727890751
|switch|p2a: Zapdos|Zapdos|63/100
|move|p1a: Skarmory|Spikes|p2a: Zapdos
|-sidestart|p2: Mafx|Spikes
|
|-weather|Sandstorm|[upkeep]
|-damage|p2a: Zapdos|57/100|[from] Sandstorm
|-heal|p2a: Zapdos|63/100|[from] item: Leftovers
|upkeep
|turn|17
|inactive|the band pet has 270 seconds left.
|
|t:|1727890786
|move|p2a: Zapdos|Thunderbolt|p1a: Skarmory
|-supereffective|p1a: Skarmory
|-damage|p1a: Skarmory|0 fnt
|faint|p1a: Skarmory
|
|t:|1727890790
|switch|p1a: Venusaur|Venusaur, M|100/100
|
|-weather|Sandstorm|[upkeep]
|-damage|p2a: Zapdos|57/100|[from] Sandstorm
|-damage|p1a: Venusaur|95/100|[from] Sandstorm
|-heal|p2a: Zapdos|63/100|[from] item: Leftovers
|-heal|p1a: Venusaur|100/100|[from] item: Leftovers
|upkeep
|turn|18
|
|t:|1727890816
|move|p2a: Zapdos|Substitute|p2a: Zapdos
|-start|p2a: Zapdos|Substitute
|-damage|p2a: Zapdos|38/100
|move|p1a: Venusaur|Sleep Powder||[still]
|-fail|p1a: Venusaur
|
|-weather|Sandstorm|[upkeep]
|-damage|p2a: Zapdos|32/100|[from] Sandstorm
|-damage|p1a: Venusaur|95/100|[from] Sandstorm
|-heal|p2a: Zapdos|38/100|[from] item: Leftovers
|-heal|p1a: Venusaur|100/100|[from] item: Leftovers
|upkeep
|turn|19
|inactive|Mafx has 210 seconds left.
|
|t:|1727890832
|move|p2a: Zapdos|Baton Pass|p2a: Zapdos
|inactive|Mafx has 210 seconds left.
|
|t:|1727890857
|switch|p2a: Aerodactyl|Aerodactyl, M|100/100|[from] Baton Pass
|move|p1a: Venusaur|Giga Drain|p2a: Aerodactyl
|-end|p2a: Aerodactyl|Substitute
|
|-weather|Sandstorm|[upkeep]
|-damage|p1a: Venusaur|95/100|[from] Sandstorm
|-heal|p1a: Venusaur|100/100|[from] item: Leftovers
|upkeep
|turn|20
|
|t:|1727890879
|move|p2a: Aerodactyl|Hidden Power|p1a: Venusaur
|-supereffective|p1a: Venusaur
|-damage|p1a: Venusaur|0 fnt
|faint|p1a: Venusaur
|
|t:|1727890886
|switch|p1a: Aerodactyl|Aerodactyl, M|100/100
|
|-weather|Sandstorm|[upkeep]
|upkeep
|turn|21
|inactive|Mafx has 180 seconds left.
|
|t:|1727890911
|switch|p2a: Swampert|Swampert, M|79/100
|-damage|p2a: Swampert|67/100|[from] Spikes
|move|p1a: Aerodactyl|Double-Edge|p2a: Swampert
|-damage|p2a: Swampert|27/100
|
|-weather|Sandstorm|[upkeep]
|-heal|p2a: Swampert|34/100|[from] item: Leftovers
|upkeep
|turn|22
|inactive|Mafx has 180 seconds left.
|
|t:|1727890930
|move|p1a: Aerodactyl|Double-Edge|p2a: Swampert
|-damage|p2a: Swampert|0 fnt
|faint|p2a: Swampert
|
|t:|1727890940
|switch|p2a: Aerodactyl|Aerodactyl, M|100/100
|
|-weather|Sandstorm|[upkeep]
|upkeep
|turn|23
|inactive|Mafx has 180 seconds left.
|
|t:|1727890962
|switch|p1a: Metagross|Metagross|100/100
|move|p2a: Aerodactyl|Rock Slide|p1a: Metagross|[miss]
|-miss|p2a: Aerodactyl|p1a: Metagross
|
|-weather|Sandstorm|[upkeep]
|upkeep
|turn|24
|inactive|Mafx has 180 seconds left.
|
|t:|1727890972
|switch|p2a: Suicune|Suicune|100/100
|-damage|p2a: Suicune|88/100|[from] Spikes
|move|p1a: Metagross|Agility|p1a: Metagross
|-boost|p1a: Metagross|spe|2
|
|-weather|Sandstorm|[upkeep]
|-damage|p2a: Suicune|82/100|[from] Sandstorm
|-heal|p2a: Suicune|88/100|[from] item: Leftovers
|upkeep
|turn|25
|inactive|Mafx has 180 seconds left.
|
|t:|1727890998
|move|p1a: Metagross|Meteor Mash|p2a: Suicune
|-resisted|p2a: Suicune
|-damage|p2a: Suicune|70/100
|-boost|p1a: Metagross|atk|1
|move|p2a: Suicune|Roar|p1a: Metagross
|drag|p1a: Starmie|Starmie|100/100
|
|-weather|Sandstorm|[upkeep]
|-damage|p1a: Starmie|94/100|[from] Sandstorm
|-damage|p2a: Suicune|64/100|[from] Sandstorm
|-heal|p1a: Starmie|100/100|[from] item: Leftovers
|-heal|p2a: Suicune|70/100|[from] item: Leftovers
|upkeep
|turn|26
|
|t:|1727891022
|move|p1a: Starmie|Thunderbolt|p2a: Suicune
|-supereffective|p2a: Suicune
|-damage|p2a: Suicune|30/100
|move|p2a: Suicune|Calm Mind|p2a: Suicune
|-boost|p2a: Suicune|spa|1
|-boost|p2a: Suicune|spd|1
|
|-weather|Sandstorm|[upkeep]
|-damage|p1a: Starmie|94/100|[from] Sandstorm
|-damage|p2a: Suicune|23/100|[from] Sandstorm
|-heal|p1a: Starmie|100/100|[from] item: Leftovers
|-heal|p2a: Suicune|30/100|[from] item: Leftovers
|upkeep
|turn|27
|
|t:|1727891032
|move|p1a: Starmie|Thunderbolt|p2a: Suicune
|-supereffective|p2a: Suicune
|-damage|p2a: Suicune|2/100
|move|p2a: Suicune|Surf|p1a: Starmie
|-resisted|p1a: Starmie
|-damage|p1a: Starmie|67/100
|
|-weather|Sandstorm|[upkeep]
|-damage|p1a: Starmie|61/100|[from] Sandstorm
|-damage|p2a: Suicune|0 fnt|[from] Sandstorm
|faint|p2a: Suicune
|-heal|p1a: Starmie|67/100|[from] item: Leftovers
|upkeep
|inactive|Mafx has 150 seconds left.
|
|t:|1727891071
|switch|p2a: Dugtrio|Dugtrio, M|27/100
|-damage|p2a: Dugtrio|14/100|[from] Spikes
|turn|28
|
|t:|1727891078
|move|p2a: Dugtrio|Earthquake|p1a: Starmie
|-damage|p1a: Starmie|0 fnt
|faint|p1a: Starmie
|
|t:|1727891083
|switch|p1a: Aerodactyl|Aerodactyl, M|100/100
|
|-weather|Sandstorm|[upkeep]
|upkeep
|turn|29
|inactive|Mafx has 120 seconds left.
|
|t:|1727891135
|switch|p2a: Zapdos|Zapdos|38/100
|move|p1a: Aerodactyl|Rock Slide|p2a: Zapdos
|-supereffective|p2a: Zapdos
|-damage|p2a: Zapdos|0 fnt
|faint|p2a: Zapdos
|
|t:|1727891141
|switch|p2a: Aerodactyl|Aerodactyl, M|100/100
|
|-weather|Sandstorm|[upkeep]
|upkeep
|turn|30
|inactive|Mafx has 90 seconds left.
|inactive|the band pet has 270 seconds left.
|
|t:|1727891182
|switch|p1a: Metagross|Metagross|100/100
|move|p2a: Aerodactyl|Earthquake|p1a: Metagross
|-supereffective|p1a: Metagross
|-damage|p1a: Metagross|28/100
|
|-weather|Sandstorm|[upkeep]
|-heal|p1a: Metagross|34/100|[from] item: Leftovers
|upkeep
|turn|31
|inactive|Mafx has 60 seconds left.
|
|t:|1727891223
|switch|p1a: Aerodactyl|Aerodactyl, M|100/100
|move|p2a: Aerodactyl|Earthquake|p1a: Aerodactyl
|-immune|p1a: Aerodactyl
|
|-weather|Sandstorm|[upkeep]
|upkeep
|turn|32
|inactive|the band pet has 270 seconds left.
|
|t:|1727891232
|switch|p2a: Dugtrio|Dugtrio, M|14/100
|-damage|p2a: Dugtrio|2/100|[from] Spikes
|move|p1a: Aerodactyl|Rock Slide|p2a: Dugtrio|[miss]
|-miss|p1a: Aerodactyl|p2a: Dugtrio
|
|-weather|Sandstorm|[upkeep]
|upkeep
|turn|33
|
|t:|1727891243
|move|p1a: Aerodactyl|Rock Slide|p2a: Dugtrio
|-resisted|p2a: Dugtrio
|-damage|p2a: Dugtrio|0 fnt
|faint|p2a: Dugtrio
|
|t:|1727891248
|switch|p2a: Aerodactyl|Aerodactyl, M|100/100
|
|-weather|Sandstorm|[upkeep]
|upkeep
|turn|34
|inactive|Mafx has 60 seconds left.
|
|t:|1727891253
|move|p2a: Aerodactyl|Rock Slide|p1a: Aerodactyl
|-supereffective|p1a: Aerodactyl
|-damage|p1a: Aerodactyl|0 fnt
|faint|p1a: Aerodactyl
|
|t:|1727891256
|switch|p1a: Metagross|Metagross|34/100
|
|-weather|Sandstorm|[upkeep]
|-heal|p1a: Metagross|40/100|[from] item: Leftovers
|upkeep
|turn|35
|
|t:|1727891265
|move|p2a: Aerodactyl|Rock Slide|p1a: Metagross
|-resisted|p1a: Metagross
|-damage|p1a: Metagross|18/100
|move|p1a: Metagross|Meteor Mash|p2a: Aerodactyl
|-supereffective|p2a: Aerodactyl
|-damage|p2a: Aerodactyl|0 fnt
|-boost|p1a: Metagross|atk|1
|faint|p2a: Aerodactyl
|
|win|the band pet
|c|☆Mafx|ggs
|c|☆the band pet|gg that was close
|c|☆Mafx|yeah
|c|☆Mafx|the coinflip ahh final turns
|c|☆Mafx|good luck in your future matches bro

</script>
<script type="application/json" class="data" id="replaydata-smogtours-gen3ou-793983">
{"id":"smogtours-gen3ou-793983","format":"[Gen 3] OU","players":["the band pet","Mafx"],"uploadtime":1727891265,"views":109,"formatid":"gen3ou","rating":null,"private":0,"password":null}
</script>

<script defer src="js/replays.js?9d40a366"></script>
