<!DOCTYPE html>
<meta charset="utf-8" />
<meta name="viewport" content="width=device-width" />

<title>[Gen 3] OU: CazabichosPablo vs. Fear - Replays - Pok&eacute;mon Showdown!</title>

<meta name="description" content="Watch a replay of a Pok&eacute;mon battle between CazabichosPablo and Fear! Format: [Gen 3] OU; Date: Oct 29, 2024" />
<!--

Hey, you! Looking in the source for the replay log?

You can find them in JSON format, just add `.json` at the end of a replay URL.

https://replay.pokemonshowdown.com/gen7randomdoublesbattle-865046831.json

Or, if you only need the log itself, add `.log` instead:

https://replay.pokemonshowdown.com/gen7randomdoublesbattle-865046831.log

-->

<link rel="stylesheet" href="//pokemonshowdown.com/style/global.css?0.023195364461161105" />
<link rel="stylesheet" href="//play.pokemonshowdown.com/style/font-awesome.css?0.13261647063804238" />
<link rel="stylesheet" href="//play.pokemonshowdown.com/style/battle.css?0.8753245789963631" />
<link rel="stylesheet" href="//play.pokemonshowdown.com/style/utilichart.css?0.8627959624976733" />

<!-- Global site tag (gtag.js) - Google Analytics -->
<script async src="https://www.googletagmanager.com/gtag/js?id=UA-26211653-1"></script>
<script>
  window.dataLayer = window.dataLayer || [];
  function gtag(){dataLayer.push(arguments);}
  gtag('js', new Date());

  gtag('config', 'UA-26211653-1');
</script>
<!-- End Google Analytics -->
<!-- Venatus Ad Manager - Install in <HEAD> of page -->
	<script src="https://hb.vntsm.com/v3/live/ad-manager.min.js" type="text/javascript" data-site-id="642aba63ec9a7b11c3c9c1be" data-mode="scan" async></script>
<!-- / Venatus Ad Manager -->

<style>
	@media (max-width:820px) {
		.battle {
			margin: 0 auto;
		}
		.battle-log {
			margin: 7px auto 0;
			max-width: 640px;
			height: 300px;
			position: static;
		}
	}
	.optgroup {
		display: inline-block;
		line-height: 22px;
		font-size: 10pt;
	}
	.optgroup .button {
		height: 25px;
		padding-top: 0;
		padding-bottom: 0;
	}
	.optgroup button.button {
		padding-left: 12px;
		padding-right: 12px;
	}
	.linklist {
		list-style: none;
		margin: 0.5em 0;
		padding: 0;
	}
	.linklist li {
		padding: 2px 0;
	}
	.sidebar {
		float: left;
		width: 320px;
	}
	.bar-wrapper {
		max-width: 1100px;
		margin: 0 auto;
	}
	.bar-wrapper.has-sidebar {
		max-width: 1430px;
	}
	.mainbar {
		margin: 0;
		padding-right: 1px;
	}
	.mainbar.has-sidebar {
		margin-left: 330px;
	}
	@media (min-width: 1511px) {
		.sidebar {
			width: 400px;
		}
		.bar-wrapper.has-sidebar {
			max-width: 1510px;
		}
		.mainbar.has-sidebar {
			margin-left: 410px;
		}
	}
	.section.first-section {
		margin-top: 9px;
	}
	.blocklink small {
		white-space: normal;
	}
	.button {
		vertical-align: middle;
	}
	.replay-controls {
		padding-top: 10px;
	}
	.replay-controls h1 {
		font-size: 16pt;
		font-weight: normal;
		color: #CCC;
	}
	.pagelink {
		text-align: center;
	}
	.pagelink a {
		width: 150px;
	}
	.textbox, .button {
		font-size: 11pt;
		vertical-align: middle;
	}
	@media (max-width: 450px) {
		.button {
			font-size: 9pt;
		}
	}
</style>

<div>

	<header>
		<div class="nav-wrapper"><ul class="nav">
			<li><a class="button nav-first" href="//pokemonshowdown.com/"><img src="//pokemonshowdown.com/images/pokemonshowdownbeta.png" srcset="//pokemonshowdown.com/images/pokemonshowdownbeta.png 1x, //pokemonshowdown.com/images/pokemonshowdownbeta@2x.png 2x" alt="Pok&eacute;mon Showdown" width="146" height="44" /> Home</a></li>
			<li><a class="button" href="//pokemonshowdown.com/dex/">Pok&eacute;dex</a></li>
			<li><a class="button cur" href="/">Replays</a></li>
			<li><a class="button" href="//pokemonshowdown.com/ladder/">Ladder</a></li>
			<li><a class="button nav-last" href="//pokemonshowdown.com/forums/">Forum</a></li>
			<li><a class="button greenbutton nav-first nav-last" href="//play.pokemonshowdown.com/">Play</a></li>
		</ul></div>
	</header>

	<div class="main" id="main">

		<noscript><section class="section">You need to enable JavaScript to use this page; sorry!</section></noscript>

	</div>

</div>

<script defer nomodule src="//play.pokemonshowdown.com/js/lib/ps-polyfill.js"></script>
<script defer src="//play.pokemonshowdown.com/js/lib/preact.min.js"></script>

<script defer src="//play.pokemonshowdown.com/config/config.js?2bddbc15"></script>
<script defer src="//play.pokemonshowdown.com/js/lib/jquery-1.11.0.min.js"></script>
<script defer src="//play.pokemonshowdown.com/js/lib/html-sanitizer-minified.js"></script>
<script defer src="//play.pokemonshowdown.com/js/battle-sound.js"></script>
<script defer src="//play.pokemonshowdown.com/js/battledata.js?0.7209276989879541"></script>
<script defer src="//play.pokemonshowdown.com/data/pokedex-mini.js?0.6111056340867951"></script>
<script defer src="//play.pokemonshowdown.com/data/pokedex-mini-bw.js?0.3532142036491459"></script>
<script defer src="//play.pokemonshowdown.com/data/graphics.js?0.24223875632456182"></script>
<script defer src="//play.pokemonshowdown.com/data/pokedex.js?0.38839984266356864"></script>
<script defer src="//play.pokemonshowdown.com/data/moves.js?0.21866028504024015"></script>
<script defer src="//play.pokemonshowdown.com/data/abilities.js?0.2005157953846628"></script>
<script defer src="//play.pokemonshowdown.com/data/items.js?0.9894211263848525"></script>
<script defer src="//play.pokemonshowdown.com/data/teambuilder-tables.js?0.6008791140282215"></script>
<script defer src="//play.pokemonshowdown.com/js/battle-tooltips.js?0.7580118955022959"></script>
<script defer src="//play.pokemonshowdown.com/js/battle.js?0.6057722274234274"></script>

<script defer src="js/utils.js?e31f9a17"></script>
<script defer src="js/replays-battle.js?7008c182"></script>

<!-- don't scrape this data! just add .json or .log after the URL!
Full API docs: https://github.com/smogon/pokemon-showdown-client/blob/master/WEB-API.md -->
<script type="text/plain" class="log" id="replaylog-smogtours-gen3ou-803287">
|inactive|Battle timer is ON: inactive players will automatically lose when time's up.
|t:|1730232125
|gametype|singles
|player|p1|CazabichosPablo|265|
|player|p2|Fear|#gscpl3ironmanmachamps|
|teamsize|p1|6
|teamsize|p2|6
|gen|3
|tier|[Gen 3] OU
|rule|Sleep Clause Mod: Limit one foe put to sleep
|rule|Switch Priority Clause Mod: Faster Pokémon switch first
|rule|Species Clause: Limit one of each Pokémon
|rule|OHKO Clause: OHKO moves are banned
|rule|Evasion Items Clause: Evasion items are banned
|rule|Evasion Moves Clause: Evasion moves are banned
|rule|Endless Battle Clause: Forcing endless battles is banned
|rule|HP Percentage Mod: HP is shown in percentages
|rule|One Boost Passer Clause: Limit one Baton Passer that has a way to boost its stats
|rule|Freeze Clause Mod: Limit one foe frozen
|
|t:|1730232125
|start
|switch|p1a: Salamence|Salamence, F|100/100
|switch|p2a: Raksas|Zapdos|100/100
|-ability|p1a: Salamence|Intimidate|boost
|-unboost|p2a: Raksas|atk|1
|turn|1
|c|☆CazabichosPablo|glhf
|inactive|Fear has 270 seconds left.
|inactive|Fear has 240 seconds left.
|
|t:|1730232194
|switch|p1a: Snorlax|Snorlax, F|100/100
|switch|p2a: Serpico|Breloom, F, shiny|100/100
|
|upkeep
|turn|2
|
|t:|1730232209
|move|p2a: Serpico|Spore|p1a: Snorlax
|-status|p1a: Snorlax|slp|[from] move: Spore
|cant|p1a: Snorlax|slp
|move|p1a: Snorlax|Sleep Talk|p1a: Snorlax
|move|p1a: Snorlax|Curse|p1a: Snorlax|[from]Sleep Talk
|-unboost|p1a: Snorlax|spe|1
|-boost|p1a: Snorlax|atk|1
|-boost|p1a: Snorlax|def|1
|
|upkeep
|turn|3
|
|t:|1730232215
|move|p2a: Serpico|Sky Uppercut|p1a: Snorlax
|-supereffective|p1a: Snorlax
|-damage|p1a: Snorlax|46/100 slp
|-curestatus|p1a: Snorlax|slp|[msg]
|move|p1a: Snorlax|Sleep Talk|p1a: Snorlax
|
|-heal|p1a: Snorlax|52/100|[from] item: Leftovers
|upkeep
|turn|4
|
|t:|1730232234
|switch|p1a: Magneton|Magneton|100/100
|move|p2a: Serpico|Spore|p1a: Magneton
|-status|p1a: Magneton|slp|[from] move: Spore
|
|upkeep
|turn|5
|
|t:|1730232244
|switch|p2a: Gaiseric|Gyarados, F|100/100
|-ability|p2a: Gaiseric|Intimidate|boost
|-unboost|p1a: Magneton|atk|1
|switch|p1a: Salamence|Salamence, F|100/100
|-ability|p1a: Salamence|Intimidate|boost
|-unboost|p2a: Gaiseric|atk|1
|
|upkeep
|turn|6
|
|t:|1730232250
|move|p1a: Salamence|Rock Slide|p2a: Gaiseric
|-supereffective|p2a: Gaiseric
|-damage|p2a: Gaiseric|0 fnt
|faint|p2a: Gaiseric
|
|t:|1730232258
|switch|p2a: Isidro|Jirachi|100/100
|
|upkeep
|turn|7
|
|t:|1730232267
|switch|p1a: Tyranitar|Tyranitar, F|100/100
|-weather|Sandstorm|[from] ability: Sand Stream|[of] p1a: Tyranitar
|move|p2a: Isidro|Calm Mind|p2a: Isidro
|-boost|p2a: Isidro|spa|1
|-boost|p2a: Isidro|spd|1
|
|-weather|Sandstorm|[upkeep]
|upkeep
|turn|8
|
|t:|1730232273
|move|p2a: Isidro|Hidden Power|p1a: Tyranitar
|-supereffective|p1a: Tyranitar
|-damage|p1a: Tyranitar|55/100
|move|p1a: Tyranitar|Flamethrower|p2a: Isidro
|-supereffective|p2a: Isidro
|-damage|p2a: Isidro|65/100
|
|-weather|Sandstorm|[upkeep]
|-heal|p2a: Isidro|71/100|[from] item: Leftovers
|upkeep
|turn|9
|
|t:|1730232281
|move|p2a: Isidro|Hidden Power|p1a: Tyranitar
|-supereffective|p1a: Tyranitar
|-damage|p1a: Tyranitar|7/100
|move|p1a: Tyranitar|Flamethrower|p2a: Isidro
|-supereffective|p2a: Isidro
|-damage|p2a: Isidro|38/100
|
|-weather|Sandstorm|[upkeep]
|-heal|p2a: Isidro|44/100|[from] item: Leftovers
|upkeep
|turn|10
|
|t:|1730232286
|move|p2a: Isidro|Fire Punch|p1a: Tyranitar
|-resisted|p1a: Tyranitar
|-damage|p1a: Tyranitar|0 fnt
|faint|p1a: Tyranitar
|
|t:|1730232287
|switch|p1a: Flygon|Flygon, M|100/100
|
|-weather|Sandstorm|[upkeep]
|-heal|p2a: Isidro|51/100|[from] item: Leftovers
|upkeep
|turn|11
|
|t:|1730232294
|switch|p2a: Borkoff|Claydol|100/100
|move|p1a: Flygon|Substitute|p1a: Flygon
|-start|p1a: Flygon|Substitute
|-damage|p1a: Flygon|76/100
|
|-weather|Sandstorm|[upkeep]
|-heal|p1a: Flygon|82/100|[from] item: Leftovers
|upkeep
|turn|12
|
|t:|1730232298
|move|p1a: Flygon|Hidden Power|p2a: Borkoff
|-supereffective|p2a: Borkoff
|-damage|p2a: Borkoff|52/100
|move|p2a: Borkoff|Shadow Ball|p1a: Flygon
|-end|p1a: Flygon|Substitute
|
|-weather|Sandstorm|[upkeep]
|-heal|p1a: Flygon|88/100|[from] item: Leftovers
|-heal|p2a: Borkoff|58/100|[from] item: Leftovers
|upkeep
|turn|13
|
|t:|1730232304
|switch|p1a: Forretress|Forretress, M|100/100
|switch|p2a: Wyald|Swampert, F|100/100
|
|-weather|Sandstorm|[upkeep]
|upkeep
|turn|14
|
|t:|1730232308
|switch|p2a: Isidro|Jirachi|51/100
|move|p1a: Forretress|Spikes|p2a: Isidro
|-sidestart|p2: Fear|Spikes
|
|-weather|Sandstorm|[upkeep]
|-heal|p2a: Isidro|57/100|[from] item: Leftovers
|upkeep
|turn|15
|
|t:|1730232317
|switch|p1a: Flygon|Flygon, M|88/100
|move|p2a: Isidro|Fire Punch|p1a: Flygon
|-resisted|p1a: Flygon
|-damage|p1a: Flygon|74/100
|
|-weather|Sandstorm|[upkeep]
|-heal|p1a: Flygon|80/100|[from] item: Leftovers
|-heal|p2a: Isidro|63/100|[from] item: Leftovers
|upkeep
|turn|16
|
|t:|1730232326
|switch|p2a: Wyald|Swampert, F|100/100
|-damage|p2a: Wyald|88/100|[from] Spikes
|move|p1a: Flygon|Substitute|p1a: Flygon
|-start|p1a: Flygon|Substitute
|-damage|p1a: Flygon|55/100
|
|-weather|Sandstorm|[upkeep]
|-heal|p1a: Flygon|61/100|[from] item: Leftovers
|-heal|p2a: Wyald|94/100|[from] item: Leftovers
|upkeep
|turn|17
|
|t:|1730232329
|move|p1a: Flygon|Earthquake|p2a: Wyald
|-damage|p2a: Wyald|64/100
|move|p2a: Wyald|Surf|p1a: Flygon
|-end|p1a: Flygon|Substitute
|
|-weather|Sandstorm|[upkeep]
|-heal|p1a: Flygon|67/100|[from] item: Leftovers
|-heal|p2a: Wyald|70/100|[from] item: Leftovers
|upkeep
|turn|18
|
|t:|1730232334
|switch|p1a: Forretress|Forretress, M|100/100
|move|p2a: Wyald|Surf|p1a: Forretress
|-damage|p1a: Forretress|73/100
|
|-weather|Sandstorm|[upkeep]
|-heal|p2a: Wyald|77/100|[from] item: Leftovers
|-heal|p1a: Forretress|79/100|[from] item: Leftovers
|upkeep
|turn|19
|
|t:|1730232339
|move|p2a: Wyald|Surf|p1a: Forretress
|-damage|p1a: Forretress|50/100
|move|p1a: Forretress|Earthquake|p2a: Wyald
|-damage|p2a: Wyald|62/100
|
|-weather|Sandstorm|[upkeep]
|-heal|p2a: Wyald|68/100|[from] item: Leftovers
|-heal|p1a: Forretress|57/100|[from] item: Leftovers
|upkeep
|turn|20
|
|t:|1730232344
|switch|p1a: Snorlax|Snorlax, F|52/100
|move|p2a: Wyald|Surf|p1a: Snorlax
|-damage|p1a: Snorlax|36/100
|
|-weather|Sandstorm|[upkeep]
|-damage|p1a: Snorlax|30/100|[from] Sandstorm
|-heal|p2a: Wyald|74/100|[from] item: Leftovers
|-heal|p1a: Snorlax|36/100|[from] item: Leftovers
|upkeep
|turn|21
|
|t:|1730232350
|switch|p2a: Borkoff|Claydol|58/100
|move|p1a: Snorlax|Rest|p1a: Snorlax
|-status|p1a: Snorlax|slp|[from] move: Rest
|-heal|p1a: Snorlax|100/100 slp|[silent]
|
|-weather|Sandstorm|[upkeep]
|-damage|p1a: Snorlax|94/100 slp|[from] Sandstorm
|-heal|p2a: Borkoff|64/100|[from] item: Leftovers
|-heal|p1a: Snorlax|100/100 slp|[from] item: Leftovers
|upkeep
|turn|22
|
|t:|1730232353
|move|p2a: Borkoff|Rapid Spin|p1a: Snorlax
|-damage|p1a: Snorlax|96/100 slp
|-sideend|p2: Fear|Spikes|[from] move: Rapid Spin|[of] p2a: Borkoff
|cant|p1a: Snorlax|slp
|move|p1a: Snorlax|Sleep Talk|p1a: Snorlax
|move|p1a: Snorlax|Rest|p1a: Snorlax|[from]Sleep Talk
|
|-weather|Sandstorm|[upkeep]
|-damage|p1a: Snorlax|90/100 slp|[from] Sandstorm
|-heal|p2a: Borkoff|71/100|[from] item: Leftovers
|-heal|p1a: Snorlax|96/100 slp|[from] item: Leftovers
|upkeep
|turn|23
|
|t:|1730232359
|switch|p1a: Forretress|Forretress, M|57/100
|move|p2a: Borkoff|Earthquake|p1a: Forretress
|-damage|p1a: Forretress|31/100
|
|-weather|Sandstorm|[upkeep]
|-heal|p2a: Borkoff|77/100|[from] item: Leftovers
|-heal|p1a: Forretress|38/100|[from] item: Leftovers
|upkeep
|turn|24
|
|t:|1730232364
|switch|p1a: Salamence|Salamence, F|100/100
|-ability|p1a: Salamence|Intimidate|boost
|-unboost|p2a: Borkoff|atk|1
|move|p2a: Borkoff|Earthquake|p1a: Salamence
|-immune|p1a: Salamence
|
|-weather|Sandstorm|[upkeep]
|-damage|p1a: Salamence|94/100|[from] Sandstorm
|-heal|p2a: Borkoff|83/100|[from] item: Leftovers
|upkeep
|turn|25
|
|t:|1730232369
|switch|p2a: Wyald|Swampert, F|74/100
|move|p1a: Salamence|Hidden Power|p2a: Wyald
|-damage|p2a: Wyald|33/100
|
|-weather|Sandstorm|[upkeep]
|-damage|p1a: Salamence|88/100|[from] Sandstorm
|-heal|p2a: Wyald|39/100|[from] item: Leftovers
|upkeep
|turn|26
|
|t:|1730232378
|switch|p1a: Flygon|Flygon, M|67/100
|move|p2a: Wyald|Protect||[still]
|-fail|p2a: Wyald
|
|-weather|Sandstorm|[upkeep]
|-heal|p1a: Flygon|73/100|[from] item: Leftovers
|-heal|p2a: Wyald|45/100|[from] item: Leftovers
|upkeep
|turn|27
|
|t:|1730232384
|switch|p1a: Snorlax|Snorlax, F|96/100 slp
|move|p2a: Wyald|Toxic|p1a: Snorlax|[miss]
|-miss|p2a: Wyald|p1a: Snorlax
|
|-weather|Sandstorm|[upkeep]
|-damage|p1a: Snorlax|90/100 slp|[from] Sandstorm
|-heal|p2a: Wyald|51/100|[from] item: Leftovers
|-heal|p1a: Snorlax|96/100 slp|[from] item: Leftovers
|upkeep
|turn|28
|
|t:|1730232389
|switch|p2a: Borkoff|Claydol|83/100
|cant|p1a: Snorlax|slp
|move|p1a: Snorlax|Sleep Talk|p1a: Snorlax
|move|p1a: Snorlax|Rest|p1a: Snorlax|[from]Sleep Talk
|
|-weather|Sandstorm|[upkeep]
|-damage|p1a: Snorlax|90/100 slp|[from] Sandstorm
|-heal|p2a: Borkoff|89/100|[from] item: Leftovers
|-heal|p1a: Snorlax|96/100 slp|[from] item: Leftovers
|upkeep
|turn|29
|
|t:|1730232393
|move|p2a: Borkoff|Earthquake|p1a: Snorlax
|-damage|p1a: Snorlax|66/100 slp
|cant|p1a: Snorlax|slp
|move|p1a: Snorlax|Sleep Talk|p1a: Snorlax
|move|p1a: Snorlax|Curse|p1a: Snorlax|[from]Sleep Talk
|-unboost|p1a: Snorlax|spe|1
|-boost|p1a: Snorlax|atk|1
|-boost|p1a: Snorlax|def|1
|
|-weather|Sandstorm|[upkeep]
|-damage|p1a: Snorlax|60/100 slp|[from] Sandstorm
|-heal|p2a: Borkoff|95/100|[from] item: Leftovers
|-heal|p1a: Snorlax|66/100 slp|[from] item: Leftovers
|upkeep
|turn|30
|
|t:|1730232400
|switch|p1a: Magneton|Magneton|100/100 slp
|move|p2a: Borkoff|Explosion|p1a: Magneton
|-resisted|p1a: Magneton
|-damage|p1a: Magneton|5/100 slp
|faint|p2a: Borkoff
|
|t:|1730232413
|switch|p2a: Isidro|Jirachi|63/100
|
|-weather|Sandstorm|[upkeep]
|-heal|p2a: Isidro|69/100|[from] item: Leftovers
|upkeep
|turn|31
|
|t:|1730232416
|switch|p1a: Flygon|Flygon, M|73/100
|move|p2a: Isidro|Calm Mind|p2a: Isidro
|-boost|p2a: Isidro|spa|1
|-boost|p2a: Isidro|spd|1
|
|-weather|Sandstorm|[upkeep]
|-heal|p1a: Flygon|79/100|[from] item: Leftovers
|-heal|p2a: Isidro|75/100|[from] item: Leftovers
|upkeep
|turn|32
|
|t:|1730232420
|move|p1a: Flygon|Earthquake|p2a: Isidro
|-supereffective|p2a: Isidro
|-damage|p2a: Isidro|0 fnt
|faint|p2a: Isidro
|
|t:|1730232424
|switch|p2a: Serpico|Breloom, F, shiny|100/100
|
|-weather|Sandstorm|[upkeep]
|-damage|p2a: Serpico|94/100|[from] Sandstorm
|-heal|p1a: Flygon|85/100|[from] item: Leftovers
|-heal|p2a: Serpico|100/100|[from] item: Leftovers
|upkeep
|turn|33
|
|t:|1730232429
|switch|p1a: Salamence|Salamence, F|88/100
|-ability|p1a: Salamence|Intimidate|boost
|-unboost|p2a: Serpico|atk|1
|move|p2a: Serpico|Sky Uppercut|p1a: Salamence
|-resisted|p1a: Salamence
|-damage|p1a: Salamence|70/100
|
|-weather|Sandstorm|[upkeep]
|-damage|p1a: Salamence|64/100|[from] Sandstorm
|-damage|p2a: Serpico|94/100|[from] Sandstorm
|-heal|p2a: Serpico|100/100|[from] item: Leftovers
|upkeep
|turn|34
|
|t:|1730232436
|switch|p2a: Raksas|Zapdos|100/100
|move|p1a: Salamence|Hidden Power|p2a: Raksas
|-resisted|p2a: Raksas
|-damage|p2a: Raksas|63/100
|
|-weather|Sandstorm|[upkeep]
|-damage|p1a: Salamence|58/100|[from] Sandstorm
|-damage|p2a: Raksas|57/100|[from] Sandstorm
|upkeep
|turn|35
|
|t:|1730232454
|switch|p1a: Snorlax|Snorlax, F|66/100 slp
|move|p2a: Raksas|Drill Peck|p1a: Snorlax
|-damage|p1a: Snorlax|24/100 slp
|
|-weather|Sandstorm|[upkeep]
|-damage|p2a: Raksas|51/100|[from] Sandstorm
|-damage|p1a: Snorlax|17/100 slp|[from] Sandstorm
|-heal|p1a: Snorlax|24/100 slp|[from] item: Leftovers
|upkeep
|turn|36
|
|t:|1730232471
|move|p2a: Raksas|Drill Peck|p1a: Snorlax
|-damage|p1a: Snorlax|0 fnt
|faint|p1a: Snorlax
|
|t:|1730232472
|switch|p1a: Salamence|Salamence, F|58/100
|-ability|p1a: Salamence|Intimidate|boost
|-unboost|p2a: Raksas|atk|1
|
|-weather|Sandstorm|[upkeep]
|-damage|p1a: Salamence|52/100|[from] Sandstorm
|-damage|p2a: Raksas|45/100|[from] Sandstorm
|upkeep
|turn|37
|
|t:|1730232481
|switch|p2a: Serpico|Breloom, F, shiny|100/100
|move|p1a: Salamence|Hidden Power|p2a: Serpico
|-supereffective|p2a: Serpico
|-damage|p2a: Serpico|0 fnt
|faint|p2a: Serpico
|
|t:|1730232486
|switch|p2a: Wyald|Swampert, F|51/100
|
|-weather|Sandstorm|[upkeep]
|-damage|p1a: Salamence|46/100|[from] Sandstorm
|-heal|p2a: Wyald|57/100|[from] item: Leftovers
|upkeep
|turn|38
|
|t:|1730232496
|move|p1a: Salamence|Hidden Power|p2a: Wyald
|-damage|p2a: Wyald|20/100
|move|p2a: Wyald|Surf|p1a: Salamence
|-resisted|p1a: Salamence
|-damage|p1a: Salamence|18/100
|
|-weather|Sandstorm|[upkeep]
|-damage|p1a: Salamence|12/100|[from] Sandstorm
|-heal|p2a: Wyald|26/100|[from] item: Leftovers
|upkeep
|turn|39
|
|t:|1730232499
|move|p2a: Wyald|Protect|p2a: Wyald
|-singleturn|p2a: Wyald|Protect
|move|p1a: Salamence|Hidden Power|p2a: Wyald
|-activate|p2a: Wyald|Protect
|
|-weather|Sandstorm|[upkeep]
|-damage|p1a: Salamence|6/100|[from] Sandstorm
|-heal|p2a: Wyald|33/100|[from] item: Leftovers
|upkeep
|turn|40
|
|t:|1730232501
|switch|p2a: Raksas|Zapdos|45/100
|move|p1a: Salamence|Hidden Power|p2a: Raksas
|-resisted|p2a: Raksas
|-damage|p2a: Raksas|8/100
|
|-weather|Sandstorm|[upkeep]
|-damage|p1a: Salamence|0 fnt|[from] Sandstorm
|-damage|p2a: Raksas|2/100|[from] Sandstorm
|faint|p1a: Salamence
|upkeep
|
|t:|1730232504
|switch|p1a: Flygon|Flygon, M|85/100
|turn|41
|
|t:|1730232522
|move|p1a: Flygon|Hidden Power|p2a: Raksas
|-resisted|p2a: Raksas
|-damage|p2a: Raksas|0 fnt
|faint|p2a: Raksas
|
|t:|1730232524
|switch|p2a: Wyald|Swampert, F|33/100
|
|-weather|Sandstorm|[upkeep]
|-heal|p1a: Flygon|91/100|[from] item: Leftovers
|-heal|p2a: Wyald|39/100|[from] item: Leftovers
|upkeep
|turn|42
|
|t:|1730232533
|move|p2a: Wyald|Protect|p2a: Wyald
|-singleturn|p2a: Wyald|Protect
|move|p1a: Flygon|Earthquake|p2a: Wyald
|-activate|p2a: Wyald|Protect
|
|-weather|Sandstorm|[upkeep]
|-heal|p1a: Flygon|97/100|[from] item: Leftovers
|-heal|p2a: Wyald|45/100|[from] item: Leftovers
|upkeep
|turn|43
|
|t:|1730232536
|move|p1a: Flygon|Earthquake|p2a: Wyald
|-damage|p2a: Wyald|16/100
|move|p2a: Wyald|Toxic|p1a: Flygon
|-status|p1a: Flygon|tox
|
|-weather|Sandstorm|[upkeep]
|-heal|p1a: Flygon|100/100 tox|[from] item: Leftovers
|-damage|p1a: Flygon|95/100 tox|[from] psn
|-heal|p2a: Wyald|22/100|[from] item: Leftovers
|upkeep
|turn|44
|
|t:|1730232541
|move|p2a: Wyald|Protect|p2a: Wyald
|-singleturn|p2a: Wyald|Protect
|move|p1a: Flygon|Earthquake|p2a: Wyald
|-activate|p2a: Wyald|Protect
|
|-weather|Sandstorm|[upkeep]
|-heal|p1a: Flygon|100/100 tox|[from] item: Leftovers
|-damage|p1a: Flygon|89/100 tox|[from] psn
|-heal|p2a: Wyald|28/100|[from] item: Leftovers
|upkeep
|turn|45
|
|t:|1730232545
|move|p1a: Flygon|Earthquake|p2a: Wyald
|-damage|p2a: Wyald|0 fnt
|faint|p2a: Wyald
|
|win|CazabichosPablo
|c|☆CazabichosPablo|gg
|c|☆Fear|gg

</script>
<script type="application/json" class="data" id="replaydata-smogtours-gen3ou-803287">
{"id":"smogtours-gen3ou-803287","format":"[Gen 3] OU","players":["CazabichosPablo","Fear"],"uploadtime":1730232545,"views":116,"formatid":"gen3ou","rating":null,"private":0,"password":null}
</script>

<script defer src="js/replays.js?9d40a366"></script>
