<!DOCTYPE html>
<meta charset="utf-8" />
<meta name="viewport" content="width=device-width" />

<title>[Gen 3] OU: clarissen vs. pokology2 - Replays - Pok&eacute;mon Showdown!</title>

<meta name="description" content="Watch a replay of a Pok&eacute;mon battle between clarissen and pokology2! Format: [Gen 3] OU; Date: Oct 19, 2024" />
<!--

Hey, you! Looking in the source for the replay log?

You can find them in JSON format, just add `.json` at the end of a replay URL.

https://replay.pokemonshowdown.com/gen7randomdoublesbattle-865046831.json

Or, if you only need the log itself, add `.log` instead:

https://replay.pokemonshowdown.com/gen7randomdoublesbattle-865046831.log

-->

<link rel="stylesheet" href="//pokemonshowdown.com/style/global.css?0.023195364461161105" />
<link rel="stylesheet" href="//play.pokemonshowdown.com/style/font-awesome.css?0.13261647063804238" />
<link rel="stylesheet" href="//play.pokemonshowdown.com/style/battle.css?0.8753245789963631" />
<link rel="stylesheet" href="//play.pokemonshowdown.com/style/utilichart.css?0.8627959624976733" />

<!-- Global site tag (gtag.js) - Google Analytics -->
<script async src="https://www.googletagmanager.com/gtag/js?id=UA-26211653-1"></script>
<script>
  window.dataLayer = window.dataLayer || [];
  function gtag(){dataLayer.push(arguments);}
  gtag('js', new Date());

  gtag('config', 'UA-26211653-1');
</script>
<!-- End Google Analytics -->
<!-- Venatus Ad Manager - Install in <HEAD> of page -->
	<script src="https://hb.vntsm.com/v3/live/ad-manager.min.js" type="text/javascript" data-site-id="642aba63ec9a7b11c3c9c1be" data-mode="scan" async></script>
<!-- / Venatus Ad Manager -->

<style>
	@media (max-width:820px) {
		.battle {
			margin: 0 auto;
		}
		.battle-log {
			margin: 7px auto 0;
			max-width: 640px;
			height: 300px;
			position: static;
		}
	}
	.optgroup {
		display: inline-block;
		line-height: 22px;
		font-size: 10pt;
	}
	.optgroup .button {
		height: 25px;
		padding-top: 0;
		padding-bottom: 0;
	}
	.optgroup button.button {
		padding-left: 12px;
		padding-right: 12px;
	}
	.linklist {
		list-style: none;
		margin: 0.5em 0;
		padding: 0;
	}
	.linklist li {
		padding: 2px 0;
	}
	.sidebar {
		float: left;
		width: 320px;
	}
	.bar-wrapper {
		max-width: 1100px;
		margin: 0 auto;
	}
	.bar-wrapper.has-sidebar {
		max-width: 1430px;
	}
	.mainbar {
		margin: 0;
		padding-right: 1px;
	}
	.mainbar.has-sidebar {
		margin-left: 330px;
	}
	@media (min-width: 1511px) {
		.sidebar {
			width: 400px;
		}
		.bar-wrapper.has-sidebar {
			max-width: 1510px;
		}
		.mainbar.has-sidebar {
			margin-left: 410px;
		}
	}
	.section.first-section {
		margin-top: 9px;
	}
	.blocklink small {
		white-space: normal;
	}
	.button {
		vertical-align: middle;
	}
	.replay-controls {
		padding-top: 10px;
	}
	.replay-controls h1 {
		font-size: 16pt;
		font-weight: normal;
		color: #CCC;
	}
	.pagelink {
		text-align: center;
	}
	.pagelink a {
		width: 150px;
	}
	.textbox, .button {
		font-size: 11pt;
		vertical-align: middle;
	}
	@media (max-width: 450px) {
		.button {
			font-size: 9pt;
		}
	}
</style>

<div>

	<header>
		<div class="nav-wrapper"><ul class="nav">
			<li><a class="button nav-first" href="//pokemonshowdown.com/"><img src="//pokemonshowdown.com/images/pokemonshowdownbeta.png" srcset="//pokemonshowdown.com/images/pokemonshowdownbeta.png 1x, //pokemonshowdown.com/images/pokemonshowdownbeta@2x.png 2x" alt="Pok&eacute;mon Showdown" width="146" height="44" /> Home</a></li>
			<li><a class="button" href="//pokemonshowdown.com/dex/">Pok&eacute;dex</a></li>
			<li><a class="button cur" href="/">Replays</a></li>
			<li><a class="button" href="//pokemonshowdown.com/ladder/">Ladder</a></li>
			<li><a class="button nav-last" href="//pokemonshowdown.com/forums/">Forum</a></li>
			<li><a class="button greenbutton nav-first nav-last" href="//play.pokemonshowdown.com/">Play</a></li>
		</ul></div>
	</header>

	<div class="main" id="main">

		<noscript><section class="section">You need to enable JavaScript to use this page; sorry!</section></noscript>

	</div>

</div>

<script defer nomodule src="//play.pokemonshowdown.com/js/lib/ps-polyfill.js"></script>
<script defer src="//play.pokemonshowdown.com/js/lib/preact.min.js"></script>

<script defer src="//play.pokemonshowdown.com/config/config.js?2bddbc15"></script>
<script defer src="//play.pokemonshowdown.com/js/lib/jquery-1.11.0.min.js"></script>
<script defer src="//play.pokemonshowdown.com/js/lib/html-sanitizer-minified.js"></script>
<script defer src="//play.pokemonshowdown.com/js/battle-sound.js"></script>
<script defer src="//play.pokemonshowdown.com/js/battledata.js?0.7209276989879541"></script>
<script defer src="//play.pokemonshowdown.com/data/pokedex-mini.js?0.6111056340867951"></script>
<script defer src="//play.pokemonshowdown.com/data/pokedex-mini-bw.js?0.3532142036491459"></script>
<script defer src="//play.pokemonshowdown.com/data/graphics.js?0.24223875632456182"></script>
<script defer src="//play.pokemonshowdown.com/data/pokedex.js?0.38839984266356864"></script>
<script defer src="//play.pokemonshowdown.com/data/moves.js?0.21866028504024015"></script>
<script defer src="//play.pokemonshowdown.com/data/abilities.js?0.2005157953846628"></script>
<script defer src="//play.pokemonshowdown.com/data/items.js?0.9894211263848525"></script>
<script defer src="//play.pokemonshowdown.com/data/teambuilder-tables.js?0.6008791140282215"></script>
<script defer src="//play.pokemonshowdown.com/js/battle-tooltips.js?0.7580118955022959"></script>
<script defer src="//play.pokemonshowdown.com/js/battle.js?0.6057722274234274"></script>

<script defer src="js/utils.js?e31f9a17"></script>
<script defer src="js/replays-battle.js?7008c182"></script>

<!-- don't scrape this data! just add .json or .log after the URL!
Full API docs: https://github.com/smogon/pokemon-showdown-client/blob/master/WEB-API.md -->
<script type="text/plain" class="log" id="replaylog-smogtours-gen3ou-799803">
|inactive|Battle timer is ON: inactive players will automatically lose when time's up.
|t:|1729322864
|gametype|singles
|player|p1|clarissen|170|
|player|p2|pokology2|266|
|teamsize|p1|6
|teamsize|p2|6
|gen|3
|tier|[Gen 3] OU
|rule|Sleep Clause Mod: Limit one foe put to sleep
|rule|Switch Priority Clause Mod: Faster Pokémon switch first
|rule|Species Clause: Limit one of each Pokémon
|rule|OHKO Clause: OHKO moves are banned
|rule|Evasion Items Clause: Evasion items are banned
|rule|Evasion Moves Clause: Evasion moves are banned
|rule|Endless Battle Clause: Forcing endless battles is banned
|rule|HP Percentage Mod: HP is shown in percentages
|rule|One Boost Passer Clause: Limit one Baton Passer that has a way to boost its stats
|rule|Freeze Clause Mod: Limit one foe frozen
|
|t:|1729322864
|start
|switch|p1a: Zapdos|Zapdos|100/100
|switch|p2a: Salamence|Salamence, F, shiny|100/100
|-ability|p2a: Salamence|Intimidate|boost
|-unboost|p1a: Zapdos|atk|1
|turn|1
|c|☆pokology2|gl hf :)
|c|☆clarissen|u2
|inactive|clarissen has 270 seconds left.
|inactive|pokology2 has 270 seconds left.
|
|t:|1729322896
|switch|p2a: Claydol|Claydol|100/100
|switch|p1a: Jirachi|Jirachi|100/100
|
|upkeep
|turn|2
|
|t:|1729322910
|switch|p1a: Suicune|Suicune|100/100
|move|p2a: Claydol|Earthquake|p1a: Suicune
|-damage|p1a: Suicune|71/100
|
|-heal|p1a: Suicune|77/100|[from] item: Leftovers
|upkeep
|turn|3
|
|t:|1729322920
|switch|p2a: Ludicolo|Ludicolo, M, shiny|100/100
|move|p1a: Suicune|Ice Beam|p2a: Ludicolo
|-damage|p2a: Ludicolo|79/100
|
|-heal|p1a: Suicune|83/100|[from] item: Leftovers
|-heal|p2a: Ludicolo|85/100|[from] item: Leftovers
|upkeep
|turn|4
|inactive|clarissen has 270 seconds left.
|
|t:|1729322958
|move|p1a: Suicune|Calm Mind|p1a: Suicune
|-boost|p1a: Suicune|spa|1
|-boost|p1a: Suicune|spd|1
|move|p2a: Ludicolo|Leech Seed|p1a: Suicune
|-start|p1a: Suicune|move: Leech Seed
|
|-heal|p1a: Suicune|89/100|[from] item: Leftovers
|-damage|p1a: Suicune|77/100|[from] Leech Seed|[of] p2a: Ludicolo
|-heal|p2a: Ludicolo|96/100|[silent]
|-heal|p2a: Ludicolo|100/100|[from] item: Leftovers
|upkeep
|turn|5
|inactive|clarissen has 270 seconds left.
|inactive|pokology2 has 270 seconds left.
|inactive|clarissen has 240 seconds left.
|
|t:|1729323001
|switch|p1a: Jirachi|Jirachi|100/100
|switch|p2a: Blissey|Blissey, F|100/100
|
|upkeep
|turn|6
|inactive|pokology2 has 270 seconds left.
|inactive|clarissen has 240 seconds left.
|inactive|clarissen has 210 seconds left.
|
|t:|1729323067
|switch|p1a: Tyranitar|Tyranitar, M|100/100
|-weather|Sandstorm|[from] ability: Sand Stream|[of] p1a: Tyranitar
|move|p2a: Blissey|Ice Beam|p1a: Tyranitar
|-damage|p1a: Tyranitar|75/100
|
|-weather|Sandstorm|[upkeep]
|-damage|p2a: Blissey|94/100|[from] Sandstorm
|-heal|p2a: Blissey|100/100|[from] item: Leftovers
|upkeep
|turn|7
|inactive|pokology2 has 270 seconds left.
|inactive|clarissen has 180 seconds left.
|
|t:|1729323086
|switch|p2a: Metagross|Metagross, shiny|100/100
|move|p1a: Tyranitar|Hidden Power|p2a: Metagross
|-damage|p2a: Metagross|80/100
|
|-weather|Sandstorm|[upkeep]
|-heal|p2a: Metagross|86/100|[from] item: Leftovers
|upkeep
|turn|8
|inactive|pokology2 has 270 seconds left.
|inactive|clarissen has 180 seconds left.
|
|t:|1729323109
|switch|p1a: Zapdos|Zapdos|100/100
|move|p2a: Metagross|Meteor Mash|p1a: Zapdos|[miss]
|-miss|p2a: Metagross|p1a: Zapdos
|
|-weather|Sandstorm|[upkeep]
|-damage|p1a: Zapdos|94/100|[from] Sandstorm
|-heal|p1a: Zapdos|100/100|[from] item: Leftovers
|-heal|p2a: Metagross|92/100|[from] item: Leftovers
|upkeep
|turn|9
|
|t:|1729323120
|switch|p2a: Claydol|Claydol|100/100
|move|p1a: Zapdos|Baton Pass|p1a: Zapdos
|
|t:|1729323141
|switch|p1a: Suicune|Suicune|77/100|[from] Baton Pass
|
|-weather|Sandstorm|[upkeep]
|-damage|p1a: Suicune|71/100|[from] Sandstorm
|-heal|p1a: Suicune|77/100|[from] item: Leftovers
|upkeep
|turn|10
|inactive|clarissen has 150 seconds left.
|
|t:|1729323163
|switch|p1a: Dugtrio|Dugtrio, M|100/100
|switch|p2a: Skarmory|Skarmory, M, shiny|100/100
|
|-weather|Sandstorm|[upkeep]
|upkeep
|turn|11
|inactive|clarissen has 150 seconds left.
|
|t:|1729323170
|switch|p1a: Zapdos|Zapdos|100/100
|move|p2a: Skarmory|Spikes|p1a: Zapdos
|-sidestart|p1: clarissen|Spikes
|
|-weather|Sandstorm|[upkeep]
|-damage|p1a: Zapdos|94/100|[from] Sandstorm
|-heal|p1a: Zapdos|100/100|[from] item: Leftovers
|upkeep
|turn|12
|
|t:|1729323180
|switch|p2a: Claydol|Claydol|100/100
|move|p1a: Zapdos|Hidden Power|p2a: Claydol
|-supereffective|p2a: Claydol
|-damage|p2a: Claydol|52/100
|
|-weather|Sandstorm|[upkeep]
|-damage|p1a: Zapdos|94/100|[from] Sandstorm
|-heal|p1a: Zapdos|100/100|[from] item: Leftovers
|-heal|p2a: Claydol|58/100|[from] item: Leftovers
|upkeep
|turn|13
|inactive|clarissen has 150 seconds left.
|inactive|pokology2 has 270 seconds left.
|inactive|clarissen has 120 seconds left.
|inactive|pokology2 has 240 seconds left.
|inactive|pokology2 has 210 seconds left.
|
|t:|1729323271
|switch|p1a: Jirachi|Jirachi|100/100
|-damage|p1a: Jirachi|88/100|[from] Spikes
|switch|p2a: Blissey|Blissey, F|100/100
|
|-weather|Sandstorm|[upkeep]
|-damage|p2a: Blissey|94/100|[from] Sandstorm
|-heal|p1a: Jirachi|94/100|[from] item: Leftovers
|-heal|p2a: Blissey|100/100|[from] item: Leftovers
|upkeep
|turn|14
|inactive|pokology2 has 210 seconds left.
|inactive|clarissen has 90 seconds left.
|
|t:|1729323327
|move|p1a: Jirachi|Hidden Power|p2a: Blissey
|-damage|p2a: Blissey|91/100
|move|p2a: Blissey|Ice Beam|p1a: Jirachi
|-resisted|p1a: Jirachi
|-damage|p1a: Jirachi|81/100
|-status|p1a: Jirachi|frz
|
|-weather|Sandstorm|[upkeep]
|-damage|p2a: Blissey|85/100|[from] Sandstorm
|-heal|p1a: Jirachi|87/100 frz|[from] item: Leftovers
|-heal|p2a: Blissey|91/100|[from] item: Leftovers
|upkeep
|turn|15
|inactive|clarissen has 60 seconds left.
|
|t:|1729323355
|switch|p1a: Suicune|Suicune|77/100
|-damage|p1a: Suicune|64/100|[from] Spikes
|switch|p2a: Claydol|Claydol|58/100
|
|-weather|Sandstorm|[upkeep]
|-damage|p1a: Suicune|58/100|[from] Sandstorm
|-heal|p1a: Suicune|64/100|[from] item: Leftovers
|-heal|p2a: Claydol|64/100|[from] item: Leftovers
|upkeep
|turn|16
|
|t:|1729323363
|switch|p2a: Ludicolo|Ludicolo, M, shiny|100/100
|move|p1a: Suicune|Surf|p2a: Ludicolo
|-resisted|p2a: Ludicolo
|-damage|p2a: Ludicolo|92/100
|
|-weather|Sandstorm|[upkeep]
|-damage|p1a: Suicune|58/100|[from] Sandstorm
|-damage|p2a: Ludicolo|86/100|[from] Sandstorm
|-heal|p1a: Suicune|64/100|[from] item: Leftovers
|-heal|p2a: Ludicolo|92/100|[from] item: Leftovers
|upkeep
|turn|17
|inactive|clarissen has 60 seconds left.
|
|t:|1729323384
|switch|p1a: Zapdos|Zapdos|100/100
|move|p2a: Ludicolo|Leech Seed|p1a: Zapdos
|-start|p1a: Zapdos|move: Leech Seed
|
|-weather|Sandstorm|[upkeep]
|-damage|p1a: Zapdos|94/100|[from] Sandstorm
|-damage|p2a: Ludicolo|86/100|[from] Sandstorm
|-heal|p1a: Zapdos|100/100|[from] item: Leftovers
|-damage|p1a: Zapdos|88/100|[from] Leech Seed|[of] p2a: Ludicolo
|-heal|p2a: Ludicolo|98/100|[silent]
|-heal|p2a: Ludicolo|100/100|[from] item: Leftovers
|upkeep
|turn|18
|
|t:|1729323391
|move|p1a: Zapdos|Toxic|p2a: Ludicolo|[miss]
|-miss|p1a: Zapdos|p2a: Ludicolo
|move|p2a: Ludicolo|Ice Beam|p1a: Zapdos
|-supereffective|p1a: Zapdos
|-damage|p1a: Zapdos|41/100
|
|-weather|Sandstorm|[upkeep]
|-damage|p1a: Zapdos|35/100|[from] Sandstorm
|-damage|p2a: Ludicolo|94/100|[from] Sandstorm
|-heal|p1a: Zapdos|41/100|[from] item: Leftovers
|-damage|p1a: Zapdos|29/100|[from] Leech Seed|[of] p2a: Ludicolo
|-heal|p2a: Ludicolo|100/100|[silent]
|upkeep
|turn|19
|inactive|clarissen has 30 seconds left.
|inactive|clarissen has 20 seconds left.
|inactive|clarissen has 15 seconds left.
|inactive|clarissen has 10 seconds left.
|inactive|clarissen has 5 seconds left.
|
|t:|1729323447
|switch|p1a: Suicune|Suicune|64/100
|-damage|p1a: Suicune|52/100|[from] Spikes
|switch|p2a: Blissey|Blissey, F|91/100
|
|-weather|Sandstorm|[upkeep]
|-damage|p1a: Suicune|46/100|[from] Sandstorm
|-damage|p2a: Blissey|85/100|[from] Sandstorm
|-heal|p1a: Suicune|52/100|[from] item: Leftovers
|-heal|p2a: Blissey|91/100|[from] item: Leftovers
|upkeep
|turn|20
|inactive|clarissen has 15 seconds left this turn.
|inactive|clarissen has 10 seconds left.
|inactive|clarissen has 5 seconds left.
|
|t:|1729323459
|switch|p1a: Claydol|Claydol|100/100
|move|p2a: Blissey|Thunderbolt|p1a: Claydol
|-immune|p1a: Claydol
|
|-weather|Sandstorm|[upkeep]
|-damage|p2a: Blissey|85/100|[from] Sandstorm
|-heal|p2a: Blissey|91/100|[from] item: Leftovers
|upkeep
|turn|21
|inactive|clarissen has 15 seconds left this turn.
|inactive|clarissen has 10 seconds left.
|
|t:|1729323466
|switch|p2a: Skarmory|Skarmory, M, shiny|100/100
|move|p1a: Claydol|Rapid Spin|p2a: Skarmory
|-resisted|p2a: Skarmory
|-crit|p2a: Skarmory
|-damage|p2a: Skarmory|96/100
|-sideend|p1: clarissen|Spikes|[from] move: Rapid Spin|[of] p1a: Claydol
|
|-weather|Sandstorm|[upkeep]
|-heal|p2a: Skarmory|100/100|[from] item: Leftovers
|upkeep
|turn|22
|inactive|clarissen has 20 seconds left this turn.
|inactive|clarissen has 15 seconds left.
|
|t:|1729323471
|switch|p1a: Zapdos|Zapdos|29/100
|move|p2a: Skarmory|Toxic|p1a: Zapdos
|-status|p1a: Zapdos|tox
|
|-weather|Sandstorm|[upkeep]
|-damage|p1a: Zapdos|23/100 tox|[from] Sandstorm
|-heal|p1a: Zapdos|29/100 tox|[from] item: Leftovers
|-damage|p1a: Zapdos|23/100 tox|[from] psn
|upkeep
|turn|23
|inactive|clarissen has 25 seconds left this turn.
|inactive|pokology2 has 240 seconds left.
|
|t:|1729323482
|move|p1a: Zapdos|Thunderbolt|p2a: Skarmory
|-supereffective|p2a: Skarmory
|-damage|p2a: Skarmory|3/100
|move|p2a: Skarmory|Spikes|p1a: Zapdos
|-sidestart|p1: clarissen|Spikes
|
|-weather|Sandstorm|[upkeep]
|-damage|p1a: Zapdos|17/100 tox|[from] Sandstorm
|-heal|p1a: Zapdos|23/100 tox|[from] item: Leftovers
|-damage|p1a: Zapdos|10/100 tox|[from] psn
|-heal|p2a: Skarmory|9/100|[from] item: Leftovers
|upkeep
|turn|24
|inactive|pokology2 has 240 seconds left.
|inactive|clarissen has 30 seconds left.
|
|t:|1729323498
|switch|p2a: Claydol|Claydol|64/100
|move|p1a: Zapdos|Thunderbolt|p2a: Claydol
|-immune|p2a: Claydol
|
|-weather|Sandstorm|[upkeep]
|-damage|p1a: Zapdos|4/100 tox|[from] Sandstorm
|-heal|p1a: Zapdos|10/100 tox|[from] item: Leftovers
|-damage|p1a: Zapdos|0 fnt|[from] psn
|faint|p1a: Zapdos
|-heal|p2a: Claydol|70/100|[from] item: Leftovers
|upkeep
|inactive|clarissen has 30 seconds left this turn.
|
|t:|1729323501
|switch|p1a: Suicune|Suicune|52/100
|-damage|p1a: Suicune|40/100|[from] Spikes
|turn|25
|
|t:|1729323507
|switch|p2a: Ludicolo|Ludicolo, M, shiny|100/100
|move|p1a: Suicune|Calm Mind|p1a: Suicune
|-boost|p1a: Suicune|spa|1
|-boost|p1a: Suicune|spd|1
|
|-weather|Sandstorm|[upkeep]
|-damage|p1a: Suicune|34/100|[from] Sandstorm
|-damage|p2a: Ludicolo|94/100|[from] Sandstorm
|-heal|p1a: Suicune|40/100|[from] item: Leftovers
|-heal|p2a: Ludicolo|100/100|[from] item: Leftovers
|upkeep
|turn|26
|
|t:|1729323514
|move|p1a: Suicune|Ice Beam|p2a: Ludicolo
|-damage|p2a: Ludicolo|65/100
|move|p2a: Ludicolo|Leech Seed|p1a: Suicune
|-start|p1a: Suicune|move: Leech Seed
|
|-weather|Sandstorm|[upkeep]
|-damage|p1a: Suicune|34/100|[from] Sandstorm
|-damage|p2a: Ludicolo|59/100|[from] Sandstorm
|-heal|p1a: Suicune|40/100|[from] item: Leftovers
|-damage|p1a: Suicune|27/100|[from] Leech Seed|[of] p2a: Ludicolo
|-heal|p2a: Ludicolo|70/100|[silent]
|-heal|p2a: Ludicolo|76/100|[from] item: Leftovers
|upkeep
|turn|27
|
|t:|1729323520
|move|p1a: Suicune|Ice Beam|p2a: Ludicolo
|-damage|p2a: Ludicolo|39/100
|-status|p2a: Ludicolo|frz
|cant|p2a: Ludicolo|frz
|
|-weather|Sandstorm|[upkeep]
|-damage|p1a: Suicune|21/100|[from] Sandstorm
|-damage|p2a: Ludicolo|33/100 frz|[from] Sandstorm
|-heal|p1a: Suicune|27/100|[from] item: Leftovers
|-damage|p1a: Suicune|15/100|[from] Leech Seed|[of] p2a: Ludicolo
|-heal|p2a: Ludicolo|44/100 frz|[silent]
|-heal|p2a: Ludicolo|50/100 frz|[from] item: Leftovers
|upkeep
|turn|28
|inactive|pokology2 has 270 seconds left.
|
|t:|1729323532
|switch|p1a: Claydol|Claydol|100/100
|cant|p2a: Ludicolo|frz
|
|-weather|Sandstorm|[upkeep]
|-damage|p2a: Ludicolo|44/100 frz|[from] Sandstorm
|-heal|p2a: Ludicolo|50/100 frz|[from] item: Leftovers
|upkeep
|turn|29
|inactive|pokology2 has 270 seconds left.
|
|t:|1729323539
|switch|p2a: Skarmory|Skarmory, M, shiny|9/100
|move|p1a: Claydol|Rapid Spin|p2a: Skarmory
|-resisted|p2a: Skarmory
|-damage|p2a: Skarmory|7/100
|-sideend|p1: clarissen|Spikes|[from] move: Rapid Spin|[of] p1a: Claydol
|
|-weather|Sandstorm|[upkeep]
|-heal|p2a: Skarmory|13/100|[from] item: Leftovers
|upkeep
|turn|30
|inactive|pokology2 has 270 seconds left.
|
|t:|1729323552
|switch|p2a: Metagross|Metagross, shiny|92/100
|move|p1a: Claydol|Psychic|p2a: Metagross
|-resisted|p2a: Metagross
|-damage|p2a: Metagross|87/100
|
|-weather|Sandstorm|[upkeep]
|-heal|p2a: Metagross|93/100|[from] item: Leftovers
|upkeep
|turn|31
|inactive|clarissen has 60 seconds left.
|
|t:|1729323557
|switch|p2a: Salamence|Salamence, F, shiny|100/100
|-ability|p2a: Salamence|Intimidate|boost
|-unboost|p1a: Claydol|atk|1
|move|p1a: Claydol|Earthquake|p2a: Salamence
|-immune|p2a: Salamence
|
|-weather|Sandstorm|[upkeep]
|-damage|p2a: Salamence|94/100|[from] Sandstorm
|-heal|p2a: Salamence|100/100|[from] item: Leftovers
|upkeep
|turn|32
|inactive|clarissen has 60 seconds left.
|
|t:|1729323575
|move|p2a: Salamence|Wish|p2a: Salamence
|move|p1a: Claydol|Explosion|p2a: Salamence
|-damage|p2a: Salamence|0 fnt
|faint|p1a: Claydol
|faint|p2a: Salamence
|inactive|clarissen has 60 seconds left.
|
|t:|1729323594
|switch|p2a: Claydol|Claydol|70/100
|switch|p1a: Suicune|Suicune|15/100
|
|-weather|Sandstorm|[upkeep]
|-damage|p1a: Suicune|9/100|[from] Sandstorm
|-heal|p1a: Suicune|15/100|[from] item: Leftovers
|-heal|p2a: Claydol|76/100|[from] item: Leftovers
|upkeep
|turn|33
|inactive|pokology2 has 270 seconds left.
|inactive|pokology2 has 240 seconds left.
|inactive|clarissen has 30 seconds left.
|inactive|pokology2 has 210 seconds left.
|inactive|pokology2 has 180 seconds left.
|
|t:|1729323718
|move|p1a: Suicune|Surf|p2a: Claydol
|-supereffective|p2a: Claydol
|-damage|p2a: Claydol|5/100
|move|p2a: Claydol|Earthquake|p1a: Suicune
|-damage|p1a: Suicune|0 fnt
|faint|p1a: Suicune
|inactive|clarissen has 30 seconds left.
|
|t:|1729323728
|switch|p1a: Tyranitar|Tyranitar, M|75/100
|
|-heal|p2a: Claydol|55/100|[from] move: Wish|[wisher] Salamence
|-weather|Sandstorm|[upkeep]
|-heal|p2a: Claydol|61/100|[from] item: Leftovers
|upkeep
|turn|34
|inactive|clarissen has 30 seconds left.
|
|t:|1729323740
|move|p1a: Tyranitar|Dragon Dance|p1a: Tyranitar
|-boost|p1a: Tyranitar|atk|1
|-boost|p1a: Tyranitar|spe|1
|move|p2a: Claydol|Earthquake|p1a: Tyranitar
|-supereffective|p1a: Tyranitar
|-damage|p1a: Tyranitar|14/100
|
|-weather|Sandstorm|[upkeep]
|-heal|p2a: Claydol|67/100|[from] item: Leftovers
|upkeep
|turn|35
|
|t:|1729323743
|move|p1a: Tyranitar|Hidden Power|p2a: Claydol
|-supereffective|p2a: Claydol
|-damage|p2a: Claydol|0 fnt
|faint|p2a: Claydol
|inactive|pokology2 has 180 seconds left.
|
|t:|1729323767
|switch|p2a: Metagross|Metagross, shiny|93/100
|
|-weather|Sandstorm|[upkeep]
|-heal|p2a: Metagross|99/100|[from] item: Leftovers
|upkeep
|turn|36
|
|t:|1729323776
|move|p1a: Tyranitar|Rock Slide|p2a: Metagross
|-resisted|p2a: Metagross
|-damage|p2a: Metagross|76/100
|cant|p2a: Metagross|flinch
|
|-weather|Sandstorm|[upkeep]
|-heal|p2a: Metagross|82/100|[from] item: Leftovers
|upkeep
|turn|37
|
|t:|1729323781
|switch|p2a: Skarmory|Skarmory, M, shiny|13/100
|move|p1a: Tyranitar|Earthquake|p2a: Skarmory
|-immune|p2a: Skarmory
|
|-weather|Sandstorm|[upkeep]
|-heal|p2a: Skarmory|19/100|[from] item: Leftovers
|upkeep
|turn|38
|
|t:|1729323805
|switch|p2a: Ludicolo|Ludicolo, M, shiny|50/100 frz
|move|p1a: Tyranitar|Rock Slide|p2a: Ludicolo
|-damage|p2a: Ludicolo|0 fnt
|faint|p2a: Ludicolo
|
|t:|1729323810
|switch|p2a: Metagross|Metagross, shiny|82/100
|
|-weather|Sandstorm|[upkeep]
|-heal|p2a: Metagross|89/100|[from] item: Leftovers
|upkeep
|turn|39
|inactive|pokology2 has 180 seconds left.
|inactive|clarissen has 60 seconds left.
|
|t:|1729323861
|move|p1a: Tyranitar|Rock Slide|p2a: Metagross
|-resisted|p2a: Metagross
|-damage|p2a: Metagross|67/100
|move|p2a: Metagross|Earthquake|p1a: Tyranitar
|-supereffective|p1a: Tyranitar
|-damage|p1a: Tyranitar|0 fnt
|faint|p1a: Tyranitar
|
|t:|1729323863
|switch|p1a: Dugtrio|Dugtrio, M|100/100
|
|-weather|Sandstorm|[upkeep]
|-heal|p2a: Metagross|73/100|[from] item: Leftovers
|upkeep
|turn|40
|
|t:|1729323874
|move|p1a: Dugtrio|Earthquake|p2a: Metagross
|-supereffective|p2a: Metagross
|-damage|p2a: Metagross|0 fnt
|faint|p2a: Metagross
|
|t:|1729323884
|switch|p2a: Skarmory|Skarmory, M, shiny|19/100
|
|-weather|Sandstorm|[upkeep]
|-heal|p2a: Skarmory|25/100|[from] item: Leftovers
|upkeep
|turn|41
|
|t:|1729323889
|switch|p1a: Jirachi|Jirachi|87/100 frz
|move|p2a: Skarmory|Spikes|p1a: Jirachi
|-sidestart|p1: clarissen|Spikes
|
|-weather|Sandstorm|[upkeep]
|-heal|p1a: Jirachi|93/100 frz|[from] item: Leftovers
|-heal|p2a: Skarmory|31/100|[from] item: Leftovers
|upkeep
|turn|42
|
|t:|1729323894
|cant|p1a: Jirachi|frz
|move|p2a: Skarmory|Roar|p1a: Jirachi
|drag|p1a: Dugtrio|Dugtrio, M|100/100
|-damage|p1a: Dugtrio|88/100|[from] Spikes
|
|-weather|Sandstorm|[upkeep]
|-heal|p2a: Skarmory|37/100|[from] item: Leftovers
|upkeep
|turn|43
|
|t:|1729323901
|move|p1a: Dugtrio|Aerial Ace|p2a: Skarmory
|-resisted|p2a: Skarmory
|-damage|p2a: Skarmory|29/100
|move|p2a: Skarmory|Roar|p1a: Dugtrio
|drag|p1a: Jirachi|Jirachi|93/100 frz
|-damage|p1a: Jirachi|81/100 frz|[from] Spikes
|
|-weather|Sandstorm|[upkeep]
|-heal|p1a: Jirachi|87/100 frz|[from] item: Leftovers
|-heal|p2a: Skarmory|35/100|[from] item: Leftovers
|upkeep
|turn|44
|
|t:|1729323904
|cant|p1a: Jirachi|frz
|move|p2a: Skarmory|Roar|p1a: Jirachi
|drag|p1a: Dugtrio|Dugtrio, M|88/100
|-damage|p1a: Dugtrio|76/100|[from] Spikes
|
|-weather|Sandstorm|[upkeep]
|-heal|p2a: Skarmory|41/100|[from] item: Leftovers
|upkeep
|turn|45
|
|t:|1729323908
|move|p1a: Dugtrio|Aerial Ace|p2a: Skarmory
|-resisted|p2a: Skarmory
|-damage|p2a: Skarmory|33/100
|move|p2a: Skarmory|Toxic|p1a: Dugtrio
|-status|p1a: Dugtrio|tox
|
|-weather|Sandstorm|[upkeep]
|-damage|p1a: Dugtrio|70/100 tox|[from] psn
|-heal|p2a: Skarmory|39/100|[from] item: Leftovers
|upkeep
|turn|46
|
|t:|1729323914
|move|p1a: Dugtrio|Aerial Ace|p2a: Skarmory
|-resisted|p2a: Skarmory
|-damage|p2a: Skarmory|31/100
|move|p2a: Skarmory|Spikes|p1a: Dugtrio
|-sidestart|p1: clarissen|Spikes
|
|-weather|Sandstorm|[upkeep]
|-damage|p1a: Dugtrio|57/100 tox|[from] psn
|-heal|p2a: Skarmory|37/100|[from] item: Leftovers
|upkeep
|turn|47
|
|t:|1729323924
|switch|p1a: Jirachi|Jirachi|87/100 frz
|-damage|p1a: Jirachi|71/100 frz|[from] Spikes
|move|p2a: Skarmory|Spikes|p1a: Jirachi
|-sidestart|p1: clarissen|Spikes
|
|-weather|Sandstorm|[upkeep]
|-heal|p1a: Jirachi|77/100 frz|[from] item: Leftovers
|-heal|p2a: Skarmory|43/100|[from] item: Leftovers
|upkeep
|turn|48
|
|t:|1729323938
|cant|p1a: Jirachi|frz
|move|p2a: Skarmory|Roar|p1a: Jirachi
|drag|p1a: Dugtrio|Dugtrio, M|57/100 tox
|-damage|p1a: Dugtrio|33/100 tox|[from] Spikes
|
|-weather|Sandstorm|[upkeep]
|-damage|p1a: Dugtrio|27/100 tox|[from] psn
|-heal|p2a: Skarmory|49/100|[from] item: Leftovers
|upkeep
|turn|49
|
|t:|1729323949
|switch|p1a: Jirachi|Jirachi|77/100 frz
|-damage|p1a: Jirachi|52/100 frz|[from] Spikes
|move|p2a: Skarmory|Spikes||[still]
|-fail|p2a: Skarmory
|
|-weather|Sandstorm|[upkeep]
|-heal|p1a: Jirachi|58/100 frz|[from] item: Leftovers
|-heal|p2a: Skarmory|55/100|[from] item: Leftovers
|upkeep
|turn|50
|
|t:|1729323953
|switch|p2a: Blissey|Blissey, F|91/100
|cant|p1a: Jirachi|frz
|
|-weather|Sandstorm|[upkeep]
|-damage|p2a: Blissey|85/100|[from] Sandstorm
|-heal|p1a: Jirachi|64/100 frz|[from] item: Leftovers
|-heal|p2a: Blissey|91/100|[from] item: Leftovers
|upkeep
|turn|51
|
|t:|1729323959
|cant|p1a: Jirachi|frz
|move|p2a: Blissey|Calm Mind|p2a: Blissey
|-boost|p2a: Blissey|spa|1
|-boost|p2a: Blissey|spd|1
|
|-weather|Sandstorm|[upkeep]
|-damage|p2a: Blissey|85/100|[from] Sandstorm
|-heal|p1a: Jirachi|70/100 frz|[from] item: Leftovers
|-heal|p2a: Blissey|91/100|[from] item: Leftovers
|upkeep
|turn|52
|
|t:|1729323962
|cant|p1a: Jirachi|frz
|move|p2a: Blissey|Calm Mind|p2a: Blissey
|-boost|p2a: Blissey|spa|1
|-boost|p2a: Blissey|spd|1
|
|-weather|Sandstorm|[upkeep]
|-damage|p2a: Blissey|85/100|[from] Sandstorm
|-heal|p1a: Jirachi|76/100 frz|[from] item: Leftovers
|-heal|p2a: Blissey|91/100|[from] item: Leftovers
|upkeep
|turn|53
|
|t:|1729323963
|cant|p1a: Jirachi|frz
|move|p2a: Blissey|Thunderbolt|p1a: Jirachi
|-damage|p1a: Jirachi|29/100 frz
|
|-weather|Sandstorm|[upkeep]
|-damage|p2a: Blissey|85/100|[from] Sandstorm
|-heal|p1a: Jirachi|35/100 frz|[from] item: Leftovers
|-heal|p2a: Blissey|91/100|[from] item: Leftovers
|upkeep
|turn|54
|
|t:|1729323966
|cant|p1a: Jirachi|frz
|move|p2a: Blissey|Thunderbolt|p1a: Jirachi
|-crit|p1a: Jirachi
|-damage|p1a: Jirachi|0 fnt
|faint|p1a: Jirachi
|
|t:|1729323968
|switch|p1a: Dugtrio|Dugtrio, M|27/100 tox
|-damage|p1a: Dugtrio|2/100 tox|[from] Spikes
|
|-weather|Sandstorm|[upkeep]
|-damage|p2a: Blissey|85/100|[from] Sandstorm
|-damage|p1a: Dugtrio|0 fnt|[from] psn
|faint|p1a: Dugtrio
|
|win|pokology2
|upkeep
|c|☆clarissen|gg
|c|☆pokology2|gg

</script>
<script type="application/json" class="data" id="replaydata-smogtours-gen3ou-799803">
{"id":"smogtours-gen3ou-799803","format":"[Gen 3] OU","players":["clarissen","pokology2"],"uploadtime":1729323968,"views":197,"formatid":"gen3ou","rating":null,"private":0,"password":null}
</script>

<script defer src="js/replays.js?9d40a366"></script>
