<!DOCTYPE html>
<meta charset="utf-8" />
<meta name="viewport" content="width=device-width" />

<title>[Gen 3] OU: wwwmonmon vs. Venik777 - Replays - Pok&eacute;mon Showdown!</title>

<meta name="description" content="Watch a replay of a Pok&eacute;mon battle between wwwmonmon and Venik777! Format: [Gen 3] OU; Date: Oct 18, 2024" />
<!--

Hey, you! Looking in the source for the replay log?

You can find them in JSON format, just add `.json` at the end of a replay URL.

https://replay.pokemonshowdown.com/gen7randomdoublesbattle-865046831.json

Or, if you only need the log itself, add `.log` instead:

https://replay.pokemonshowdown.com/gen7randomdoublesbattle-865046831.log

-->

<link rel="stylesheet" href="//pokemonshowdown.com/style/global.css?0.767286132409787" />
<link rel="stylesheet" href="//play.pokemonshowdown.com/style/font-awesome.css?0.9266228007934947" />
<link rel="stylesheet" href="//play.pokemonshowdown.com/style/battle.css?0.7924700842790926" />
<link rel="stylesheet" href="//play.pokemonshowdown.com/style/utilichart.css?0.8777417872839479" />

<!-- Global site tag (gtag.js) - Google Analytics -->
<script async src="https://www.googletagmanager.com/gtag/js?id=UA-26211653-1"></script>
<script>
  window.dataLayer = window.dataLayer || [];
  function gtag(){dataLayer.push(arguments);}
  gtag('js', new Date());

  gtag('config', 'UA-26211653-1');
</script>
<!-- End Google Analytics -->
<!-- Venatus Ad Manager - Install in <HEAD> of page -->
	<script src="https://hb.vntsm.com/v3/live/ad-manager.min.js" type="text/javascript" data-site-id="642aba63ec9a7b11c3c9c1be" data-mode="scan" async></script>
<!-- / Venatus Ad Manager -->

<style>
	@media (max-width:820px) {
		.battle {
			margin: 0 auto;
		}
		.battle-log {
			margin: 7px auto 0;
			max-width: 640px;
			height: 300px;
			position: static;
		}
	}
	.optgroup {
		display: inline-block;
		line-height: 22px;
		font-size: 10pt;
	}
	.optgroup .button {
		height: 25px;
		padding-top: 0;
		padding-bottom: 0;
	}
	.optgroup button.button {
		padding-left: 12px;
		padding-right: 12px;
	}
	.linklist {
		list-style: none;
		margin: 0.5em 0;
		padding: 0;
	}
	.linklist li {
		padding: 2px 0;
	}
	.sidebar {
		float: left;
		width: 320px;
	}
	.bar-wrapper {
		max-width: 1100px;
		margin: 0 auto;
	}
	.bar-wrapper.has-sidebar {
		max-width: 1430px;
	}
	.mainbar {
		margin: 0;
		padding-right: 1px;
	}
	.mainbar.has-sidebar {
		margin-left: 330px;
	}
	@media (min-width: 1511px) {
		.sidebar {
			width: 400px;
		}
		.bar-wrapper.has-sidebar {
			max-width: 1510px;
		}
		.mainbar.has-sidebar {
			margin-left: 410px;
		}
	}
	.section.first-section {
		margin-top: 9px;
	}
	.blocklink small {
		white-space: normal;
	}
	.button {
		vertical-align: middle;
	}
	.replay-controls {
		padding-top: 10px;
	}
	.replay-controls h1 {
		font-size: 16pt;
		font-weight: normal;
		color: #CCC;
	}
	.pagelink {
		text-align: center;
	}
	.pagelink a {
		width: 150px;
	}
	.textbox, .button {
		font-size: 11pt;
		vertical-align: middle;
	}
	@media (max-width: 450px) {
		.button {
			font-size: 9pt;
		}
	}
</style>

<div>

	<header>
		<div class="nav-wrapper"><ul class="nav">
			<li><a class="button nav-first" href="//pokemonshowdown.com/"><img src="//pokemonshowdown.com/images/pokemonshowdownbeta.png" srcset="//pokemonshowdown.com/images/pokemonshowdownbeta.png 1x, //pokemonshowdown.com/images/pokemonshowdownbeta@2x.png 2x" alt="Pok&eacute;mon Showdown" width="146" height="44" /> Home</a></li>
			<li><a class="button" href="//pokemonshowdown.com/dex/">Pok&eacute;dex</a></li>
			<li><a class="button cur" href="/">Replays</a></li>
			<li><a class="button" href="//pokemonshowdown.com/ladder/">Ladder</a></li>
			<li><a class="button nav-last" href="//pokemonshowdown.com/forums/">Forum</a></li>
			<li><a class="button greenbutton nav-first nav-last" href="//play.pokemonshowdown.com/">Play</a></li>
		</ul></div>
	</header>

	<div class="main" id="main">

		<noscript><section class="section">You need to enable JavaScript to use this page; sorry!</section></noscript>

	</div>

</div>

<script defer nomodule src="//play.pokemonshowdown.com/js/lib/ps-polyfill.js"></script>
<script defer src="//play.pokemonshowdown.com/js/lib/preact.min.js"></script>

<script defer src="//play.pokemonshowdown.com/config/config.js?6dec07f6"></script>
<script defer src="//play.pokemonshowdown.com/js/lib/jquery-1.11.0.min.js"></script>
<script defer src="//play.pokemonshowdown.com/js/lib/html-sanitizer-minified.js"></script>
<script defer src="//play.pokemonshowdown.com/js/battle-sound.js"></script>
<script defer src="//play.pokemonshowdown.com/js/battledata.js?0.6315294753075389"></script>
<script defer src="//play.pokemonshowdown.com/data/pokedex-mini.js?0.7603743185311358"></script>
<script defer src="//play.pokemonshowdown.com/data/pokedex-mini-bw.js?0.030888842834281283"></script>
<script defer src="//play.pokemonshowdown.com/data/graphics.js?0.05593094747507488"></script>
<script defer src="//play.pokemonshowdown.com/data/pokedex.js?0.47064822249611904"></script>
<script defer src="//play.pokemonshowdown.com/data/moves.js?0.8583693120512459"></script>
<script defer src="//play.pokemonshowdown.com/data/abilities.js?0.16017181182386842"></script>
<script defer src="//play.pokemonshowdown.com/data/items.js?0.4163379185673943"></script>
<script defer src="//play.pokemonshowdown.com/data/teambuilder-tables.js?0.31075597372830477"></script>
<script defer src="//play.pokemonshowdown.com/js/battle-tooltips.js?0.6536193500708172"></script>
<script defer src="//play.pokemonshowdown.com/js/battle.js?0.1916591943277901"></script>

<script defer src="js/utils.js?e31f9a17"></script>
<script defer src="js/replays-battle.js?7008c182"></script>

<!-- don't scrape this data! just add .json or .log after the URL!
Full API docs: https://github.com/smogon/pokemon-showdown-client/blob/master/WEB-API.md -->
<script type="text/plain" class="log" id="replaylog-smogtours-gen3ou-799553">
|inactive|Battle timer is ON: inactive players will automatically lose when time's up.
|t:|1729271028
|gametype|singles
|player|p1|wwwmonmon|169|
|player|p2|Venik777|bellelba|
|teamsize|p1|6
|teamsize|p2|6
|gen|3
|tier|[Gen 3] OU
|rule|Sleep Clause Mod: Limit one foe put to sleep
|rule|Switch Priority Clause Mod: Faster Pokémon switch first
|rule|Species Clause: Limit one of each Pokémon
|rule|OHKO Clause: OHKO moves are banned
|rule|Evasion Items Clause: Evasion items are banned
|rule|Evasion Moves Clause: Evasion moves are banned
|rule|Endless Battle Clause: Forcing endless battles is banned
|rule|HP Percentage Mod: HP is shown in percentages
|rule|One Boost Passer Clause: Limit one Baton Passer that has a way to boost its stats
|rule|Freeze Clause Mod: Limit one foe frozen
|
|t:|1729271028
|start
|switch|p1a: Tyranitar|Tyranitar, M|100/100
|switch|p2a: Zapdos|Zapdos|100/100
|-weather|Sandstorm|[from] ability: Sand Stream|[of] p1a: Tyranitar
|turn|1
|
|t:|1729271039
|switch|p2a: Swampert|Swampert, M|100/100
|move|p1a: Tyranitar|Rock Slide|p2a: Swampert
|-resisted|p2a: Swampert
|-damage|p2a: Swampert|86/100
|
|-weather|Sandstorm|[upkeep]
|-heal|p2a: Swampert|92/100|[from] item: Leftovers
|upkeep
|turn|2
|
|t:|1729271047
|switch|p1a: Celebi|Celebi|100/100
|move|p2a: Swampert|Toxic|p1a: Celebi
|-status|p1a: Celebi|tox
|
|-weather|Sandstorm|[upkeep]
|-damage|p1a: Celebi|94/100 tox|[from] Sandstorm
|-heal|p1a: Celebi|100/100 tox|[from] item: Leftovers
|-damage|p1a: Celebi|94/100 tox|[from] psn
|-heal|p2a: Swampert|98/100|[from] item: Leftovers
|upkeep
|turn|3
|
|t:|1729271063
|move|p2a: Swampert|Protect|p2a: Swampert
|-singleturn|p2a: Swampert|Protect
|move|p1a: Celebi|Leech Seed|p2a: Swampert|[miss]
|-miss|p1a: Celebi|p2a: Swampert
|
|-weather|Sandstorm|[upkeep]
|-damage|p1a: Celebi|88/100 tox|[from] Sandstorm
|-heal|p1a: Celebi|94/100 tox|[from] item: Leftovers
|-damage|p1a: Celebi|82/100 tox|[from] psn
|-heal|p2a: Swampert|100/100|[from] item: Leftovers
|upkeep
|turn|4
|
|t:|1729271078
|move|p1a: Celebi|Leech Seed|p2a: Swampert
|-start|p2a: Swampert|move: Leech Seed
|move|p2a: Swampert|Surf|p1a: Celebi
|-resisted|p1a: Celebi
|-damage|p1a: Celebi|69/100 tox
|
|-weather|Sandstorm|[upkeep]
|-damage|p1a: Celebi|63/100 tox|[from] Sandstorm
|-heal|p1a: Celebi|69/100 tox|[from] item: Leftovers
|-damage|p1a: Celebi|51/100 tox|[from] psn
|-damage|p2a: Swampert|88/100|[from] Leech Seed|[of] p1a: Celebi
|-heal|p1a: Celebi|63/100 tox|[silent]
|upkeep
|turn|5
|
|t:|1729271083
|-curestatus|p1a: Celebi|tox|[from] ability: Natural Cure
|switch|p1a: Skarmory|Skarmory, M|100/100
|switch|p2a: Zapdos|Zapdos|100/100
|
|-weather|Sandstorm|[upkeep]
|-damage|p2a: Zapdos|94/100|[from] Sandstorm
|-heal|p2a: Zapdos|100/100|[from] item: Leftovers
|upkeep
|turn|6
|
|t:|1729271094
|move|p1a: Skarmory|Protect|p1a: Skarmory
|-singleturn|p1a: Skarmory|Protect
|move|p2a: Zapdos|Thunderbolt|p1a: Skarmory
|-activate|p1a: Skarmory|Protect
|
|-weather|Sandstorm|[upkeep]
|-damage|p2a: Zapdos|94/100|[from] Sandstorm
|-heal|p2a: Zapdos|100/100|[from] item: Leftovers
|upkeep
|turn|7
|
|t:|1729271106
|switch|p1a: Celebi|Celebi|63/100
|move|p2a: Zapdos|Thunderbolt|p1a: Celebi
|-resisted|p1a: Celebi
|-damage|p1a: Celebi|47/100
|
|-weather|Sandstorm|[upkeep]
|-damage|p1a: Celebi|41/100|[from] Sandstorm
|-damage|p2a: Zapdos|94/100|[from] Sandstorm
|-heal|p1a: Celebi|47/100|[from] item: Leftovers
|-heal|p2a: Zapdos|100/100|[from] item: Leftovers
|upkeep
|turn|8
|
|t:|1729271119
|move|p1a: Celebi|Leech Seed|p2a: Zapdos
|-start|p2a: Zapdos|move: Leech Seed
|move|p2a: Zapdos|Toxic|p1a: Celebi
|-status|p1a: Celebi|tox
|
|-weather|Sandstorm|[upkeep]
|-damage|p1a: Celebi|41/100 tox|[from] Sandstorm
|-damage|p2a: Zapdos|94/100|[from] Sandstorm
|-heal|p1a: Celebi|47/100 tox|[from] item: Leftovers
|-damage|p1a: Celebi|41/100 tox|[from] psn
|-heal|p2a: Zapdos|100/100|[from] item: Leftovers
|-damage|p2a: Zapdos|88/100|[from] Leech Seed|[of] p1a: Celebi
|-heal|p1a: Celebi|54/100 tox|[silent]
|upkeep
|turn|9
|inactive|wwwmonmon has 270 seconds left.
|inactive|Venik777 has 270 seconds left.
|
|t:|1729271161
|switch|p2a: Dugtrio|Dugtrio, F, shiny|100/100
|move|p1a: Celebi|Leech Seed|p2a: Dugtrio
|-start|p2a: Dugtrio|move: Leech Seed
|
|-weather|Sandstorm|[upkeep]
|-damage|p1a: Celebi|47/100 tox|[from] Sandstorm
|-damage|p2a: Dugtrio|88/100|[from] Leech Seed|[of] p1a: Celebi
|-heal|p1a: Celebi|54/100 tox|[silent]
|-heal|p1a: Celebi|60/100 tox|[from] item: Leftovers
|-damage|p1a: Celebi|48/100 tox|[from] psn
|upkeep
|turn|10
|
|t:|1729271169
|move|p2a: Dugtrio|Hidden Power|p1a: Celebi
|-supereffective|p1a: Celebi
|-damage|p1a: Celebi|0 fnt
|faint|p1a: Celebi
|
|t:|1729271172
|switch|p1a: Skarmory|Skarmory, M|100/100
|
|-weather|Sandstorm|[upkeep]
|-damage|p2a: Dugtrio|76/100|[from] Leech Seed|[of] p1a: Skarmory
|upkeep
|turn|11
|
|t:|1729271177
|switch|p2a: Zapdos|Zapdos|88/100
|move|p1a: Skarmory|Spikes|p2a: Zapdos
|-sidestart|p2: Venik777|Spikes
|
|-weather|Sandstorm|[upkeep]
|-damage|p2a: Zapdos|82/100|[from] Sandstorm
|-heal|p2a: Zapdos|88/100|[from] item: Leftovers
|upkeep
|turn|12
|
|t:|1729271181
|move|p1a: Skarmory|Protect|p1a: Skarmory
|-singleturn|p1a: Skarmory|Protect
|move|p2a: Zapdos|Thunderbolt|p1a: Skarmory
|-activate|p1a: Skarmory|Protect
|
|-weather|Sandstorm|[upkeep]
|-damage|p2a: Zapdos|82/100|[from] Sandstorm
|-heal|p2a: Zapdos|88/100|[from] item: Leftovers
|upkeep
|turn|13
|
|t:|1729271191
|switch|p1a: Swampert|Swampert, F|100/100
|move|p2a: Zapdos|Thunderbolt|p1a: Swampert
|-immune|p1a: Swampert
|
|-weather|Sandstorm|[upkeep]
|-damage|p2a: Zapdos|82/100|[from] Sandstorm
|-heal|p2a: Zapdos|88/100|[from] item: Leftovers
|upkeep
|turn|14
|
|t:|1729271207
|switch|p1a: Gengar|Gengar, F|100/100
|move|p2a: Zapdos|Hidden Power|p1a: Gengar
|-resisted|p1a: Gengar
|-damage|p1a: Gengar|88/100
|
|-weather|Sandstorm|[upkeep]
|-damage|p1a: Gengar|82/100|[from] Sandstorm
|-damage|p2a: Zapdos|82/100|[from] Sandstorm
|-heal|p1a: Gengar|88/100|[from] item: Leftovers
|-heal|p2a: Zapdos|88/100|[from] item: Leftovers
|upkeep
|turn|15
|
|t:|1729271220
|switch|p2a: Swampert|Swampert, M|88/100
|-damage|p2a: Swampert|76/100|[from] Spikes
|move|p1a: Gengar|Will-O-Wisp|p2a: Swampert|[miss]
|-miss|p1a: Gengar|p2a: Swampert
|
|-weather|Sandstorm|[upkeep]
|-damage|p1a: Gengar|82/100|[from] Sandstorm
|-heal|p1a: Gengar|88/100|[from] item: Leftovers
|-heal|p2a: Swampert|82/100|[from] item: Leftovers
|upkeep
|turn|16
|
|t:|1729271227
|move|p1a: Gengar|Will-O-Wisp|p2a: Swampert
|-status|p2a: Swampert|brn
|move|p2a: Swampert|Surf|p1a: Gengar
|-damage|p1a: Gengar|56/100
|
|-weather|Sandstorm|[upkeep]
|-damage|p1a: Gengar|50/100|[from] Sandstorm
|-heal|p1a: Gengar|56/100|[from] item: Leftovers
|-heal|p2a: Swampert|88/100 brn|[from] item: Leftovers
|-damage|p2a: Swampert|76/100 brn|[from] brn
|upkeep
|turn|17
|
|t:|1729271237
|switch|p1a: Skarmory|Skarmory, M|100/100
|move|p2a: Swampert|Toxic|p1a: Skarmory
|-immune|p1a: Skarmory
|
|-weather|Sandstorm|[upkeep]
|-heal|p2a: Swampert|82/100 brn|[from] item: Leftovers
|-damage|p2a: Swampert|70/100 brn|[from] brn
|upkeep
|turn|18
|
|t:|1729271245
|move|p1a: Skarmory|Spikes|p2a: Swampert
|-sidestart|p2: Venik777|Spikes
|move|p2a: Swampert|Refresh|p2a: Swampert
|-curestatus|p2a: Swampert|brn|[msg]
|
|-weather|Sandstorm|[upkeep]
|-heal|p2a: Swampert|76/100|[from] item: Leftovers
|upkeep
|turn|19
|
|t:|1729271250
|move|p1a: Skarmory|Spikes|p2a: Swampert
|-sidestart|p2: Venik777|Spikes
|move|p2a: Swampert|Surf|p1a: Skarmory
|-damage|p1a: Skarmory|72/100
|
|-weather|Sandstorm|[upkeep]
|-heal|p1a: Skarmory|78/100|[from] item: Leftovers
|-heal|p2a: Swampert|82/100|[from] item: Leftovers
|upkeep
|turn|20
|
|t:|1729271254
|move|p2a: Swampert|Surf|p1a: Skarmory
|-crit|p1a: Skarmory
|-damage|p1a: Skarmory|22/100
|move|p1a: Skarmory|Roar|p2a: Swampert
|drag|p2a: Tyranitar|Tyranitar, M|100/100
|-damage|p2a: Tyranitar|76/100|[from] Spikes
|
|-weather|Sandstorm|[upkeep]
|-heal|p1a: Skarmory|28/100|[from] item: Leftovers
|upkeep
|turn|21
|
|t:|1729271270
|-singleturn|p2a: Tyranitar|move: Focus Punch
|move|p2a: Tyranitar|Focus Punch|p1a: Skarmory
|-damage|p1a: Skarmory|0 fnt
|faint|p1a: Skarmory
|
|t:|1729271275
|switch|p1a: Swampert|Swampert, F|100/100
|
|-weather|Sandstorm|[upkeep]
|upkeep
|turn|22
|
|t:|1729271282
|switch|p2a: Swampert|Swampert, M|82/100
|-damage|p2a: Swampert|57/100|[from] Spikes
|move|p1a: Swampert|Hydro Pump|p2a: Swampert
|-crit|p2a: Swampert
|-damage|p2a: Swampert|0 fnt
|faint|p2a: Swampert
|inactive|Venik777 has 270 seconds left.
|
|t:|1729271323
|switch|p2a: Zapdos|Zapdos|88/100
|
|-weather|Sandstorm|[upkeep]
|-damage|p2a: Zapdos|82/100|[from] Sandstorm
|-heal|p2a: Zapdos|88/100|[from] item: Leftovers
|upkeep
|turn|23
|
|t:|1729271339
|move|p2a: Zapdos|Thunderbolt|p1a: Swampert
|-immune|p1a: Swampert
|move|p1a: Swampert|Ice Beam|p2a: Zapdos
|-supereffective|p2a: Zapdos
|-damage|p2a: Zapdos|51/100
|
|-weather|Sandstorm|[upkeep]
|-damage|p2a: Zapdos|45/100|[from] Sandstorm
|-heal|p2a: Zapdos|51/100|[from] item: Leftovers
|upkeep
|turn|24
|inactive|Venik777 has 270 seconds left.
|
|t:|1729271346
|switch|p1a: Gengar|Gengar, F|56/100
|move|p2a: Zapdos|Hidden Power|p1a: Gengar
|-resisted|p1a: Gengar
|-damage|p1a: Gengar|43/100
|
|-weather|Sandstorm|[upkeep]
|-damage|p1a: Gengar|37/100|[from] Sandstorm
|-damage|p2a: Zapdos|45/100|[from] Sandstorm
|-heal|p1a: Gengar|43/100|[from] item: Leftovers
|-heal|p2a: Zapdos|51/100|[from] item: Leftovers
|upkeep
|turn|25
|inactive|Venik777 has 270 seconds left.
|
|t:|1729271373
|switch|p2a: Heracross|Heracross, F|100/100
|-damage|p2a: Heracross|75/100|[from] Spikes
|move|p1a: Gengar|Ice Punch|p2a: Heracross
|-damage|p2a: Heracross|54/100
|-status|p2a: Heracross|frz
|
|-weather|Sandstorm|[upkeep]
|-damage|p1a: Gengar|37/100|[from] Sandstorm
|-damage|p2a: Heracross|48/100 frz|[from] Sandstorm
|-heal|p1a: Gengar|43/100|[from] item: Leftovers
|-heal|p2a: Heracross|54/100 frz|[from] item: Leftovers
|upkeep
|turn|26
|
|t:|1729271385
|move|p1a: Gengar|Thunderbolt|p2a: Heracross
|-damage|p2a: Heracross|28/100 frz
|cant|p2a: Heracross|frz
|
|-weather|Sandstorm|[upkeep]
|-damage|p1a: Gengar|37/100|[from] Sandstorm
|-damage|p2a: Heracross|22/100 frz|[from] Sandstorm
|-heal|p1a: Gengar|43/100|[from] item: Leftovers
|-heal|p2a: Heracross|28/100 frz|[from] item: Leftovers
|upkeep
|turn|27
|
|t:|1729271389
|move|p1a: Gengar|Thunderbolt|p2a: Heracross
|-damage|p2a: Heracross|0 fnt
|faint|p2a: Heracross
|
|t:|1729271397
|switch|p2a: Dugtrio|Dugtrio, F, shiny|76/100
|-damage|p2a: Dugtrio|51/100|[from] Spikes
|
|-weather|Sandstorm|[upkeep]
|-damage|p1a: Gengar|37/100|[from] Sandstorm
|-heal|p1a: Gengar|43/100|[from] item: Leftovers
|upkeep
|turn|28
|inactive|Venik777 has 270 seconds left.
|
|t:|1729271410
|move|p2a: Dugtrio|Rock Slide|p1a: Gengar
|-crit|p1a: Gengar
|-damage|p1a: Gengar|0 fnt
|faint|p1a: Gengar
|
|t:|1729271412
|switch|p1a: Swampert|Swampert, F|100/100
|
|-weather|Sandstorm|[upkeep]
|upkeep
|turn|29
|inactive|Venik777 has 270 seconds left.
|
|t:|1729271427
|switch|p2a: Tyranitar|Tyranitar, M|76/100
|-damage|p2a: Tyranitar|51/100|[from] Spikes
|move|p1a: Swampert|Hydro Pump|p2a: Tyranitar
|-supereffective|p2a: Tyranitar
|-damage|p2a: Tyranitar|0 fnt
|faint|p2a: Tyranitar
|inactive|Venik777 has 270 seconds left.
|
|t:|1729271434
|switch|p2a: Zapdos|Zapdos|51/100
|
|-weather|Sandstorm|[upkeep]
|-damage|p2a: Zapdos|45/100|[from] Sandstorm
|-heal|p2a: Zapdos|51/100|[from] item: Leftovers
|upkeep
|turn|30
|inactive|Venik777 has 270 seconds left.
|inactive|Venik777 has 240 seconds left.
|
|t:|1729271474
|move|p2a: Zapdos|Toxic|p1a: Swampert
|-status|p1a: Swampert|tox
|move|p1a: Swampert|Ice Beam|p2a: Zapdos
|-supereffective|p2a: Zapdos
|-damage|p2a: Zapdos|14/100
|
|-weather|Sandstorm|[upkeep]
|-damage|p2a: Zapdos|8/100|[from] Sandstorm
|-heal|p2a: Zapdos|14/100|[from] item: Leftovers
|-damage|p1a: Swampert|94/100 tox|[from] psn
|upkeep
|turn|31
|
|t:|1729271481
|move|p2a: Zapdos|Rest|p2a: Zapdos
|-status|p2a: Zapdos|slp|[from] move: Rest
|-heal|p2a: Zapdos|100/100 slp|[silent]
|move|p1a: Swampert|Ice Beam|p2a: Zapdos
|-supereffective|p2a: Zapdos
|-damage|p2a: Zapdos|64/100 slp
|
|-weather|Sandstorm|[upkeep]
|-damage|p2a: Zapdos|58/100 slp|[from] Sandstorm
|-heal|p2a: Zapdos|64/100 slp|[from] item: Leftovers
|-heal|p1a: Swampert|100/100 tox|[from] item: Leftovers
|-damage|p1a: Swampert|88/100 tox|[from] psn
|upkeep
|turn|32
|
|t:|1729271498
|switch|p1a: Aerodactyl|Aerodactyl, M|100/100
|cant|p2a: Zapdos|slp
|
|-weather|Sandstorm|[upkeep]
|-damage|p2a: Zapdos|58/100 slp|[from] Sandstorm
|-heal|p2a: Zapdos|64/100 slp|[from] item: Leftovers
|upkeep
|turn|33
|inactive|Venik777 has 240 seconds left.
|inactive|Venik777 has 210 seconds left.
|
|t:|1729271571
|switch|p2a: Dugtrio|Dugtrio, F, shiny|51/100
|-damage|p2a: Dugtrio|27/100|[from] Spikes
|move|p1a: Aerodactyl|Rock Slide|p2a: Dugtrio
|-resisted|p2a: Dugtrio
|-damage|p2a: Dugtrio|0 fnt
|faint|p2a: Dugtrio
|
|t:|1729271577
|switch|p2a: Aerodactyl|Aerodactyl, M|100/100
|
|-weather|Sandstorm|[upkeep]
|upkeep
|turn|34
|
|t:|1729271584
|switch|p1a: Swampert|Swampert, F|88/100 tox
|move|p2a: Aerodactyl|Double-Edge|p1a: Swampert
|-damage|p1a: Swampert|35/100 tox
|
|-weather|Sandstorm|[upkeep]
|-heal|p1a: Swampert|41/100 tox|[from] item: Leftovers
|-damage|p1a: Swampert|35/100 tox|[from] psn
|upkeep
|turn|35
|
|t:|1729271596
|move|p2a: Aerodactyl|Double-Edge|p1a: Swampert
|-damage|p1a: Swampert|0 fnt
|faint|p1a: Swampert
|
|t:|1729271598
|switch|p1a: Aerodactyl|Aerodactyl, M|100/100
|
|-weather|Sandstorm|[upkeep]
|upkeep
|turn|36
|
|t:|1729271607
|switch|p2a: Zapdos|Zapdos|64/100 slp
|move|p1a: Aerodactyl|Rock Slide|p2a: Zapdos
|-supereffective|p2a: Zapdos
|-damage|p2a: Zapdos|0 fnt
|faint|p2a: Zapdos
|
|t:|1729271611
|switch|p2a: Aerodactyl|Aerodactyl, M|100/100
|
|-weather|Sandstorm|[upkeep]
|upkeep
|turn|37
|
|t:|1729271613
|move|p1a: Aerodactyl|Rock Slide|p2a: Aerodactyl
|-supereffective|p2a: Aerodactyl
|-damage|p2a: Aerodactyl|0 fnt
|faint|p2a: Aerodactyl
|
|win|wwwmonmon
|c|☆Venik777|Gg
|c|☆wwwmonmon|Gg

</script>
<script type="application/json" class="data" id="replaydata-smogtours-gen3ou-799553">
{"id":"smogtours-gen3ou-799553","format":"[Gen 3] OU","players":["wwwmonmon","Venik777"],"uploadtime":1729271613,"views":87,"formatid":"gen3ou","rating":null,"private":0,"password":null}
</script>

<script defer src="js/replays.js?9d40a366"></script>
