<!DOCTYPE html>
<meta charset="utf-8" />
<meta name="viewport" content="width=device-width" />

<title>[Gen 3] OU: leoperi99 vs. DiegoIn - Replays - Pok&eacute;mon Showdown!</title>

<meta name="description" content="Watch a replay of a Pok&eacute;mon battle between leoperi99 and DiegoIn! Format: [Gen 3] OU; Date: Oct 26, 2024" />
<!--

Hey, you! Looking in the source for the replay log?

You can find them in JSON format, just add `.json` at the end of a replay URL.

https://replay.pokemonshowdown.com/gen7randomdoublesbattle-865046831.json

Or, if you only need the log itself, add `.log` instead:

https://replay.pokemonshowdown.com/gen7randomdoublesbattle-865046831.log

-->

<link rel="stylesheet" href="//pokemonshowdown.com/style/global.css?0.023195364461161105" />
<link rel="stylesheet" href="//play.pokemonshowdown.com/style/font-awesome.css?0.13261647063804238" />
<link rel="stylesheet" href="//play.pokemonshowdown.com/style/battle.css?0.8753245789963631" />
<link rel="stylesheet" href="//play.pokemonshowdown.com/style/utilichart.css?0.8627959624976733" />

<!-- Global site tag (gtag.js) - Google Analytics -->
<script async src="https://www.googletagmanager.com/gtag/js?id=UA-26211653-1"></script>
<script>
  window.dataLayer = window.dataLayer || [];
  function gtag(){dataLayer.push(arguments);}
  gtag('js', new Date());

  gtag('config', 'UA-26211653-1');
</script>
<!-- End Google Analytics -->
<!-- Venatus Ad Manager - Install in <HEAD> of page -->
	<script src="https://hb.vntsm.com/v3/live/ad-manager.min.js" type="text/javascript" data-site-id="642aba63ec9a7b11c3c9c1be" data-mode="scan" async></script>
<!-- / Venatus Ad Manager -->

<style>
	@media (max-width:820px) {
		.battle {
			margin: 0 auto;
		}
		.battle-log {
			margin: 7px auto 0;
			max-width: 640px;
			height: 300px;
			position: static;
		}
	}
	.optgroup {
		display: inline-block;
		line-height: 22px;
		font-size: 10pt;
	}
	.optgroup .button {
		height: 25px;
		padding-top: 0;
		padding-bottom: 0;
	}
	.optgroup button.button {
		padding-left: 12px;
		padding-right: 12px;
	}
	.linklist {
		list-style: none;
		margin: 0.5em 0;
		padding: 0;
	}
	.linklist li {
		padding: 2px 0;
	}
	.sidebar {
		float: left;
		width: 320px;
	}
	.bar-wrapper {
		max-width: 1100px;
		margin: 0 auto;
	}
	.bar-wrapper.has-sidebar {
		max-width: 1430px;
	}
	.mainbar {
		margin: 0;
		padding-right: 1px;
	}
	.mainbar.has-sidebar {
		margin-left: 330px;
	}
	@media (min-width: 1511px) {
		.sidebar {
			width: 400px;
		}
		.bar-wrapper.has-sidebar {
			max-width: 1510px;
		}
		.mainbar.has-sidebar {
			margin-left: 410px;
		}
	}
	.section.first-section {
		margin-top: 9px;
	}
	.blocklink small {
		white-space: normal;
	}
	.button {
		vertical-align: middle;
	}
	.replay-controls {
		padding-top: 10px;
	}
	.replay-controls h1 {
		font-size: 16pt;
		font-weight: normal;
		color: #CCC;
	}
	.pagelink {
		text-align: center;
	}
	.pagelink a {
		width: 150px;
	}
	.textbox, .button {
		font-size: 11pt;
		vertical-align: middle;
	}
	@media (max-width: 450px) {
		.button {
			font-size: 9pt;
		}
	}
</style>

<div>

	<header>
		<div class="nav-wrapper"><ul class="nav">
			<li><a class="button nav-first" href="//pokemonshowdown.com/"><img src="//pokemonshowdown.com/images/pokemonshowdownbeta.png" srcset="//pokemonshowdown.com/images/pokemonshowdownbeta.png 1x, //pokemonshowdown.com/images/pokemonshowdownbeta@2x.png 2x" alt="Pok&eacute;mon Showdown" width="146" height="44" /> Home</a></li>
			<li><a class="button" href="//pokemonshowdown.com/dex/">Pok&eacute;dex</a></li>
			<li><a class="button cur" href="/">Replays</a></li>
			<li><a class="button" href="//pokemonshowdown.com/ladder/">Ladder</a></li>
			<li><a class="button nav-last" href="//pokemonshowdown.com/forums/">Forum</a></li>
			<li><a class="button greenbutton nav-first nav-last" href="//play.pokemonshowdown.com/">Play</a></li>
		</ul></div>
	</header>

	<div class="main" id="main">

		<noscript><section class="section">You need to enable JavaScript to use this page; sorry!</section></noscript>

	</div>

</div>

<script defer nomodule src="//play.pokemonshowdown.com/js/lib/ps-polyfill.js"></script>
<script defer src="//play.pokemonshowdown.com/js/lib/preact.min.js"></script>

<script defer src="//play.pokemonshowdown.com/config/config.js?2bddbc15"></script>
<script defer src="//play.pokemonshowdown.com/js/lib/jquery-1.11.0.min.js"></script>
<script defer src="//play.pokemonshowdown.com/js/lib/html-sanitizer-minified.js"></script>
<script defer src="//play.pokemonshowdown.com/js/battle-sound.js"></script>
<script defer src="//play.pokemonshowdown.com/js/battledata.js?0.7209276989879541"></script>
<script defer src="//play.pokemonshowdown.com/data/pokedex-mini.js?0.6111056340867951"></script>
<script defer src="//play.pokemonshowdown.com/data/pokedex-mini-bw.js?0.3532142036491459"></script>
<script defer src="//play.pokemonshowdown.com/data/graphics.js?0.24223875632456182"></script>
<script defer src="//play.pokemonshowdown.com/data/pokedex.js?0.38839984266356864"></script>
<script defer src="//play.pokemonshowdown.com/data/moves.js?0.21866028504024015"></script>
<script defer src="//play.pokemonshowdown.com/data/abilities.js?0.2005157953846628"></script>
<script defer src="//play.pokemonshowdown.com/data/items.js?0.9894211263848525"></script>
<script defer src="//play.pokemonshowdown.com/data/teambuilder-tables.js?0.6008791140282215"></script>
<script defer src="//play.pokemonshowdown.com/js/battle-tooltips.js?0.7580118955022959"></script>
<script defer src="//play.pokemonshowdown.com/js/battle.js?0.6057722274234274"></script>

<script defer src="js/utils.js?e31f9a17"></script>
<script defer src="js/replays-battle.js?7008c182"></script>

<!-- don't scrape this data! just add .json or .log after the URL!
Full API docs: https://github.com/smogon/pokemon-showdown-client/blob/master/WEB-API.md -->
<script type="text/plain" class="log" id="replaylog-smogtours-gen3ou-802003">
|inactive|Battle timer is ON: inactive players will automatically lose when time's up.
|t:|1729901826
|gametype|singles
|player|p1|leoperi99|hala|
|player|p2|DiegoIn|ethan|
|teamsize|p1|6
|teamsize|p2|6
|gen|3
|tier|[Gen 3] OU
|rule|Sleep Clause Mod: Limit one foe put to sleep
|rule|Switch Priority Clause Mod: Faster Pokémon switch first
|rule|Species Clause: Limit one of each Pokémon
|rule|OHKO Clause: OHKO moves are banned
|rule|Evasion Items Clause: Evasion items are banned
|rule|Evasion Moves Clause: Evasion moves are banned
|rule|Endless Battle Clause: Forcing endless battles is banned
|rule|HP Percentage Mod: HP is shown in percentages
|rule|One Boost Passer Clause: Limit one Baton Passer that has a way to boost its stats
|rule|Freeze Clause Mod: Limit one foe frozen
|
|t:|1729901826
|start
|switch|p1a: Skarmory|Skarmory, F|100/100
|switch|p2a: CHRIS|Swampert, M, shiny|100/100
|turn|1
|
|t:|1729901832
|switch|p2a: IKE|Magneton|100/100
|move|p1a: Skarmory|Spikes|p2a: IKE
|-sidestart|p2: DiegoIn|Spikes
|
|upkeep
|turn|2
|
|t:|1729901839
|move|p2a: IKE|Thunderbolt|p1a: Skarmory
|-supereffective|p1a: Skarmory
|-damage|p1a: Skarmory|10/100
|move|p1a: Skarmory|Spikes|p2a: IKE
|-sidestart|p2: DiegoIn|Spikes
|
|-heal|p1a: Skarmory|16/100|[from] item: Leftovers
|upkeep
|turn|3
|
|t:|1729901844
|move|p2a: IKE|Thunderbolt|p1a: Skarmory
|-supereffective|p1a: Skarmory
|-damage|p1a: Skarmory|0 fnt
|faint|p1a: Skarmory
|
|t:|1729901866
|switch|p1a: Moltres|Moltres|100/100
|
|upkeep
|turn|4
|inactive|DiegoIn has 270 seconds left.
|
|t:|1729901902
|move|p1a: Moltres|Flamethrower|p2a: IKE
|-supereffective|p2a: IKE
|-damage|p2a: IKE|0 fnt
|faint|p2a: IKE
|
|t:|1729901909
|switch|p2a: RICH|Tyranitar, M|100/100
|-damage|p2a: RICH|84/100|[from] Spikes
|-weather|Sandstorm|[from] ability: Sand Stream|[of] p2a: RICH
|
|-weather|Sandstorm|[upkeep]
|-damage|p1a: Moltres|94/100|[from] Sandstorm
|-heal|p1a: Moltres|100/100|[from] item: Leftovers
|-heal|p2a: RICH|90/100|[from] item: Leftovers
|upkeep
|turn|5
|
|t:|1729901912
|switch|p1a: Flygon|Flygon, F|100/100
|move|p2a: RICH|Thunder Wave|p1a: Flygon
|-immune|p1a: Flygon
|
|-weather|Sandstorm|[upkeep]
|-heal|p2a: RICH|96/100|[from] item: Leftovers
|upkeep
|turn|6
|
|t:|1729901916
|move|p1a: Flygon|Protect|p1a: Flygon
|-singleturn|p1a: Flygon|Protect
|move|p2a: RICH|Ice Beam|p1a: Flygon
|-activate|p1a: Flygon|Protect
|
|-weather|Sandstorm|[upkeep]
|-heal|p2a: RICH|100/100|[from] item: Leftovers
|upkeep
|turn|7
|
|t:|1729901928
|switch|p1a: Blissey|Blissey, F|100/100
|move|p2a: RICH|Ice Beam|p1a: Blissey
|-damage|p1a: Blissey|89/100
|
|-weather|Sandstorm|[upkeep]
|-damage|p1a: Blissey|82/100|[from] Sandstorm
|-heal|p1a: Blissey|89/100|[from] item: Leftovers
|upkeep
|turn|8
|
|t:|1729901937
|switch|p2a: Celebi|Celebi|100/100
|-damage|p2a: Celebi|84/100|[from] Spikes
|move|p1a: Blissey|Ice Beam|p2a: Celebi
|-supereffective|p2a: Celebi
|-damage|p2a: Celebi|48/100
|
|-weather|Sandstorm|[upkeep]
|-damage|p2a: Celebi|42/100|[from] Sandstorm
|-damage|p1a: Blissey|82/100|[from] Sandstorm
|-heal|p2a: Celebi|48/100|[from] item: Leftovers
|-heal|p1a: Blissey|89/100|[from] item: Leftovers
|upkeep
|turn|9
|
|t:|1729901944
|switch|p1a: Moltres|Moltres|100/100
|move|p2a: Celebi|Leech Seed|p1a: Moltres
|-start|p1a: Moltres|move: Leech Seed
|
|-weather|Sandstorm|[upkeep]
|-damage|p1a: Moltres|94/100|[from] Sandstorm
|-damage|p2a: Celebi|42/100|[from] Sandstorm
|-heal|p1a: Moltres|100/100|[from] item: Leftovers
|-damage|p1a: Moltres|88/100|[from] Leech Seed|[of] p2a: Celebi
|-heal|p2a: Celebi|52/100|[silent]
|-heal|p2a: Celebi|58/100|[from] item: Leftovers
|upkeep
|turn|10
|
|t:|1729901950
|switch|p2a: CHRIS|Swampert, M, shiny|100/100
|-damage|p2a: CHRIS|84/100|[from] Spikes
|move|p1a: Moltres|Will-O-Wisp|p2a: CHRIS|[miss]
|-miss|p1a: Moltres|p2a: CHRIS
|
|-weather|Sandstorm|[upkeep]
|-damage|p1a: Moltres|82/100|[from] Sandstorm
|-heal|p1a: Moltres|88/100|[from] item: Leftovers
|-damage|p1a: Moltres|76/100|[from] Leech Seed|[of] p2a: CHRIS
|-heal|p2a: CHRIS|94/100|[silent]
|-heal|p2a: CHRIS|99/100|[from] item: Leftovers
|upkeep
|turn|11
|
|t:|1729901963
|switch|p1a: Misdreavus|Misdreavus, F|100/100
|move|p2a: CHRIS|Curse|p2a: CHRIS
|-unboost|p2a: CHRIS|spe|1
|-boost|p2a: CHRIS|atk|1
|-boost|p2a: CHRIS|def|1
|
|-weather|Sandstorm|[upkeep]
|-damage|p1a: Misdreavus|94/100|[from] Sandstorm
|-heal|p1a: Misdreavus|100/100|[from] item: Leftovers
|-heal|p2a: CHRIS|100/100|[from] item: Leftovers
|upkeep
|turn|12
|
|t:|1729901985
|switch|p2a: NERO|Metagross|100/100
|-damage|p2a: NERO|84/100|[from] Spikes
|move|p1a: Misdreavus|Mean Look|p2a: NERO
|-activate|p2a: NERO|trapped
|
|-weather|Sandstorm|[upkeep]
|-damage|p1a: Misdreavus|94/100|[from] Sandstorm
|-heal|p1a: Misdreavus|100/100|[from] item: Leftovers
|upkeep
|turn|13
|
|t:|1729901996
|move|p1a: Misdreavus|Protect|p1a: Misdreavus
|-singleturn|p1a: Misdreavus|Protect
|move|p2a: NERO|Meteor Mash|p1a: Misdreavus
|-activate|p1a: Misdreavus|Protect
|
|-weather|Sandstorm|[upkeep]
|-damage|p1a: Misdreavus|94/100|[from] Sandstorm
|-heal|p1a: Misdreavus|100/100|[from] item: Leftovers
|upkeep
|turn|14
|
|t:|1729902002
|switch|p1a: Zapdos|Zapdos|100/100
|move|p2a: NERO|Meteor Mash|p1a: Zapdos
|-resisted|p1a: Zapdos
|-damage|p1a: Zapdos|68/100
|-boost|p2a: NERO|atk|1
|
|-weather|Sandstorm|[upkeep]
|-damage|p1a: Zapdos|62/100|[from] Sandstorm
|-heal|p1a: Zapdos|68/100|[from] item: Leftovers
|upkeep
|turn|15
|
|t:|1729902017
|move|p1a: Zapdos|Sunny Day|p1a: Zapdos
|-weather|SunnyDay
|move|p2a: NERO|Explosion|p1a: Zapdos
|-damage|p1a: Zapdos|0 fnt
|faint|p2a: NERO
|faint|p1a: Zapdos
|
|t:|1729902024
|switch|p1a: Blissey|Blissey, F|89/100
|switch|p2a: CLOUD|Aerodactyl, M|100/100
|
|-weather|SunnyDay|[upkeep]
|-heal|p1a: Blissey|95/100|[from] item: Leftovers
|upkeep
|turn|16
|
|t:|1729902043
|switch|p2a: CHRIS|Swampert, M, shiny|100/100
|-damage|p2a: CHRIS|84/100|[from] Spikes
|move|p1a: Blissey|Ice Beam|p2a: CHRIS
|-damage|p2a: CHRIS|61/100
|
|-weather|SunnyDay|[upkeep]
|-heal|p1a: Blissey|100/100|[from] item: Leftovers
|-heal|p2a: CHRIS|67/100|[from] item: Leftovers
|upkeep
|turn|17
|
|t:|1729902058
|switch|p2a: RICH|Tyranitar, M|100/100
|-damage|p2a: RICH|84/100|[from] Spikes
|-weather|Sandstorm|[from] ability: Sand Stream|[of] p2a: RICH
|move|p1a: Blissey|Wish|p1a: Blissey
|
|-weather|Sandstorm|[upkeep]
|-damage|p1a: Blissey|94/100|[from] Sandstorm
|-heal|p1a: Blissey|100/100|[from] item: Leftovers
|-heal|p2a: RICH|90/100|[from] item: Leftovers
|upkeep
|turn|18
|
|t:|1729902069
|move|p1a: Blissey|Ice Beam|p2a: RICH
|-damage|p2a: RICH|70/100
|move|p2a: RICH|Thunder Wave|p1a: Blissey
|-status|p1a: Blissey|par
|
|-weather|Sandstorm|[upkeep]
|-damage|p1a: Blissey|94/100 par|[from] Sandstorm
|-heal|p2a: RICH|76/100|[from] item: Leftovers
|-heal|p1a: Blissey|100/100 par|[from] item: Leftovers
|upkeep
|turn|19
|
|t:|1729902079
|switch|p2a: CHRIS|Swampert, M, shiny|67/100
|-damage|p2a: CHRIS|51/100|[from] Spikes
|move|p1a: Blissey|Ice Beam|p2a: CHRIS
|-damage|p2a: CHRIS|29/100
|
|-weather|Sandstorm|[upkeep]
|-damage|p1a: Blissey|94/100 par|[from] Sandstorm
|-heal|p2a: CHRIS|36/100|[from] item: Leftovers
|-heal|p1a: Blissey|100/100 par|[from] item: Leftovers
|upkeep
|turn|20
|
|t:|1729902086
|-curestatus|p1a: Blissey|par|[from] ability: Natural Cure
|switch|p1a: Misdreavus|Misdreavus, F|100/100
|move|p2a: CHRIS|Hydro Pump|p1a: Misdreavus
|-damage|p1a: Misdreavus|59/100
|
|-weather|Sandstorm|[upkeep]
|-damage|p1a: Misdreavus|53/100|[from] Sandstorm
|-heal|p1a: Misdreavus|59/100|[from] item: Leftovers
|-heal|p2a: CHRIS|42/100|[from] item: Leftovers
|upkeep
|turn|21
|
|t:|1729902091
|switch|p1a: Blissey|Blissey, F|100/100
|move|p2a: CHRIS|Hydro Pump|p1a: Blissey
|-damage|p1a: Blissey|81/100
|
|-weather|Sandstorm|[upkeep]
|-damage|p1a: Blissey|75/100|[from] Sandstorm
|-heal|p1a: Blissey|81/100|[from] item: Leftovers
|-heal|p2a: CHRIS|48/100|[from] item: Leftovers
|upkeep
|turn|22
|
|t:|1729902095
|move|p1a: Blissey|Wish|p1a: Blissey
|move|p2a: CHRIS|Curse|p2a: CHRIS
|-unboost|p2a: CHRIS|spe|1
|-boost|p2a: CHRIS|atk|1
|-boost|p2a: CHRIS|def|1
|
|-weather|Sandstorm|[upkeep]
|-damage|p1a: Blissey|75/100|[from] Sandstorm
|-heal|p1a: Blissey|81/100|[from] item: Leftovers
|-heal|p2a: CHRIS|54/100|[from] item: Leftovers
|upkeep
|turn|23
|
|t:|1729902099
|switch|p1a: Moltres|Moltres|76/100
|move|p2a: CHRIS|Earthquake|p1a: Moltres
|-immune|p1a: Moltres
|
|-heal|p1a: Moltres|100/100|[from] move: Wish|[wisher] Blissey
|-weather|Sandstorm|[upkeep]
|-damage|p1a: Moltres|94/100|[from] Sandstorm
|-heal|p1a: Moltres|100/100|[from] item: Leftovers
|-heal|p2a: CHRIS|60/100|[from] item: Leftovers
|upkeep
|turn|24
|
|t:|1729902102
|move|p1a: Moltres|Hidden Power|p2a: CHRIS
|-supereffective|p2a: CHRIS
|-damage|p2a: CHRIS|0 fnt
|faint|p2a: CHRIS
|
|t:|1729902107
|switch|p2a: CLOUD|Aerodactyl, M|100/100
|
|-weather|Sandstorm|[upkeep]
|-damage|p1a: Moltres|94/100|[from] Sandstorm
|-heal|p1a: Moltres|100/100|[from] item: Leftovers
|upkeep
|turn|25
|
|t:|1729902111
|switch|p2a: RICH|Tyranitar, M|76/100
|-damage|p2a: RICH|59/100|[from] Spikes
|switch|p1a: Misdreavus|Misdreavus, F|59/100
|
|-weather|Sandstorm|[upkeep]
|-damage|p1a: Misdreavus|53/100|[from] Sandstorm
|-heal|p1a: Misdreavus|59/100|[from] item: Leftovers
|-heal|p2a: RICH|65/100|[from] item: Leftovers
|upkeep
|turn|26
|
|t:|1729902117
|move|p1a: Misdreavus|Protect|p1a: Misdreavus
|-singleturn|p1a: Misdreavus|Protect
|move|p2a: RICH|Pursuit|p1a: Misdreavus
|-activate|p1a: Misdreavus|Protect
|
|-weather|Sandstorm|[upkeep]
|-damage|p1a: Misdreavus|53/100|[from] Sandstorm
|-heal|p1a: Misdreavus|59/100|[from] item: Leftovers
|-heal|p2a: RICH|72/100|[from] item: Leftovers
|upkeep
|turn|27
|
|t:|1729902122
|move|p1a: Misdreavus|Perish Song|p1a: Misdreavus
|-start|p1a: Misdreavus|perish3|[silent]
|-start|p2a: RICH|perish3|[silent]
|-fieldactivate|move: Perish Song
|move|p2a: RICH|Pursuit|p1a: Misdreavus
|-supereffective|p1a: Misdreavus
|-damage|p1a: Misdreavus|25/100
|
|-weather|Sandstorm|[upkeep]
|-damage|p1a: Misdreavus|19/100|[from] Sandstorm
|-heal|p1a: Misdreavus|25/100|[from] item: Leftovers
|-heal|p2a: RICH|78/100|[from] item: Leftovers
|-start|p1a: Misdreavus|perish3
|-start|p2a: RICH|perish3
|upkeep
|turn|28
|
|t:|1729902127
|move|p1a: Misdreavus|Protect|p1a: Misdreavus
|-singleturn|p1a: Misdreavus|Protect
|move|p2a: RICH|Thunder Wave|p1a: Misdreavus
|-activate|p1a: Misdreavus|Protect
|
|-weather|Sandstorm|[upkeep]
|-damage|p1a: Misdreavus|19/100|[from] Sandstorm
|-heal|p1a: Misdreavus|25/100|[from] item: Leftovers
|-heal|p2a: RICH|84/100|[from] item: Leftovers
|-start|p1a: Misdreavus|perish2
|-start|p2a: RICH|perish2
|upkeep
|turn|29
|
|t:|1729902137
|move|p1a: Misdreavus|Protect||[still]
|-fail|p1a: Misdreavus
|move|p2a: RICH|Pursuit|p1a: Misdreavus
|-supereffective|p1a: Misdreavus
|-damage|p1a: Misdreavus|0 fnt
|faint|p1a: Misdreavus
|
|t:|1729902140
|switch|p1a: Blissey|Blissey, F|81/100
|
|-weather|Sandstorm|[upkeep]
|-damage|p1a: Blissey|75/100|[from] Sandstorm
|-heal|p1a: Blissey|81/100|[from] item: Leftovers
|-heal|p2a: RICH|90/100|[from] item: Leftovers
|-start|p2a: RICH|perish1
|upkeep
|turn|30
|
|t:|1729902167
|switch|p2a: Celebi|Celebi|58/100
|-damage|p2a: Celebi|41/100|[from] Spikes
|move|p1a: Blissey|Ice Beam|p2a: Celebi
|-supereffective|p2a: Celebi
|-damage|p2a: Celebi|6/100
|
|-weather|Sandstorm|[upkeep]
|-damage|p2a: Celebi|0 fnt|[from] Sandstorm
|-damage|p1a: Blissey|75/100|[from] Sandstorm
|faint|p2a: Celebi
|-heal|p1a: Blissey|81/100|[from] item: Leftovers
|upkeep
|
|t:|1729902176
|switch|p2a: CLOUD|Aerodactyl, M|100/100
|turn|31
|
|t:|1729902183
|switch|p1a: Moltres|Moltres|100/100
|move|p2a: CLOUD|Substitute|p2a: CLOUD
|-start|p2a: CLOUD|Substitute
|-damage|p2a: CLOUD|76/100
|
|-weather|Sandstorm|[upkeep]
|-damage|p1a: Moltres|94/100|[from] Sandstorm
|-heal|p1a: Moltres|100/100|[from] item: Leftovers
|upkeep
|turn|32
|
|t:|1729902197
|switch|p1a: Flygon|Flygon, F|100/100
|move|p2a: CLOUD|Double-Edge|p1a: Flygon
|-damage|p1a: Flygon|69/100
|
|-weather|Sandstorm|[upkeep]
|-heal|p1a: Flygon|75/100|[from] item: Leftovers
|upkeep
|turn|33
|
|t:|1729902199
|move|p1a: Flygon|Protect|p1a: Flygon
|-singleturn|p1a: Flygon|Protect
|move|p2a: CLOUD|Double-Edge|p1a: Flygon
|-activate|p1a: Flygon|Protect
|
|-weather|Sandstorm|[upkeep]
|-heal|p1a: Flygon|81/100|[from] item: Leftovers
|upkeep
|turn|34
|
|t:|1729902204
|switch|p1a: Moltres|Moltres|100/100
|move|p2a: CLOUD|Double-Edge|p1a: Moltres
|-damage|p1a: Moltres|58/100
|
|-weather|Sandstorm|[upkeep]
|-damage|p1a: Moltres|51/100|[from] Sandstorm
|-heal|p1a: Moltres|58/100|[from] item: Leftovers
|upkeep
|turn|35
|
|t:|1729902209
|move|p2a: CLOUD|Rock Slide|p1a: Moltres
|-supereffective|p1a: Moltres
|-crit|p1a: Moltres
|-damage|p1a: Moltres|0 fnt
|faint|p1a: Moltres
|
|t:|1729902218
|switch|p1a: Blissey|Blissey, F|81/100
|
|-weather|Sandstorm|[upkeep]
|-damage|p1a: Blissey|75/100|[from] Sandstorm
|-heal|p1a: Blissey|81/100|[from] item: Leftovers
|upkeep
|turn|36
|
|t:|1729902229
|move|p2a: CLOUD|Rock Slide|p1a: Blissey
|-damage|p1a: Blissey|44/100
|move|p1a: Blissey|Soft-Boiled|p1a: Blissey
|-heal|p1a: Blissey|94/100
|
|-weather|Sandstorm|[upkeep]
|-damage|p1a: Blissey|88/100|[from] Sandstorm
|-heal|p1a: Blissey|94/100|[from] item: Leftovers
|upkeep
|turn|37
|inactive|DiegoIn has 270 seconds left.
|
|t:|1729902277
|move|p2a: CLOUD|Rock Slide|p1a: Blissey|[miss]
|-miss|p2a: CLOUD|p1a: Blissey
|move|p1a: Blissey|Wish|p1a: Blissey
|
|-weather|Sandstorm|[upkeep]
|-damage|p1a: Blissey|88/100|[from] Sandstorm
|-heal|p1a: Blissey|94/100|[from] item: Leftovers
|upkeep
|turn|38
|
|t:|1729902288
|switch|p1a: Flygon|Flygon, F|81/100
|move|p2a: CLOUD|Rock Slide|p1a: Flygon
|-resisted|p1a: Flygon
|-damage|p1a: Flygon|68/100
|
|-heal|p1a: Flygon|100/100|[from] move: Wish|[wisher] Blissey
|-weather|Sandstorm|[upkeep]
|upkeep
|turn|39
|
|t:|1729902298
|move|p1a: Flygon|Protect|p1a: Flygon
|-singleturn|p1a: Flygon|Protect
|move|p2a: CLOUD|Double-Edge|p1a: Flygon
|-activate|p1a: Flygon|Protect
|
|-weather|Sandstorm|[upkeep]
|upkeep
|turn|40
|inactive|DiegoIn has 240 seconds left.
|
|t:|1729902336
|move|p2a: CLOUD|Double-Edge|p1a: Flygon
|-damage|p1a: Flygon|70/100
|move|p1a: Flygon|Rock Slide|p2a: CLOUD
|-supereffective|p2a: CLOUD
|-end|p2a: CLOUD|Substitute
|
|-weather|Sandstorm|[upkeep]
|-heal|p1a: Flygon|76/100|[from] item: Leftovers
|upkeep
|turn|41
|
|t:|1729902343
|switch|p2a: RICH|Tyranitar, M|90/100
|-damage|p2a: RICH|74/100|[from] Spikes
|move|p1a: Flygon|Rock Slide|p2a: RICH
|-damage|p2a: RICH|60/100
|
|-weather|Sandstorm|[upkeep]
|-heal|p1a: Flygon|82/100|[from] item: Leftovers
|-heal|p2a: RICH|66/100|[from] item: Leftovers
|upkeep
|turn|42
|inactive|DiegoIn has 240 seconds left.
|
|t:|1729902357
|switch|p1a: Blissey|Blissey, F|94/100
|move|p2a: RICH|Ice Beam|p1a: Blissey
|-crit|p1a: Blissey
|-damage|p1a: Blissey|71/100
|
|-weather|Sandstorm|[upkeep]
|-damage|p1a: Blissey|65/100|[from] Sandstorm
|-heal|p1a: Blissey|71/100|[from] item: Leftovers
|-heal|p2a: RICH|73/100|[from] item: Leftovers
|upkeep
|turn|43
|
|t:|1729902360
|move|p1a: Blissey|Ice Beam|p2a: RICH
|-damage|p2a: RICH|52/100
|move|p2a: RICH|Thunder Wave|p1a: Blissey
|-status|p1a: Blissey|par
|
|-weather|Sandstorm|[upkeep]
|-damage|p1a: Blissey|65/100 par|[from] Sandstorm
|-heal|p2a: RICH|58/100|[from] item: Leftovers
|-heal|p1a: Blissey|71/100 par|[from] item: Leftovers
|upkeep
|turn|44
|
|t:|1729902379
|move|p2a: RICH|Fire Blast|p1a: Blissey
|-damage|p1a: Blissey|55/100 par
|move|p1a: Blissey|Wish|p1a: Blissey
|
|-weather|Sandstorm|[upkeep]
|-damage|p1a: Blissey|49/100 par|[from] Sandstorm
|-heal|p2a: RICH|65/100|[from] item: Leftovers
|-heal|p1a: Blissey|55/100 par|[from] item: Leftovers
|upkeep
|turn|45
|inactive|DiegoIn has 240 seconds left.
|
|t:|1729902396
|move|p2a: RICH|Ice Beam|p1a: Blissey
|-damage|p1a: Blissey|44/100 par
|cant|p1a: Blissey|par
|
|-heal|p1a: Blissey|94/100 par|[from] move: Wish|[wisher] Blissey
|-weather|Sandstorm|[upkeep]
|-damage|p1a: Blissey|87/100 par|[from] Sandstorm
|-heal|p2a: RICH|71/100|[from] item: Leftovers
|-heal|p1a: Blissey|94/100 par|[from] item: Leftovers
|upkeep
|turn|46
|inactive|DiegoIn has 240 seconds left.
|
|t:|1729902407
|move|p2a: RICH|Fire Blast|p1a: Blissey
|-damage|p1a: Blissey|78/100 par
|move|p1a: Blissey|Ice Beam|p2a: RICH
|-damage|p2a: RICH|49/100
|
|-weather|Sandstorm|[upkeep]
|-damage|p1a: Blissey|71/100 par|[from] Sandstorm
|-heal|p2a: RICH|55/100|[from] item: Leftovers
|-heal|p1a: Blissey|78/100 par|[from] item: Leftovers
|upkeep
|turn|47
|
|t:|1729902413
|move|p2a: RICH|Ice Beam|p1a: Blissey
|-damage|p1a: Blissey|65/100 par
|move|p1a: Blissey|Wish|p1a: Blissey
|
|-weather|Sandstorm|[upkeep]
|-damage|p1a: Blissey|59/100 par|[from] Sandstorm
|-heal|p2a: RICH|62/100|[from] item: Leftovers
|-heal|p1a: Blissey|65/100 par|[from] item: Leftovers
|upkeep
|turn|48
|
|t:|1729902417
|move|p2a: RICH|Ice Beam|p1a: Blissey
|-damage|p1a: Blissey|54/100 par
|move|p1a: Blissey|Ice Beam|p2a: RICH
|-damage|p2a: RICH|40/100
|
|-heal|p1a: Blissey|100/100 par|[from] move: Wish|[wisher] Blissey
|-weather|Sandstorm|[upkeep]
|-damage|p1a: Blissey|94/100 par|[from] Sandstorm
|-heal|p2a: RICH|46/100|[from] item: Leftovers
|-heal|p1a: Blissey|100/100 par|[from] item: Leftovers
|upkeep
|turn|49
|
|t:|1729902420
|move|p2a: RICH|Ice Beam|p1a: Blissey
|-damage|p1a: Blissey|88/100 par
|cant|p1a: Blissey|par
|
|-weather|Sandstorm|[upkeep]
|-damage|p1a: Blissey|81/100 par|[from] Sandstorm
|-heal|p2a: RICH|52/100|[from] item: Leftovers
|-heal|p1a: Blissey|88/100 par|[from] item: Leftovers
|upkeep
|turn|50
|
|t:|1729902422
|move|p2a: RICH|Ice Beam|p1a: Blissey
|-damage|p1a: Blissey|75/100 par
|move|p1a: Blissey|Wish|p1a: Blissey
|
|-weather|Sandstorm|[upkeep]
|-damage|p1a: Blissey|69/100 par|[from] Sandstorm
|-heal|p2a: RICH|58/100|[from] item: Leftovers
|-heal|p1a: Blissey|75/100 par|[from] item: Leftovers
|upkeep
|turn|51
|
|t:|1729902424
|move|p2a: RICH|Ice Beam|p1a: Blissey
|-damage|p1a: Blissey|63/100 par
|move|p1a: Blissey|Ice Beam|p2a: RICH
|-damage|p2a: RICH|37/100
|-status|p2a: RICH|frz
|
|-heal|p1a: Blissey|100/100 par|[from] move: Wish|[wisher] Blissey
|-weather|Sandstorm|[upkeep]
|-damage|p1a: Blissey|94/100 par|[from] Sandstorm
|-heal|p2a: RICH|43/100 frz|[from] item: Leftovers
|-heal|p1a: Blissey|100/100 par|[from] item: Leftovers
|upkeep
|turn|52
|inactive|DiegoIn has 270 seconds left.
|
|t:|1729902467
|-curestatus|p2a: RICH|frz|[msg]
|move|p2a: RICH|Ice Beam|p1a: Blissey
|-damage|p1a: Blissey|88/100 par
|move|p1a: Blissey|Ice Beam|p2a: RICH
|-damage|p2a: RICH|21/100
|
|-weather|Sandstorm|[upkeep]
|-damage|p1a: Blissey|82/100 par|[from] Sandstorm
|-heal|p2a: RICH|27/100|[from] item: Leftovers
|-heal|p1a: Blissey|88/100 par|[from] item: Leftovers
|upkeep
|turn|53
|
|t:|1729902473
|move|p2a: RICH|Ice Beam|p1a: Blissey
|-damage|p1a: Blissey|77/100 par
|move|p1a: Blissey|Ice Beam|p2a: RICH
|-damage|p2a: RICH|4/100
|
|-weather|Sandstorm|[upkeep]
|-damage|p1a: Blissey|71/100 par|[from] Sandstorm
|-heal|p2a: RICH|10/100|[from] item: Leftovers
|-heal|p1a: Blissey|77/100 par|[from] item: Leftovers
|upkeep
|turn|54
|
|t:|1729902480
|move|p2a: RICH|Ice Beam|p1a: Blissey
|-damage|p1a: Blissey|65/100 par
|move|p1a: Blissey|Wish|p1a: Blissey
|
|-weather|Sandstorm|[upkeep]
|-damage|p1a: Blissey|58/100 par|[from] Sandstorm
|-heal|p2a: RICH|16/100|[from] item: Leftovers
|-heal|p1a: Blissey|65/100 par|[from] item: Leftovers
|upkeep
|turn|55
|
|t:|1729902482
|move|p2a: RICH|Ice Beam|p1a: Blissey
|-damage|p1a: Blissey|53/100 par
|move|p1a: Blissey|Seismic Toss|p2a: RICH
|-damage|p2a: RICH|0 fnt
|faint|p2a: RICH
|
|t:|1729902485
|switch|p2a: CLOUD|Aerodactyl, M|76/100
|
|-heal|p1a: Blissey|100/100 par|[from] move: Wish|[wisher] Blissey
|-weather|Sandstorm|[upkeep]
|-damage|p1a: Blissey|94/100 par|[from] Sandstorm
|-heal|p1a: Blissey|100/100 par|[from] item: Leftovers
|upkeep
|turn|56
|
|t:|1729902487
|move|p2a: CLOUD|Substitute|p2a: CLOUD
|-start|p2a: CLOUD|Substitute
|-damage|p2a: CLOUD|51/100
|move|p1a: Blissey|Ice Beam|p2a: CLOUD
|-supereffective|p2a: CLOUD
|-end|p2a: CLOUD|Substitute
|
|-weather|Sandstorm|[upkeep]
|-damage|p1a: Blissey|94/100 par|[from] Sandstorm
|-heal|p1a: Blissey|100/100 par|[from] item: Leftovers
|upkeep
|turn|57
|
|t:|1729902492
|move|p2a: CLOUD|Substitute|p2a: CLOUD
|-start|p2a: CLOUD|Substitute
|-damage|p2a: CLOUD|26/100
|move|p1a: Blissey|Ice Beam|p2a: CLOUD
|-supereffective|p2a: CLOUD
|-end|p2a: CLOUD|Substitute
|
|-weather|Sandstorm|[upkeep]
|-damage|p1a: Blissey|94/100 par|[from] Sandstorm
|-heal|p1a: Blissey|100/100 par|[from] item: Leftovers
|upkeep
|turn|58
|
|t:|1729902496
|move|p2a: CLOUD|Substitute|p2a: CLOUD
|-start|p2a: CLOUD|Substitute
|-damage|p2a: CLOUD|1/100
|move|p1a: Blissey|Ice Beam|p2a: CLOUD
|-supereffective|p2a: CLOUD
|-end|p2a: CLOUD|Substitute
|
|-weather|Sandstorm|[upkeep]
|-damage|p1a: Blissey|94/100 par|[from] Sandstorm
|-enditem|p2a: CLOUD|Liechi Berry|[eat]
|-boost|p2a: CLOUD|atk|1|[from] item: Liechi Berry
|-heal|p1a: Blissey|100/100 par|[from] item: Leftovers
|upkeep
|turn|59
|
|t:|1729902502
|move|p2a: CLOUD|Rock Slide|p1a: Blissey
|-damage|p1a: Blissey|52/100 par
|move|p1a: Blissey|Seismic Toss|p2a: CLOUD
|-damage|p2a: CLOUD|0 fnt
|faint|p2a: CLOUD
|
|win|leoperi99
|c|☆leoperi99|gg
|player|p2|

</script>
<script type="application/json" class="data" id="replaydata-smogtours-gen3ou-802003">
{"id":"smogtours-gen3ou-802003","format":"[Gen 3] OU","players":["leoperi99","DiegoIn"],"uploadtime":1729902502,"views":101,"formatid":"gen3ou","rating":null,"private":0,"password":null}
</script>

<script defer src="js/replays.js?9d40a366"></script>
