<!DOCTYPE html>
<meta charset="utf-8" />
<meta name="viewport" content="width=device-width" />

<title>[Gen 3] OU: green.9082 vs. ur_gfs_next_bf - Replays - Pok&eacute;mon Showdown!</title>

<meta name="description" content="Watch a replay of a Pok&eacute;mon battle between green.9082 and ur_gfs_next_bf! Format: [Gen 3] OU; Date: Oct 29, 2024" />
<!--

Hey, you! Looking in the source for the replay log?

You can find them in JSON format, just add `.json` at the end of a replay URL.

https://replay.pokemonshowdown.com/gen7randomdoublesbattle-865046831.json

Or, if you only need the log itself, add `.log` instead:

https://replay.pokemonshowdown.com/gen7randomdoublesbattle-865046831.log

-->

<link rel="stylesheet" href="//pokemonshowdown.com/style/global.css?0.023195364461161105" />
<link rel="stylesheet" href="//play.pokemonshowdown.com/style/font-awesome.css?0.13261647063804238" />
<link rel="stylesheet" href="//play.pokemonshowdown.com/style/battle.css?0.8753245789963631" />
<link rel="stylesheet" href="//play.pokemonshowdown.com/style/utilichart.css?0.8627959624976733" />

<!-- Global site tag (gtag.js) - Google Analytics -->
<script async src="https://www.googletagmanager.com/gtag/js?id=UA-26211653-1"></script>
<script>
  window.dataLayer = window.dataLayer || [];
  function gtag(){dataLayer.push(arguments);}
  gtag('js', new Date());

  gtag('config', 'UA-26211653-1');
</script>
<!-- End Google Analytics -->
<!-- Venatus Ad Manager - Install in <HEAD> of page -->
	<script src="https://hb.vntsm.com/v3/live/ad-manager.min.js" type="text/javascript" data-site-id="642aba63ec9a7b11c3c9c1be" data-mode="scan" async></script>
<!-- / Venatus Ad Manager -->

<style>
	@media (max-width:820px) {
		.battle {
			margin: 0 auto;
		}
		.battle-log {
			margin: 7px auto 0;
			max-width: 640px;
			height: 300px;
			position: static;
		}
	}
	.optgroup {
		display: inline-block;
		line-height: 22px;
		font-size: 10pt;
	}
	.optgroup .button {
		height: 25px;
		padding-top: 0;
		padding-bottom: 0;
	}
	.optgroup button.button {
		padding-left: 12px;
		padding-right: 12px;
	}
	.linklist {
		list-style: none;
		margin: 0.5em 0;
		padding: 0;
	}
	.linklist li {
		padding: 2px 0;
	}
	.sidebar {
		float: left;
		width: 320px;
	}
	.bar-wrapper {
		max-width: 1100px;
		margin: 0 auto;
	}
	.bar-wrapper.has-sidebar {
		max-width: 1430px;
	}
	.mainbar {
		margin: 0;
		padding-right: 1px;
	}
	.mainbar.has-sidebar {
		margin-left: 330px;
	}
	@media (min-width: 1511px) {
		.sidebar {
			width: 400px;
		}
		.bar-wrapper.has-sidebar {
			max-width: 1510px;
		}
		.mainbar.has-sidebar {
			margin-left: 410px;
		}
	}
	.section.first-section {
		margin-top: 9px;
	}
	.blocklink small {
		white-space: normal;
	}
	.button {
		vertical-align: middle;
	}
	.replay-controls {
		padding-top: 10px;
	}
	.replay-controls h1 {
		font-size: 16pt;
		font-weight: normal;
		color: #CCC;
	}
	.pagelink {
		text-align: center;
	}
	.pagelink a {
		width: 150px;
	}
	.textbox, .button {
		font-size: 11pt;
		vertical-align: middle;
	}
	@media (max-width: 450px) {
		.button {
			font-size: 9pt;
		}
	}
</style>

<div>

	<header>
		<div class="nav-wrapper"><ul class="nav">
			<li><a class="button nav-first" href="//pokemonshowdown.com/"><img src="//pokemonshowdown.com/images/pokemonshowdownbeta.png" srcset="//pokemonshowdown.com/images/pokemonshowdownbeta.png 1x, //pokemonshowdown.com/images/pokemonshowdownbeta@2x.png 2x" alt="Pok&eacute;mon Showdown" width="146" height="44" /> Home</a></li>
			<li><a class="button" href="//pokemonshowdown.com/dex/">Pok&eacute;dex</a></li>
			<li><a class="button cur" href="/">Replays</a></li>
			<li><a class="button" href="//pokemonshowdown.com/ladder/">Ladder</a></li>
			<li><a class="button nav-last" href="//pokemonshowdown.com/forums/">Forum</a></li>
			<li><a class="button greenbutton nav-first nav-last" href="//play.pokemonshowdown.com/">Play</a></li>
		</ul></div>
	</header>

	<div class="main" id="main">

		<noscript><section class="section">You need to enable JavaScript to use this page; sorry!</section></noscript>

	</div>

</div>

<script defer nomodule src="//play.pokemonshowdown.com/js/lib/ps-polyfill.js"></script>
<script defer src="//play.pokemonshowdown.com/js/lib/preact.min.js"></script>

<script defer src="//play.pokemonshowdown.com/config/config.js?2bddbc15"></script>
<script defer src="//play.pokemonshowdown.com/js/lib/jquery-1.11.0.min.js"></script>
<script defer src="//play.pokemonshowdown.com/js/lib/html-sanitizer-minified.js"></script>
<script defer src="//play.pokemonshowdown.com/js/battle-sound.js"></script>
<script defer src="//play.pokemonshowdown.com/js/battledata.js?0.7209276989879541"></script>
<script defer src="//play.pokemonshowdown.com/data/pokedex-mini.js?0.6111056340867951"></script>
<script defer src="//play.pokemonshowdown.com/data/pokedex-mini-bw.js?0.3532142036491459"></script>
<script defer src="//play.pokemonshowdown.com/data/graphics.js?0.24223875632456182"></script>
<script defer src="//play.pokemonshowdown.com/data/pokedex.js?0.38839984266356864"></script>
<script defer src="//play.pokemonshowdown.com/data/moves.js?0.21866028504024015"></script>
<script defer src="//play.pokemonshowdown.com/data/abilities.js?0.2005157953846628"></script>
<script defer src="//play.pokemonshowdown.com/data/items.js?0.9894211263848525"></script>
<script defer src="//play.pokemonshowdown.com/data/teambuilder-tables.js?0.6008791140282215"></script>
<script defer src="//play.pokemonshowdown.com/js/battle-tooltips.js?0.7580118955022959"></script>
<script defer src="//play.pokemonshowdown.com/js/battle.js?0.6057722274234274"></script>

<script defer src="js/utils.js?e31f9a17"></script>
<script defer src="js/replays-battle.js?7008c182"></script>

<!-- don't scrape this data! just add .json or .log after the URL!
Full API docs: https://github.com/smogon/pokemon-showdown-client/blob/master/WEB-API.md -->
<script type="text/plain" class="log" id="replaylog-smogtours-gen3ou-803371">
|inactive|Battle timer is ON: inactive players will automatically lose when time's up.
|t:|1730240256
|gametype|singles
|player|p1|green.9082|2|
|player|p2|ur_gfs_next_bf|swimmerf|
|teamsize|p1|6
|teamsize|p2|6
|gen|3
|tier|[Gen 3] OU
|rule|Sleep Clause Mod: Limit one foe put to sleep
|rule|Switch Priority Clause Mod: Faster Pokémon switch first
|rule|Species Clause: Limit one of each Pokémon
|rule|OHKO Clause: OHKO moves are banned
|rule|Evasion Items Clause: Evasion items are banned
|rule|Evasion Moves Clause: Evasion moves are banned
|rule|Endless Battle Clause: Forcing endless battles is banned
|rule|HP Percentage Mod: HP is shown in percentages
|rule|One Boost Passer Clause: Limit one Baton Passer that has a way to boost its stats
|rule|Freeze Clause Mod: Limit one foe frozen
|
|t:|1730240256
|start
|switch|p1a: Zapdos|Zapdos|100/100
|switch|p2a: Medicham|Medicham, F|100/100
|turn|1
|inactive|ur_gfs_next_bf has 270 seconds left.
|
|t:|1730240290
|switch|p2a: Thwomper|Swampert, F|100/100
|move|p1a: Zapdos|Drill Peck|p2a: Thwomper
|-damage|p2a: Thwomper|69/100
|
|-heal|p2a: Thwomper|75/100|[from] item: Leftovers
|upkeep
|turn|2
|
|t:|1730240312
|move|p2a: Thwomper|Protect|p2a: Thwomper
|-singleturn|p2a: Thwomper|Protect
|move|p1a: Zapdos|Hidden Power|p2a: Thwomper
|-activate|p2a: Thwomper|Protect
|
|-heal|p2a: Thwomper|82/100|[from] item: Leftovers
|upkeep
|turn|3
|
|t:|1730240340
|switch|p2a: Blammer|Tyranitar, F|100/100
|-weather|Sandstorm|[from] ability: Sand Stream|[of] p2a: Blammer
|move|p1a: Zapdos|Hidden Power|p2a: Blammer
|-supereffective|p2a: Blammer
|-damage|p2a: Blammer|65/100
|
|-weather|Sandstorm|[upkeep]
|-damage|p1a: Zapdos|94/100|[from] Sandstorm
|-heal|p1a: Zapdos|100/100|[from] item: Leftovers
|upkeep
|turn|4
|
|t:|1730240354
|-singleturn|p2a: Blammer|move: Focus Punch
|switch|p1a: Suicune|Suicune, shiny|100/100
|move|p2a: Blammer|Focus Punch|p1a: Suicune
|-damage|p1a: Suicune|48/100
|
|-weather|Sandstorm|[upkeep]
|-damage|p1a: Suicune|42/100|[from] Sandstorm
|-heal|p1a: Suicune|48/100|[from] item: Leftovers
|upkeep
|turn|5
|
|t:|1730240369
|switch|p2a: Thwomper|Swampert, F|82/100
|move|p1a: Suicune|Surf|p2a: Thwomper
|-crit|p2a: Thwomper
|-damage|p2a: Thwomper|31/100
|
|-weather|Sandstorm|[upkeep]
|-damage|p1a: Suicune|42/100|[from] Sandstorm
|-heal|p1a: Suicune|48/100|[from] item: Leftovers
|-heal|p2a: Thwomper|37/100|[from] item: Leftovers
|upkeep
|turn|6
|
|t:|1730240382
|move|p1a: Suicune|Calm Mind|p1a: Suicune
|-boost|p1a: Suicune|spa|1
|-boost|p1a: Suicune|spd|1
|move|p2a: Thwomper|Earthquake|p1a: Suicune
|-damage|p1a: Suicune|26/100
|
|-weather|Sandstorm|[upkeep]
|-damage|p1a: Suicune|20/100|[from] Sandstorm
|-heal|p1a: Suicune|26/100|[from] item: Leftovers
|-heal|p2a: Thwomper|44/100|[from] item: Leftovers
|upkeep
|turn|7
|inactive|ur_gfs_next_bf has 270 seconds left.
|
|t:|1730240408
|move|p1a: Suicune|Rest|p1a: Suicune
|-status|p1a: Suicune|slp|[from] move: Rest
|-heal|p1a: Suicune|100/100 slp|[silent]
|move|p2a: Thwomper|Earthquake|p1a: Suicune
|-damage|p1a: Suicune|77/100 slp
|
|-weather|Sandstorm|[upkeep]
|-damage|p1a: Suicune|71/100 slp|[from] Sandstorm
|-heal|p1a: Suicune|77/100 slp|[from] item: Leftovers
|-heal|p2a: Thwomper|50/100|[from] item: Leftovers
|upkeep
|turn|8
|inactive|ur_gfs_next_bf has 270 seconds left.
|
|t:|1730240420
|switch|p2a: Medicham|Medicham, F|100/100
|cant|p1a: Suicune|slp
|move|p1a: Suicune|Sleep Talk|p1a: Suicune
|move|p1a: Suicune|Rest|p1a: Suicune|[from]Sleep Talk
|
|-weather|Sandstorm|[upkeep]
|-damage|p2a: Medicham|94/100|[from] Sandstorm
|-damage|p1a: Suicune|71/100 slp|[from] Sandstorm
|-heal|p1a: Suicune|77/100 slp|[from] item: Leftovers
|upkeep
|turn|9
|inactive|green.9082 has 270 seconds left.
|
|t:|1730240436
|-singleturn|p2a: Medicham|move: Focus Punch
|cant|p1a: Suicune|slp
|move|p1a: Suicune|Sleep Talk|p1a: Suicune
|move|p1a: Suicune|Rest|p1a: Suicune|[from]Sleep Talk
|move|p2a: Medicham|Focus Punch|p1a: Suicune
|-damage|p1a: Suicune|0 fnt
|faint|p1a: Suicune
|inactive|green.9082 has 270 seconds left.
|
|t:|1730240447
|switch|p1a: Zapdos|Zapdos|100/100
|
|-weather|Sandstorm|[upkeep]
|-damage|p1a: Zapdos|94/100|[from] Sandstorm
|-damage|p2a: Medicham|88/100|[from] Sandstorm
|-heal|p1a: Zapdos|100/100|[from] item: Leftovers
|upkeep
|turn|10
|inactive|green.9082 has 270 seconds left.
|
|t:|1730240454
|switch|p2a: Magneton|Magneton|100/100
|move|p1a: Zapdos|Drill Peck|p2a: Magneton
|-resisted|p2a: Magneton
|-damage|p2a: Magneton|89/100
|
|-weather|Sandstorm|[upkeep]
|-damage|p1a: Zapdos|94/100|[from] Sandstorm
|-heal|p1a: Zapdos|100/100|[from] item: Leftovers
|upkeep
|turn|11
|inactive|green.9082 has 270 seconds left.
|
|t:|1730240465
|switch|p1a: Dugtrio|Dugtrio, M|100/100
|move|p2a: Magneton|Toxic|p1a: Dugtrio
|-status|p1a: Dugtrio|tox
|
|-weather|Sandstorm|[upkeep]
|-damage|p1a: Dugtrio|94/100 tox|[from] psn
|upkeep
|turn|12
|
|t:|1730240480
|move|p2a: Magneton|Protect|p2a: Magneton
|-singleturn|p2a: Magneton|Protect
|move|p1a: Dugtrio|Earthquake|p2a: Magneton
|-activate|p2a: Magneton|Protect
|
|-weather|Sandstorm|[upkeep]
|-damage|p1a: Dugtrio|82/100 tox|[from] psn
|upkeep
|turn|13
|
|t:|1730240489
|move|p2a: Magneton|Protect|p2a: Magneton
|-singleturn|p2a: Magneton|Protect
|move|p1a: Dugtrio|Earthquake|p2a: Magneton
|-activate|p2a: Magneton|Protect
|
|-weather|Sandstorm|[upkeep]
|-damage|p1a: Dugtrio|64/100 tox|[from] psn
|upkeep
|turn|14
|
|t:|1730240498
|move|p2a: Magneton|Protect|p2a: Magneton
|-singleturn|p2a: Magneton|Protect
|move|p1a: Dugtrio|Earthquake|p2a: Magneton
|-activate|p2a: Magneton|Protect
|
|-weather|Sandstorm|[upkeep]
|-damage|p1a: Dugtrio|40/100 tox|[from] psn
|upkeep
|turn|15
|
|t:|1730240506
|move|p2a: Magneton|Protect|p2a: Magneton
|-singleturn|p2a: Magneton|Protect
|move|p1a: Dugtrio|Earthquake|p2a: Magneton
|-activate|p2a: Magneton|Protect
|
|-weather|Sandstorm|[upkeep]
|-damage|p1a: Dugtrio|9/100 tox|[from] psn
|upkeep
|turn|16
|
|t:|1730240515
|move|p2a: Magneton|Protect||[still]
|-fail|p2a: Magneton
|move|p1a: Dugtrio|Earthquake|p2a: Magneton
|-supereffective|p2a: Magneton
|-damage|p2a: Magneton|0 fnt
|faint|p2a: Magneton
|
|t:|1730240537
|switch|p2a: Whammer|Metagross, shiny|100/100
|
|-weather|Sandstorm|[upkeep]
|-damage|p1a: Dugtrio|0 fnt|[from] psn
|faint|p1a: Dugtrio
|upkeep
|
|t:|1730240547
|switch|p1a: Zapdos|Zapdos|100/100
|turn|17
|
|t:|1730240558
|move|p1a: Zapdos|Thunder Wave|p2a: Whammer
|-status|p2a: Whammer|par
|-enditem|p2a: Whammer|Lum Berry|[eat]
|-curestatus|p2a: Whammer|par|[msg]
|move|p2a: Whammer|Agility|p2a: Whammer
|-boost|p2a: Whammer|spe|2
|
|-weather|Sandstorm|[upkeep]
|-damage|p1a: Zapdos|94/100|[from] Sandstorm
|-heal|p1a: Zapdos|100/100|[from] item: Leftovers
|upkeep
|turn|18
|
|t:|1730240571
|move|p2a: Whammer|Explosion|p1a: Zapdos
|-damage|p1a: Zapdos|0 fnt
|faint|p2a: Whammer
|faint|p1a: Zapdos
|
|t:|1730240588
|switch|p1a: Starmie|Starmie|100/100
|switch|p2a: Thwomper|Swampert, F|50/100
|
|-weather|Sandstorm|[upkeep]
|-damage|p1a: Starmie|94/100|[from] Sandstorm
|-heal|p1a: Starmie|100/100|[from] item: Leftovers
|-heal|p2a: Thwomper|56/100|[from] item: Leftovers
|upkeep
|turn|19
|
|t:|1730240599
|move|p2a: Thwomper|Protect|p2a: Thwomper
|-singleturn|p2a: Thwomper|Protect
|move|p1a: Starmie|Hidden Power|p2a: Thwomper
|-activate|p2a: Thwomper|Protect
|
|-weather|Sandstorm|[upkeep]
|-damage|p1a: Starmie|94/100|[from] Sandstorm
|-heal|p1a: Starmie|100/100|[from] item: Leftovers
|-heal|p2a: Thwomper|62/100|[from] item: Leftovers
|upkeep
|turn|20
|
|t:|1730240627
|move|p1a: Starmie|Surf|p2a: Thwomper
|-damage|p2a: Thwomper|21/100
|move|p2a: Thwomper|Earthquake|p1a: Starmie
|-damage|p1a: Starmie|59/100
|
|-weather|Sandstorm|[upkeep]
|-damage|p1a: Starmie|52/100|[from] Sandstorm
|-heal|p1a: Starmie|59/100|[from] item: Leftovers
|-heal|p2a: Thwomper|28/100|[from] item: Leftovers
|upkeep
|turn|21
|
|t:|1730240638
|move|p2a: Thwomper|Protect|p2a: Thwomper
|-singleturn|p2a: Thwomper|Protect
|move|p1a: Starmie|Recover|p1a: Starmie
|-heal|p1a: Starmie|100/100
|
|-weather|Sandstorm|[upkeep]
|-damage|p1a: Starmie|94/100|[from] Sandstorm
|-heal|p1a: Starmie|100/100|[from] item: Leftovers
|-heal|p2a: Thwomper|34/100|[from] item: Leftovers
|upkeep
|turn|22
|inactive|ur_gfs_next_bf has 270 seconds left.
|
|t:|1730240668
|move|p2a: Thwomper|Protect||[still]
|-fail|p2a: Thwomper
|move|p1a: Starmie|Surf|p2a: Thwomper
|-damage|p2a: Thwomper|0 fnt
|faint|p2a: Thwomper
|
|t:|1730240672
|switch|p2a: Medicham|Medicham, F|88/100
|
|-weather|Sandstorm|[upkeep]
|-damage|p1a: Starmie|94/100|[from] Sandstorm
|-damage|p2a: Medicham|82/100|[from] Sandstorm
|-heal|p1a: Starmie|100/100|[from] item: Leftovers
|upkeep
|turn|23
|
|t:|1730240682
|switch|p1a: Celebi|Celebi|100/100
|move|p2a: Medicham|Shadow Ball|p1a: Celebi
|-supereffective|p1a: Celebi
|-damage|p1a: Celebi|3/100
|
|-weather|Sandstorm|[upkeep]
|-damage|p1a: Celebi|0 fnt|[from] Sandstorm
|-damage|p2a: Medicham|76/100|[from] Sandstorm
|faint|p1a: Celebi
|upkeep
|
|t:|1730240692
|switch|p1a: Blissey|Blissey, F|100/100
|turn|24
|inactive|ur_gfs_next_bf has 270 seconds left.
|
|t:|1730240713
|switch|p2a: Blammer|Tyranitar, F|65/100
|move|p1a: Blissey|Hidden Power|p2a: Blammer
|-supereffective|p2a: Blammer
|-damage|p2a: Blammer|34/100
|
|-weather|Sandstorm|[upkeep]
|-damage|p1a: Blissey|94/100|[from] Sandstorm
|-heal|p1a: Blissey|100/100|[from] item: Leftovers
|upkeep
|turn|25
|inactive|ur_gfs_next_bf has 270 seconds left.
|
|t:|1730240742
|move|p2a: Blammer|Rock Slide|p1a: Blissey
|-crit|p1a: Blissey
|-damage|p1a: Blissey|0 fnt
|faint|p1a: Blissey
|
|t:|1730240747
|switch|p1a: Starmie|Starmie|100/100
|
|-weather|Sandstorm|[upkeep]
|-damage|p1a: Starmie|94/100|[from] Sandstorm
|-heal|p1a: Starmie|100/100|[from] item: Leftovers
|upkeep
|turn|26
|
|t:|1730240755
|move|p1a: Starmie|Surf|p2a: Blammer
|-supereffective|p2a: Blammer
|-damage|p2a: Blammer|0 fnt
|faint|p2a: Blammer
|
|t:|1730240757
|switch|p2a: Medicham|Medicham, F|76/100
|
|-weather|Sandstorm|[upkeep]
|-damage|p1a: Starmie|94/100|[from] Sandstorm
|-damage|p2a: Medicham|70/100|[from] Sandstorm
|-heal|p1a: Starmie|100/100|[from] item: Leftovers
|upkeep
|turn|27
|
|t:|1730240766
|move|p1a: Starmie|Surf|p2a: Medicham
|-damage|p2a: Medicham|0 fnt
|faint|p2a: Medicham
|
|t:|1730240769
|switch|p2a: Slammer|Aerodactyl, M|100/100
|
|-weather|Sandstorm|[upkeep]
|-damage|p1a: Starmie|94/100|[from] Sandstorm
|-heal|p1a: Starmie|100/100|[from] item: Leftovers
|upkeep
|turn|28
|
|t:|1730240778
|move|p2a: Slammer|Rock Slide|p1a: Starmie
|-damage|p1a: Starmie|36/100
|move|p1a: Starmie|Surf|p2a: Slammer
|-supereffective|p2a: Slammer
|-damage|p2a: Slammer|0 fnt
|faint|p2a: Slammer
|
|win|green.9082
|player|p2|
|player|p2|ur_gfs_next_bf|swimmerf|

</script>
<script type="application/json" class="data" id="replaydata-smogtours-gen3ou-803371">
{"id":"smogtours-gen3ou-803371","format":"[Gen 3] OU","players":["green.9082","ur_gfs_next_bf"],"uploadtime":1730240778,"views":62,"formatid":"gen3ou","rating":null,"private":0,"password":null}
</script>

<script defer src="js/replays.js?9d40a366"></script>
