<!DOCTYPE html>
<meta charset="utf-8" />
<meta name="viewport" content="width=device-width" />

<title>[Gen 3] OU: Rovels vs. aplague doc - Replays - Pok&eacute;mon Showdown!</title>

<meta name="description" content="Watch a replay of a Pok&eacute;mon battle between Rovels and aplague doc! Format: [Gen 3] OU; Date: Oct 18, 2024" />
<!--

Hey, you! Looking in the source for the replay log?

You can find them in JSON format, just add `.json` at the end of a replay URL.

https://replay.pokemonshowdown.com/gen7randomdoublesbattle-865046831.json

Or, if you only need the log itself, add `.log` instead:

https://replay.pokemonshowdown.com/gen7randomdoublesbattle-865046831.log

-->

<link rel="stylesheet" href="//pokemonshowdown.com/style/global.css?0.023195364461161105" />
<link rel="stylesheet" href="//play.pokemonshowdown.com/style/font-awesome.css?0.13261647063804238" />
<link rel="stylesheet" href="//play.pokemonshowdown.com/style/battle.css?0.8753245789963631" />
<link rel="stylesheet" href="//play.pokemonshowdown.com/style/utilichart.css?0.8627959624976733" />

<!-- Global site tag (gtag.js) - Google Analytics -->
<script async src="https://www.googletagmanager.com/gtag/js?id=UA-26211653-1"></script>
<script>
  window.dataLayer = window.dataLayer || [];
  function gtag(){dataLayer.push(arguments);}
  gtag('js', new Date());

  gtag('config', 'UA-26211653-1');
</script>
<!-- End Google Analytics -->
<!-- Venatus Ad Manager - Install in <HEAD> of page -->
	<script src="https://hb.vntsm.com/v3/live/ad-manager.min.js" type="text/javascript" data-site-id="642aba63ec9a7b11c3c9c1be" data-mode="scan" async></script>
<!-- / Venatus Ad Manager -->

<style>
	@media (max-width:820px) {
		.battle {
			margin: 0 auto;
		}
		.battle-log {
			margin: 7px auto 0;
			max-width: 640px;
			height: 300px;
			position: static;
		}
	}
	.optgroup {
		display: inline-block;
		line-height: 22px;
		font-size: 10pt;
	}
	.optgroup .button {
		height: 25px;
		padding-top: 0;
		padding-bottom: 0;
	}
	.optgroup button.button {
		padding-left: 12px;
		padding-right: 12px;
	}
	.linklist {
		list-style: none;
		margin: 0.5em 0;
		padding: 0;
	}
	.linklist li {
		padding: 2px 0;
	}
	.sidebar {
		float: left;
		width: 320px;
	}
	.bar-wrapper {
		max-width: 1100px;
		margin: 0 auto;
	}
	.bar-wrapper.has-sidebar {
		max-width: 1430px;
	}
	.mainbar {
		margin: 0;
		padding-right: 1px;
	}
	.mainbar.has-sidebar {
		margin-left: 330px;
	}
	@media (min-width: 1511px) {
		.sidebar {
			width: 400px;
		}
		.bar-wrapper.has-sidebar {
			max-width: 1510px;
		}
		.mainbar.has-sidebar {
			margin-left: 410px;
		}
	}
	.section.first-section {
		margin-top: 9px;
	}
	.blocklink small {
		white-space: normal;
	}
	.button {
		vertical-align: middle;
	}
	.replay-controls {
		padding-top: 10px;
	}
	.replay-controls h1 {
		font-size: 16pt;
		font-weight: normal;
		color: #CCC;
	}
	.pagelink {
		text-align: center;
	}
	.pagelink a {
		width: 150px;
	}
	.textbox, .button {
		font-size: 11pt;
		vertical-align: middle;
	}
	@media (max-width: 450px) {
		.button {
			font-size: 9pt;
		}
	}
</style>

<div>

	<header>
		<div class="nav-wrapper"><ul class="nav">
			<li><a class="button nav-first" href="//pokemonshowdown.com/"><img src="//pokemonshowdown.com/images/pokemonshowdownbeta.png" srcset="//pokemonshowdown.com/images/pokemonshowdownbeta.png 1x, //pokemonshowdown.com/images/pokemonshowdownbeta@2x.png 2x" alt="Pok&eacute;mon Showdown" width="146" height="44" /> Home</a></li>
			<li><a class="button" href="//pokemonshowdown.com/dex/">Pok&eacute;dex</a></li>
			<li><a class="button cur" href="/">Replays</a></li>
			<li><a class="button" href="//pokemonshowdown.com/ladder/">Ladder</a></li>
			<li><a class="button nav-last" href="//pokemonshowdown.com/forums/">Forum</a></li>
			<li><a class="button greenbutton nav-first nav-last" href="//play.pokemonshowdown.com/">Play</a></li>
		</ul></div>
	</header>

	<div class="main" id="main">

		<noscript><section class="section">You need to enable JavaScript to use this page; sorry!</section></noscript>

	</div>

</div>

<script defer nomodule src="//play.pokemonshowdown.com/js/lib/ps-polyfill.js"></script>
<script defer src="//play.pokemonshowdown.com/js/lib/preact.min.js"></script>

<script defer src="//play.pokemonshowdown.com/config/config.js?2bddbc15"></script>
<script defer src="//play.pokemonshowdown.com/js/lib/jquery-1.11.0.min.js"></script>
<script defer src="//play.pokemonshowdown.com/js/lib/html-sanitizer-minified.js"></script>
<script defer src="//play.pokemonshowdown.com/js/battle-sound.js"></script>
<script defer src="//play.pokemonshowdown.com/js/battledata.js?0.7209276989879541"></script>
<script defer src="//play.pokemonshowdown.com/data/pokedex-mini.js?0.6111056340867951"></script>
<script defer src="//play.pokemonshowdown.com/data/pokedex-mini-bw.js?0.3532142036491459"></script>
<script defer src="//play.pokemonshowdown.com/data/graphics.js?0.24223875632456182"></script>
<script defer src="//play.pokemonshowdown.com/data/pokedex.js?0.38839984266356864"></script>
<script defer src="//play.pokemonshowdown.com/data/moves.js?0.21866028504024015"></script>
<script defer src="//play.pokemonshowdown.com/data/abilities.js?0.2005157953846628"></script>
<script defer src="//play.pokemonshowdown.com/data/items.js?0.9894211263848525"></script>
<script defer src="//play.pokemonshowdown.com/data/teambuilder-tables.js?0.6008791140282215"></script>
<script defer src="//play.pokemonshowdown.com/js/battle-tooltips.js?0.7580118955022959"></script>
<script defer src="//play.pokemonshowdown.com/js/battle.js?0.6057722274234274"></script>

<script defer src="js/utils.js?e31f9a17"></script>
<script defer src="js/replays-battle.js?7008c182"></script>

<!-- don't scrape this data! just add .json or .log after the URL!
Full API docs: https://github.com/smogon/pokemon-showdown-client/blob/master/WEB-API.md -->
<script type="text/plain" class="log" id="replaylog-smogtours-gen3ou-799737">
|inactive|Battle timer is ON: inactive players will automatically lose when time's up.
|t:|1729289898
|gametype|singles
|player|p1|Rovels|cueball-gen1|
|player|p2|aplague doc|#agplviblackpink|
|teamsize|p1|6
|teamsize|p2|6
|gen|3
|tier|[Gen 3] OU
|rule|Sleep Clause Mod: Limit one foe put to sleep
|rule|Switch Priority Clause Mod: Faster Pokémon switch first
|rule|Species Clause: Limit one of each Pokémon
|rule|OHKO Clause: OHKO moves are banned
|rule|Evasion Items Clause: Evasion items are banned
|rule|Evasion Moves Clause: Evasion moves are banned
|rule|Endless Battle Clause: Forcing endless battles is banned
|rule|HP Percentage Mod: HP is shown in percentages
|rule|One Boost Passer Clause: Limit one Baton Passer that has a way to boost its stats
|rule|Freeze Clause Mod: Limit one foe frozen
|
|t:|1729289898
|start
|switch|p1a: Jigsaw|Slaking, F, shiny|100/100
|switch|p2a: Tyranitar|Tyranitar, F|100/100
|-weather|Sandstorm|[from] ability: Sand Stream|[of] p2a: Tyranitar
|turn|1
|c|☆aplague doc|hf
|c|☆Rovels|+
|inactive|Rovels has 270 seconds left.
|
|t:|1729289929
|switch|p2a: Gengar|Gengar, M|100/100
|move|p1a: Jigsaw|Return|p2a: Gengar
|-immune|p2a: Gengar
|
|-weather|Sandstorm|[upkeep]
|-damage|p2a: Gengar|94/100|[from] Sandstorm
|-damage|p1a: Jigsaw|94/100|[from] Sandstorm
|-heal|p2a: Gengar|100/100|[from] item: Leftovers
|upkeep
|turn|2
|
|t:|1729289949
|switch|p1a: Blissey|Blissey, F|100/100
|move|p2a: Gengar|Will-O-Wisp|p1a: Blissey|[miss]
|-miss|p2a: Gengar|p1a: Blissey
|
|-weather|Sandstorm|[upkeep]
|-damage|p2a: Gengar|94/100|[from] Sandstorm
|-damage|p1a: Blissey|94/100|[from] Sandstorm
|-heal|p2a: Gengar|100/100|[from] item: Leftovers
|-heal|p1a: Blissey|100/100|[from] item: Leftovers
|upkeep
|turn|3
|
|t:|1729289964
|switch|p2a: Tyranitar|Tyranitar, F|100/100
|move|p1a: Blissey|Thunderbolt|p2a: Tyranitar
|-damage|p2a: Tyranitar|75/100
|
|-weather|Sandstorm|[upkeep]
|-damage|p1a: Blissey|94/100|[from] Sandstorm
|-heal|p1a: Blissey|100/100|[from] item: Leftovers
|upkeep
|turn|4
|
|t:|1729289973
|-singleturn|p2a: Tyranitar|move: Focus Punch
|switch|p1a: Skarmory|Skarmory, F|100/100
|move|p2a: Tyranitar|Focus Punch|p1a: Skarmory
|-damage|p1a: Skarmory|54/100
|
|-weather|Sandstorm|[upkeep]
|-heal|p1a: Skarmory|60/100|[from] item: Leftovers
|upkeep
|turn|5
|
|t:|1729289994
|-singleturn|p2a: Tyranitar|move: Focus Punch
|move|p1a: Skarmory|Spikes|p2a: Tyranitar
|-sidestart|p2: aplague doc|Spikes
|move|p2a: Tyranitar|Focus Punch|p1a: Skarmory
|-damage|p1a: Skarmory|14/100
|
|-weather|Sandstorm|[upkeep]
|-heal|p1a: Skarmory|20/100|[from] item: Leftovers
|upkeep
|turn|6
|
|t:|1729289999
|-singleturn|p2a: Tyranitar|move: Focus Punch
|move|p1a: Skarmory|Protect|p1a: Skarmory
|-singleturn|p1a: Skarmory|Protect
|move|p2a: Tyranitar|Focus Punch|p1a: Skarmory
|-activate|p1a: Skarmory|Protect
|
|-weather|Sandstorm|[upkeep]
|-heal|p1a: Skarmory|26/100|[from] item: Leftovers
|upkeep
|turn|7
|
|t:|1729290021
|-singleturn|p2a: Tyranitar|move: Focus Punch
|move|p1a: Skarmory|Spikes|p2a: Tyranitar
|-sidestart|p2: aplague doc|Spikes
|move|p2a: Tyranitar|Focus Punch|p1a: Skarmory
|-damage|p1a: Skarmory|0 fnt
|faint|p1a: Skarmory
|inactive|Rovels has 270 seconds left.
|
|t:|1729290033
|switch|p1a: Jigsaw|Slaking, F, shiny|94/100
|
|-weather|Sandstorm|[upkeep]
|-damage|p1a: Jigsaw|88/100|[from] Sandstorm
|upkeep
|turn|8
|inactive|Rovels has 270 seconds left.
|
|t:|1729290059
|switch|p2a: Cloyster|Cloyster, F|100/100
|-damage|p2a: Cloyster|84/100|[from] Spikes
|move|p1a: Jigsaw|Shadow Ball|p2a: Cloyster
|-damage|p2a: Cloyster|54/100
|
|-weather|Sandstorm|[upkeep]
|-damage|p1a: Jigsaw|82/100|[from] Sandstorm
|-damage|p2a: Cloyster|48/100|[from] Sandstorm
|-heal|p2a: Cloyster|54/100|[from] item: Leftovers
|upkeep
|turn|9
|inactive|Rovels has 270 seconds left.
|
|t:|1729290068
|switch|p1a: Blastoise|Blastoise, F|100/100
|move|p2a: Cloyster|Rapid Spin|p1a: Blastoise
|-damage|p1a: Blastoise|97/100
|-sideend|p2: aplague doc|Spikes|[from] move: Rapid Spin|[of] p2a: Cloyster
|
|-weather|Sandstorm|[upkeep]
|-damage|p1a: Blastoise|91/100|[from] Sandstorm
|-damage|p2a: Cloyster|48/100|[from] Sandstorm
|-heal|p1a: Blastoise|97/100|[from] item: Leftovers
|-heal|p2a: Cloyster|54/100|[from] item: Leftovers
|upkeep
|turn|10
|
|t:|1729290077
|move|p2a: Cloyster|Spikes|p1a: Blastoise
|-sidestart|p1: Rovels|Spikes
|move|p1a: Blastoise|Roar|p2a: Cloyster
|drag|p2a: Tyranitar|Tyranitar, F|75/100
|
|-weather|Sandstorm|[upkeep]
|-damage|p1a: Blastoise|91/100|[from] Sandstorm
|-heal|p1a: Blastoise|97/100|[from] item: Leftovers
|upkeep
|turn|11
|
|t:|1729290091
|switch|p2a: Jolteon|Jolteon, M|100/100
|move|p1a: Blastoise|Surf|p2a: Jolteon
|-damage|p2a: Jolteon|60/100
|
|-weather|Sandstorm|[upkeep]
|-damage|p2a: Jolteon|54/100|[from] Sandstorm
|-damage|p1a: Blastoise|91/100|[from] Sandstorm
|-heal|p2a: Jolteon|60/100|[from] item: Leftovers
|-heal|p1a: Blastoise|97/100|[from] item: Leftovers
|upkeep
|turn|12
|
|t:|1729290109
|switch|p1a: Blissey|Blissey, F|100/100
|-damage|p1a: Blissey|88/100|[from] Spikes
|move|p2a: Jolteon|Thunderbolt|p1a: Blissey
|-damage|p1a: Blissey|70/100
|
|-weather|Sandstorm|[upkeep]
|-damage|p2a: Jolteon|54/100|[from] Sandstorm
|-damage|p1a: Blissey|64/100|[from] Sandstorm
|-heal|p2a: Jolteon|60/100|[from] item: Leftovers
|-heal|p1a: Blissey|70/100|[from] item: Leftovers
|upkeep
|turn|13
|
|t:|1729290123
|switch|p2a: Tyranitar|Tyranitar, F|75/100
|move|p1a: Blissey|Soft-Boiled|p1a: Blissey
|-heal|p1a: Blissey|100/100
|
|-weather|Sandstorm|[upkeep]
|-damage|p1a: Blissey|94/100|[from] Sandstorm
|-heal|p1a: Blissey|100/100|[from] item: Leftovers
|upkeep
|turn|14
|
|t:|1729290137
|-singleturn|p2a: Tyranitar|move: Focus Punch
|move|p1a: Blissey|Thunderbolt|p2a: Tyranitar
|-crit|p2a: Tyranitar
|-damage|p2a: Tyranitar|26/100
|move|p2a: Tyranitar|Focus Punch||[still]
|cant|p2a: Tyranitar|Focus Punch|Focus Punch
|
|-weather|Sandstorm|[upkeep]
|-damage|p1a: Blissey|94/100|[from] Sandstorm
|-heal|p1a: Blissey|100/100|[from] item: Leftovers
|upkeep
|turn|15
|
|t:|1729290157
|switch|p1a: Flygon|Flygon, M|100/100
|move|p2a: Tyranitar|Brick Break|p1a: Flygon
|-damage|p1a: Flygon|73/100
|
|-weather|Sandstorm|[upkeep]
|-heal|p1a: Flygon|79/100|[from] item: Leftovers
|upkeep
|turn|16
|
|t:|1729290176
|switch|p2a: Gengar|Gengar, M|100/100
|move|p1a: Flygon|Rock Slide|p2a: Gengar
|-damage|p2a: Gengar|67/100
|
|-weather|Sandstorm|[upkeep]
|-damage|p2a: Gengar|61/100|[from] Sandstorm
|-heal|p2a: Gengar|67/100|[from] item: Leftovers
|-heal|p1a: Flygon|85/100|[from] item: Leftovers
|upkeep
|turn|17
|
|t:|1729290185
|move|p1a: Flygon|Protect|p1a: Flygon
|-singleturn|p1a: Flygon|Protect
|move|p2a: Gengar|Will-O-Wisp|p1a: Flygon
|-activate|p1a: Flygon|Protect
|
|-weather|Sandstorm|[upkeep]
|-damage|p2a: Gengar|61/100|[from] Sandstorm
|-heal|p2a: Gengar|67/100|[from] item: Leftovers
|-heal|p1a: Flygon|91/100|[from] item: Leftovers
|upkeep
|turn|18
|
|t:|1729290196
|switch|p1a: Blissey|Blissey, F|100/100
|-damage|p1a: Blissey|88/100|[from] Spikes
|move|p2a: Gengar|Will-O-Wisp|p1a: Blissey|[miss]
|-miss|p2a: Gengar|p1a: Blissey
|
|-weather|Sandstorm|[upkeep]
|-damage|p2a: Gengar|61/100|[from] Sandstorm
|-damage|p1a: Blissey|82/100|[from] Sandstorm
|-heal|p2a: Gengar|67/100|[from] item: Leftovers
|-heal|p1a: Blissey|88/100|[from] item: Leftovers
|upkeep
|turn|19
|
|t:|1729290219
|move|p2a: Gengar|Will-O-Wisp|p1a: Blissey
|-status|p1a: Blissey|brn
|move|p1a: Blissey|Ice Beam|p2a: Gengar
|-damage|p2a: Gengar|38/100
|
|-weather|Sandstorm|[upkeep]
|-damage|p2a: Gengar|32/100|[from] Sandstorm
|-damage|p1a: Blissey|82/100 brn|[from] Sandstorm
|-heal|p2a: Gengar|38/100|[from] item: Leftovers
|-heal|p1a: Blissey|88/100 brn|[from] item: Leftovers
|-damage|p1a: Blissey|76/100 brn|[from] brn
|upkeep
|turn|20
|
|t:|1729290239
|move|p2a: Gengar|Explosion|p1a: Blissey
|-damage|p1a: Blissey|5/100 brn
|faint|p2a: Gengar
|inactive|aplague doc has 270 seconds left.
|
|t:|1729290261
|switch|p2a: Jolteon|Jolteon, M|60/100
|
|-weather|Sandstorm|[upkeep]
|-damage|p2a: Jolteon|54/100|[from] Sandstorm
|-damage|p1a: Blissey|0 fnt|[from] Sandstorm
|faint|p1a: Blissey
|-heal|p2a: Jolteon|60/100|[from] item: Leftovers
|upkeep
|inactive|Rovels has 270 seconds left.
|
|t:|1729290280
|switch|p1a: Flygon|Flygon, M|91/100
|turn|21
|
|t:|1729290285
|move|p1a: Flygon|Protect|p1a: Flygon
|-singleturn|p1a: Flygon|Protect
|move|p2a: Jolteon|Hidden Power|p1a: Flygon
|-activate|p1a: Flygon|Protect
|
|-weather|Sandstorm|[upkeep]
|-damage|p2a: Jolteon|54/100|[from] Sandstorm
|-heal|p2a: Jolteon|60/100|[from] item: Leftovers
|-heal|p1a: Flygon|97/100|[from] item: Leftovers
|upkeep
|turn|22
|inactive|aplague doc has 270 seconds left.
|
|t:|1729290315
|move|p2a: Jolteon|Hidden Power|p1a: Flygon
|-supereffective|p1a: Flygon
|-damage|p1a: Flygon|5/100
|move|p1a: Flygon|Earthquake|p2a: Jolteon
|-supereffective|p2a: Jolteon
|-damage|p2a: Jolteon|0 fnt
|faint|p2a: Jolteon
|inactive|aplague doc has 270 seconds left.
|
|t:|1729290327
|switch|p2a: Moltres|Moltres|100/100
|
|-weather|Sandstorm|[upkeep]
|-damage|p2a: Moltres|94/100|[from] Sandstorm
|-heal|p2a: Moltres|100/100|[from] item: Leftovers
|-heal|p1a: Flygon|11/100|[from] item: Leftovers
|upkeep
|turn|23
|inactive|aplague doc has 270 seconds left.
|
|t:|1729290340
|move|p1a: Flygon|Protect|p1a: Flygon
|-singleturn|p1a: Flygon|Protect
|move|p2a: Moltres|Hidden Power|p1a: Flygon
|-activate|p1a: Flygon|Protect
|
|-weather|Sandstorm|[upkeep]
|-damage|p2a: Moltres|94/100|[from] Sandstorm
|-heal|p2a: Moltres|100/100|[from] item: Leftovers
|-heal|p1a: Flygon|17/100|[from] item: Leftovers
|upkeep
|turn|24
|inactive|Rovels has 270 seconds left.
|c|☆aplague doc|moggaram 1 otario aq blyargh
|c|☆aplague doc|(eu)
|c|☆Rovels|english
|
|t:|1729290396
|switch|p1a: Jirachi|Jirachi|100/100
|-damage|p1a: Jirachi|88/100|[from] Spikes
|move|p2a: Moltres|Hidden Power|p1a: Jirachi
|-resisted|p1a: Jirachi
|-damage|p1a: Jirachi|80/100
|
|-weather|Sandstorm|[upkeep]
|-damage|p2a: Moltres|94/100|[from] Sandstorm
|-heal|p2a: Moltres|100/100|[from] item: Leftovers
|-heal|p1a: Jirachi|86/100|[from] item: Leftovers
|upkeep
|turn|25
|inactive|Rovels has 240 seconds left.
|
|t:|1729290411
|move|p1a: Jirachi|Protect|p1a: Jirachi
|-singleturn|p1a: Jirachi|Protect
|move|p2a: Moltres|Flamethrower|p1a: Jirachi
|-activate|p1a: Jirachi|Protect
|
|-weather|Sandstorm|[upkeep]
|-damage|p2a: Moltres|94/100|[from] Sandstorm
|-heal|p2a: Moltres|100/100|[from] item: Leftovers
|-heal|p1a: Jirachi|92/100|[from] item: Leftovers
|upkeep
|turn|26
|
|t:|1729290420
|move|p2a: Moltres|Flamethrower|p1a: Jirachi
|-supereffective|p1a: Jirachi
|-damage|p1a: Jirachi|33/100
|move|p1a: Jirachi|Body Slam|p2a: Moltres
|-damage|p2a: Moltres|79/100
|-status|p2a: Moltres|par
|
|-weather|Sandstorm|[upkeep]
|-damage|p2a: Moltres|73/100 par|[from] Sandstorm
|-heal|p1a: Jirachi|39/100|[from] item: Leftovers
|-heal|p2a: Moltres|79/100 par|[from] item: Leftovers
|upkeep
|turn|27
|
|t:|1729290430
|move|p1a: Jirachi|Protect|p1a: Jirachi
|-singleturn|p1a: Jirachi|Protect
|move|p2a: Moltres|Flamethrower|p1a: Jirachi
|-activate|p1a: Jirachi|Protect
|
|-weather|Sandstorm|[upkeep]
|-damage|p2a: Moltres|73/100 par|[from] Sandstorm
|-heal|p1a: Jirachi|45/100|[from] item: Leftovers
|-heal|p2a: Moltres|79/100 par|[from] item: Leftovers
|upkeep
|turn|28
|inactive|Rovels has 240 seconds left.
|
|t:|1729290446
|switch|p1a: Jigsaw|Slaking, F, shiny|82/100
|-damage|p1a: Jigsaw|70/100|[from] Spikes
|cant|p2a: Moltres|par
|
|-weather|Sandstorm|[upkeep]
|-damage|p1a: Jigsaw|64/100|[from] Sandstorm
|-damage|p2a: Moltres|73/100 par|[from] Sandstorm
|-heal|p2a: Moltres|79/100 par|[from] item: Leftovers
|upkeep
|turn|29
|c|☆aplague doc|,
|inactive|Rovels has 240 seconds left.
|
|t:|1729290476
|move|p1a: Jigsaw|Return|p2a: Moltres
|-damage|p2a: Moltres|0 fnt
|faint|p2a: Moltres
|
|t:|1729290486
|switch|p2a: Tyranitar|Tyranitar, F|26/100
|
|-weather|Sandstorm|[upkeep]
|-damage|p1a: Jigsaw|58/100|[from] Sandstorm
|upkeep
|turn|30
|
|t:|1729290495
|-singleturn|p2a: Tyranitar|move: Focus Punch
|switch|p1a: Flygon|Flygon, M|17/100
|move|p2a: Tyranitar|Focus Punch|p1a: Flygon
|-damage|p1a: Flygon|0 fnt
|faint|p1a: Flygon
|
|t:|1729290508
|switch|p1a: Blastoise|Blastoise, F|97/100
|-damage|p1a: Blastoise|85/100|[from] Spikes
|
|-weather|Sandstorm|[upkeep]
|-damage|p1a: Blastoise|79/100|[from] Sandstorm
|-heal|p1a: Blastoise|85/100|[from] item: Leftovers
|upkeep
|turn|31
|
|t:|1729290530
|switch|p2a: Cloyster|Cloyster, F|54/100
|move|p1a: Blastoise|Rapid Spin|p2a: Cloyster
|-damage|p2a: Cloyster|52/100
|-sideend|p1: Rovels|Spikes|[from] move: Rapid Spin|[of] p1a: Blastoise
|
|-weather|Sandstorm|[upkeep]
|-damage|p1a: Blastoise|79/100|[from] Sandstorm
|-damage|p2a: Cloyster|46/100|[from] Sandstorm
|-heal|p1a: Blastoise|85/100|[from] item: Leftovers
|-heal|p2a: Cloyster|52/100|[from] item: Leftovers
|upkeep
|turn|32
|inactive|aplague doc has 270 seconds left.
|inactive|Rovels has 240 seconds left.
|inactive|aplague doc has 240 seconds left.
|
|t:|1729290584
|move|p1a: Blastoise|Surf|p2a: Cloyster
|-resisted|p2a: Cloyster
|-damage|p2a: Cloyster|27/100
|move|p2a: Cloyster|Surf|p1a: Blastoise
|-resisted|p1a: Blastoise
|-damage|p1a: Blastoise|71/100
|
|-weather|Sandstorm|[upkeep]
|-damage|p1a: Blastoise|65/100|[from] Sandstorm
|-damage|p2a: Cloyster|21/100|[from] Sandstorm
|-heal|p1a: Blastoise|71/100|[from] item: Leftovers
|-heal|p2a: Cloyster|27/100|[from] item: Leftovers
|upkeep
|turn|33
|inactive|Rovels has 240 seconds left.
|inactive|aplague doc has 240 seconds left.
|
|t:|1729290600
|move|p1a: Blastoise|Surf|p2a: Cloyster
|-resisted|p2a: Cloyster
|-damage|p2a: Cloyster|3/100
|move|p2a: Cloyster|Explosion|p1a: Blastoise
|-damage|p1a: Blastoise|0 fnt
|faint|p2a: Cloyster
|faint|p1a: Blastoise
|inactive|Rovels has 240 seconds left.
|inactive|aplague doc has 240 seconds left.
|
|t:|1729290615
|switch|p1a: Jigsaw|Slaking, F, shiny|58/100
|switch|p2a: Swampert|Swampert, M|100/100
|
|-weather|Sandstorm|[upkeep]
|-damage|p1a: Jigsaw|51/100|[from] Sandstorm
|upkeep
|turn|34
|inactive|Rovels has 240 seconds left.
|inactive|aplague doc has 240 seconds left.
|
|t:|1729290650
|move|p1a: Jigsaw|Return|p2a: Swampert
|-damage|p2a: Swampert|29/100
|move|p2a: Swampert|Earthquake|p1a: Jigsaw
|-damage|p1a: Jigsaw|21/100
|
|-weather|Sandstorm|[upkeep]
|-damage|p1a: Jigsaw|15/100|[from] Sandstorm
|-heal|p2a: Swampert|35/100|[from] item: Leftovers
|upkeep
|turn|35
|
|t:|1729290659
|switch|p1a: Jirachi|Jirachi|45/100
|move|p2a: Swampert|Earthquake|p1a: Jirachi
|-supereffective|p1a: Jirachi
|-damage|p1a: Jirachi|0 fnt
|faint|p1a: Jirachi
|
|t:|1729290661
|switch|p1a: Jigsaw|Slaking, F, shiny|15/100
|
|-weather|Sandstorm|[upkeep]
|-damage|p1a: Jigsaw|9/100|[from] Sandstorm
|-heal|p2a: Swampert|41/100|[from] item: Leftovers
|upkeep
|turn|36
|
|t:|1729290665
|move|p1a: Jigsaw|Return|p2a: Swampert
|-damage|p2a: Swampert|0 fnt
|faint|p2a: Swampert
|
|t:|1729290667
|switch|p2a: Tyranitar|Tyranitar, F|26/100
|
|-weather|Sandstorm|[upkeep]
|-damage|p1a: Jigsaw|3/100|[from] Sandstorm
|upkeep
|turn|37
|
|t:|1729290669
|cant|p1a: Jigsaw|ability: Truant
|move|p2a: Tyranitar|Brick Break|p1a: Jigsaw
|-supereffective|p1a: Jigsaw
|-damage|p1a: Jigsaw|0 fnt
|faint|p1a: Jigsaw
|
|win|aplague doc
|c|☆Rovels|gg
|c|☆aplague doc|gg
|player|p1|

</script>
<script type="application/json" class="data" id="replaydata-smogtours-gen3ou-799737">
{"id":"smogtours-gen3ou-799737","format":"[Gen 3] OU","players":["Rovels","aplague doc"],"uploadtime":1729290669,"views":121,"formatid":"gen3ou","rating":null,"private":0,"password":null}
</script>

<script defer src="js/replays.js?9d40a366"></script>
