<!DOCTYPE html>
<meta charset="utf-8" />
<meta name="viewport" content="width=device-width" />

<title>[Gen 3] OU: MeatballSpaghetti vs. felipe01788 - Replays - Pok&eacute;mon Showdown!</title>

<meta name="description" content="Watch a replay of a Pok&eacute;mon battle between MeatballSpaghetti and felipe01788! Format: [Gen 3] OU; Date: Oct 17, 2024" />
<!--

Hey, you! Looking in the source for the replay log?

You can find them in JSON format, just add `.json` at the end of a replay URL.

https://replay.pokemonshowdown.com/gen7randomdoublesbattle-865046831.json

Or, if you only need the log itself, add `.log` instead:

https://replay.pokemonshowdown.com/gen7randomdoublesbattle-865046831.log

-->

<link rel="stylesheet" href="//pokemonshowdown.com/style/global.css?0.767286132409787" />
<link rel="stylesheet" href="//play.pokemonshowdown.com/style/font-awesome.css?0.9266228007934947" />
<link rel="stylesheet" href="//play.pokemonshowdown.com/style/battle.css?0.7924700842790926" />
<link rel="stylesheet" href="//play.pokemonshowdown.com/style/utilichart.css?0.8777417872839479" />

<!-- Global site tag (gtag.js) - Google Analytics -->
<script async src="https://www.googletagmanager.com/gtag/js?id=UA-26211653-1"></script>
<script>
  window.dataLayer = window.dataLayer || [];
  function gtag(){dataLayer.push(arguments);}
  gtag('js', new Date());

  gtag('config', 'UA-26211653-1');
</script>
<!-- End Google Analytics -->
<!-- Venatus Ad Manager - Install in <HEAD> of page -->
	<script src="https://hb.vntsm.com/v3/live/ad-manager.min.js" type="text/javascript" data-site-id="642aba63ec9a7b11c3c9c1be" data-mode="scan" async></script>
<!-- / Venatus Ad Manager -->

<style>
	@media (max-width:820px) {
		.battle {
			margin: 0 auto;
		}
		.battle-log {
			margin: 7px auto 0;
			max-width: 640px;
			height: 300px;
			position: static;
		}
	}
	.optgroup {
		display: inline-block;
		line-height: 22px;
		font-size: 10pt;
	}
	.optgroup .button {
		height: 25px;
		padding-top: 0;
		padding-bottom: 0;
	}
	.optgroup button.button {
		padding-left: 12px;
		padding-right: 12px;
	}
	.linklist {
		list-style: none;
		margin: 0.5em 0;
		padding: 0;
	}
	.linklist li {
		padding: 2px 0;
	}
	.sidebar {
		float: left;
		width: 320px;
	}
	.bar-wrapper {
		max-width: 1100px;
		margin: 0 auto;
	}
	.bar-wrapper.has-sidebar {
		max-width: 1430px;
	}
	.mainbar {
		margin: 0;
		padding-right: 1px;
	}
	.mainbar.has-sidebar {
		margin-left: 330px;
	}
	@media (min-width: 1511px) {
		.sidebar {
			width: 400px;
		}
		.bar-wrapper.has-sidebar {
			max-width: 1510px;
		}
		.mainbar.has-sidebar {
			margin-left: 410px;
		}
	}
	.section.first-section {
		margin-top: 9px;
	}
	.blocklink small {
		white-space: normal;
	}
	.button {
		vertical-align: middle;
	}
	.replay-controls {
		padding-top: 10px;
	}
	.replay-controls h1 {
		font-size: 16pt;
		font-weight: normal;
		color: #CCC;
	}
	.pagelink {
		text-align: center;
	}
	.pagelink a {
		width: 150px;
	}
	.textbox, .button {
		font-size: 11pt;
		vertical-align: middle;
	}
	@media (max-width: 450px) {
		.button {
			font-size: 9pt;
		}
	}
</style>

<div>

	<header>
		<div class="nav-wrapper"><ul class="nav">
			<li><a class="button nav-first" href="//pokemonshowdown.com/"><img src="//pokemonshowdown.com/images/pokemonshowdownbeta.png" srcset="//pokemonshowdown.com/images/pokemonshowdownbeta.png 1x, //pokemonshowdown.com/images/pokemonshowdownbeta@2x.png 2x" alt="Pok&eacute;mon Showdown" width="146" height="44" /> Home</a></li>
			<li><a class="button" href="//pokemonshowdown.com/dex/">Pok&eacute;dex</a></li>
			<li><a class="button cur" href="/">Replays</a></li>
			<li><a class="button" href="//pokemonshowdown.com/ladder/">Ladder</a></li>
			<li><a class="button nav-last" href="//pokemonshowdown.com/forums/">Forum</a></li>
			<li><a class="button greenbutton nav-first nav-last" href="//play.pokemonshowdown.com/">Play</a></li>
		</ul></div>
	</header>

	<div class="main" id="main">

		<noscript><section class="section">You need to enable JavaScript to use this page; sorry!</section></noscript>

	</div>

</div>

<script defer nomodule src="//play.pokemonshowdown.com/js/lib/ps-polyfill.js"></script>
<script defer src="//play.pokemonshowdown.com/js/lib/preact.min.js"></script>

<script defer src="//play.pokemonshowdown.com/config/config.js?6dec07f6"></script>
<script defer src="//play.pokemonshowdown.com/js/lib/jquery-1.11.0.min.js"></script>
<script defer src="//play.pokemonshowdown.com/js/lib/html-sanitizer-minified.js"></script>
<script defer src="//play.pokemonshowdown.com/js/battle-sound.js"></script>
<script defer src="//play.pokemonshowdown.com/js/battledata.js?0.6315294753075389"></script>
<script defer src="//play.pokemonshowdown.com/data/pokedex-mini.js?0.7603743185311358"></script>
<script defer src="//play.pokemonshowdown.com/data/pokedex-mini-bw.js?0.030888842834281283"></script>
<script defer src="//play.pokemonshowdown.com/data/graphics.js?0.05593094747507488"></script>
<script defer src="//play.pokemonshowdown.com/data/pokedex.js?0.47064822249611904"></script>
<script defer src="//play.pokemonshowdown.com/data/moves.js?0.8583693120512459"></script>
<script defer src="//play.pokemonshowdown.com/data/abilities.js?0.16017181182386842"></script>
<script defer src="//play.pokemonshowdown.com/data/items.js?0.4163379185673943"></script>
<script defer src="//play.pokemonshowdown.com/data/teambuilder-tables.js?0.31075597372830477"></script>
<script defer src="//play.pokemonshowdown.com/js/battle-tooltips.js?0.6536193500708172"></script>
<script defer src="//play.pokemonshowdown.com/js/battle.js?0.1916591943277901"></script>

<script defer src="js/utils.js?e31f9a17"></script>
<script defer src="js/replays-battle.js?7008c182"></script>

<!-- don't scrape this data! just add .json or .log after the URL!
Full API docs: https://github.com/smogon/pokemon-showdown-client/blob/master/WEB-API.md -->
<script type="text/plain" class="log" id="replaylog-smogtours-gen3ou-799332">
|inactive|Battle timer is ON: inactive players will automatically lose when time's up.
|t:|1729192898
|gametype|singles
|player|p1|MeatballSpaghetti|169|
|player|p2|felipe01788|265|
|teamsize|p1|6
|teamsize|p2|6
|gen|3
|tier|[Gen 3] OU
|rule|Sleep Clause Mod: Limit one foe put to sleep
|rule|Switch Priority Clause Mod: Faster Pokémon switch first
|rule|Species Clause: Limit one of each Pokémon
|rule|OHKO Clause: OHKO moves are banned
|rule|Evasion Items Clause: Evasion items are banned
|rule|Evasion Moves Clause: Evasion moves are banned
|rule|Endless Battle Clause: Forcing endless battles is banned
|rule|HP Percentage Mod: HP is shown in percentages
|rule|One Boost Passer Clause: Limit one Baton Passer that has a way to boost its stats
|rule|Freeze Clause Mod: Limit one foe frozen
|
|t:|1729192898
|start
|switch|p1a: Suicune|Suicune|100/100
|switch|p2a: Zapdos|Zapdos|100/100
|turn|1
|
|t:|1729192906
|switch|p1a: Snorlax|Snorlax, F|100/100
|move|p2a: Zapdos|Thunderbolt|p1a: Snorlax
|-damage|p1a: Snorlax|73/100
|
|-heal|p1a: Snorlax|79/100|[from] item: Leftovers
|upkeep
|turn|2
|
|t:|1729192920
|switch|p2a: Breloom|Breloom, F|100/100
|move|p1a: Snorlax|Body Slam|p2a: Breloom
|-damage|p2a: Breloom|43/100
|
|-heal|p2a: Breloom|49/100|[from] item: Leftovers
|-heal|p1a: Snorlax|85/100|[from] item: Leftovers
|upkeep
|turn|3
|
|t:|1729192930
|switch|p1a: Salamence|Salamence, M|100/100
|-ability|p1a: Salamence|Intimidate|boost
|-unboost|p2a: Breloom|atk|1
|move|p2a: Breloom|Brick Break|p1a: Salamence
|-resisted|p1a: Salamence
|-damage|p1a: Salamence|81/100
|
|-heal|p1a: Salamence|87/100|[from] item: Leftovers
|-heal|p2a: Breloom|55/100|[from] item: Leftovers
|upkeep
|turn|4
|
|t:|1729192937
|switch|p2a: Swampert|Swampert, M|100/100
|move|p1a: Salamence|Dragon Claw|p2a: Swampert
|-damage|p2a: Swampert|60/100
|
|-heal|p1a: Salamence|93/100|[from] item: Leftovers
|-heal|p2a: Swampert|66/100|[from] item: Leftovers
|upkeep
|turn|5
|
|t:|1729192945
|switch|p2a: Charizard|Charizard, M|100/100
|move|p1a: Salamence|Hidden Power|p2a: Charizard
|-resisted|p2a: Charizard
|-damage|p2a: Charizard|93/100
|
|-heal|p2a: Charizard|99/100|[from] item: Leftovers
|-heal|p1a: Salamence|99/100|[from] item: Leftovers
|upkeep
|turn|6
|
|t:|1729192956
|switch|p1a: Snorlax|Snorlax, F|85/100
|move|p2a: Charizard|Fire Blast|p1a: Snorlax|[miss]
|-miss|p2a: Charizard|p1a: Snorlax
|
|-heal|p2a: Charizard|100/100|[from] item: Leftovers
|-heal|p1a: Snorlax|91/100|[from] item: Leftovers
|upkeep
|turn|7
|
|t:|1729192964
|switch|p2a: Tyranitar|Tyranitar, F|100/100
|-weather|Sandstorm|[from] ability: Sand Stream|[of] p2a: Tyranitar
|move|p1a: Snorlax|Body Slam|p2a: Tyranitar
|-resisted|p2a: Tyranitar
|-damage|p2a: Tyranitar|83/100
|
|-weather|Sandstorm|[upkeep]
|-damage|p1a: Snorlax|85/100|[from] Sandstorm
|-heal|p2a: Tyranitar|89/100|[from] item: Leftovers
|-heal|p1a: Snorlax|91/100|[from] item: Leftovers
|upkeep
|turn|8
|
|t:|1729192973
|move|p2a: Tyranitar|Brick Break|p1a: Snorlax
|-supereffective|p1a: Snorlax
|-damage|p1a: Snorlax|49/100
|move|p1a: Snorlax|Earthquake|p2a: Tyranitar
|-supereffective|p2a: Tyranitar
|-damage|p2a: Tyranitar|34/100
|
|-weather|Sandstorm|[upkeep]
|-damage|p1a: Snorlax|43/100|[from] Sandstorm
|-heal|p2a: Tyranitar|40/100|[from] item: Leftovers
|-heal|p1a: Snorlax|49/100|[from] item: Leftovers
|upkeep
|turn|9
|
|t:|1729193000
|switch|p1a: Suicune|Suicune|100/100
|move|p2a: Tyranitar|Brick Break|p1a: Suicune
|-damage|p1a: Suicune|82/100
|
|-weather|Sandstorm|[upkeep]
|-damage|p1a: Suicune|76/100|[from] Sandstorm
|-heal|p1a: Suicune|82/100|[from] item: Leftovers
|-heal|p2a: Tyranitar|46/100|[from] item: Leftovers
|upkeep
|turn|10
|inactive|felipe01788 has 270 seconds left.
|
|t:|1729193018
|switch|p2a: Snorlax|Snorlax, M|100/100
|move|p1a: Suicune|Hydro Pump|p2a: Snorlax
|-damage|p2a: Snorlax|71/100
|
|-weather|Sandstorm|[upkeep]
|-damage|p1a: Suicune|76/100|[from] Sandstorm
|-damage|p2a: Snorlax|64/100|[from] Sandstorm
|-heal|p1a: Suicune|82/100|[from] item: Leftovers
|-heal|p2a: Snorlax|71/100|[from] item: Leftovers
|upkeep
|turn|11
|
|t:|1729193028
|move|p2a: Snorlax|Body Slam|p1a: Suicune
|-damage|p1a: Suicune|51/100
|-status|p1a: Suicune|par
|move|p1a: Suicune|Roar|p2a: Snorlax
|drag|p2a: Swampert|Swampert, M|66/100
|
|-weather|Sandstorm|[upkeep]
|-damage|p1a: Suicune|45/100 par|[from] Sandstorm
|-heal|p2a: Swampert|72/100|[from] item: Leftovers
|-heal|p1a: Suicune|51/100 par|[from] item: Leftovers
|upkeep
|turn|12
|
|t:|1729193042
|move|p2a: Swampert|Earthquake|p1a: Suicune
|-damage|p1a: Suicune|22/100 par
|cant|p1a: Suicune|par
|
|-weather|Sandstorm|[upkeep]
|-damage|p1a: Suicune|16/100 par|[from] Sandstorm
|-heal|p2a: Swampert|78/100|[from] item: Leftovers
|-heal|p1a: Suicune|22/100 par|[from] item: Leftovers
|upkeep
|turn|13
|
|t:|1729193054
|move|p2a: Swampert|Earthquake|p1a: Suicune
|-damage|p1a: Suicune|0 fnt
|faint|p1a: Suicune
|
|t:|1729193068
|switch|p1a: Salamence|Salamence, M|99/100
|-ability|p1a: Salamence|Intimidate|boost
|-unboost|p2a: Swampert|atk|1
|
|-weather|Sandstorm|[upkeep]
|-damage|p1a: Salamence|93/100|[from] Sandstorm
|-heal|p1a: Salamence|99/100|[from] item: Leftovers
|-heal|p2a: Swampert|84/100|[from] item: Leftovers
|upkeep
|turn|14
|inactive|felipe01788 has 270 seconds left.
|inactive|felipe01788 has 240 seconds left.
|
|t:|1729193125
|switch|p2a: Zapdos|Zapdos|100/100
|move|p1a: Salamence|Hidden Power|p2a: Zapdos
|-resisted|p2a: Zapdos
|-damage|p2a: Zapdos|86/100
|
|-weather|Sandstorm|[upkeep]
|-damage|p2a: Zapdos|80/100|[from] Sandstorm
|-damage|p1a: Salamence|93/100|[from] Sandstorm
|-heal|p2a: Zapdos|86/100|[from] item: Leftovers
|-heal|p1a: Salamence|99/100|[from] item: Leftovers
|upkeep
|turn|15
|
|t:|1729193138
|switch|p1a: Magneton|Magneton|100/100
|move|p2a: Zapdos|Thunder Wave|p1a: Magneton
|-status|p1a: Magneton|par
|
|-weather|Sandstorm|[upkeep]
|-damage|p2a: Zapdos|80/100|[from] Sandstorm
|-heal|p2a: Zapdos|86/100|[from] item: Leftovers
|upkeep
|turn|16
|
|t:|1729193148
|switch|p2a: Tyranitar|Tyranitar, F|46/100
|cant|p1a: Magneton|par
|
|-weather|Sandstorm|[upkeep]
|-heal|p2a: Tyranitar|52/100|[from] item: Leftovers
|upkeep
|turn|17
|
|t:|1729193158
|move|p2a: Tyranitar|Crunch|p1a: Magneton
|-resisted|p1a: Magneton
|-damage|p1a: Magneton|66/100 par
|-unboost|p1a: Magneton|spd|1
|move|p1a: Magneton|Thunder Wave|p2a: Tyranitar
|-status|p2a: Tyranitar|par
|
|-weather|Sandstorm|[upkeep]
|-heal|p2a: Tyranitar|58/100 par|[from] item: Leftovers
|upkeep
|turn|18
|
|t:|1729193166
|switch|p1a: Heracross|Heracross, F|100/100
|move|p2a: Tyranitar|Fire Blast|p1a: Heracross
|-supereffective|p1a: Heracross
|-damage|p1a: Heracross|13/100
|
|-weather|Sandstorm|[upkeep]
|-damage|p1a: Heracross|8/100|[from] Sandstorm
|-enditem|p1a: Heracross|Salac Berry|[eat]
|-boost|p1a: Heracross|spe|1|[from] item: Salac Berry
|-heal|p2a: Tyranitar|64/100 par|[from] item: Leftovers
|upkeep
|turn|19
|
|t:|1729193180
|move|p1a: Heracross|Megahorn|p2a: Tyranitar
|-supereffective|p2a: Tyranitar
|-damage|p2a: Tyranitar|0 fnt
|faint|p2a: Tyranitar
|
|t:|1729193182
|switch|p2a: Breloom|Breloom, F|55/100
|
|-weather|Sandstorm|[upkeep]
|-damage|p1a: Heracross|1/100|[from] Sandstorm
|-damage|p2a: Breloom|49/100|[from] Sandstorm
|-heal|p2a: Breloom|55/100|[from] item: Leftovers
|upkeep
|turn|20
|
|t:|1729193187
|move|p2a: Breloom|Mach Punch|p1a: Heracross
|-resisted|p1a: Heracross
|-damage|p1a: Heracross|0 fnt
|faint|p1a: Heracross
|
|t:|1729193193
|switch|p1a: Salamence|Salamence, M|99/100
|-ability|p1a: Salamence|Intimidate|boost
|-unboost|p2a: Breloom|atk|1
|
|-weather|Sandstorm|[upkeep]
|-damage|p1a: Salamence|93/100|[from] Sandstorm
|-damage|p2a: Breloom|49/100|[from] Sandstorm
|-heal|p1a: Salamence|99/100|[from] item: Leftovers
|-heal|p2a: Breloom|55/100|[from] item: Leftovers
|upkeep
|turn|21
|inactive|felipe01788 has 270 seconds left.
|
|t:|1729193219
|switch|p2a: Snorlax|Snorlax, M|71/100
|move|p1a: Salamence|Fire Blast|p2a: Snorlax
|-damage|p2a: Snorlax|47/100
|
|-weather|Sandstorm|[upkeep]
|-damage|p1a: Salamence|93/100|[from] Sandstorm
|-damage|p2a: Snorlax|41/100|[from] Sandstorm
|-heal|p1a: Salamence|99/100|[from] item: Leftovers
|-heal|p2a: Snorlax|47/100|[from] item: Leftovers
|upkeep
|turn|22
|
|t:|1729193227
|move|p1a: Salamence|Brick Break|p2a: Snorlax
|-supereffective|p2a: Snorlax
|-damage|p2a: Snorlax|12/100
|move|p2a: Snorlax|Body Slam|p1a: Salamence
|-damage|p1a: Salamence|51/100
|
|-weather|Sandstorm|[upkeep]
|-damage|p1a: Salamence|45/100|[from] Sandstorm
|-damage|p2a: Snorlax|6/100|[from] Sandstorm
|-heal|p1a: Salamence|51/100|[from] item: Leftovers
|-heal|p2a: Snorlax|12/100|[from] item: Leftovers
|upkeep
|turn|23
|
|t:|1729193233
|move|p1a: Salamence|Brick Break|p2a: Snorlax
|-supereffective|p2a: Snorlax
|-damage|p2a: Snorlax|0 fnt
|faint|p2a: Snorlax
|inactive|felipe01788 has 270 seconds left.
|
|t:|1729193244
|switch|p2a: Zapdos|Zapdos|86/100
|
|-weather|Sandstorm|[upkeep]
|-damage|p2a: Zapdos|80/100|[from] Sandstorm
|-damage|p1a: Salamence|45/100|[from] Sandstorm
|-heal|p2a: Zapdos|86/100|[from] item: Leftovers
|-heal|p1a: Salamence|51/100|[from] item: Leftovers
|upkeep
|turn|24
|
|t:|1729193258
|switch|p1a: Magneton|Magneton|66/100 par
|move|p2a: Zapdos|Thunderbolt|p1a: Magneton
|-resisted|p1a: Magneton
|-damage|p1a: Magneton|20/100 par
|
|-weather|Sandstorm|[upkeep]
|-damage|p2a: Zapdos|80/100|[from] Sandstorm
|-heal|p2a: Zapdos|86/100|[from] item: Leftovers
|upkeep
|turn|25
|
|t:|1729193264
|move|p2a: Zapdos|Baton Pass|p2a: Zapdos
|
|t:|1729193266
|switch|p2a: Swampert|Swampert, M|84/100|[from] Baton Pass
|cant|p1a: Magneton|par
|
|-weather|Sandstorm|[upkeep]
|-heal|p2a: Swampert|90/100|[from] item: Leftovers
|upkeep
|turn|26
|
|t:|1729193276
|move|p2a: Swampert|Ice Beam|p1a: Magneton
|-resisted|p1a: Magneton
|-damage|p1a: Magneton|0 fnt
|faint|p1a: Magneton
|
|t:|1729193278
|switch|p1a: Snorlax|Snorlax, F|49/100
|
|-weather|Sandstorm|[upkeep]
|-damage|p1a: Snorlax|43/100|[from] Sandstorm
|-heal|p2a: Swampert|96/100|[from] item: Leftovers
|-heal|p1a: Snorlax|49/100|[from] item: Leftovers
|upkeep
|turn|27
|
|t:|1729193292
|move|p2a: Swampert|Earthquake|p1a: Snorlax
|-damage|p1a: Snorlax|13/100
|move|p1a: Snorlax|Body Slam|p2a: Swampert
|-damage|p2a: Swampert|57/100
|-status|p2a: Swampert|par
|
|-weather|Sandstorm|[upkeep]
|-damage|p1a: Snorlax|7/100|[from] Sandstorm
|-heal|p1a: Snorlax|13/100|[from] item: Leftovers
|-heal|p2a: Swampert|63/100 par|[from] item: Leftovers
|upkeep
|turn|28
|
|t:|1729193301
|switch|p1a: Salamence|Salamence, M|51/100
|-ability|p1a: Salamence|Intimidate|boost
|-unboost|p2a: Swampert|atk|1
|move|p2a: Swampert|Earthquake|p1a: Salamence
|-immune|p1a: Salamence
|
|-weather|Sandstorm|[upkeep]
|-damage|p1a: Salamence|45/100|[from] Sandstorm
|-heal|p1a: Salamence|51/100|[from] item: Leftovers
|-heal|p2a: Swampert|69/100 par|[from] item: Leftovers
|upkeep
|turn|29
|
|t:|1729193305
|move|p1a: Salamence|Dragon Claw|p2a: Swampert
|-damage|p2a: Swampert|34/100 par
|cant|p2a: Swampert|par
|
|-weather|Sandstorm|[upkeep]
|-damage|p1a: Salamence|45/100|[from] Sandstorm
|-heal|p1a: Salamence|51/100|[from] item: Leftovers
|-heal|p2a: Swampert|40/100 par|[from] item: Leftovers
|upkeep
|turn|30
|
|t:|1729193313
|switch|p2a: Zapdos|Zapdos|86/100
|move|p1a: Salamence|Hidden Power|p2a: Zapdos
|-resisted|p2a: Zapdos
|-damage|p2a: Zapdos|73/100
|
|-weather|Sandstorm|[upkeep]
|-damage|p2a: Zapdos|67/100|[from] Sandstorm
|-damage|p1a: Salamence|45/100|[from] Sandstorm
|-heal|p2a: Zapdos|73/100|[from] item: Leftovers
|-heal|p1a: Salamence|51/100|[from] item: Leftovers
|upkeep
|turn|31
|
|t:|1729193318
|move|p2a: Zapdos|Thunderbolt|p1a: Salamence
|-damage|p1a: Salamence|0 fnt
|faint|p1a: Salamence
|
|t:|1729193322
|switch|p1a: Metagross|Metagross|100/100
|
|-weather|Sandstorm|[upkeep]
|-damage|p2a: Zapdos|67/100|[from] Sandstorm
|-heal|p2a: Zapdos|73/100|[from] item: Leftovers
|upkeep
|turn|32
|
|t:|1729193326
|move|p2a: Zapdos|Thunder Wave|p1a: Metagross
|-status|p1a: Metagross|par
|move|p1a: Metagross|Rock Slide|p2a: Zapdos
|-supereffective|p2a: Zapdos
|-damage|p2a: Zapdos|0 fnt
|faint|p2a: Zapdos
|
|t:|1729193340
|switch|p2a: Breloom|Breloom, F|55/100
|
|-weather|Sandstorm|[upkeep]
|-damage|p2a: Breloom|49/100|[from] Sandstorm
|-heal|p2a: Breloom|55/100|[from] item: Leftovers
|upkeep
|turn|33
|
|t:|1729193346
|switch|p1a: Snorlax|Snorlax, F|13/100
|move|p2a: Breloom|Brick Break|p1a: Snorlax
|-supereffective|p1a: Snorlax
|-damage|p1a: Snorlax|0 fnt
|faint|p1a: Snorlax
|
|t:|1729193348
|switch|p1a: Metagross|Metagross|100/100 par
|
|-weather|Sandstorm|[upkeep]
|-damage|p2a: Breloom|49/100|[from] Sandstorm
|-heal|p2a: Breloom|55/100|[from] item: Leftovers
|upkeep
|turn|34
|
|t:|1729193356
|move|p2a: Breloom|Brick Break|p1a: Metagross
|-damage|p1a: Metagross|65/100 par
|move|p1a: Metagross|Meteor Mash|p2a: Breloom|[miss]
|-miss|p1a: Metagross|p2a: Breloom
|
|-weather|Sandstorm|[upkeep]
|-damage|p2a: Breloom|49/100|[from] Sandstorm
|-heal|p2a: Breloom|55/100|[from] item: Leftovers
|upkeep
|turn|35
|
|t:|1729193360
|move|p2a: Breloom|Brick Break|p1a: Metagross
|-damage|p1a: Metagross|27/100 par
|move|p1a: Metagross|Meteor Mash|p2a: Breloom
|-damage|p2a: Breloom|0 fnt
|faint|p2a: Breloom
|
|t:|1729193366
|switch|p2a: Charizard|Charizard, M|100/100
|
|-weather|Sandstorm|[upkeep]
|-damage|p2a: Charizard|94/100|[from] Sandstorm
|-heal|p2a: Charizard|100/100|[from] item: Leftovers
|upkeep
|turn|36
|
|t:|1729193370
|move|p2a: Charizard|Fire Blast|p1a: Metagross
|-supereffective|p1a: Metagross
|-damage|p1a: Metagross|0 fnt
|faint|p1a: Metagross
|
|win|felipe01788
|c|☆MeatballSpaghetti|gg
|c|☆felipe01788|gg
|player|p1|

</script>
<script type="application/json" class="data" id="replaydata-smogtours-gen3ou-799332">
{"id":"smogtours-gen3ou-799332","format":"[Gen 3] OU","players":["MeatballSpaghetti","felipe01788"],"uploadtime":1729193370,"views":91,"formatid":"gen3ou","rating":null,"private":0,"password":null}
</script>

<script defer src="js/replays.js?9d40a366"></script>
