<!DOCTYPE html>
<meta charset="utf-8" />
<meta name="viewport" content="width=device-width" />

<title>[Gen 3] OU: cisconduct vs. Garpachi - Replays - Pok&eacute;mon Showdown!</title>

<meta name="description" content="Watch a replay of a Pok&eacute;mon battle between cisconduct and Garpachi! Format: [Gen 3] OU; Date: Oct 23, 2024" />
<!--

Hey, you! Looking in the source for the replay log?

You can find them in JSON format, just add `.json` at the end of a replay URL.

https://replay.pokemonshowdown.com/gen7randomdoublesbattle-865046831.json

Or, if you only need the log itself, add `.log` instead:

https://replay.pokemonshowdown.com/gen7randomdoublesbattle-865046831.log

-->

<link rel="stylesheet" href="//pokemonshowdown.com/style/global.css?0.023195364461161105" />
<link rel="stylesheet" href="//play.pokemonshowdown.com/style/font-awesome.css?0.13261647063804238" />
<link rel="stylesheet" href="//play.pokemonshowdown.com/style/battle.css?0.8753245789963631" />
<link rel="stylesheet" href="//play.pokemonshowdown.com/style/utilichart.css?0.8627959624976733" />

<!-- Global site tag (gtag.js) - Google Analytics -->
<script async src="https://www.googletagmanager.com/gtag/js?id=UA-26211653-1"></script>
<script>
  window.dataLayer = window.dataLayer || [];
  function gtag(){dataLayer.push(arguments);}
  gtag('js', new Date());

  gtag('config', 'UA-26211653-1');
</script>
<!-- End Google Analytics -->
<!-- Venatus Ad Manager - Install in <HEAD> of page -->
	<script src="https://hb.vntsm.com/v3/live/ad-manager.min.js" type="text/javascript" data-site-id="642aba63ec9a7b11c3c9c1be" data-mode="scan" async></script>
<!-- / Venatus Ad Manager -->

<style>
	@media (max-width:820px) {
		.battle {
			margin: 0 auto;
		}
		.battle-log {
			margin: 7px auto 0;
			max-width: 640px;
			height: 300px;
			position: static;
		}
	}
	.optgroup {
		display: inline-block;
		line-height: 22px;
		font-size: 10pt;
	}
	.optgroup .button {
		height: 25px;
		padding-top: 0;
		padding-bottom: 0;
	}
	.optgroup button.button {
		padding-left: 12px;
		padding-right: 12px;
	}
	.linklist {
		list-style: none;
		margin: 0.5em 0;
		padding: 0;
	}
	.linklist li {
		padding: 2px 0;
	}
	.sidebar {
		float: left;
		width: 320px;
	}
	.bar-wrapper {
		max-width: 1100px;
		margin: 0 auto;
	}
	.bar-wrapper.has-sidebar {
		max-width: 1430px;
	}
	.mainbar {
		margin: 0;
		padding-right: 1px;
	}
	.mainbar.has-sidebar {
		margin-left: 330px;
	}
	@media (min-width: 1511px) {
		.sidebar {
			width: 400px;
		}
		.bar-wrapper.has-sidebar {
			max-width: 1510px;
		}
		.mainbar.has-sidebar {
			margin-left: 410px;
		}
	}
	.section.first-section {
		margin-top: 9px;
	}
	.blocklink small {
		white-space: normal;
	}
	.button {
		vertical-align: middle;
	}
	.replay-controls {
		padding-top: 10px;
	}
	.replay-controls h1 {
		font-size: 16pt;
		font-weight: normal;
		color: #CCC;
	}
	.pagelink {
		text-align: center;
	}
	.pagelink a {
		width: 150px;
	}
	.textbox, .button {
		font-size: 11pt;
		vertical-align: middle;
	}
	@media (max-width: 450px) {
		.button {
			font-size: 9pt;
		}
	}
</style>

<div>

	<header>
		<div class="nav-wrapper"><ul class="nav">
			<li><a class="button nav-first" href="//pokemonshowdown.com/"><img src="//pokemonshowdown.com/images/pokemonshowdownbeta.png" srcset="//pokemonshowdown.com/images/pokemonshowdownbeta.png 1x, //pokemonshowdown.com/images/pokemonshowdownbeta@2x.png 2x" alt="Pok&eacute;mon Showdown" width="146" height="44" /> Home</a></li>
			<li><a class="button" href="//pokemonshowdown.com/dex/">Pok&eacute;dex</a></li>
			<li><a class="button cur" href="/">Replays</a></li>
			<li><a class="button" href="//pokemonshowdown.com/ladder/">Ladder</a></li>
			<li><a class="button nav-last" href="//pokemonshowdown.com/forums/">Forum</a></li>
			<li><a class="button greenbutton nav-first nav-last" href="//play.pokemonshowdown.com/">Play</a></li>
		</ul></div>
	</header>

	<div class="main" id="main">

		<noscript><section class="section">You need to enable JavaScript to use this page; sorry!</section></noscript>

	</div>

</div>

<script defer nomodule src="//play.pokemonshowdown.com/js/lib/ps-polyfill.js"></script>
<script defer src="//play.pokemonshowdown.com/js/lib/preact.min.js"></script>

<script defer src="//play.pokemonshowdown.com/config/config.js?2bddbc15"></script>
<script defer src="//play.pokemonshowdown.com/js/lib/jquery-1.11.0.min.js"></script>
<script defer src="//play.pokemonshowdown.com/js/lib/html-sanitizer-minified.js"></script>
<script defer src="//play.pokemonshowdown.com/js/battle-sound.js"></script>
<script defer src="//play.pokemonshowdown.com/js/battledata.js?0.7209276989879541"></script>
<script defer src="//play.pokemonshowdown.com/data/pokedex-mini.js?0.6111056340867951"></script>
<script defer src="//play.pokemonshowdown.com/data/pokedex-mini-bw.js?0.3532142036491459"></script>
<script defer src="//play.pokemonshowdown.com/data/graphics.js?0.24223875632456182"></script>
<script defer src="//play.pokemonshowdown.com/data/pokedex.js?0.38839984266356864"></script>
<script defer src="//play.pokemonshowdown.com/data/moves.js?0.21866028504024015"></script>
<script defer src="//play.pokemonshowdown.com/data/abilities.js?0.2005157953846628"></script>
<script defer src="//play.pokemonshowdown.com/data/items.js?0.9894211263848525"></script>
<script defer src="//play.pokemonshowdown.com/data/teambuilder-tables.js?0.6008791140282215"></script>
<script defer src="//play.pokemonshowdown.com/js/battle-tooltips.js?0.7580118955022959"></script>
<script defer src="//play.pokemonshowdown.com/js/battle.js?0.6057722274234274"></script>

<script defer src="js/utils.js?e31f9a17"></script>
<script defer src="js/replays-battle.js?7008c182"></script>

<!-- don't scrape this data! just add .json or .log after the URL!
Full API docs: https://github.com/smogon/pokemon-showdown-client/blob/master/WEB-API.md -->
<script type="text/plain" class="log" id="replaylog-smogtours-gen3ou-801346">
|inactive|Battle timer is ON: inactive players will automatically lose when time's up.
|t:|1729652610
|gametype|singles
|player|p1|cisconduct|1|
|player|p2|Garpachi|maid|
|teamsize|p1|6
|teamsize|p2|6
|gen|3
|tier|[Gen 3] OU
|rule|Sleep Clause Mod: Limit one foe put to sleep
|rule|Switch Priority Clause Mod: Faster Pokémon switch first
|rule|Species Clause: Limit one of each Pokémon
|rule|OHKO Clause: OHKO moves are banned
|rule|Evasion Items Clause: Evasion items are banned
|rule|Evasion Moves Clause: Evasion moves are banned
|rule|Endless Battle Clause: Forcing endless battles is banned
|rule|HP Percentage Mod: HP is shown in percentages
|rule|One Boost Passer Clause: Limit one Baton Passer that has a way to boost its stats
|rule|Freeze Clause Mod: Limit one foe frozen
|
|t:|1729652610
|start
|switch|p1a: Tyranitar|Tyranitar, F|100/100
|switch|p2a: Early Morning|Tyranitar, F|100/100
|-weather|Sandstorm|[from] ability: Sand Stream|[of] p2a: Early Morning
|turn|1
|inactive|Garpachi has 270 seconds left.
|
|t:|1729652650
|switch|p2a: Swimming Time|Swampert, F|100/100
|move|p1a: Tyranitar|Hidden Power|p2a: Swimming Time
|-damage|p2a: Swimming Time|85/100
|
|-weather|Sandstorm|[upkeep]
|-heal|p2a: Swimming Time|92/100|[from] item: Leftovers
|upkeep
|turn|2
|
|t:|1729652678
|switch|p1a: Gengar|Gengar, F|100/100
|switch|p2a: Early Morning|Tyranitar, F|100/100
|
|-weather|Sandstorm|[upkeep]
|-damage|p1a: Gengar|94/100|[from] Sandstorm
|-heal|p1a: Gengar|100/100|[from] item: Leftovers
|upkeep
|turn|3
|inactive|Garpachi has 270 seconds left.
|inactive|cisconduct has 270 seconds left.
|inactive|cisconduct has 240 seconds left.
|inactive|Garpachi has 240 seconds left.
|inactive|cisconduct has 210 seconds left.
|inactive|cisconduct has 180 seconds left.
|inactive|cisconduct has 150 seconds left.
|
|t:|1729652825
|switch|p2a: Alarm Clock|Metagross|100/100
|move|p1a: Gengar|Giga Drain|p2a: Alarm Clock
|-resisted|p2a: Alarm Clock
|-damage|p2a: Alarm Clock|91/100
|
|-weather|Sandstorm|[upkeep]
|-damage|p1a: Gengar|94/100|[from] Sandstorm
|-heal|p1a: Gengar|100/100|[from] item: Leftovers
|upkeep
|turn|4
|inactive|cisconduct has 150 seconds left.
|
|t:|1729652845
|switch|p1a: Aerodactyl|Aerodactyl, M|100/100
|move|p2a: Alarm Clock|Meteor Mash|p1a: Aerodactyl
|-supereffective|p1a: Aerodactyl
|-damage|p1a: Aerodactyl|0 fnt
|faint|p1a: Aerodactyl
|
|t:|1729652854
|switch|p1a: Swampert|Swampert, M|100/100
|
|-weather|Sandstorm|[upkeep]
|upkeep
|turn|5
|inactive|Garpachi has 240 seconds left.
|
|t:|1729652863
|switch|p2a: Evening Party|Cloyster, F|100/100
|move|p1a: Swampert|Surf|p2a: Evening Party
|-resisted|p2a: Evening Party
|-damage|p2a: Evening Party|77/100
|
|-weather|Sandstorm|[upkeep]
|-damage|p2a: Evening Party|70/100|[from] Sandstorm
|-heal|p2a: Evening Party|77/100|[from] item: Leftovers
|upkeep
|turn|6
|inactive|cisconduct has 150 seconds left.
|
|t:|1729652872
|move|p2a: Evening Party|Spikes|p1a: Swampert
|-sidestart|p1: cisconduct|Spikes
|move|p1a: Swampert|Toxic|p2a: Evening Party
|-status|p2a: Evening Party|tox
|
|-weather|Sandstorm|[upkeep]
|-damage|p2a: Evening Party|70/100 tox|[from] Sandstorm
|-heal|p2a: Evening Party|77/100 tox|[from] item: Leftovers
|-damage|p2a: Evening Party|70/100 tox|[from] psn
|upkeep
|turn|7
|
|t:|1729652882
|move|p2a: Evening Party|Spikes|p1a: Swampert
|-sidestart|p1: cisconduct|Spikes
|move|p1a: Swampert|Surf|p2a: Evening Party
|-resisted|p2a: Evening Party
|-damage|p2a: Evening Party|48/100 tox
|
|-weather|Sandstorm|[upkeep]
|-damage|p2a: Evening Party|41/100 tox|[from] Sandstorm
|-heal|p2a: Evening Party|48/100 tox|[from] item: Leftovers
|-damage|p2a: Evening Party|35/100 tox|[from] psn
|upkeep
|turn|8
|
|t:|1729652892
|move|p1a: Swampert|Protect|p1a: Swampert
|-singleturn|p1a: Swampert|Protect
|move|p2a: Evening Party|Surf|p1a: Swampert
|-activate|p1a: Swampert|Protect
|
|-weather|Sandstorm|[upkeep]
|-damage|p2a: Evening Party|29/100 tox|[from] Sandstorm
|-heal|p2a: Evening Party|35/100 tox|[from] item: Leftovers
|-damage|p2a: Evening Party|17/100 tox|[from] psn
|upkeep
|turn|9
|
|t:|1729652901
|move|p1a: Swampert|Protect||[still]
|-fail|p1a: Swampert
|move|p2a: Evening Party|Surf|p1a: Swampert
|-damage|p1a: Swampert|76/100
|
|-weather|Sandstorm|[upkeep]
|-damage|p2a: Evening Party|11/100 tox|[from] Sandstorm
|-heal|p2a: Evening Party|17/100 tox|[from] item: Leftovers
|-damage|p2a: Evening Party|0 fnt|[from] psn
|faint|p2a: Evening Party
|-heal|p1a: Swampert|83/100|[from] item: Leftovers
|upkeep
|inactive|Garpachi has 240 seconds left.
|
|t:|1729652939
|switch|p2a: Alarm Clock|Metagross|91/100
|turn|10
|
|t:|1729652950
|move|p1a: Swampert|Protect|p1a: Swampert
|-singleturn|p1a: Swampert|Protect
|move|p2a: Alarm Clock|Meteor Mash|p1a: Swampert|[miss]
|-miss|p2a: Alarm Clock|p1a: Swampert
|
|-weather|Sandstorm|[upkeep]
|-heal|p1a: Swampert|89/100|[from] item: Leftovers
|upkeep
|turn|11
|inactive|Garpachi has 240 seconds left.
|
|t:|1729652960
|move|p2a: Alarm Clock|Meteor Mash|p1a: Swampert
|-resisted|p1a: Swampert
|-damage|p1a: Swampert|67/100
|move|p1a: Swampert|Surf|p2a: Alarm Clock
|-damage|p2a: Alarm Clock|58/100
|
|-weather|Sandstorm|[upkeep]
|-heal|p1a: Swampert|74/100|[from] item: Leftovers
|upkeep
|turn|12
|inactive|cisconduct has 180 seconds left.
|inactive|Garpachi has 240 seconds left.
|
|t:|1729652982
|move|p2a: Alarm Clock|Earthquake|p1a: Swampert
|-crit|p1a: Swampert
|-damage|p1a: Swampert|19/100
|move|p1a: Swampert|Surf|p2a: Alarm Clock
|-damage|p2a: Alarm Clock|10/100
|
|-weather|Sandstorm|[upkeep]
|-heal|p1a: Swampert|25/100|[from] item: Leftovers
|upkeep
|turn|13
|inactive|Garpachi has 240 seconds left.
|
|t:|1729653006
|switch|p2a: Late Thunderstorm|Jolteon, F|100/100
|move|p1a: Swampert|Protect||[still]
|-fail|p1a: Swampert
|
|-weather|Sandstorm|[upkeep]
|-damage|p2a: Late Thunderstorm|94/100|[from] Sandstorm
|-heal|p2a: Late Thunderstorm|100/100|[from] item: Leftovers
|-heal|p1a: Swampert|32/100|[from] item: Leftovers
|upkeep
|turn|14
|
|t:|1729653022
|move|p2a: Late Thunderstorm|Substitute|p2a: Late Thunderstorm
|-start|p2a: Late Thunderstorm|Substitute
|-damage|p2a: Late Thunderstorm|76/100
|move|p1a: Swampert|Toxic||[still]
|-fail|p1a: Swampert
|
|-weather|Sandstorm|[upkeep]
|-damage|p2a: Late Thunderstorm|69/100|[from] Sandstorm
|-heal|p2a: Late Thunderstorm|76/100|[from] item: Leftovers
|-heal|p1a: Swampert|38/100|[from] item: Leftovers
|upkeep
|turn|15
|inactive|Garpachi has 240 seconds left.
|
|t:|1729653031
|move|p1a: Swampert|Protect|p1a: Swampert
|-singleturn|p1a: Swampert|Protect
|move|p2a: Late Thunderstorm|Hidden Power|p1a: Swampert
|-activate|p1a: Swampert|Protect
|
|-weather|Sandstorm|[upkeep]
|-damage|p2a: Late Thunderstorm|69/100|[from] Sandstorm
|-heal|p2a: Late Thunderstorm|76/100|[from] item: Leftovers
|-heal|p1a: Swampert|44/100|[from] item: Leftovers
|upkeep
|turn|16
|
|t:|1729653054
|switch|p1a: Skarmory|Skarmory, M|100/100
|move|p2a: Late Thunderstorm|Hidden Power|p1a: Skarmory
|-resisted|p1a: Skarmory
|-damage|p1a: Skarmory|96/100
|
|-weather|Sandstorm|[upkeep]
|-damage|p2a: Late Thunderstorm|69/100|[from] Sandstorm
|-heal|p2a: Late Thunderstorm|76/100|[from] item: Leftovers
|-heal|p1a: Skarmory|100/100|[from] item: Leftovers
|upkeep
|turn|17
|
|t:|1729653072
|move|p1a: Skarmory|Protect|p1a: Skarmory
|-singleturn|p1a: Skarmory|Protect
|move|p2a: Late Thunderstorm|Thunderbolt|p1a: Skarmory
|-activate|p1a: Skarmory|Protect
|
|-weather|Sandstorm|[upkeep]
|-damage|p2a: Late Thunderstorm|69/100|[from] Sandstorm
|-heal|p2a: Late Thunderstorm|76/100|[from] item: Leftovers
|upkeep
|turn|18
|
|t:|1729653082
|switch|p1a: Swampert|Swampert, M|44/100
|-damage|p1a: Swampert|27/100|[from] Spikes
|move|p2a: Late Thunderstorm|Thunderbolt|p1a: Swampert
|-immune|p1a: Swampert
|
|-weather|Sandstorm|[upkeep]
|-damage|p2a: Late Thunderstorm|69/100|[from] Sandstorm
|-heal|p2a: Late Thunderstorm|76/100|[from] item: Leftovers
|-heal|p1a: Swampert|34/100|[from] item: Leftovers
|upkeep
|turn|19
|
|t:|1729653097
|move|p1a: Swampert|Protect|p1a: Swampert
|-singleturn|p1a: Swampert|Protect
|move|p2a: Late Thunderstorm|Hidden Power|p1a: Swampert
|-activate|p1a: Swampert|Protect
|
|-weather|Sandstorm|[upkeep]
|-damage|p2a: Late Thunderstorm|69/100|[from] Sandstorm
|-heal|p2a: Late Thunderstorm|76/100|[from] item: Leftovers
|-heal|p1a: Swampert|40/100|[from] item: Leftovers
|upkeep
|turn|20
|inactive|cisconduct has 150 seconds left.
|
|t:|1729653116
|switch|p1a: Skarmory|Skarmory, M|100/100
|move|p2a: Late Thunderstorm|Thunderbolt|p1a: Skarmory
|-supereffective|p1a: Skarmory
|-damage|p1a: Skarmory|21/100
|
|-weather|Sandstorm|[upkeep]
|-damage|p2a: Late Thunderstorm|69/100|[from] Sandstorm
|-heal|p2a: Late Thunderstorm|76/100|[from] item: Leftovers
|-heal|p1a: Skarmory|27/100|[from] item: Leftovers
|upkeep
|turn|21
|inactive|cisconduct has 150 seconds left.
|
|t:|1729653126
|move|p1a: Skarmory|Protect|p1a: Skarmory
|-singleturn|p1a: Skarmory|Protect
|move|p2a: Late Thunderstorm|Thunderbolt|p1a: Skarmory
|-activate|p1a: Skarmory|Protect
|
|-weather|Sandstorm|[upkeep]
|-damage|p2a: Late Thunderstorm|69/100|[from] Sandstorm
|-heal|p2a: Late Thunderstorm|76/100|[from] item: Leftovers
|-heal|p1a: Skarmory|33/100|[from] item: Leftovers
|upkeep
|turn|22
|inactive|Garpachi has 270 seconds left.
|inactive|cisconduct has 150 seconds left.
|
|t:|1729653146
|switch|p1a: Swampert|Swampert, M|40/100
|-damage|p1a: Swampert|23/100|[from] Spikes
|move|p2a: Late Thunderstorm|Thunderbolt|p1a: Swampert
|-immune|p1a: Swampert
|
|-weather|Sandstorm|[upkeep]
|-damage|p2a: Late Thunderstorm|69/100|[from] Sandstorm
|-heal|p2a: Late Thunderstorm|76/100|[from] item: Leftovers
|-heal|p1a: Swampert|29/100|[from] item: Leftovers
|upkeep
|turn|23
|inactive|cisconduct has 150 seconds left.
|inactive|Garpachi has 270 seconds left.
|
|t:|1729653162
|move|p1a: Swampert|Protect|p1a: Swampert
|-singleturn|p1a: Swampert|Protect
|move|p2a: Late Thunderstorm|Substitute|p2a: Late Thunderstorm
|-fail|p2a: Late Thunderstorm|move: Substitute
|
|-weather|Sandstorm|[upkeep]
|-damage|p2a: Late Thunderstorm|69/100|[from] Sandstorm
|-heal|p2a: Late Thunderstorm|76/100|[from] item: Leftovers
|-heal|p1a: Swampert|36/100|[from] item: Leftovers
|upkeep
|turn|24
|
|t:|1729653178
|switch|p1a: Zapdos|Zapdos|100/100
|move|p2a: Late Thunderstorm|Hidden Power|p1a: Zapdos
|-resisted|p1a: Zapdos
|-damage|p1a: Zapdos|90/100
|
|-weather|Sandstorm|[upkeep]
|-damage|p2a: Late Thunderstorm|69/100|[from] Sandstorm
|-damage|p1a: Zapdos|84/100|[from] Sandstorm
|-heal|p2a: Late Thunderstorm|76/100|[from] item: Leftovers
|-heal|p1a: Zapdos|90/100|[from] item: Leftovers
|upkeep
|turn|25
|inactive|Garpachi has 270 seconds left.
|inactive|cisconduct has 120 seconds left.
|
|t:|1729653225
|move|p2a: Late Thunderstorm|Hidden Power|p1a: Zapdos
|-resisted|p1a: Zapdos
|-damage|p1a: Zapdos|81/100
|move|p1a: Zapdos|Hidden Power|p2a: Late Thunderstorm
|-end|p2a: Late Thunderstorm|Substitute
|
|-weather|Sandstorm|[upkeep]
|-damage|p2a: Late Thunderstorm|69/100|[from] Sandstorm
|-damage|p1a: Zapdos|75/100|[from] Sandstorm
|-heal|p2a: Late Thunderstorm|76/100|[from] item: Leftovers
|-heal|p1a: Zapdos|81/100|[from] item: Leftovers
|upkeep
|turn|26
|
|t:|1729653244
|switch|p2a: Early Morning|Tyranitar, F|100/100
|move|p1a: Zapdos|Hidden Power|p2a: Early Morning
|-damage|p2a: Early Morning|78/100
|
|-weather|Sandstorm|[upkeep]
|-damage|p1a: Zapdos|75/100|[from] Sandstorm
|-heal|p1a: Zapdos|81/100|[from] item: Leftovers
|upkeep
|turn|27
|
|t:|1729653257
|-singleturn|p2a: Early Morning|move: Focus Punch
|move|p1a: Zapdos|Protect|p1a: Zapdos
|-singleturn|p1a: Zapdos|Protect
|move|p2a: Early Morning|Focus Punch|p1a: Zapdos
|-activate|p1a: Zapdos|Protect
|
|-weather|Sandstorm|[upkeep]
|-damage|p1a: Zapdos|75/100|[from] Sandstorm
|-heal|p1a: Zapdos|81/100|[from] item: Leftovers
|upkeep
|turn|28
|
|t:|1729653271
|switch|p2a: Swimming Time|Swampert, F|92/100
|move|p1a: Zapdos|Hidden Power|p2a: Swimming Time
|-damage|p2a: Swimming Time|70/100
|
|-weather|Sandstorm|[upkeep]
|-damage|p1a: Zapdos|75/100|[from] Sandstorm
|-heal|p1a: Zapdos|81/100|[from] item: Leftovers
|-heal|p2a: Swimming Time|76/100|[from] item: Leftovers
|upkeep
|turn|29
|
|t:|1729653285
|switch|p2a: Alarm Clock|Metagross|10/100
|move|p1a: Zapdos|Protect||[still]
|-fail|p1a: Zapdos
|
|-weather|Sandstorm|[upkeep]
|-damage|p1a: Zapdos|75/100|[from] Sandstorm
|-heal|p1a: Zapdos|81/100|[from] item: Leftovers
|upkeep
|turn|30
|
|t:|1729653296
|switch|p2a: Late Thunderstorm|Jolteon, F|76/100
|move|p1a: Zapdos|Hidden Power|p2a: Late Thunderstorm
|-damage|p2a: Late Thunderstorm|48/100
|
|-weather|Sandstorm|[upkeep]
|-damage|p2a: Late Thunderstorm|42/100|[from] Sandstorm
|-damage|p1a: Zapdos|75/100|[from] Sandstorm
|-heal|p2a: Late Thunderstorm|48/100|[from] item: Leftovers
|-heal|p1a: Zapdos|81/100|[from] item: Leftovers
|upkeep
|turn|31
|inactive|cisconduct has 120 seconds left.
|
|t:|1729653305
|switch|p2a: Early Morning|Tyranitar, F|78/100
|move|p1a: Zapdos|Hidden Power|p2a: Early Morning
|-damage|p2a: Early Morning|54/100
|
|-weather|Sandstorm|[upkeep]
|-damage|p1a: Zapdos|75/100|[from] Sandstorm
|-heal|p1a: Zapdos|81/100|[from] item: Leftovers
|upkeep
|turn|32
|
|t:|1729653316
|move|p1a: Zapdos|Hidden Power|p2a: Early Morning
|-damage|p2a: Early Morning|32/100
|move|p2a: Early Morning|Rock Slide|p1a: Zapdos
|-supereffective|p1a: Zapdos
|-damage|p1a: Zapdos|0 fnt
|faint|p1a: Zapdos
|inactive|cisconduct has 120 seconds left.
|
|t:|1729653326
|switch|p1a: Gengar|Gengar, F|100/100
|
|-weather|Sandstorm|[upkeep]
|-damage|p1a: Gengar|94/100|[from] Sandstorm
|-heal|p1a: Gengar|100/100|[from] item: Leftovers
|upkeep
|turn|33
|inactive|Garpachi has 270 seconds left.
|inactive|Garpachi has 240 seconds left.
|
|t:|1729653365
|switch|p2a: High Noon|Aerodactyl, F|100/100
|move|p1a: Gengar|Giga Drain|p2a: High Noon
|-damage|p2a: High Noon|73/100
|
|-weather|Sandstorm|[upkeep]
|-damage|p1a: Gengar|94/100|[from] Sandstorm
|-heal|p1a: Gengar|100/100|[from] item: Leftovers
|upkeep
|turn|34
|inactive|Garpachi has 240 seconds left.
|
|t:|1729653382
|move|p2a: High Noon|Rock Slide|p1a: Gengar
|-damage|p1a: Gengar|5/100
|move|p1a: Gengar|Will-O-Wisp|p2a: High Noon
|-status|p2a: High Noon|brn
|
|-weather|Sandstorm|[upkeep]
|-damage|p1a: Gengar|0 fnt|[from] Sandstorm
|faint|p1a: Gengar
|-damage|p2a: High Noon|61/100 brn|[from] brn
|upkeep
|inactive|cisconduct has 120 seconds left.
|
|t:|1729653401
|switch|p1a: Swampert|Swampert, M|36/100
|-damage|p1a: Swampert|19/100|[from] Spikes
|turn|35
|
|t:|1729653409
|switch|p2a: Late Thunderstorm|Jolteon, F|48/100
|move|p1a: Swampert|Surf|p2a: Late Thunderstorm
|-damage|p2a: Late Thunderstorm|0 fnt
|faint|p2a: Late Thunderstorm
|
|t:|1729653418
|switch|p2a: Swimming Time|Swampert, F|76/100
|
|-weather|Sandstorm|[upkeep]
|-heal|p1a: Swampert|25/100|[from] item: Leftovers
|-heal|p2a: Swimming Time|82/100|[from] item: Leftovers
|upkeep
|turn|36
|inactive|Garpachi has 240 seconds left.
|
|t:|1729653449
|switch|p2a: High Noon|Aerodactyl, F|61/100 brn
|move|p1a: Swampert|Protect||[still]
|-fail|p1a: Swampert
|
|-weather|Sandstorm|[upkeep]
|-damage|p2a: High Noon|49/100 brn|[from] brn
|-heal|p1a: Swampert|31/100|[from] item: Leftovers
|upkeep
|turn|37
|
|t:|1729653459
|move|p1a: Swampert|Protect|p1a: Swampert
|-singleturn|p1a: Swampert|Protect
|move|p2a: High Noon|Double-Edge|p1a: Swampert
|-activate|p1a: Swampert|Protect
|
|-weather|Sandstorm|[upkeep]
|-damage|p2a: High Noon|37/100 brn|[from] brn
|-heal|p1a: Swampert|38/100|[from] item: Leftovers
|upkeep
|turn|38
|
|t:|1729653468
|switch|p1a: Tyranitar|Tyranitar, F|100/100
|-damage|p1a: Tyranitar|84/100|[from] Spikes
|move|p2a: High Noon|Double-Edge|p1a: Tyranitar
|-resisted|p1a: Tyranitar
|-crit|p1a: Tyranitar
|-damage|p1a: Tyranitar|64/100
|
|-weather|Sandstorm|[upkeep]
|-damage|p2a: High Noon|24/100 brn|[from] brn
|-heal|p1a: Tyranitar|70/100|[from] item: Leftovers
|upkeep
|turn|39
|
|t:|1729653482
|switch|p2a: Swimming Time|Swampert, F|82/100
|move|p1a: Tyranitar|Rock Slide|p2a: Swimming Time
|-resisted|p2a: Swimming Time
|-crit|p2a: Swimming Time
|-damage|p2a: Swimming Time|56/100
|
|-weather|Sandstorm|[upkeep]
|-heal|p1a: Tyranitar|76/100|[from] item: Leftovers
|-heal|p2a: Swimming Time|63/100|[from] item: Leftovers
|upkeep
|turn|40
|inactive|Garpachi has 240 seconds left.
|
|t:|1729653497
|switch|p1a: Swampert|Swampert, M|38/100
|-damage|p1a: Swampert|21/100|[from] Spikes
|move|p2a: Swimming Time|Earthquake|p1a: Swampert
|-crit|p1a: Swampert
|-damage|p1a: Swampert|0 fnt
|faint|p1a: Swampert
|
|t:|1729653503
|switch|p1a: Skarmory|Skarmory, M|33/100
|
|-weather|Sandstorm|[upkeep]
|-heal|p1a: Skarmory|39/100|[from] item: Leftovers
|-heal|p2a: Swimming Time|69/100|[from] item: Leftovers
|upkeep
|turn|41
|inactive|Garpachi has 240 seconds left.
|
|t:|1729653523
|switch|p2a: High Noon|Aerodactyl, F|24/100 brn
|move|p1a: Skarmory|Protect||[still]
|-fail|p1a: Skarmory
|
|-weather|Sandstorm|[upkeep]
|-damage|p2a: High Noon|12/100 brn|[from] brn
|-heal|p1a: Skarmory|45/100|[from] item: Leftovers
|upkeep
|turn|42
|
|t:|1729653532
|move|p1a: Skarmory|Protect|p1a: Skarmory
|-singleturn|p1a: Skarmory|Protect
|move|p2a: High Noon|Rock Slide|p1a: Skarmory
|-activate|p1a: Skarmory|Protect
|
|-weather|Sandstorm|[upkeep]
|-damage|p2a: High Noon|0 fnt|[from] brn
|faint|p2a: High Noon
|-heal|p1a: Skarmory|51/100|[from] item: Leftovers
|upkeep
|
|t:|1729653541
|switch|p2a: Early Morning|Tyranitar, F|32/100
|turn|43
|inactive|cisconduct has 150 seconds left.
|
|t:|1729653552
|move|p2a: Early Morning|Rock Slide|p1a: Skarmory
|-damage|p1a: Skarmory|4/100
|move|p1a: Skarmory|Drill Peck|p2a: Early Morning
|-resisted|p2a: Early Morning
|-damage|p2a: Early Morning|23/100
|
|-weather|Sandstorm|[upkeep]
|-heal|p1a: Skarmory|10/100|[from] item: Leftovers
|upkeep
|turn|44
|inactive|cisconduct has 150 seconds left.
|
|t:|1729653563
|switch|p2a: Alarm Clock|Metagross|10/100
|move|p1a: Skarmory|Protect||[still]
|-fail|p1a: Skarmory
|
|-weather|Sandstorm|[upkeep]
|-heal|p1a: Skarmory|16/100|[from] item: Leftovers
|upkeep
|turn|45
|
|t:|1729653573
|move|p1a: Skarmory|Protect|p1a: Skarmory
|-singleturn|p1a: Skarmory|Protect
|move|p2a: Alarm Clock|Meteor Mash|p1a: Skarmory
|-activate|p1a: Skarmory|Protect
|
|-weather|Sandstorm|[upkeep]
|-heal|p1a: Skarmory|22/100|[from] item: Leftovers
|upkeep
|turn|46
|inactive|cisconduct has 150 seconds left.
|
|t:|1729653589
|move|p2a: Alarm Clock|Meteor Mash|p1a: Skarmory
|-resisted|p1a: Skarmory
|-damage|p1a: Skarmory|0 fnt
|faint|p1a: Skarmory
|
|t:|1729653593
|switch|p1a: Tyranitar|Tyranitar, F|76/100
|-damage|p1a: Tyranitar|59/100|[from] Spikes
|
|-weather|Sandstorm|[upkeep]
|-heal|p1a: Tyranitar|66/100|[from] item: Leftovers
|upkeep
|turn|47
|inactive|Garpachi has 270 seconds left.
|
|t:|1729653608
|move|p1a: Tyranitar|Earthquake|p2a: Alarm Clock
|-supereffective|p2a: Alarm Clock
|-damage|p2a: Alarm Clock|0 fnt
|faint|p2a: Alarm Clock
|
|t:|1729653617
|switch|p2a: Early Morning|Tyranitar, F|23/100
|
|-weather|Sandstorm|[upkeep]
|-heal|p1a: Tyranitar|72/100|[from] item: Leftovers
|upkeep
|turn|48
|
|t:|1729653627
|move|p2a: Early Morning|Earthquake|p1a: Tyranitar
|-supereffective|p1a: Tyranitar
|-damage|p1a: Tyranitar|0 fnt
|faint|p1a: Tyranitar
|
|win|Garpachi
|c|☆cisconduct|ggs
|c|☆Garpachi|ggs

</script>
<script type="application/json" class="data" id="replaydata-smogtours-gen3ou-801346">
{"id":"smogtours-gen3ou-801346","format":"[Gen 3] OU","players":["cisconduct","Garpachi"],"uploadtime":1729653627,"views":102,"formatid":"gen3ou","rating":null,"private":0,"password":null}
</script>

<script defer src="js/replays.js?9d40a366"></script>
