<!DOCTYPE html>
<meta charset="utf-8" />
<meta name="viewport" content="width=device-width" />

<title>[Gen 3] OU: 1P1o1s1h1e1 vs. coffeepour - Replays - Pok&eacute;mon Showdown!</title>

<meta name="description" content="Watch a replay of a Pok&eacute;mon battle between 1P1o1s1h1e1 and coffeepour! Format: [Gen 3] OU; Date: Oct 18, 2024" />
<!--

Hey, you! Looking in the source for the replay log?

You can find them in JSON format, just add `.json` at the end of a replay URL.

https://replay.pokemonshowdown.com/gen7randomdoublesbattle-865046831.json

Or, if you only need the log itself, add `.log` instead:

https://replay.pokemonshowdown.com/gen7randomdoublesbattle-865046831.log

-->

<link rel="stylesheet" href="//pokemonshowdown.com/style/global.css?0.767286132409787" />
<link rel="stylesheet" href="//play.pokemonshowdown.com/style/font-awesome.css?0.9266228007934947" />
<link rel="stylesheet" href="//play.pokemonshowdown.com/style/battle.css?0.7924700842790926" />
<link rel="stylesheet" href="//play.pokemonshowdown.com/style/utilichart.css?0.8777417872839479" />

<!-- Global site tag (gtag.js) - Google Analytics -->
<script async src="https://www.googletagmanager.com/gtag/js?id=UA-26211653-1"></script>
<script>
  window.dataLayer = window.dataLayer || [];
  function gtag(){dataLayer.push(arguments);}
  gtag('js', new Date());

  gtag('config', 'UA-26211653-1');
</script>
<!-- End Google Analytics -->
<!-- Venatus Ad Manager - Install in <HEAD> of page -->
	<script src="https://hb.vntsm.com/v3/live/ad-manager.min.js" type="text/javascript" data-site-id="642aba63ec9a7b11c3c9c1be" data-mode="scan" async></script>
<!-- / Venatus Ad Manager -->

<style>
	@media (max-width:820px) {
		.battle {
			margin: 0 auto;
		}
		.battle-log {
			margin: 7px auto 0;
			max-width: 640px;
			height: 300px;
			position: static;
		}
	}
	.optgroup {
		display: inline-block;
		line-height: 22px;
		font-size: 10pt;
	}
	.optgroup .button {
		height: 25px;
		padding-top: 0;
		padding-bottom: 0;
	}
	.optgroup button.button {
		padding-left: 12px;
		padding-right: 12px;
	}
	.linklist {
		list-style: none;
		margin: 0.5em 0;
		padding: 0;
	}
	.linklist li {
		padding: 2px 0;
	}
	.sidebar {
		float: left;
		width: 320px;
	}
	.bar-wrapper {
		max-width: 1100px;
		margin: 0 auto;
	}
	.bar-wrapper.has-sidebar {
		max-width: 1430px;
	}
	.mainbar {
		margin: 0;
		padding-right: 1px;
	}
	.mainbar.has-sidebar {
		margin-left: 330px;
	}
	@media (min-width: 1511px) {
		.sidebar {
			width: 400px;
		}
		.bar-wrapper.has-sidebar {
			max-width: 1510px;
		}
		.mainbar.has-sidebar {
			margin-left: 410px;
		}
	}
	.section.first-section {
		margin-top: 9px;
	}
	.blocklink small {
		white-space: normal;
	}
	.button {
		vertical-align: middle;
	}
	.replay-controls {
		padding-top: 10px;
	}
	.replay-controls h1 {
		font-size: 16pt;
		font-weight: normal;
		color: #CCC;
	}
	.pagelink {
		text-align: center;
	}
	.pagelink a {
		width: 150px;
	}
	.textbox, .button {
		font-size: 11pt;
		vertical-align: middle;
	}
	@media (max-width: 450px) {
		.button {
			font-size: 9pt;
		}
	}
</style>

<div>

	<header>
		<div class="nav-wrapper"><ul class="nav">
			<li><a class="button nav-first" href="//pokemonshowdown.com/"><img src="//pokemonshowdown.com/images/pokemonshowdownbeta.png" srcset="//pokemonshowdown.com/images/pokemonshowdownbeta.png 1x, //pokemonshowdown.com/images/pokemonshowdownbeta@2x.png 2x" alt="Pok&eacute;mon Showdown" width="146" height="44" /> Home</a></li>
			<li><a class="button" href="//pokemonshowdown.com/dex/">Pok&eacute;dex</a></li>
			<li><a class="button cur" href="/">Replays</a></li>
			<li><a class="button" href="//pokemonshowdown.com/ladder/">Ladder</a></li>
			<li><a class="button nav-last" href="//pokemonshowdown.com/forums/">Forum</a></li>
			<li><a class="button greenbutton nav-first nav-last" href="//play.pokemonshowdown.com/">Play</a></li>
		</ul></div>
	</header>

	<div class="main" id="main">

		<noscript><section class="section">You need to enable JavaScript to use this page; sorry!</section></noscript>

	</div>

</div>

<script defer nomodule src="//play.pokemonshowdown.com/js/lib/ps-polyfill.js"></script>
<script defer src="//play.pokemonshowdown.com/js/lib/preact.min.js"></script>

<script defer src="//play.pokemonshowdown.com/config/config.js?6dec07f6"></script>
<script defer src="//play.pokemonshowdown.com/js/lib/jquery-1.11.0.min.js"></script>
<script defer src="//play.pokemonshowdown.com/js/lib/html-sanitizer-minified.js"></script>
<script defer src="//play.pokemonshowdown.com/js/battle-sound.js"></script>
<script defer src="//play.pokemonshowdown.com/js/battledata.js?0.6315294753075389"></script>
<script defer src="//play.pokemonshowdown.com/data/pokedex-mini.js?0.7603743185311358"></script>
<script defer src="//play.pokemonshowdown.com/data/pokedex-mini-bw.js?0.030888842834281283"></script>
<script defer src="//play.pokemonshowdown.com/data/graphics.js?0.05593094747507488"></script>
<script defer src="//play.pokemonshowdown.com/data/pokedex.js?0.47064822249611904"></script>
<script defer src="//play.pokemonshowdown.com/data/moves.js?0.8583693120512459"></script>
<script defer src="//play.pokemonshowdown.com/data/abilities.js?0.16017181182386842"></script>
<script defer src="//play.pokemonshowdown.com/data/items.js?0.4163379185673943"></script>
<script defer src="//play.pokemonshowdown.com/data/teambuilder-tables.js?0.31075597372830477"></script>
<script defer src="//play.pokemonshowdown.com/js/battle-tooltips.js?0.6536193500708172"></script>
<script defer src="//play.pokemonshowdown.com/js/battle.js?0.1916591943277901"></script>

<script defer src="js/utils.js?e31f9a17"></script>
<script defer src="js/replays-battle.js?7008c182"></script>

<!-- don't scrape this data! just add .json or .log after the URL!
Full API docs: https://github.com/smogon/pokemon-showdown-client/blob/master/WEB-API.md -->
<script type="text/plain" class="log" id="replaylog-smogtours-gen3ou-799437">
|inactive|Battle timer is ON: inactive players will automatically lose when time's up.
|t:|1729210850
|gametype|singles
|player|p1|1P1o1s1h1e1|266|
|player|p2|coffeepour|266|
|teamsize|p1|6
|teamsize|p2|6
|gen|3
|tier|[Gen 3] OU
|rule|Sleep Clause Mod: Limit one foe put to sleep
|rule|Switch Priority Clause Mod: Faster Pokémon switch first
|rule|Species Clause: Limit one of each Pokémon
|rule|OHKO Clause: OHKO moves are banned
|rule|Evasion Items Clause: Evasion items are banned
|rule|Evasion Moves Clause: Evasion moves are banned
|rule|Endless Battle Clause: Forcing endless battles is banned
|rule|HP Percentage Mod: HP is shown in percentages
|rule|One Boost Passer Clause: Limit one Baton Passer that has a way to boost its stats
|rule|Freeze Clause Mod: Limit one foe frozen
|
|t:|1729210850
|start
|switch|p1a: Tyranitar|Tyranitar, M|100/100
|switch|p2a: Suicune|Suicune|100/100
|-weather|Sandstorm|[from] ability: Sand Stream|[of] p1a: Tyranitar
|turn|1
|c|☆coffeepour|GL
|
|t:|1729210870
|switch|p1a: Blissey|Blissey, F|100/100
|move|p2a: Suicune|Surf|p1a: Blissey
|-damage|p1a: Blissey|86/100
|
|-weather|Sandstorm|[upkeep]
|-damage|p2a: Suicune|94/100|[from] Sandstorm
|-damage|p1a: Blissey|80/100|[from] Sandstorm
|-heal|p2a: Suicune|100/100|[from] item: Leftovers
|-heal|p1a: Blissey|86/100|[from] item: Leftovers
|upkeep
|turn|2
|c|☆1P1o1s1h1e1|u2
|
|t:|1729210881
|switch|p2a: Snorlax|Snorlax, M|100/100
|move|p1a: Blissey|Seismic Toss|p2a: Snorlax
|-damage|p2a: Snorlax|80/100
|
|-weather|Sandstorm|[upkeep]
|-damage|p1a: Blissey|80/100|[from] Sandstorm
|-damage|p2a: Snorlax|73/100|[from] Sandstorm
|-heal|p1a: Blissey|86/100|[from] item: Leftovers
|-heal|p2a: Snorlax|80/100|[from] item: Leftovers
|upkeep
|turn|3
|
|t:|1729210890
|-singleturn|p2a: Snorlax|move: Focus Punch
|switch|p1a: Forretress|Forretress, M|100/100
|move|p2a: Snorlax|Focus Punch|p1a: Forretress
|-crit|p1a: Forretress
|-damage|p1a: Forretress|32/100
|
|-weather|Sandstorm|[upkeep]
|-damage|p2a: Snorlax|73/100|[from] Sandstorm
|-heal|p1a: Forretress|38/100|[from] item: Leftovers
|-heal|p2a: Snorlax|80/100|[from] item: Leftovers
|upkeep
|turn|4
|
|t:|1729210901
|switch|p2a: Metagross|Metagross|100/100
|move|p1a: Forretress|Spikes|p2a: Metagross
|-sidestart|p2: coffeepour|Spikes
|
|-weather|Sandstorm|[upkeep]
|-heal|p1a: Forretress|45/100|[from] item: Leftovers
|upkeep
|turn|5
|
|t:|1729210913
|move|p2a: Metagross|Hidden Power|p1a: Forretress
|-supereffective|p1a: Forretress
|-crit|p1a: Forretress
|-damage|p1a: Forretress|0 fnt
|faint|p1a: Forretress
|
|t:|1729210919
|switch|p1a: Dugtrio|Dugtrio, F|100/100
|
|-weather|Sandstorm|[upkeep]
|upkeep
|turn|6
|
|t:|1729210922
|move|p1a: Dugtrio|Earthquake|p2a: Metagross
|-supereffective|p2a: Metagross
|-damage|p2a: Metagross|6/100
|move|p2a: Metagross|Explosion|p1a: Dugtrio
|-damage|p1a: Dugtrio|0 fnt
|faint|p2a: Metagross
|faint|p1a: Dugtrio
|
|t:|1729210934
|switch|p1a: Gengar|Gengar, F|100/100
|switch|p2a: Claydol|Claydol|100/100
|
|-weather|Sandstorm|[upkeep]
|-damage|p1a: Gengar|94/100|[from] Sandstorm
|-heal|p1a: Gengar|100/100|[from] item: Leftovers
|upkeep
|turn|7
|inactive|coffeepour has 270 seconds left.
|
|t:|1729210986
|move|p1a: Gengar|Will-O-Wisp|p2a: Claydol
|-status|p2a: Claydol|brn
|move|p2a: Claydol|Rock Slide|p1a: Gengar
|-damage|p1a: Gengar|82/100
|
|-weather|Sandstorm|[upkeep]
|-damage|p1a: Gengar|76/100|[from] Sandstorm
|-heal|p1a: Gengar|82/100|[from] item: Leftovers
|-damage|p2a: Claydol|88/100 brn|[from] brn
|upkeep
|turn|8
|
|t:|1729210994
|switch|p1a: Tyranitar|Tyranitar, M|100/100
|switch|p2a: Snorlax|Snorlax, M|80/100
|-damage|p2a: Snorlax|67/100|[from] Spikes
|
|-weather|Sandstorm|[upkeep]
|-damage|p2a: Snorlax|61/100|[from] Sandstorm
|-heal|p2a: Snorlax|67/100|[from] item: Leftovers
|upkeep
|turn|9
|inactive|coffeepour has 240 seconds left.
|
|t:|1729211029
|switch|p2a: Suicune|Suicune|100/100
|-damage|p2a: Suicune|88/100|[from] Spikes
|move|p1a: Tyranitar|Roar|p2a: Suicune
|drag|p2a: Claydol|Claydol|88/100 brn
|
|-weather|Sandstorm|[upkeep]
|-damage|p2a: Claydol|76/100 brn|[from] brn
|upkeep
|turn|10
|
|t:|1729211038
|move|p2a: Claydol|Rock Slide|p1a: Tyranitar|[miss]
|-miss|p2a: Claydol|p1a: Tyranitar
|move|p1a: Tyranitar|Pursuit|p2a: Claydol
|-supereffective|p2a: Claydol
|-damage|p2a: Claydol|42/100 brn
|
|-weather|Sandstorm|[upkeep]
|-damage|p2a: Claydol|30/100 brn|[from] brn
|upkeep
|turn|11
|
|t:|1729211046
|switch|p2a: Suicune|Suicune|88/100
|-damage|p2a: Suicune|76/100|[from] Spikes
|switch|p1a: Gengar|Gengar, F|82/100
|
|-weather|Sandstorm|[upkeep]
|-damage|p1a: Gengar|76/100|[from] Sandstorm
|-damage|p2a: Suicune|70/100|[from] Sandstorm
|-heal|p1a: Gengar|82/100|[from] item: Leftovers
|-heal|p2a: Suicune|76/100|[from] item: Leftovers
|upkeep
|turn|12
|
|t:|1729211055
|switch|p2a: Claydol|Claydol|30/100 brn
|move|p1a: Gengar|Thunderbolt|p2a: Claydol
|-immune|p2a: Claydol
|
|-weather|Sandstorm|[upkeep]
|-damage|p1a: Gengar|76/100|[from] Sandstorm
|-heal|p1a: Gengar|82/100|[from] item: Leftovers
|-damage|p2a: Claydol|18/100 brn|[from] brn
|upkeep
|turn|13
|
|t:|1729211058
|move|p1a: Gengar|Ice Punch|p2a: Claydol
|-supereffective|p2a: Claydol
|-damage|p2a: Claydol|0 fnt
|faint|p2a: Claydol
|
|t:|1729211062
|switch|p2a: Raikou|Raikou|100/100
|-damage|p2a: Raikou|88/100|[from] Spikes
|
|-weather|Sandstorm|[upkeep]
|-damage|p2a: Raikou|82/100|[from] Sandstorm
|-damage|p1a: Gengar|76/100|[from] Sandstorm
|-heal|p1a: Gengar|82/100|[from] item: Leftovers
|upkeep
|turn|14
|
|t:|1729211073
|switch|p2a: Snorlax|Snorlax, M|67/100
|-damage|p2a: Snorlax|55/100|[from] Spikes
|switch|p1a: Blissey|Blissey, F|86/100
|
|-weather|Sandstorm|[upkeep]
|-damage|p1a: Blissey|80/100|[from] Sandstorm
|-damage|p2a: Snorlax|48/100|[from] Sandstorm
|-heal|p1a: Blissey|86/100|[from] item: Leftovers
|-heal|p2a: Snorlax|55/100|[from] item: Leftovers
|upkeep
|turn|15
|
|t:|1729211083
|switch|p1a: Gengar|Gengar, F|82/100
|move|p2a: Snorlax|Body Slam|p1a: Gengar
|-immune|p1a: Gengar
|
|-weather|Sandstorm|[upkeep]
|-damage|p1a: Gengar|76/100|[from] Sandstorm
|-damage|p2a: Snorlax|48/100|[from] Sandstorm
|-heal|p1a: Gengar|82/100|[from] item: Leftovers
|-heal|p2a: Snorlax|55/100|[from] item: Leftovers
|upkeep
|turn|16
|
|t:|1729211089
|switch|p2a: Raikou|Raikou|82/100
|-damage|p2a: Raikou|69/100|[from] Spikes
|move|p1a: Gengar|Will-O-Wisp|p2a: Raikou
|-status|p2a: Raikou|brn
|-enditem|p2a: Raikou|Lum Berry|[eat]
|-curestatus|p2a: Raikou|brn|[msg]
|
|-weather|Sandstorm|[upkeep]
|-damage|p2a: Raikou|63/100|[from] Sandstorm
|-damage|p1a: Gengar|76/100|[from] Sandstorm
|-heal|p1a: Gengar|82/100|[from] item: Leftovers
|upkeep
|turn|17
|
|t:|1729211106
|switch|p1a: Tyranitar|Tyranitar, M|100/100
|move|p2a: Raikou|Crunch|p1a: Tyranitar
|-resisted|p1a: Tyranitar
|-damage|p1a: Tyranitar|90/100
|
|-weather|Sandstorm|[upkeep]
|-damage|p2a: Raikou|57/100|[from] Sandstorm
|-heal|p1a: Tyranitar|96/100|[from] item: Leftovers
|upkeep
|turn|18
|
|t:|1729211112
|move|p2a: Raikou|Thunderbolt|p1a: Tyranitar
|-damage|p1a: Tyranitar|58/100
|move|p1a: Tyranitar|Crunch|p2a: Raikou
|-damage|p2a: Raikou|22/100
|-unboost|p2a: Raikou|spd|1
|
|-weather|Sandstorm|[upkeep]
|-damage|p2a: Raikou|15/100|[from] Sandstorm
|-heal|p1a: Tyranitar|64/100|[from] item: Leftovers
|upkeep
|turn|19
|
|t:|1729211119
|move|p2a: Raikou|Thunderbolt|p1a: Tyranitar
|-damage|p1a: Tyranitar|26/100
|-status|p1a: Tyranitar|par
|move|p1a: Tyranitar|Pursuit|p2a: Raikou
|-damage|p2a: Raikou|0 fnt
|faint|p2a: Raikou
|
|t:|1729211123
|switch|p2a: Suicune|Suicune|76/100
|-damage|p2a: Suicune|63/100|[from] Spikes
|
|-weather|Sandstorm|[upkeep]
|-damage|p2a: Suicune|57/100|[from] Sandstorm
|-heal|p2a: Suicune|63/100|[from] item: Leftovers
|-heal|p1a: Tyranitar|32/100 par|[from] item: Leftovers
|upkeep
|turn|20
|
|t:|1729211129
|move|p2a: Suicune|Calm Mind|p2a: Suicune
|-boost|p2a: Suicune|spa|1
|-boost|p2a: Suicune|spd|1
|move|p1a: Tyranitar|Roar|p2a: Suicune
|drag|p2a: Snorlax|Snorlax, M|55/100
|-damage|p2a: Snorlax|42/100|[from] Spikes
|
|-weather|Sandstorm|[upkeep]
|-damage|p2a: Snorlax|36/100|[from] Sandstorm
|-heal|p2a: Snorlax|42/100|[from] item: Leftovers
|-heal|p1a: Tyranitar|38/100 par|[from] item: Leftovers
|upkeep
|turn|21
|
|t:|1729211137
|move|p2a: Snorlax|Body Slam|p1a: Tyranitar
|-resisted|p1a: Tyranitar
|-damage|p1a: Tyranitar|22/100 par
|move|p1a: Tyranitar|Crunch|p2a: Snorlax
|-damage|p2a: Snorlax|22/100
|
|-weather|Sandstorm|[upkeep]
|-damage|p2a: Snorlax|15/100|[from] Sandstorm
|-heal|p2a: Snorlax|22/100|[from] item: Leftovers
|-heal|p1a: Tyranitar|28/100 par|[from] item: Leftovers
|upkeep
|turn|22
|
|t:|1729211145
|move|p2a: Snorlax|Body Slam|p1a: Tyranitar
|-resisted|p1a: Tyranitar
|-damage|p1a: Tyranitar|12/100 par
|cant|p1a: Tyranitar|par
|
|-weather|Sandstorm|[upkeep]
|-damage|p2a: Snorlax|15/100|[from] Sandstorm
|-heal|p2a: Snorlax|22/100|[from] item: Leftovers
|-heal|p1a: Tyranitar|18/100 par|[from] item: Leftovers
|upkeep
|turn|23
|
|t:|1729211149
|move|p2a: Snorlax|Body Slam|p1a: Tyranitar
|-resisted|p1a: Tyranitar
|-damage|p1a: Tyranitar|2/100 par
|move|p1a: Tyranitar|Crunch|p2a: Snorlax
|-damage|p2a: Snorlax|0 fnt
|faint|p2a: Snorlax
|
|t:|1729211156
|switch|p2a: Suicune|Suicune|63/100
|-damage|p2a: Suicune|51/100|[from] Spikes
|
|-weather|Sandstorm|[upkeep]
|-damage|p2a: Suicune|45/100|[from] Sandstorm
|-heal|p2a: Suicune|51/100|[from] item: Leftovers
|-heal|p1a: Tyranitar|8/100 par|[from] item: Leftovers
|upkeep
|turn|24
|
|t:|1729211159
|move|p2a: Suicune|Surf|p1a: Tyranitar
|-supereffective|p1a: Tyranitar
|-damage|p1a: Tyranitar|0 fnt
|faint|p1a: Tyranitar
|
|t:|1729211164
|switch|p1a: Gengar|Gengar, F|82/100
|
|-weather|Sandstorm|[upkeep]
|-damage|p1a: Gengar|76/100|[from] Sandstorm
|-damage|p2a: Suicune|45/100|[from] Sandstorm
|-heal|p1a: Gengar|82/100|[from] item: Leftovers
|-heal|p2a: Suicune|51/100|[from] item: Leftovers
|upkeep
|turn|25
|
|t:|1729211169
|move|p1a: Gengar|Thunderbolt|p2a: Suicune
|-supereffective|p2a: Suicune
|-damage|p2a: Suicune|13/100
|move|p2a: Suicune|Rain Dance|p2a: Suicune
|-weather|RainDance
|
|-weather|RainDance|[upkeep]
|-heal|p1a: Gengar|88/100|[from] item: Leftovers
|-heal|p2a: Suicune|19/100|[from] item: Leftovers
|upkeep
|turn|26
|
|t:|1729211175
|move|p1a: Gengar|Thunderbolt|p2a: Suicune
|-supereffective|p2a: Suicune
|-damage|p2a: Suicune|0 fnt
|faint|p2a: Suicune
|
|t:|1729211176
|switch|p2a: Salamence|Salamence, F|100/100
|-ability|p2a: Salamence|Intimidate|boost
|-unboost|p1a: Gengar|atk|1
|
|-weather|RainDance|[upkeep]
|-heal|p1a: Gengar|95/100|[from] item: Leftovers
|upkeep
|turn|27
|
|t:|1729211180
|move|p1a: Gengar|Ice Punch|p2a: Salamence
|-supereffective|p2a: Salamence
|-damage|p2a: Salamence|27/100
|move|p2a: Salamence|Dragon Dance|p2a: Salamence
|-boost|p2a: Salamence|atk|1
|-boost|p2a: Salamence|spe|1
|
|-weather|RainDance|[upkeep]
|-heal|p2a: Salamence|33/100|[from] item: Leftovers
|-heal|p1a: Gengar|100/100|[from] item: Leftovers
|upkeep
|turn|28
|
|t:|1729211185
|move|p2a: Salamence|Hidden Power|p1a: Gengar
|-damage|p1a: Gengar|22/100
|move|p1a: Gengar|Ice Punch|p2a: Salamence
|-supereffective|p2a: Salamence
|-damage|p2a: Salamence|0 fnt
|faint|p2a: Salamence
|
|win|1P1o1s1h1e1
|c|☆1P1o1s1h1e1|gg
|c|☆coffeepour|gg
|player|p2|

</script>
<script type="application/json" class="data" id="replaydata-smogtours-gen3ou-799437">
{"id":"smogtours-gen3ou-799437","format":"[Gen 3] OU","players":["1P1o1s1h1e1","coffeepour"],"uploadtime":1729211185,"views":88,"formatid":"gen3ou","rating":null,"private":0,"password":null}
</script>

<script defer src="js/replays.js?9d40a366"></script>
