<!DOCTYPE html>
<meta charset="utf-8" />
<meta name="viewport" content="width=device-width" />

<title>[Gen 3] OU: kittencel vs. Axselo - Replays - Pok&eacute;mon Showdown!</title>

<meta name="description" content="Watch a replay of a Pok&eacute;mon battle between kittencel and Axselo! Format: [Gen 3] OU; Date: Oct 9, 2024" />
<!--

Hey, you! Looking in the source for the replay log?

You can find them in JSON format, just add `.json` at the end of a replay URL.

https://replay.pokemonshowdown.com/gen7randomdoublesbattle-865046831.json

Or, if you only need the log itself, add `.log` instead:

https://replay.pokemonshowdown.com/gen7randomdoublesbattle-865046831.log

-->

<link rel="stylesheet" href="//pokemonshowdown.com/style/global.css?0.023195364461161105" />
<link rel="stylesheet" href="//play.pokemonshowdown.com/style/font-awesome.css?0.13261647063804238" />
<link rel="stylesheet" href="//play.pokemonshowdown.com/style/battle.css?0.8753245789963631" />
<link rel="stylesheet" href="//play.pokemonshowdown.com/style/utilichart.css?0.8627959624976733" />

<!-- Global site tag (gtag.js) - Google Analytics -->
<script async src="https://www.googletagmanager.com/gtag/js?id=UA-26211653-1"></script>
<script>
  window.dataLayer = window.dataLayer || [];
  function gtag(){dataLayer.push(arguments);}
  gtag('js', new Date());

  gtag('config', 'UA-26211653-1');
</script>
<!-- End Google Analytics -->
<!-- Venatus Ad Manager - Install in <HEAD> of page -->
	<script src="https://hb.vntsm.com/v3/live/ad-manager.min.js" type="text/javascript" data-site-id="642aba63ec9a7b11c3c9c1be" data-mode="scan" async></script>
<!-- / Venatus Ad Manager -->

<style>
	@media (max-width:820px) {
		.battle {
			margin: 0 auto;
		}
		.battle-log {
			margin: 7px auto 0;
			max-width: 640px;
			height: 300px;
			position: static;
		}
	}
	.optgroup {
		display: inline-block;
		line-height: 22px;
		font-size: 10pt;
	}
	.optgroup .button {
		height: 25px;
		padding-top: 0;
		padding-bottom: 0;
	}
	.optgroup button.button {
		padding-left: 12px;
		padding-right: 12px;
	}
	.linklist {
		list-style: none;
		margin: 0.5em 0;
		padding: 0;
	}
	.linklist li {
		padding: 2px 0;
	}
	.sidebar {
		float: left;
		width: 320px;
	}
	.bar-wrapper {
		max-width: 1100px;
		margin: 0 auto;
	}
	.bar-wrapper.has-sidebar {
		max-width: 1430px;
	}
	.mainbar {
		margin: 0;
		padding-right: 1px;
	}
	.mainbar.has-sidebar {
		margin-left: 330px;
	}
	@media (min-width: 1511px) {
		.sidebar {
			width: 400px;
		}
		.bar-wrapper.has-sidebar {
			max-width: 1510px;
		}
		.mainbar.has-sidebar {
			margin-left: 410px;
		}
	}
	.section.first-section {
		margin-top: 9px;
	}
	.blocklink small {
		white-space: normal;
	}
	.button {
		vertical-align: middle;
	}
	.replay-controls {
		padding-top: 10px;
	}
	.replay-controls h1 {
		font-size: 16pt;
		font-weight: normal;
		color: #CCC;
	}
	.pagelink {
		text-align: center;
	}
	.pagelink a {
		width: 150px;
	}
	.textbox, .button {
		font-size: 11pt;
		vertical-align: middle;
	}
	@media (max-width: 450px) {
		.button {
			font-size: 9pt;
		}
	}
</style>

<div>

	<header>
		<div class="nav-wrapper"><ul class="nav">
			<li><a class="button nav-first" href="//pokemonshowdown.com/"><img src="//pokemonshowdown.com/images/pokemonshowdownbeta.png" srcset="//pokemonshowdown.com/images/pokemonshowdownbeta.png 1x, //pokemonshowdown.com/images/pokemonshowdownbeta@2x.png 2x" alt="Pok&eacute;mon Showdown" width="146" height="44" /> Home</a></li>
			<li><a class="button" href="//pokemonshowdown.com/dex/">Pok&eacute;dex</a></li>
			<li><a class="button cur" href="/">Replays</a></li>
			<li><a class="button" href="//pokemonshowdown.com/ladder/">Ladder</a></li>
			<li><a class="button nav-last" href="//pokemonshowdown.com/forums/">Forum</a></li>
			<li><a class="button greenbutton nav-first nav-last" href="//play.pokemonshowdown.com/">Play</a></li>
		</ul></div>
	</header>

	<div class="main" id="main">

		<noscript><section class="section">You need to enable JavaScript to use this page; sorry!</section></noscript>

	</div>

</div>

<script defer nomodule src="//play.pokemonshowdown.com/js/lib/ps-polyfill.js"></script>
<script defer src="//play.pokemonshowdown.com/js/lib/preact.min.js"></script>

<script defer src="//play.pokemonshowdown.com/config/config.js?2bddbc15"></script>
<script defer src="//play.pokemonshowdown.com/js/lib/jquery-1.11.0.min.js"></script>
<script defer src="//play.pokemonshowdown.com/js/lib/html-sanitizer-minified.js"></script>
<script defer src="//play.pokemonshowdown.com/js/battle-sound.js"></script>
<script defer src="//play.pokemonshowdown.com/js/battledata.js?0.7209276989879541"></script>
<script defer src="//play.pokemonshowdown.com/data/pokedex-mini.js?0.6111056340867951"></script>
<script defer src="//play.pokemonshowdown.com/data/pokedex-mini-bw.js?0.3532142036491459"></script>
<script defer src="//play.pokemonshowdown.com/data/graphics.js?0.24223875632456182"></script>
<script defer src="//play.pokemonshowdown.com/data/pokedex.js?0.38839984266356864"></script>
<script defer src="//play.pokemonshowdown.com/data/moves.js?0.21866028504024015"></script>
<script defer src="//play.pokemonshowdown.com/data/abilities.js?0.2005157953846628"></script>
<script defer src="//play.pokemonshowdown.com/data/items.js?0.9894211263848525"></script>
<script defer src="//play.pokemonshowdown.com/data/teambuilder-tables.js?0.6008791140282215"></script>
<script defer src="//play.pokemonshowdown.com/js/battle-tooltips.js?0.7580118955022959"></script>
<script defer src="//play.pokemonshowdown.com/js/battle.js?0.6057722274234274"></script>

<script defer src="js/utils.js?e31f9a17"></script>
<script defer src="js/replays-battle.js?7008c182"></script>

<!-- don't scrape this data! just add .json or .log after the URL!
Full API docs: https://github.com/smogon/pokemon-showdown-client/blob/master/WEB-API.md -->
<script type="text/plain" class="log" id="replaylog-smogtours-gen3ou-796729">
|inactive|Battle timer is ON: inactive players will automatically lose when time's up.
|t:|1728503961
|gametype|singles
|player|p1|kittencel|lady|
|player|p2|Axselo|101|
|teamsize|p1|6
|teamsize|p2|6
|gen|3
|tier|[Gen 3] OU
|rule|Sleep Clause Mod: Limit one foe put to sleep
|rule|Switch Priority Clause Mod: Faster Pokémon switch first
|rule|Species Clause: Limit one of each Pokémon
|rule|OHKO Clause: OHKO moves are banned
|rule|Evasion Items Clause: Evasion items are banned
|rule|Evasion Moves Clause: Evasion moves are banned
|rule|Endless Battle Clause: Forcing endless battles is banned
|rule|HP Percentage Mod: HP is shown in percentages
|rule|One Boost Passer Clause: Limit one Baton Passer that has a way to boost its stats
|rule|Freeze Clause Mod: Limit one foe frozen
|
|t:|1728503961
|start
|switch|p1a: parkour master|Swampert, M|100/100
|switch|p2a: Omastar|Omastar, M|100/100
|turn|1
|c|☆kittencel|hf
|
|t:|1728503988
|move|p1a: parkour master|Earthquake|p2a: Omastar
|-supereffective|p2a: Omastar
|-damage|p2a: Omastar|42/100
|move|p2a: Omastar|Spikes|p1a: parkour master
|-sidestart|p1: kittencel|Spikes
|
|upkeep
|turn|2
|inactive|Axselo has 270 seconds left.
|
|t:|1728504022
|switch|p2a: Flygon|Flygon, M|100/100
|move|p1a: parkour master|Hydro Pump|p2a: Flygon
|-damage|p2a: Flygon|43/100
|
|-heal|p2a: Flygon|50/100|[from] item: Leftovers
|upkeep
|turn|3
|inactive|Axselo has 270 seconds left.
|
|t:|1728504037
|switch|p2a: Misdreavus|Misdreavus, F|100/100
|move|p1a: parkour master|Ice Beam|p2a: Misdreavus
|-damage|p2a: Misdreavus|79/100
|
|-heal|p2a: Misdreavus|86/100|[from] item: Leftovers
|upkeep
|turn|4
|
|t:|1728504048
|move|p2a: Misdreavus|Calm Mind|p2a: Misdreavus
|-boost|p2a: Misdreavus|spa|1
|-boost|p2a: Misdreavus|spd|1
|move|p1a: parkour master|Hydro Pump|p2a: Misdreavus
|-damage|p2a: Misdreavus|58/100
|
|-heal|p2a: Misdreavus|64/100|[from] item: Leftovers
|upkeep
|turn|5
|
|t:|1728504054
|switch|p1a: seawatt|Celebi|100/100
|-damage|p1a: seawatt|88/100|[from] Spikes
|move|p2a: Misdreavus|Pain Split|p1a: seawatt
|-sethp|p1a: seawatt|65/100|[from] move: Pain Split|[silent]
|-sethp|p2a: Misdreavus|99/100|[from] move: Pain Split
|
|-heal|p1a: seawatt|71/100|[from] item: Leftovers
|-heal|p2a: Misdreavus|100/100|[from] item: Leftovers
|upkeep
|turn|6
|
|t:|1728504060
|move|p1a: seawatt|Leech Seed|p2a: Misdreavus
|-start|p2a: Misdreavus|move: Leech Seed
|move|p2a: Misdreavus|Hidden Power|p1a: seawatt
|-supereffective|p1a: seawatt
|-damage|p1a: seawatt|34/100
|
|-heal|p1a: seawatt|40/100|[from] item: Leftovers
|-damage|p2a: Misdreavus|88/100|[from] Leech Seed|[of] p1a: seawatt
|-heal|p1a: seawatt|48/100|[silent]
|upkeep
|turn|7
|
|t:|1728504064
|switch|p2a: Aerodactyl|Aerodactyl, F|100/100
|move|p1a: seawatt|Recover|p1a: seawatt
|-heal|p1a: seawatt|98/100
|
|-heal|p1a: seawatt|100/100|[from] item: Leftovers
|upkeep
|turn|8
|
|t:|1728504070
|switch|p1a: parkour master|Swampert, M|100/100
|-damage|p1a: parkour master|88/100|[from] Spikes
|move|p2a: Aerodactyl|Double-Edge|p1a: parkour master
|-damage|p1a: parkour master|51/100
|
|-heal|p1a: parkour master|57/100|[from] item: Leftovers
|upkeep
|turn|9
|
|t:|1728504076
|switch|p2a: Misdreavus|Misdreavus, F|88/100
|move|p1a: parkour master|Hydro Pump|p2a: Misdreavus
|-damage|p2a: Misdreavus|46/100
|
|-heal|p2a: Misdreavus|53/100|[from] item: Leftovers
|-heal|p1a: parkour master|64/100|[from] item: Leftovers
|upkeep
|turn|10
|
|t:|1728504101
|switch|p1a: parkour pro|Magneton|100/100
|-damage|p1a: parkour pro|88/100|[from] Spikes
|move|p2a: Misdreavus|Calm Mind|p2a: Misdreavus
|-boost|p2a: Misdreavus|spa|1
|-boost|p2a: Misdreavus|spd|1
|
|-heal|p2a: Misdreavus|59/100|[from] item: Leftovers
|upkeep
|turn|11
|inactive|Axselo has 270 seconds left.
|inactive|kittencel has 270 seconds left.
|
|t:|1728504145
|move|p2a: Misdreavus|Pain Split|p1a: parkour pro
|-sethp|p1a: parkour pro|76/100|[from] move: Pain Split|[silent]
|-sethp|p2a: Misdreavus|70/100|[from] move: Pain Split
|move|p1a: parkour pro|Toxic|p2a: Misdreavus
|-status|p2a: Misdreavus|tox
|
|-heal|p2a: Misdreavus|76/100 tox|[from] item: Leftovers
|-damage|p2a: Misdreavus|70/100 tox|[from] psn
|upkeep
|turn|12
|inactive|Axselo has 270 seconds left.
|
|t:|1728504159
|switch|p2a: Flygon|Flygon, M|50/100
|switch|p1a: seawatt|Celebi|100/100
|-damage|p1a: seawatt|88/100|[from] Spikes
|
|-heal|p2a: Flygon|56/100|[from] item: Leftovers
|-heal|p1a: seawatt|94/100|[from] item: Leftovers
|upkeep
|turn|13
|inactive|Axselo has 270 seconds left.
|
|t:|1728504174
|move|p1a: seawatt|Leech Seed|p2a: Flygon
|-start|p2a: Flygon|move: Leech Seed
|move|p2a: Flygon|Fire Blast|p1a: seawatt
|-supereffective|p1a: seawatt
|-damage|p1a: seawatt|48/100
|
|-heal|p2a: Flygon|62/100|[from] item: Leftovers
|-heal|p1a: seawatt|54/100|[from] item: Leftovers
|-damage|p2a: Flygon|50/100|[from] Leech Seed|[of] p1a: seawatt
|-heal|p1a: seawatt|63/100|[silent]
|upkeep
|turn|14
|inactive|Axselo has 270 seconds left.
|
|t:|1728504195
|switch|p2a: Aerodactyl|Aerodactyl, F|100/100
|move|p1a: seawatt|Recover|p1a: seawatt
|-heal|p1a: seawatt|100/100
|
|upkeep
|turn|15
|
|t:|1728504206
|switch|p1a: parkour villian|Scizor, M|100/100
|-damage|p1a: parkour villian|88/100|[from] Spikes
|move|p2a: Aerodactyl|Double-Edge|p1a: parkour villian
|-resisted|p1a: parkour villian
|-damage|p1a: parkour villian|59/100
|
|upkeep
|turn|16
|
|t:|1728504219
|switch|p2a: Omastar|Omastar, M|42/100
|move|p1a: parkour villian|Agility|p1a: parkour villian
|-boost|p1a: parkour villian|spe|2
|
|upkeep
|turn|17
|
|t:|1728504227
|move|p1a: parkour villian|Endure|p1a: parkour villian
|-singleturn|p1a: parkour villian|move: Endure
|move|p2a: Omastar|Surf|p1a: parkour villian
|-activate|p1a: parkour villian|move: Endure
|-damage|p1a: parkour villian|1/100
|
|-enditem|p1a: parkour villian|Liechi Berry|[eat]
|-boost|p1a: parkour villian|atk|1|[from] item: Liechi Berry
|upkeep
|turn|18
|
|t:|1728504232
|move|p1a: parkour villian|Reversal|p2a: Omastar
|-supereffective|p2a: Omastar
|-damage|p2a: Omastar|0 fnt
|faint|p2a: Omastar
|inactive|Axselo has 270 seconds left.
|
|t:|1728504242
|switch|p2a: Misdreavus|Misdreavus, F|70/100 tox
|
|-heal|p2a: Misdreavus|76/100 tox|[from] item: Leftovers
|-damage|p2a: Misdreavus|70/100 tox|[from] psn
|upkeep
|turn|19
|
|t:|1728504253
|move|p1a: parkour villian|Endure|p1a: parkour villian
|-singleturn|p1a: parkour villian|move: Endure
|move|p2a: Misdreavus|Thunderbolt|p1a: parkour villian
|-activate|p1a: parkour villian|move: Endure
|-damage|p1a: parkour villian|1/100
|
|-heal|p2a: Misdreavus|76/100 tox|[from] item: Leftovers
|-damage|p2a: Misdreavus|64/100 tox|[from] psn
|upkeep
|turn|20
|
|t:|1728504258
|move|p1a: parkour villian|Hidden Power|p2a: Misdreavus
|-supereffective|p2a: Misdreavus
|-crit|p2a: Misdreavus
|-damage|p2a: Misdreavus|0 fnt
|faint|p2a: Misdreavus
|
|t:|1728504269
|switch|p2a: Swampert|Swampert, F|100/100
|
|upkeep
|turn|21
|
|t:|1728504272
|move|p1a: parkour villian|Reversal|p2a: Swampert
|-damage|p2a: Swampert|14/100
|move|p2a: Swampert|Surf|p1a: parkour villian
|-damage|p1a: parkour villian|0 fnt
|faint|p1a: parkour villian
|
|t:|1728504287
|switch|p1a: seawatt|Celebi|100/100
|-damage|p1a: seawatt|88/100|[from] Spikes
|
|-heal|p1a: seawatt|94/100|[from] item: Leftovers
|-heal|p2a: Swampert|20/100|[from] item: Leftovers
|upkeep
|turn|22
|
|t:|1728504292
|switch|p2a: Aerodactyl|Aerodactyl, F|100/100
|move|p1a: seawatt|Substitute|p1a: seawatt
|-start|p1a: seawatt|Substitute
|-damage|p1a: seawatt|69/100
|
|-heal|p1a: seawatt|75/100|[from] item: Leftovers
|upkeep
|turn|23
|
|t:|1728504302
|move|p2a: Aerodactyl|Double-Edge|p1a: seawatt
|-end|p1a: seawatt|Substitute
|move|p1a: seawatt|Leech Seed|p2a: Aerodactyl
|-start|p2a: Aerodactyl|move: Leech Seed
|
|-damage|p2a: Aerodactyl|88/100|[from] Leech Seed|[of] p1a: seawatt
|-heal|p1a: seawatt|85/100|[silent]
|-heal|p1a: seawatt|91/100|[from] item: Leftovers
|upkeep
|turn|24
|
|t:|1728504311
|move|p2a: Aerodactyl|Double-Edge|p1a: seawatt
|-damage|p1a: seawatt|48/100
|move|p1a: seawatt|Substitute|p1a: seawatt
|-start|p1a: seawatt|Substitute
|-damage|p1a: seawatt|23/100
|
|-damage|p2a: Aerodactyl|76/100|[from] Leech Seed|[of] p1a: seawatt
|-heal|p1a: seawatt|32/100|[silent]
|-heal|p1a: seawatt|38/100|[from] item: Leftovers
|upkeep
|turn|25
|
|t:|1728504315
|move|p2a: Aerodactyl|Double-Edge|p1a: seawatt
|-end|p1a: seawatt|Substitute
|move|p1a: seawatt|Recover|p1a: seawatt
|-heal|p1a: seawatt|88/100
|
|-damage|p2a: Aerodactyl|64/100|[from] Leech Seed|[of] p1a: seawatt
|-heal|p1a: seawatt|97/100|[silent]
|-heal|p1a: seawatt|100/100|[from] item: Leftovers
|upkeep
|turn|26
|
|t:|1728504321
|switch|p2a: Metagross|Metagross|100/100
|move|p1a: seawatt|Substitute|p1a: seawatt
|-start|p1a: seawatt|Substitute
|-damage|p1a: seawatt|75/100
|
|-heal|p1a: seawatt|82/100|[from] item: Leftovers
|upkeep
|turn|27
|
|t:|1728504324
|move|p1a: seawatt|Leech Seed|p2a: Metagross
|-start|p2a: Metagross|move: Leech Seed
|move|p2a: Metagross|Meteor Mash|p1a: seawatt
|-end|p1a: seawatt|Substitute
|-boost|p2a: Metagross|atk|1
|
|-heal|p1a: seawatt|88/100|[from] item: Leftovers
|-damage|p2a: Metagross|88/100|[from] Leech Seed|[of] p1a: seawatt
|-heal|p1a: seawatt|99/100|[silent]
|upkeep
|turn|28
|
|t:|1728504353
|switch|p2a: Flygon|Flygon, M|50/100
|move|p1a: seawatt|Substitute|p1a: seawatt
|-start|p1a: seawatt|Substitute
|-damage|p1a: seawatt|74/100
|
|-heal|p1a: seawatt|80/100|[from] item: Leftovers
|-heal|p2a: Flygon|56/100|[from] item: Leftovers
|upkeep
|turn|29
|
|t:|1728504361
|move|p1a: seawatt|Leech Seed|p2a: Flygon
|-start|p2a: Flygon|move: Leech Seed
|move|p2a: Flygon|Fire Blast|p1a: seawatt
|-supereffective|p1a: seawatt
|-end|p1a: seawatt|Substitute
|
|-heal|p2a: Flygon|62/100|[from] item: Leftovers
|-heal|p1a: seawatt|86/100|[from] item: Leftovers
|-damage|p2a: Flygon|50/100|[from] Leech Seed|[of] p1a: seawatt
|-heal|p1a: seawatt|96/100|[silent]
|upkeep
|turn|30
|
|t:|1728504366
|move|p2a: Flygon|Toxic|p1a: seawatt
|-status|p1a: seawatt|tox
|move|p1a: seawatt|Substitute|p1a: seawatt
|-start|p1a: seawatt|Substitute
|-damage|p1a: seawatt|71/100 tox
|
|-heal|p2a: Flygon|56/100|[from] item: Leftovers
|-heal|p1a: seawatt|77/100 tox|[from] item: Leftovers
|-damage|p2a: Flygon|43/100|[from] Leech Seed|[of] p1a: seawatt
|-heal|p1a: seawatt|86/100 tox|[silent]
|-damage|p1a: seawatt|80/100 tox|[from] psn
|upkeep
|turn|31
|
|t:|1728504373
|switch|p2a: Metagross|Metagross|88/100
|move|p1a: seawatt|Baton Pass|p1a: seawatt
|
|t:|1728504380
|-curestatus|p1a: seawatt|tox|[from] ability: Natural Cure
|switch|p1a: parkour champion|Charizard, M|100/100|[from] Baton Pass
|
|-heal|p2a: Metagross|94/100|[from] item: Leftovers
|upkeep
|turn|32
|
|t:|1728504398
|switch|p2a: Swampert|Swampert, F|20/100
|move|p1a: parkour champion|Fire Blast|p2a: Swampert
|-resisted|p2a: Swampert
|-damage|p2a: Swampert|3/100
|
|-heal|p2a: Swampert|9/100|[from] item: Leftovers
|upkeep
|turn|33
|
|t:|1728504410
|move|p1a: parkour champion|Hidden Power|p2a: Swampert
|-damage|p2a: Swampert|0 fnt
|faint|p2a: Swampert
|
|t:|1728504417
|switch|p2a: Flygon|Flygon, M|43/100
|
|-heal|p2a: Flygon|50/100|[from] item: Leftovers
|upkeep
|turn|34
|
|t:|1728504425
|move|p2a: Flygon|Rock Slide|p1a: parkour champion
|-supereffective|p1a: parkour champion
|-end|p1a: parkour champion|Substitute
|move|p1a: parkour champion|Hidden Power|p2a: Flygon
|-damage|p2a: Flygon|11/100
|
|-heal|p2a: Flygon|17/100|[from] item: Leftovers
|upkeep
|turn|35
|
|t:|1728504439
|switch|p1a: parkour pro|Magneton|76/100
|-damage|p1a: parkour pro|63/100|[from] Spikes
|move|p2a: Flygon|Rock Slide|p1a: parkour pro
|-resisted|p1a: parkour pro
|-damage|p1a: parkour pro|50/100
|
|-heal|p2a: Flygon|24/100|[from] item: Leftovers
|upkeep
|turn|36
|
|t:|1728504444
|switch|p1a: seawatt|Celebi|80/100
|-damage|p1a: seawatt|68/100|[from] Spikes
|move|p2a: Flygon|Earthquake|p1a: seawatt
|-resisted|p1a: seawatt
|-damage|p1a: seawatt|52/100
|
|-heal|p2a: Flygon|30/100|[from] item: Leftovers
|-heal|p1a: seawatt|58/100|[from] item: Leftovers
|upkeep
|turn|37
|
|t:|1728504450
|move|p2a: Flygon|Fire Blast|p1a: seawatt
|-supereffective|p1a: seawatt
|-damage|p1a: seawatt|11/100
|-status|p1a: seawatt|brn
|move|p1a: seawatt|Recover|p1a: seawatt
|-heal|p1a: seawatt|61/100 brn
|
|-heal|p1a: seawatt|67/100 brn|[from] item: Leftovers
|-heal|p2a: Flygon|36/100|[from] item: Leftovers
|-damage|p1a: seawatt|55/100 brn|[from] brn
|upkeep
|turn|38
|
|t:|1728504474
|-curestatus|p1a: seawatt|brn|[from] ability: Natural Cure
|switch|p1a: evbo|Snorlax, M|100/100
|-damage|p1a: evbo|88/100|[from] Spikes
|move|p2a: Flygon|Fire Blast|p1a: evbo
|-damage|p1a: evbo|72/100
|
|-heal|p2a: Flygon|42/100|[from] item: Leftovers
|-heal|p1a: evbo|78/100|[from] item: Leftovers
|upkeep
|turn|39
|
|t:|1728504482
|switch|p2a: Metagross|Metagross|94/100
|move|p1a: evbo|Fire Blast|p2a: Metagross
|-supereffective|p2a: Metagross
|-damage|p2a: Metagross|34/100
|
|-heal|p2a: Metagross|40/100|[from] item: Leftovers
|-heal|p1a: evbo|84/100|[from] item: Leftovers
|upkeep
|turn|40
|c|☆Axselo|woah
|c|☆Axselo|respect
|inactive|Axselo has 270 seconds left.
|
|t:|1728504534
|switch|p1a: parkour pro|Magneton|50/100
|-damage|p1a: parkour pro|37/100|[from] Spikes
|move|p2a: Metagross|Meteor Mash|p1a: parkour pro
|-resisted|p1a: parkour pro
|-damage|p1a: parkour pro|21/100
|
|-heal|p2a: Metagross|46/100|[from] item: Leftovers
|upkeep
|turn|41
|
|t:|1728504541
|move|p1a: parkour pro|Thunderbolt|p2a: Metagross
|-damage|p2a: Metagross|0 fnt
|faint|p2a: Metagross
|
|t:|1728504545
|switch|p2a: Flygon|Flygon, M|42/100
|
|-heal|p2a: Flygon|49/100|[from] item: Leftovers
|upkeep
|turn|42
|
|t:|1728504549
|move|p2a: Flygon|Earthquake|p1a: parkour pro
|-supereffective|p1a: parkour pro
|-damage|p1a: parkour pro|0 fnt
|faint|p1a: parkour pro
|
|t:|1728504553
|switch|p1a: evbo|Snorlax, M|84/100
|-damage|p1a: evbo|72/100|[from] Spikes
|
|-heal|p2a: Flygon|55/100|[from] item: Leftovers
|-heal|p1a: evbo|78/100|[from] item: Leftovers
|upkeep
|turn|43
|
|t:|1728504556
|move|p2a: Flygon|Earthquake|p1a: evbo
|-damage|p1a: evbo|46/100
|move|p1a: evbo|Ice Beam|p2a: Flygon
|-supereffective|p2a: Flygon
|-damage|p2a: Flygon|0 fnt
|faint|p2a: Flygon
|
|t:|1728504560
|switch|p2a: Aerodactyl|Aerodactyl, F|64/100
|
|-heal|p1a: evbo|52/100|[from] item: Leftovers
|upkeep
|turn|44
|
|t:|1728504569
|move|p2a: Aerodactyl|Double-Edge|p1a: evbo
|-damage|p1a: evbo|7/100
|move|p1a: evbo|Self-Destruct|p2a: Aerodactyl
|-resisted|p2a: Aerodactyl
|-damage|p2a: Aerodactyl|0 fnt
|faint|p1a: evbo
|faint|p2a: Aerodactyl
|
|win|kittencel
|c|☆kittencel|gg
|c|☆Axselo|gg]
|player|p2|

</script>
<script type="application/json" class="data" id="replaydata-smogtours-gen3ou-796729">
{"id":"smogtours-gen3ou-796729","format":"[Gen 3] OU","players":["kittencel","Axselo"],"uploadtime":1728504569,"views":217,"formatid":"gen3ou","rating":null,"private":0,"password":null}
</script>

<script defer src="js/replays.js?9d40a366"></script>
