<!DOCTYPE html>
<meta charset="utf-8" />
<meta name="viewport" content="width=device-width" />

<title>[Gen 3] OU: kaboom64 vs. xGangg - Replays - Pok&eacute;mon Showdown!</title>

<meta name="description" content="Watch a replay of a Pok&eacute;mon battle between kaboom64 and xGangg! Format: [Gen 3] OU; Date: Oct 31, 2024" />
<!--

Hey, you! Looking in the source for the replay log?

You can find them in JSON format, just add `.json` at the end of a replay URL.

https://replay.pokemonshowdown.com/gen7randomdoublesbattle-865046831.json

Or, if you only need the log itself, add `.log` instead:

https://replay.pokemonshowdown.com/gen7randomdoublesbattle-865046831.log

-->

<link rel="stylesheet" href="//pokemonshowdown.com/style/global.css?0.023195364461161105" />
<link rel="stylesheet" href="//play.pokemonshowdown.com/style/font-awesome.css?0.13261647063804238" />
<link rel="stylesheet" href="//play.pokemonshowdown.com/style/battle.css?0.8753245789963631" />
<link rel="stylesheet" href="//play.pokemonshowdown.com/style/utilichart.css?0.8627959624976733" />

<!-- Global site tag (gtag.js) - Google Analytics -->
<script async src="https://www.googletagmanager.com/gtag/js?id=UA-26211653-1"></script>
<script>
  window.dataLayer = window.dataLayer || [];
  function gtag(){dataLayer.push(arguments);}
  gtag('js', new Date());

  gtag('config', 'UA-26211653-1');
</script>
<!-- End Google Analytics -->
<!-- Venatus Ad Manager - Install in <HEAD> of page -->
	<script src="https://hb.vntsm.com/v3/live/ad-manager.min.js" type="text/javascript" data-site-id="642aba63ec9a7b11c3c9c1be" data-mode="scan" async></script>
<!-- / Venatus Ad Manager -->

<style>
	@media (max-width:820px) {
		.battle {
			margin: 0 auto;
		}
		.battle-log {
			margin: 7px auto 0;
			max-width: 640px;
			height: 300px;
			position: static;
		}
	}
	.optgroup {
		display: inline-block;
		line-height: 22px;
		font-size: 10pt;
	}
	.optgroup .button {
		height: 25px;
		padding-top: 0;
		padding-bottom: 0;
	}
	.optgroup button.button {
		padding-left: 12px;
		padding-right: 12px;
	}
	.linklist {
		list-style: none;
		margin: 0.5em 0;
		padding: 0;
	}
	.linklist li {
		padding: 2px 0;
	}
	.sidebar {
		float: left;
		width: 320px;
	}
	.bar-wrapper {
		max-width: 1100px;
		margin: 0 auto;
	}
	.bar-wrapper.has-sidebar {
		max-width: 1430px;
	}
	.mainbar {
		margin: 0;
		padding-right: 1px;
	}
	.mainbar.has-sidebar {
		margin-left: 330px;
	}
	@media (min-width: 1511px) {
		.sidebar {
			width: 400px;
		}
		.bar-wrapper.has-sidebar {
			max-width: 1510px;
		}
		.mainbar.has-sidebar {
			margin-left: 410px;
		}
	}
	.section.first-section {
		margin-top: 9px;
	}
	.blocklink small {
		white-space: normal;
	}
	.button {
		vertical-align: middle;
	}
	.replay-controls {
		padding-top: 10px;
	}
	.replay-controls h1 {
		font-size: 16pt;
		font-weight: normal;
		color: #CCC;
	}
	.pagelink {
		text-align: center;
	}
	.pagelink a {
		width: 150px;
	}
	.textbox, .button {
		font-size: 11pt;
		vertical-align: middle;
	}
	@media (max-width: 450px) {
		.button {
			font-size: 9pt;
		}
	}
</style>

<div>

	<header>
		<div class="nav-wrapper"><ul class="nav">
			<li><a class="button nav-first" href="//pokemonshowdown.com/"><img src="//pokemonshowdown.com/images/pokemonshowdownbeta.png" srcset="//pokemonshowdown.com/images/pokemonshowdownbeta.png 1x, //pokemonshowdown.com/images/pokemonshowdownbeta@2x.png 2x" alt="Pok&eacute;mon Showdown" width="146" height="44" /> Home</a></li>
			<li><a class="button" href="//pokemonshowdown.com/dex/">Pok&eacute;dex</a></li>
			<li><a class="button cur" href="/">Replays</a></li>
			<li><a class="button" href="//pokemonshowdown.com/ladder/">Ladder</a></li>
			<li><a class="button nav-last" href="//pokemonshowdown.com/forums/">Forum</a></li>
			<li><a class="button greenbutton nav-first nav-last" href="//play.pokemonshowdown.com/">Play</a></li>
		</ul></div>
	</header>

	<div class="main" id="main">

		<noscript><section class="section">You need to enable JavaScript to use this page; sorry!</section></noscript>

	</div>

</div>

<script defer nomodule src="//play.pokemonshowdown.com/js/lib/ps-polyfill.js"></script>
<script defer src="//play.pokemonshowdown.com/js/lib/preact.min.js"></script>

<script defer src="//play.pokemonshowdown.com/config/config.js?2bddbc15"></script>
<script defer src="//play.pokemonshowdown.com/js/lib/jquery-1.11.0.min.js"></script>
<script defer src="//play.pokemonshowdown.com/js/lib/html-sanitizer-minified.js"></script>
<script defer src="//play.pokemonshowdown.com/js/battle-sound.js"></script>
<script defer src="//play.pokemonshowdown.com/js/battledata.js?0.7209276989879541"></script>
<script defer src="//play.pokemonshowdown.com/data/pokedex-mini.js?0.6111056340867951"></script>
<script defer src="//play.pokemonshowdown.com/data/pokedex-mini-bw.js?0.3532142036491459"></script>
<script defer src="//play.pokemonshowdown.com/data/graphics.js?0.24223875632456182"></script>
<script defer src="//play.pokemonshowdown.com/data/pokedex.js?0.38839984266356864"></script>
<script defer src="//play.pokemonshowdown.com/data/moves.js?0.21866028504024015"></script>
<script defer src="//play.pokemonshowdown.com/data/abilities.js?0.2005157953846628"></script>
<script defer src="//play.pokemonshowdown.com/data/items.js?0.9894211263848525"></script>
<script defer src="//play.pokemonshowdown.com/data/teambuilder-tables.js?0.6008791140282215"></script>
<script defer src="//play.pokemonshowdown.com/js/battle-tooltips.js?0.7580118955022959"></script>
<script defer src="//play.pokemonshowdown.com/js/battle.js?0.6057722274234274"></script>

<script defer src="js/utils.js?e31f9a17"></script>
<script defer src="js/replays-battle.js?7008c182"></script>

<!-- don't scrape this data! just add .json or .log after the URL!
Full API docs: https://github.com/smogon/pokemon-showdown-client/blob/master/WEB-API.md -->
<script type="text/plain" class="log" id="replaylog-smogtours-gen3ou-803654">
|inactive|Battle timer is ON: inactive players will automatically lose when time's up.
|badge|p1|bronze|gen9lc|100-3
|uhtml|medal-msg|<div class="broadcast-blue">Curious what those medals under the avatar are? PS now has Ladder Seasons! For more information, check out the <a href="https://www.smogon.com/forums/threads/3740067/">thread on Smogon.<\/a><\/div>
|t:|1730417173
|gametype|singles
|player|p1|kaboom64|#scl4dynamos2|
|player|p2|xGangg|#teamvictini|
|teamsize|p1|6
|teamsize|p2|6
|gen|3
|tier|[Gen 3] OU
|rule|Sleep Clause Mod: Limit one foe put to sleep
|rule|Switch Priority Clause Mod: Faster Pokémon switch first
|rule|Species Clause: Limit one of each Pokémon
|rule|OHKO Clause: OHKO moves are banned
|rule|Evasion Items Clause: Evasion items are banned
|rule|Evasion Moves Clause: Evasion moves are banned
|rule|Endless Battle Clause: Forcing endless battles is banned
|rule|HP Percentage Mod: HP is shown in percentages
|rule|One Boost Passer Clause: Limit one Baton Passer that has a way to boost its stats
|rule|Freeze Clause Mod: Limit one foe frozen
|
|t:|1730417173
|start
|switch|p1a: Raikou|Raikou|100/100
|switch|p2a: Smeargle|Smeargle, F, shiny|100/100
|turn|1
|
|t:|1730417190
|move|p1a: Raikou|Substitute|p1a: Raikou
|-start|p1a: Raikou|Substitute
|-damage|p1a: Raikou|76/100
|move|p2a: Smeargle|Spore||[still]
|-fail|p2a: Smeargle
|
|-heal|p1a: Raikou|82/100|[from] item: Leftovers
|upkeep
|turn|2
|
|t:|1730417197
|move|p1a: Raikou|Calm Mind|p1a: Raikou
|-boost|p1a: Raikou|spa|1
|-boost|p1a: Raikou|spd|1
|move|p2a: Smeargle|Destiny Bond|p2a: Smeargle
|-singlemove|p2a: Smeargle|Destiny Bond
|
|-heal|p1a: Raikou|88/100|[from] item: Leftovers
|upkeep
|turn|3
|
|t:|1730417218
|move|p1a: Raikou|Hidden Power|p2a: Smeargle
|-damage|p2a: Smeargle|47/100
|move|p2a: Smeargle|Encore|p1a: Raikou
|-start|p1a: Raikou|Encore
|
|-heal|p1a: Raikou|94/100|[from] item: Leftovers
|upkeep
|turn|4
|
|t:|1730417247
|switch|p2a: Metagross|Metagross|100/100
|move|p1a: Raikou|Hidden Power|p2a: Metagross
|-resisted|p2a: Metagross
|-damage|p2a: Metagross|82/100
|
|-heal|p1a: Raikou|100/100|[from] item: Leftovers
|-heal|p2a: Metagross|88/100|[from] item: Leftovers
|upkeep
|turn|5
|
|t:|1730417273
|move|p1a: Raikou|Hidden Power|p2a: Metagross
|-resisted|p2a: Metagross
|-damage|p2a: Metagross|71/100
|move|p2a: Metagross|Earthquake|p1a: Raikou
|-supereffective|p1a: Raikou
|-end|p1a: Raikou|Substitute
|
|-end|p1a: Raikou|Encore
|-heal|p2a: Metagross|77/100|[from] item: Leftovers
|upkeep
|turn|6
|inactive|kaboom64 has 270 seconds left.
|
|t:|1730417318
|switch|p1a: Claydol|Claydol|100/100
|move|p2a: Metagross|Earthquake|p1a: Claydol
|-immune|p1a: Claydol
|
|-heal|p2a: Metagross|83/100|[from] item: Leftovers
|upkeep
|turn|7
|
|t:|1730417346
|switch|p2a: Zapdos|Zapdos|100/100
|move|p1a: Claydol|Earthquake|p2a: Zapdos
|-immune|p2a: Zapdos
|
|upkeep
|turn|8
|inactive|kaboom64 has 240 seconds left.
|
|t:|1730417369
|switch|p1a: Raikou|Raikou|100/100
|move|p2a: Zapdos|Toxic|p1a: Raikou|[miss]
|-miss|p2a: Zapdos|p1a: Raikou
|
|upkeep
|turn|9
|
|t:|1730417376
|switch|p2a: Tyranitar|Tyranitar, M|100/100
|-weather|Sandstorm|[from] ability: Sand Stream|[of] p2a: Tyranitar
|move|p1a: Raikou|Substitute|p1a: Raikou
|-start|p1a: Raikou|Substitute
|-damage|p1a: Raikou|76/100
|
|-weather|Sandstorm|[upkeep]
|-damage|p1a: Raikou|69/100|[from] Sandstorm
|-heal|p1a: Raikou|76/100|[from] item: Leftovers
|upkeep
|turn|10
|
|t:|1730417384
|move|p1a: Raikou|Thunderbolt|p2a: Tyranitar
|-damage|p2a: Tyranitar|54/100
|move|p2a: Tyranitar|Earthquake|p1a: Raikou
|-supereffective|p1a: Raikou
|-end|p1a: Raikou|Substitute
|
|-weather|Sandstorm|[upkeep]
|-damage|p1a: Raikou|69/100|[from] Sandstorm
|-heal|p1a: Raikou|76/100|[from] item: Leftovers
|upkeep
|turn|11
|
|t:|1730417404
|switch|p1a: Claydol|Claydol|100/100
|move|p2a: Tyranitar|Earthquake|p1a: Claydol
|-immune|p1a: Claydol
|
|-weather|Sandstorm|[upkeep]
|upkeep
|turn|12
|
|t:|1730417420
|switch|p2a: Zapdos|Zapdos|100/100
|move|p1a: Claydol|Earthquake|p2a: Zapdos
|-immune|p2a: Zapdos
|
|-weather|Sandstorm|[upkeep]
|-damage|p2a: Zapdos|94/100|[from] Sandstorm
|-heal|p2a: Zapdos|100/100|[from] item: Leftovers
|upkeep
|turn|13
|
|t:|1730417431
|move|p2a: Zapdos|Toxic|p1a: Claydol
|-status|p1a: Claydol|tox
|move|p1a: Claydol|Psychic|p2a: Zapdos
|-damage|p2a: Zapdos|75/100
|
|-weather|Sandstorm|[upkeep]
|-damage|p2a: Zapdos|69/100|[from] Sandstorm
|-heal|p2a: Zapdos|75/100|[from] item: Leftovers
|-damage|p1a: Claydol|94/100 tox|[from] psn
|upkeep
|turn|14
|
|t:|1730417438
|move|p2a: Zapdos|Toxic|p1a: Claydol
|-fail|p1a: Claydol|tox
|move|p1a: Claydol|Refresh|p1a: Claydol
|-curestatus|p1a: Claydol|tox|[msg]
|
|-weather|Sandstorm|[upkeep]
|-damage|p2a: Zapdos|69/100|[from] Sandstorm
|-heal|p2a: Zapdos|75/100|[from] item: Leftovers
|-heal|p1a: Claydol|100/100|[from] item: Leftovers
|upkeep
|turn|15
|inactive|kaboom64 has 240 seconds left.
|
|t:|1730417473
|switch|p1a: Jirachi|Jirachi|100/100
|move|p2a: Zapdos|Toxic|p1a: Jirachi
|-immune|p1a: Jirachi
|
|-weather|Sandstorm|[upkeep]
|-damage|p2a: Zapdos|69/100|[from] Sandstorm
|-heal|p2a: Zapdos|75/100|[from] item: Leftovers
|upkeep
|turn|16
|inactive|kaboom64 has 240 seconds left.
|
|t:|1730417488
|move|p2a: Zapdos|Thunderbolt|p1a: Jirachi
|-crit|p1a: Jirachi
|-damage|p1a: Jirachi|13/100
|move|p1a: Jirachi|Toxic|p2a: Zapdos
|-status|p2a: Zapdos|tox
|
|-weather|Sandstorm|[upkeep]
|-damage|p2a: Zapdos|69/100 tox|[from] Sandstorm
|-heal|p2a: Zapdos|75/100 tox|[from] item: Leftovers
|-damage|p2a: Zapdos|69/100 tox|[from] psn
|-heal|p1a: Jirachi|19/100|[from] item: Leftovers
|upkeep
|turn|17
|
|t:|1730417494
|move|p1a: Jirachi|Protect|p1a: Jirachi
|-singleturn|p1a: Jirachi|Protect
|move|p2a: Zapdos|Thunderbolt|p1a: Jirachi
|-activate|p1a: Jirachi|Protect
|
|-weather|Sandstorm|[upkeep]
|-damage|p2a: Zapdos|63/100 tox|[from] Sandstorm
|-heal|p2a: Zapdos|69/100 tox|[from] item: Leftovers
|-damage|p2a: Zapdos|56/100 tox|[from] psn
|-heal|p1a: Jirachi|25/100|[from] item: Leftovers
|upkeep
|turn|18
|
|t:|1730417496
|switch|p1a: Claydol|Claydol|100/100
|move|p2a: Zapdos|Thunderbolt|p1a: Claydol
|-immune|p1a: Claydol
|
|-weather|Sandstorm|[upkeep]
|-damage|p2a: Zapdos|50/100 tox|[from] Sandstorm
|-heal|p2a: Zapdos|56/100 tox|[from] item: Leftovers
|-damage|p2a: Zapdos|38/100 tox|[from] psn
|upkeep
|turn|19
|
|t:|1730417524
|switch|p2a: Swampert|Swampert, F|100/100
|switch|p1a: Jirachi|Jirachi|25/100
|
|-weather|Sandstorm|[upkeep]
|-heal|p1a: Jirachi|32/100|[from] item: Leftovers
|upkeep
|turn|20
|
|t:|1730417539
|switch|p2a: Smeargle|Smeargle, F, shiny|47/100
|move|p1a: Jirachi|Protect||[still]
|-fail|p1a: Jirachi
|
|-weather|Sandstorm|[upkeep]
|-damage|p2a: Smeargle|41/100|[from] Sandstorm
|-heal|p1a: Jirachi|38/100|[from] item: Leftovers
|upkeep
|turn|21
|
|t:|1730417550
|move|p1a: Jirachi|Protect|p1a: Jirachi
|-singleturn|p1a: Jirachi|Protect
|move|p2a: Smeargle|Spore|p1a: Jirachi
|-activate|p1a: Jirachi|Protect
|
|-weather|Sandstorm|[upkeep]
|-damage|p2a: Smeargle|35/100|[from] Sandstorm
|-heal|p1a: Jirachi|44/100|[from] item: Leftovers
|upkeep
|turn|22
|
|t:|1730417579
|switch|p1a: Dugtrio|Dugtrio, M|100/100
|move|p2a: Smeargle|Spore|p1a: Dugtrio
|-status|p1a: Dugtrio|slp|[from] move: Spore
|
|-weather|Sandstorm|[upkeep]
|-damage|p2a: Smeargle|29/100|[from] Sandstorm
|upkeep
|turn|23
|inactive|kaboom64 has 240 seconds left.
|inactive|xGangg has 270 seconds left.
|
|t:|1730417610
|cant|p1a: Dugtrio|slp
|move|p2a: Smeargle|Spikes|p1a: Dugtrio
|-sidestart|p1: kaboom64|Spikes
|
|-weather|Sandstorm|[upkeep]
|-damage|p2a: Smeargle|23/100|[from] Sandstorm
|-enditem|p2a: Smeargle|Salac Berry|[eat]
|-boost|p2a: Smeargle|spe|1|[from] item: Salac Berry
|upkeep
|turn|24
|
|t:|1730417619
|move|p2a: Smeargle|Spikes|p1a: Dugtrio
|-sidestart|p1: kaboom64|Spikes
|cant|p1a: Dugtrio|slp
|
|-weather|Sandstorm|[upkeep]
|-damage|p2a: Smeargle|17/100|[from] Sandstorm
|upkeep
|turn|25
|inactive|kaboom64 has 240 seconds left.
|
|t:|1730417628
|switch|p1a: Claydol|Claydol|100/100
|move|p2a: Smeargle|Destiny Bond|p2a: Smeargle
|-singlemove|p2a: Smeargle|Destiny Bond
|
|-weather|Sandstorm|[upkeep]
|-damage|p2a: Smeargle|11/100|[from] Sandstorm
|upkeep
|turn|26
|inactive|kaboom64 has 240 seconds left.
|
|t:|1730417645
|move|p2a: Smeargle|Destiny Bond|p2a: Smeargle
|-singlemove|p2a: Smeargle|Destiny Bond
|move|p1a: Claydol|Rapid Spin|p2a: Smeargle
|-damage|p2a: Smeargle|0 fnt
|-sideend|p1: kaboom64|Spikes|[from] move: Rapid Spin|[of] p1a: Claydol
|faint|p2a: Smeargle
|-activate|p2a: Smeargle|move: Destiny Bond
|faint|p1a: Claydol
|inactive|kaboom64 has 240 seconds left.
|
|t:|1730417659
|switch|p2a: Tyranitar|Tyranitar, M|54/100
|switch|p1a: Suicune|Suicune|100/100
|
|-weather|Sandstorm|[upkeep]
|-damage|p1a: Suicune|94/100|[from] Sandstorm
|-heal|p1a: Suicune|100/100|[from] item: Leftovers
|upkeep
|turn|27
|inactive|kaboom64 has 240 seconds left.
|
|t:|1730417676
|switch|p2a: Gengar|Gengar, M|100/100
|move|p1a: Suicune|Surf|p2a: Gengar
|-damage|p2a: Gengar|53/100
|
|-weather|Sandstorm|[upkeep]
|-damage|p2a: Gengar|47/100|[from] Sandstorm
|-damage|p1a: Suicune|94/100|[from] Sandstorm
|-heal|p2a: Gengar|53/100|[from] item: Leftovers
|-heal|p1a: Suicune|100/100|[from] item: Leftovers
|upkeep
|turn|28
|inactive|kaboom64 has 240 seconds left.
|inactive|kaboom64 has 210 seconds left.
|inactive|xGangg has 270 seconds left.
|
|t:|1730417743
|switch|p1a: Dugtrio|Dugtrio, M|100/100 slp
|move|p2a: Gengar|Hidden Power|p1a: Dugtrio
|-supereffective|p1a: Dugtrio
|-damage|p1a: Dugtrio|4/100 slp
|
|-weather|Sandstorm|[upkeep]
|-damage|p2a: Gengar|47/100|[from] Sandstorm
|-heal|p2a: Gengar|53/100|[from] item: Leftovers
|upkeep
|turn|29
|
|t:|1730417752
|cant|p1a: Dugtrio|slp
|move|p2a: Gengar|Hidden Power|p1a: Dugtrio
|-supereffective|p1a: Dugtrio
|-damage|p1a: Dugtrio|0 fnt
|faint|p1a: Dugtrio
|
|t:|1730417754
|switch|p1a: Raikou|Raikou|76/100
|
|-weather|Sandstorm|[upkeep]
|-damage|p1a: Raikou|69/100|[from] Sandstorm
|-damage|p2a: Gengar|47/100|[from] Sandstorm
|-heal|p1a: Raikou|76/100|[from] item: Leftovers
|-heal|p2a: Gengar|53/100|[from] item: Leftovers
|upkeep
|turn|30
|inactive|xGangg has 270 seconds left.
|
|t:|1730417776
|move|p1a: Raikou|Substitute|p1a: Raikou
|-start|p1a: Raikou|Substitute
|-damage|p1a: Raikou|51/100
|move|p2a: Gengar|Explosion|p1a: Raikou
|-end|p1a: Raikou|Substitute
|faint|p2a: Gengar
|
|t:|1730417780
|switch|p2a: Tyranitar|Tyranitar, M|54/100
|
|-weather|Sandstorm|[upkeep]
|-damage|p1a: Raikou|45/100|[from] Sandstorm
|-heal|p1a: Raikou|51/100|[from] item: Leftovers
|upkeep
|turn|31
|inactive|kaboom64 has 180 seconds left.
|
|t:|1730417824
|switch|p1a: Suicune|Suicune|100/100
|move|p2a: Tyranitar|Earthquake|p1a: Suicune
|-damage|p1a: Suicune|69/100
|
|-weather|Sandstorm|[upkeep]
|-damage|p1a: Suicune|63/100|[from] Sandstorm
|-heal|p1a: Suicune|69/100|[from] item: Leftovers
|upkeep
|turn|32
|inactive|xGangg has 270 seconds left.
|
|t:|1730417853
|move|p2a: Tyranitar|Endure|p2a: Tyranitar
|-singleturn|p2a: Tyranitar|move: Endure
|move|p1a: Suicune|Surf|p2a: Tyranitar
|-supereffective|p2a: Tyranitar
|-activate|p2a: Tyranitar|move: Endure
|-damage|p2a: Tyranitar|1/100
|
|-weather|Sandstorm|[upkeep]
|-damage|p1a: Suicune|63/100|[from] Sandstorm
|-heal|p1a: Suicune|69/100|[from] item: Leftovers
|-enditem|p2a: Tyranitar|Salac Berry|[eat]
|-boost|p2a: Tyranitar|spe|1|[from] item: Salac Berry
|upkeep
|turn|33
|
|t:|1730417862
|move|p2a: Tyranitar|Rock Slide|p1a: Suicune
|-damage|p1a: Suicune|35/100
|move|p1a: Suicune|Surf|p2a: Tyranitar
|-supereffective|p2a: Tyranitar
|-damage|p2a: Tyranitar|0 fnt
|faint|p2a: Tyranitar
|inactive|xGangg has 270 seconds left.
|inactive|xGangg has 240 seconds left.
|inactive|xGangg has 210 seconds left.
|
|t:|1730417934
|switch|p2a: Metagross|Metagross|83/100
|
|-weather|Sandstorm|[upkeep]
|-damage|p1a: Suicune|29/100|[from] Sandstorm
|-heal|p1a: Suicune|35/100|[from] item: Leftovers
|-heal|p2a: Metagross|89/100|[from] item: Leftovers
|upkeep
|turn|34
|
|t:|1730417950
|switch|p1a: Jirachi|Jirachi|44/100
|move|p2a: Metagross|Agility|p2a: Metagross
|-boost|p2a: Metagross|spe|2
|
|-weather|Sandstorm|[upkeep]
|-heal|p2a: Metagross|95/100|[from] item: Leftovers
|-heal|p1a: Jirachi|50/100|[from] item: Leftovers
|upkeep
|turn|35
|
|t:|1730417953
|move|p1a: Jirachi|Protect|p1a: Jirachi
|-singleturn|p1a: Jirachi|Protect
|move|p2a: Metagross|Earthquake|p1a: Jirachi
|-activate|p1a: Jirachi|Protect
|
|-weather|Sandstorm|[upkeep]
|-heal|p2a: Metagross|100/100|[from] item: Leftovers
|-heal|p1a: Jirachi|56/100|[from] item: Leftovers
|upkeep
|turn|36
|
|t:|1730417957
|move|p2a: Metagross|Earthquake|p1a: Jirachi
|-supereffective|p1a: Jirachi
|-damage|p1a: Jirachi|11/100
|move|p1a: Jirachi|Wish|p1a: Jirachi
|
|-weather|Sandstorm|[upkeep]
|-heal|p1a: Jirachi|17/100|[from] item: Leftovers
|upkeep
|turn|37
|
|t:|1730417961
|move|p1a: Jirachi|Protect|p1a: Jirachi
|-singleturn|p1a: Jirachi|Protect
|move|p2a: Metagross|Earthquake|p1a: Jirachi
|-activate|p1a: Jirachi|Protect
|
|-heal|p1a: Jirachi|67/100|[from] move: Wish|[wisher] Jirachi
|-weather|Sandstorm|[upkeep]
|-heal|p1a: Jirachi|73/100|[from] item: Leftovers
|upkeep
|turn|38
|
|t:|1730417969
|move|p2a: Metagross|Meteor Mash|p1a: Jirachi
|-resisted|p1a: Jirachi
|-damage|p1a: Jirachi|58/100
|move|p1a: Jirachi|Wish|p1a: Jirachi
|
|-weather|Sandstorm|[upkeep]
|-heal|p1a: Jirachi|64/100|[from] item: Leftovers
|upkeep
|turn|39
|
|t:|1730417984
|move|p2a: Metagross|Earthquake|p1a: Jirachi
|-supereffective|p1a: Jirachi
|-damage|p1a: Jirachi|17/100
|move|p1a: Jirachi|Fire Punch|p2a: Metagross
|-supereffective|p2a: Metagross
|-damage|p2a: Metagross|68/100
|
|-heal|p1a: Jirachi|67/100|[from] move: Wish|[wisher] Jirachi
|-weather|Sandstorm|[upkeep]
|-heal|p2a: Metagross|74/100|[from] item: Leftovers
|-heal|p1a: Jirachi|73/100|[from] item: Leftovers
|upkeep
|turn|40
|inactive|kaboom64 has 210 seconds left.
|
|t:|1730417989
|move|p1a: Jirachi|Protect|p1a: Jirachi
|-singleturn|p1a: Jirachi|Protect
|move|p2a: Metagross|Meteor Mash|p1a: Jirachi
|-activate|p1a: Jirachi|Protect
|
|-weather|Sandstorm|[upkeep]
|-heal|p2a: Metagross|80/100|[from] item: Leftovers
|-heal|p1a: Jirachi|79/100|[from] item: Leftovers
|upkeep
|turn|41
|inactive|kaboom64 has 210 seconds left.
|
|t:|1730418010
|move|p2a: Metagross|Earthquake|p1a: Jirachi
|-supereffective|p1a: Jirachi
|-damage|p1a: Jirachi|32/100
|move|p1a: Jirachi|Wish|p1a: Jirachi
|
|-weather|Sandstorm|[upkeep]
|-heal|p2a: Metagross|86/100|[from] item: Leftovers
|-heal|p1a: Jirachi|38/100|[from] item: Leftovers
|upkeep
|turn|42
|inactive|xGangg has 270 seconds left.
|
|t:|1730418039
|move|p2a: Metagross|Meteor Mash|p1a: Jirachi
|-resisted|p1a: Jirachi
|-damage|p1a: Jirachi|20/100
|move|p1a: Jirachi|Fire Punch|p2a: Metagross
|-supereffective|p2a: Metagross
|-damage|p2a: Metagross|48/100
|-status|p2a: Metagross|brn
|
|-heal|p1a: Jirachi|70/100|[from] move: Wish|[wisher] Jirachi
|-weather|Sandstorm|[upkeep]
|-heal|p2a: Metagross|54/100 brn|[from] item: Leftovers
|-damage|p2a: Metagross|41/100 brn|[from] brn
|-heal|p1a: Jirachi|76/100|[from] item: Leftovers
|upkeep
|turn|43
|inactive|xGangg has 270 seconds left.
|c|☆xGangg|weird flex but ok wp :P
|
|t:|1730418059
|move|p1a: Jirachi|Protect|p1a: Jirachi
|-singleturn|p1a: Jirachi|Protect
|move|p2a: Metagross|Meteor Mash|p1a: Jirachi
|-activate|p1a: Jirachi|Protect
|
|-weather|Sandstorm|[upkeep]
|-heal|p2a: Metagross|47/100 brn|[from] item: Leftovers
|-damage|p2a: Metagross|35/100 brn|[from] brn
|-heal|p1a: Jirachi|82/100|[from] item: Leftovers
|upkeep
|turn|44
|c|☆kaboom64|I was fine with you killing me with eq, but yeah sorry variance very much favored me this series 
|
|t:|1730418079
|move|p2a: Metagross|Meteor Mash|p1a: Jirachi
|-resisted|p1a: Jirachi
|-damage|p1a: Jirachi|74/100
|-boost|p2a: Metagross|atk|1
|move|p1a: Jirachi|Wish|p1a: Jirachi
|
|-weather|Sandstorm|[upkeep]
|-heal|p2a: Metagross|41/100 brn|[from] item: Leftovers
|-damage|p2a: Metagross|29/100 brn|[from] brn
|-heal|p1a: Jirachi|80/100|[from] item: Leftovers
|upkeep
|turn|45
|c|☆xGangg|haha no worries it happens
|
|t:|1730418089
|move|p2a: Metagross|Agility|p2a: Metagross
|-boost|p2a: Metagross|spe|2
|move|p1a: Jirachi|Fire Punch|p2a: Metagross
|-supereffective|p2a: Metagross
|-damage|p2a: Metagross|0 fnt
|faint|p2a: Metagross
|inactive|xGangg has 270 seconds left.
|
|t:|1730418102
|switch|p2a: Zapdos|Zapdos|38/100 tox
|
|-heal|p1a: Jirachi|100/100|[from] move: Wish|[wisher] Jirachi
|-weather|Sandstorm|[upkeep]
|-damage|p2a: Zapdos|32/100 tox|[from] Sandstorm
|-heal|p2a: Zapdos|38/100 tox|[from] item: Leftovers
|-damage|p2a: Zapdos|32/100 tox|[from] psn
|upkeep
|turn|46
|
|t:|1730418107
|move|p1a: Jirachi|Protect|p1a: Jirachi
|-singleturn|p1a: Jirachi|Protect
|move|p2a: Zapdos|Thunderbolt|p1a: Jirachi
|-activate|p1a: Jirachi|Protect
|
|-weather|Sandstorm|[upkeep]
|-damage|p2a: Zapdos|25/100 tox|[from] Sandstorm
|-heal|p2a: Zapdos|32/100 tox|[from] item: Leftovers
|-damage|p2a: Zapdos|19/100 tox|[from] psn
|upkeep
|turn|47
|inactive|kaboom64 has 210 seconds left.
|
|t:|1730418116
|move|p1a: Jirachi|Protect|p1a: Jirachi
|-singleturn|p1a: Jirachi|Protect
|move|p2a: Zapdos|Thunderbolt|p1a: Jirachi
|-activate|p1a: Jirachi|Protect
|
|-weather|Sandstorm|[upkeep]
|-damage|p2a: Zapdos|13/100 tox|[from] Sandstorm
|-heal|p2a: Zapdos|19/100 tox|[from] item: Leftovers
|-damage|p2a: Zapdos|0 fnt|[from] psn
|faint|p2a: Zapdos
|upkeep
|
|t:|1730418119
|switch|p2a: Swampert|Swampert, F|100/100
|turn|48
|
|t:|1730418120
|move|p2a: Swampert|Substitute|p2a: Swampert
|-start|p2a: Swampert|Substitute
|-damage|p2a: Swampert|76/100
|move|p1a: Jirachi|Toxic||[still]
|-fail|p1a: Jirachi
|
|-weather|Sandstorm|[upkeep]
|upkeep
|turn|49
|
|t:|1730418134
|move|p2a: Swampert|Ice Beam|p1a: Jirachi
|-resisted|p1a: Jirachi
|-damage|p1a: Jirachi|90/100
|-status|p1a: Jirachi|frz
|cant|p1a: Jirachi|frz
|
|-weather|Sandstorm|[upkeep]
|-heal|p1a: Jirachi|96/100 frz|[from] item: Leftovers
|upkeep
|turn|50
|
|t:|1730418149
|move|p2a: Swampert|Ice Beam|p1a: Jirachi
|-resisted|p1a: Jirachi
|-damage|p1a: Jirachi|86/100 frz
|cant|p1a: Jirachi|frz
|
|-weather|Sandstorm|[upkeep]
|-heal|p1a: Jirachi|93/100 frz|[from] item: Leftovers
|upkeep
|turn|51
|
|t:|1730418155
|move|p2a: Swampert|Hydro Pump|p1a: Jirachi
|-damage|p1a: Jirachi|55/100 frz
|cant|p1a: Jirachi|frz
|
|-weather|Sandstorm|[upkeep]
|-heal|p1a: Jirachi|61/100 frz|[from] item: Leftovers
|upkeep
|turn|52
|inactive|kaboom64 has 240 seconds left.
|
|t:|1730418173
|cant|p1a: Jirachi|frz
|move|p2a: Swampert|Ice Beam|p1a: Jirachi
|-resisted|p1a: Jirachi
|-damage|p1a: Jirachi|50/100 frz
|
|-weather|Sandstorm|[upkeep]
|-heal|p1a: Jirachi|57/100 frz|[from] item: Leftovers
|upkeep
|turn|53
|
|t:|1730418180
|cant|p1a: Jirachi|frz
|move|p2a: Swampert|Hydro Pump|p1a: Jirachi
|-damage|p1a: Jirachi|20/100 frz
|
|-weather|Sandstorm|[upkeep]
|-heal|p1a: Jirachi|26/100 frz|[from] item: Leftovers
|upkeep
|turn|54
|
|t:|1730418189
|cant|p1a: Jirachi|frz
|move|p2a: Swampert|Hydro Pump|p1a: Jirachi
|-damage|p1a: Jirachi|0 fnt
|faint|p1a: Jirachi
|
|t:|1730418195
|switch|p1a: Suicune|Suicune|35/100
|
|-weather|Sandstorm|[upkeep]
|-damage|p1a: Suicune|29/100|[from] Sandstorm
|-heal|p1a: Suicune|35/100|[from] item: Leftovers
|upkeep
|turn|55
|
|t:|1730418212
|move|p1a: Suicune|Surf|p2a: Swampert
|-end|p2a: Swampert|Substitute
|move|p2a: Swampert|Substitute|p2a: Swampert
|-start|p2a: Swampert|Substitute
|-damage|p2a: Swampert|51/100
|
|-weather|Sandstorm|[upkeep]
|-damage|p1a: Suicune|29/100|[from] Sandstorm
|-heal|p1a: Suicune|35/100|[from] item: Leftovers
|upkeep
|turn|56
|inactive|kaboom64 has 270 seconds left.
|
|t:|1730418220
|move|p1a: Suicune|Surf|p2a: Swampert
|-crit|p2a: Swampert
|-end|p2a: Swampert|Substitute
|move|p2a: Swampert|Ice Beam|p1a: Suicune
|-resisted|p1a: Suicune
|-damage|p1a: Suicune|26/100
|
|-weather|Sandstorm|[upkeep]
|-damage|p1a: Suicune|20/100|[from] Sandstorm
|-heal|p1a: Suicune|26/100|[from] item: Leftovers
|upkeep
|turn|57
|inactive|kaboom64 has 270 seconds left.
|
|t:|1730418241
|move|p1a: Suicune|Surf|p2a: Swampert
|-damage|p2a: Swampert|13/100
|move|p2a: Swampert|Substitute|p2a: Swampert
|-fail|p2a: Swampert|move: Substitute|[weak]
|
|-weather|Sandstorm|[upkeep]
|-damage|p1a: Suicune|20/100|[from] Sandstorm
|-heal|p1a: Suicune|26/100|[from] item: Leftovers
|-enditem|p2a: Swampert|Salac Berry|[eat]
|-boost|p2a: Swampert|spe|1|[from] item: Salac Berry
|upkeep
|turn|58
|
|t:|1730418246
|move|p2a: Swampert|Hydro Pump|p1a: Suicune|[miss]
|-miss|p2a: Swampert|p1a: Suicune
|move|p1a: Suicune|Surf|p2a: Swampert
|-damage|p2a: Swampert|0 fnt
|faint|p2a: Swampert
|
|win|kaboom64
|c|☆xGangg|gg, last?
|c|☆kaboom64|entei
|c|☆xGangg|damnnn
|c|☆xGangg|:(
|c|☆kaboom64|raikou outspeeds
|c|☆kaboom64|+1 right
|c|☆xGangg|oh
|c|☆kaboom64|I'm 361
|c|☆xGangg|ah ur right
|c|☆xGangg|was hyped for nothing :D
|c|☆kaboom64|ggs, gl in rest 
|c|☆xGangg|ty u2
|c|☆kaboom64|I hope we get to play again in bracket
|c|☆kaboom64|more fair odds for you 
|c|☆xGangg|haha well see, a lot of matches to go
|player|p2|
|c|☆kaboom64|/log kaboom64 made the replay of this battle unlisted.
|player|p1|
|player|p1|kaboom64|#scl4dynamos2|

</script>
<script type="application/json" class="data" id="replaydata-smogtours-gen3ou-803654">
{"id":"smogtours-gen3ou-803654","format":"[Gen 3] OU","players":["kaboom64","xGangg"],"uploadtime":1730418246,"views":135,"formatid":"gen3ou","rating":null,"private":1,"password":null}
</script>

<script defer src="js/replays.js?9d40a366"></script>
