<!DOCTYPE html>
<meta charset="utf-8" />
<meta name="viewport" content="width=device-width" />

<title>[Gen 3] OU: Organic Oranges vs. niiiccck - Replays - Pok&eacute;mon Showdown!</title>

<meta name="description" content="Watch a replay of a Pok&eacute;mon battle between Organic Oranges and niiiccck! Format: [Gen 3] OU; Date: Oct 2, 2024" />
<!--

Hey, you! Looking in the source for the replay log?

You can find them in JSON format, just add `.json` at the end of a replay URL.

https://replay.pokemonshowdown.com/gen7randomdoublesbattle-865046831.json

Or, if you only need the log itself, add `.log` instead:

https://replay.pokemonshowdown.com/gen7randomdoublesbattle-865046831.log

-->

<link rel="stylesheet" href="//pokemonshowdown.com/style/global.css?0.023195364461161105" />
<link rel="stylesheet" href="//play.pokemonshowdown.com/style/font-awesome.css?0.13261647063804238" />
<link rel="stylesheet" href="//play.pokemonshowdown.com/style/battle.css?0.8753245789963631" />
<link rel="stylesheet" href="//play.pokemonshowdown.com/style/utilichart.css?0.8627959624976733" />

<!-- Global site tag (gtag.js) - Google Analytics -->
<script async src="https://www.googletagmanager.com/gtag/js?id=UA-26211653-1"></script>
<script>
  window.dataLayer = window.dataLayer || [];
  function gtag(){dataLayer.push(arguments);}
  gtag('js', new Date());

  gtag('config', 'UA-26211653-1');
</script>
<!-- End Google Analytics -->
<!-- Venatus Ad Manager - Install in <HEAD> of page -->
	<script src="https://hb.vntsm.com/v3/live/ad-manager.min.js" type="text/javascript" data-site-id="642aba63ec9a7b11c3c9c1be" data-mode="scan" async></script>
<!-- / Venatus Ad Manager -->

<style>
	@media (max-width:820px) {
		.battle {
			margin: 0 auto;
		}
		.battle-log {
			margin: 7px auto 0;
			max-width: 640px;
			height: 300px;
			position: static;
		}
	}
	.optgroup {
		display: inline-block;
		line-height: 22px;
		font-size: 10pt;
	}
	.optgroup .button {
		height: 25px;
		padding-top: 0;
		padding-bottom: 0;
	}
	.optgroup button.button {
		padding-left: 12px;
		padding-right: 12px;
	}
	.linklist {
		list-style: none;
		margin: 0.5em 0;
		padding: 0;
	}
	.linklist li {
		padding: 2px 0;
	}
	.sidebar {
		float: left;
		width: 320px;
	}
	.bar-wrapper {
		max-width: 1100px;
		margin: 0 auto;
	}
	.bar-wrapper.has-sidebar {
		max-width: 1430px;
	}
	.mainbar {
		margin: 0;
		padding-right: 1px;
	}
	.mainbar.has-sidebar {
		margin-left: 330px;
	}
	@media (min-width: 1511px) {
		.sidebar {
			width: 400px;
		}
		.bar-wrapper.has-sidebar {
			max-width: 1510px;
		}
		.mainbar.has-sidebar {
			margin-left: 410px;
		}
	}
	.section.first-section {
		margin-top: 9px;
	}
	.blocklink small {
		white-space: normal;
	}
	.button {
		vertical-align: middle;
	}
	.replay-controls {
		padding-top: 10px;
	}
	.replay-controls h1 {
		font-size: 16pt;
		font-weight: normal;
		color: #CCC;
	}
	.pagelink {
		text-align: center;
	}
	.pagelink a {
		width: 150px;
	}
	.textbox, .button {
		font-size: 11pt;
		vertical-align: middle;
	}
	@media (max-width: 450px) {
		.button {
			font-size: 9pt;
		}
	}
</style>

<div>

	<header>
		<div class="nav-wrapper"><ul class="nav">
			<li><a class="button nav-first" href="//pokemonshowdown.com/"><img src="//pokemonshowdown.com/images/pokemonshowdownbeta.png" srcset="//pokemonshowdown.com/images/pokemonshowdownbeta.png 1x, //pokemonshowdown.com/images/pokemonshowdownbeta@2x.png 2x" alt="Pok&eacute;mon Showdown" width="146" height="44" /> Home</a></li>
			<li><a class="button" href="//pokemonshowdown.com/dex/">Pok&eacute;dex</a></li>
			<li><a class="button cur" href="/">Replays</a></li>
			<li><a class="button" href="//pokemonshowdown.com/ladder/">Ladder</a></li>
			<li><a class="button nav-last" href="//pokemonshowdown.com/forums/">Forum</a></li>
			<li><a class="button greenbutton nav-first nav-last" href="//play.pokemonshowdown.com/">Play</a></li>
		</ul></div>
	</header>

	<div class="main" id="main">

		<noscript><section class="section">You need to enable JavaScript to use this page; sorry!</section></noscript>

	</div>

</div>

<script defer nomodule src="//play.pokemonshowdown.com/js/lib/ps-polyfill.js"></script>
<script defer src="//play.pokemonshowdown.com/js/lib/preact.min.js"></script>

<script defer src="//play.pokemonshowdown.com/config/config.js?2bddbc15"></script>
<script defer src="//play.pokemonshowdown.com/js/lib/jquery-1.11.0.min.js"></script>
<script defer src="//play.pokemonshowdown.com/js/lib/html-sanitizer-minified.js"></script>
<script defer src="//play.pokemonshowdown.com/js/battle-sound.js"></script>
<script defer src="//play.pokemonshowdown.com/js/battledata.js?0.7209276989879541"></script>
<script defer src="//play.pokemonshowdown.com/data/pokedex-mini.js?0.6111056340867951"></script>
<script defer src="//play.pokemonshowdown.com/data/pokedex-mini-bw.js?0.3532142036491459"></script>
<script defer src="//play.pokemonshowdown.com/data/graphics.js?0.24223875632456182"></script>
<script defer src="//play.pokemonshowdown.com/data/pokedex.js?0.38839984266356864"></script>
<script defer src="//play.pokemonshowdown.com/data/moves.js?0.21866028504024015"></script>
<script defer src="//play.pokemonshowdown.com/data/abilities.js?0.2005157953846628"></script>
<script defer src="//play.pokemonshowdown.com/data/items.js?0.9894211263848525"></script>
<script defer src="//play.pokemonshowdown.com/data/teambuilder-tables.js?0.6008791140282215"></script>
<script defer src="//play.pokemonshowdown.com/js/battle-tooltips.js?0.7580118955022959"></script>
<script defer src="//play.pokemonshowdown.com/js/battle.js?0.6057722274234274"></script>

<script defer src="js/utils.js?e31f9a17"></script>
<script defer src="js/replays-battle.js?7008c182"></script>

<!-- don't scrape this data! just add .json or .log after the URL!
Full API docs: https://github.com/smogon/pokemon-showdown-client/blob/master/WEB-API.md -->
<script type="text/plain" class="log" id="replaylog-smogtours-gen3ou-794008">
|inactive|Battle timer is ON: inactive players will automatically lose when time's up.
|t:|1727896176
|gametype|singles
|player|p1|Organic Oranges|psychic-gen4|
|player|p2|niiiccck|1|
|teamsize|p1|6
|teamsize|p2|6
|gen|3
|tier|[Gen 3] OU
|rule|Sleep Clause Mod: Limit one foe put to sleep
|rule|Switch Priority Clause Mod: Faster Pokémon switch first
|rule|Species Clause: Limit one of each Pokémon
|rule|OHKO Clause: OHKO moves are banned
|rule|Evasion Items Clause: Evasion items are banned
|rule|Evasion Moves Clause: Evasion moves are banned
|rule|Endless Battle Clause: Forcing endless battles is banned
|rule|HP Percentage Mod: HP is shown in percentages
|rule|One Boost Passer Clause: Limit one Baton Passer that has a way to boost its stats
|rule|Freeze Clause Mod: Limit one foe frozen
|
|t:|1727896176
|start
|switch|p1a: Salamence|Salamence, F, shiny|100/100
|switch|p2a: 3 Stacks|Forretress, F, shiny|100/100
|-ability|p1a: Salamence|Intimidate|boost
|-unboost|p2a: 3 Stacks|atk|1
|turn|1
|
|t:|1727896196
|switch|p2a: 2 Porygon|Porygon2, shiny|100/100
|-ability|p2a: 2 Porygon|Intimidate|[from] ability: Trace|[of] p1a: Salamence
|move|p1a: Salamence|Dragon Dance|p1a: Salamence
|-boost|p1a: Salamence|atk|1
|-boost|p1a: Salamence|spe|1
|
|upkeep
|turn|2
|
|t:|1727896206
|move|p1a: Salamence|Rock Slide|p2a: 2 Porygon
|-damage|p2a: 2 Porygon|63/100
|move|p2a: 2 Porygon|Ice Beam|p1a: Salamence
|-supereffective|p1a: Salamence
|-damage|p1a: Salamence|0 fnt
|faint|p1a: Salamence
|
|t:|1727896222
|switch|p1a: Bliss in 1984|Blissey, F, shiny|100/100
|
|-heal|p2a: 2 Porygon|69/100|[from] item: Leftovers
|upkeep
|turn|3
|
|t:|1727896231
|switch|p2a: Woof|Heracross, F, shiny|100/100
|move|p1a: Bliss in 1984|Thunder Wave|p2a: Woof
|-status|p2a: Woof|par
|
|upkeep
|turn|4
|
|t:|1727896242
|switch|p1a: Skarmory|Skarmory, M, shiny|100/100
|move|p2a: Woof|Brick Break|p1a: Skarmory
|-damage|p1a: Skarmory|54/100
|
|-heal|p1a: Skarmory|60/100|[from] item: Leftovers
|upkeep
|turn|5
|
|t:|1727896252
|move|p1a: Skarmory|Spikes|p2a: Woof
|-sidestart|p2: niiiccck|Spikes
|move|p2a: Woof|Brick Break|p1a: Skarmory
|-damage|p1a: Skarmory|18/100
|
|-heal|p1a: Skarmory|24/100|[from] item: Leftovers
|upkeep
|turn|6
|
|t:|1727896265
|move|p1a: Skarmory|Spikes|p2a: Woof
|-sidestart|p2: niiiccck|Spikes
|move|p2a: Woof|Brick Break|p1a: Skarmory
|-damage|p1a: Skarmory|0 fnt
|faint|p1a: Skarmory
|
|t:|1727896285
|switch|p1a: Zapdos|Zapdos, shiny|100/100
|
|upkeep
|turn|7
|
|t:|1727896311
|switch|p2a: Doug|Dugtrio, F|100/100
|-damage|p2a: Doug|84/100|[from] Spikes
|move|p1a: Zapdos|Substitute|p1a: Zapdos
|-start|p1a: Zapdos|Substitute
|-damage|p1a: Zapdos|76/100
|
|-heal|p1a: Zapdos|82/100|[from] item: Leftovers
|upkeep
|turn|8
|
|t:|1727896322
|move|p2a: Doug|Rock Slide|p1a: Zapdos
|-supereffective|p1a: Zapdos
|-end|p1a: Zapdos|Substitute
|move|p1a: Zapdos|Hidden Power|p2a: Doug
|-supereffective|p2a: Doug
|-damage|p2a: Doug|0 fnt
|faint|p2a: Doug
|inactive|niiiccck has 270 seconds left.
|
|t:|1727896339
|switch|p2a: 2 Porygon|Porygon2, shiny|69/100
|-damage|p2a: 2 Porygon|53/100|[from] Spikes
|-ability|p2a: 2 Porygon|Pressure|[from] ability: Trace|[of] p1a: Zapdos
|
|-heal|p1a: Zapdos|88/100|[from] item: Leftovers
|-heal|p2a: 2 Porygon|59/100|[from] item: Leftovers
|upkeep
|turn|9
|inactive|niiiccck has 270 seconds left.
|
|t:|1727896354
|switch|p1a: Bliss in 1984|Blissey, F, shiny|100/100
|move|p2a: 2 Porygon|Recover|p2a: 2 Porygon
|-heal|p2a: 2 Porygon|100/100
|
|upkeep
|turn|10
|inactive|niiiccck has 270 seconds left.
|
|t:|1727896367
|switch|p2a: 3 Stacks|Forretress, F, shiny|100/100
|-damage|p2a: 3 Stacks|84/100|[from] Spikes
|move|p1a: Bliss in 1984|Ice Beam|p2a: 3 Stacks
|-resisted|p2a: 3 Stacks
|-damage|p2a: 3 Stacks|69/100
|
|-heal|p2a: 3 Stacks|75/100|[from] item: Leftovers
|upkeep
|turn|11
|inactive|niiiccck has 270 seconds left.
|
|t:|1727896378
|switch|p1a: Zapdos|Zapdos, shiny|88/100
|move|p2a: 3 Stacks|Rapid Spin|p1a: Zapdos
|-damage|p1a: Zapdos|81/100
|-sideend|p2: niiiccck|Spikes|[from] move: Rapid Spin|[of] p2a: 3 Stacks
|
|-heal|p1a: Zapdos|87/100|[from] item: Leftovers
|-heal|p2a: 3 Stacks|81/100|[from] item: Leftovers
|upkeep
|turn|12
|inactive|niiiccck has 270 seconds left.
|
|t:|1727896394
|move|p1a: Zapdos|Substitute|p1a: Zapdos
|-start|p1a: Zapdos|Substitute
|-damage|p1a: Zapdos|62/100
|move|p2a: 3 Stacks|Spikes|p1a: Zapdos
|-sidestart|p1: Organic Oranges|Spikes
|
|-heal|p1a: Zapdos|68/100|[from] item: Leftovers
|-heal|p2a: 3 Stacks|87/100|[from] item: Leftovers
|upkeep
|turn|13
|inactive|niiiccck has 270 seconds left.
|
|t:|1727896404
|move|p1a: Zapdos|Thunderbolt|p2a: 3 Stacks
|-damage|p2a: 3 Stacks|29/100
|move|p2a: 3 Stacks|Spikes|p1a: Zapdos
|-sidestart|p1: Organic Oranges|Spikes
|
|-heal|p1a: Zapdos|75/100|[from] item: Leftovers
|-heal|p2a: 3 Stacks|35/100|[from] item: Leftovers
|upkeep
|turn|14
|inactive|niiiccck has 270 seconds left.
|
|t:|1727896430
|move|p1a: Zapdos|Thunderbolt|p2a: 3 Stacks
|-damage|p2a: 3 Stacks|0 fnt
|faint|p2a: 3 Stacks
|
|t:|1727896436
|switch|p2a: 2 Porygon|Porygon2, shiny|100/100
|-ability|p2a: 2 Porygon|Pressure|[from] ability: Trace|[of] p1a: Zapdos
|
|-heal|p1a: Zapdos|81/100|[from] item: Leftovers
|upkeep
|turn|15
|
|t:|1727896446
|move|p1a: Zapdos|Thunder Wave|p2a: 2 Porygon
|-status|p2a: 2 Porygon|par
|move|p2a: 2 Porygon|Ice Beam|p1a: Zapdos
|-supereffective|p1a: Zapdos
|-end|p1a: Zapdos|Substitute
|
|-heal|p1a: Zapdos|87/100|[from] item: Leftovers
|upkeep
|turn|16
|
|t:|1727896456
|move|p1a: Zapdos|Substitute|p1a: Zapdos
|-start|p1a: Zapdos|Substitute
|-damage|p1a: Zapdos|62/100
|move|p2a: 2 Porygon|Ice Beam|p1a: Zapdos
|-supereffective|p1a: Zapdos
|-end|p1a: Zapdos|Substitute
|
|-heal|p1a: Zapdos|68/100|[from] item: Leftovers
|upkeep
|turn|17
|
|t:|1727896466
|move|p1a: Zapdos|Substitute|p1a: Zapdos
|-start|p1a: Zapdos|Substitute
|-damage|p1a: Zapdos|43/100
|move|p2a: 2 Porygon|Ice Beam|p1a: Zapdos
|-supereffective|p1a: Zapdos
|-crit|p1a: Zapdos
|-end|p1a: Zapdos|Substitute
|
|-heal|p1a: Zapdos|50/100|[from] item: Leftovers
|upkeep
|turn|18
|
|t:|1727896475
|move|p1a: Zapdos|Substitute|p1a: Zapdos
|-start|p1a: Zapdos|Substitute
|-damage|p1a: Zapdos|25/100
|move|p2a: 2 Porygon|Ice Beam|p1a: Zapdos
|-supereffective|p1a: Zapdos
|-end|p1a: Zapdos|Substitute
|
|-heal|p1a: Zapdos|31/100|[from] item: Leftovers
|upkeep
|turn|19
|inactive|niiiccck has 270 seconds left.
|
|t:|1727896483
|move|p1a: Zapdos|Substitute|p1a: Zapdos
|-start|p1a: Zapdos|Substitute
|-damage|p1a: Zapdos|6/100
|move|p2a: 2 Porygon|Ice Beam|p1a: Zapdos
|-supereffective|p1a: Zapdos
|-end|p1a: Zapdos|Substitute
|
|-heal|p1a: Zapdos|12/100|[from] item: Leftovers
|upkeep
|turn|20
|inactive|niiiccck has 270 seconds left.
|
|t:|1727896496
|move|p1a: Zapdos|Thunderbolt|p2a: 2 Porygon
|-damage|p2a: 2 Porygon|52/100 par
|move|p2a: 2 Porygon|Ice Beam|p1a: Zapdos
|-supereffective|p1a: Zapdos
|-crit|p1a: Zapdos
|-damage|p1a: Zapdos|0 fnt
|faint|p1a: Zapdos
|
|t:|1727896509
|switch|p1a: Tyranitar|Tyranitar, F, shiny|100/100
|-damage|p1a: Tyranitar|84/100|[from] Spikes
|-weather|Sandstorm|[from] ability: Sand Stream|[of] p1a: Tyranitar
|
|-weather|Sandstorm|[upkeep]
|-damage|p2a: 2 Porygon|46/100 par|[from] Sandstorm
|-heal|p2a: 2 Porygon|52/100 par|[from] item: Leftovers
|upkeep
|turn|21
|inactive|niiiccck has 270 seconds left.
|
|t:|1727896525
|switch|p2a: Woof|Heracross, F, shiny|100/100 par
|move|p1a: Tyranitar|Dragon Dance|p1a: Tyranitar
|-boost|p1a: Tyranitar|atk|1
|-boost|p1a: Tyranitar|spe|1
|
|-weather|Sandstorm|[upkeep]
|-damage|p2a: Woof|95/100 par|[from] Sandstorm
|-heal|p2a: Woof|100/100 par|[from] item: Leftovers
|upkeep
|turn|22
|
|t:|1727896534
|move|p1a: Tyranitar|Rock Slide|p2a: Woof
|-damage|p2a: Woof|14/100 par
|move|p2a: Woof|Brick Break|p1a: Tyranitar
|-supereffective|p1a: Tyranitar
|-damage|p1a: Tyranitar|0 fnt
|faint|p1a: Tyranitar
|
|t:|1727896544
|switch|p1a: Registeel|Registeel, shiny|100/100
|-damage|p1a: Registeel|84/100|[from] Spikes
|
|-weather|Sandstorm|[upkeep]
|-damage|p2a: Woof|8/100 par|[from] Sandstorm
|-heal|p1a: Registeel|90/100|[from] item: Leftovers
|-heal|p2a: Woof|14/100 par|[from] item: Leftovers
|upkeep
|turn|23
|
|t:|1727896563
|move|p1a: Registeel|Seismic Toss|p2a: Woof
|-damage|p2a: Woof|0 fnt
|faint|p2a: Woof
|
|t:|1727896571
|switch|p2a: Freakyzard|Charizard, F|100/100
|
|-weather|Sandstorm|[upkeep]
|-damage|p2a: Freakyzard|94/100|[from] Sandstorm
|-heal|p2a: Freakyzard|100/100|[from] item: Leftovers
|-heal|p1a: Registeel|96/100|[from] item: Leftovers
|upkeep
|turn|24
|inactive|niiiccck has 270 seconds left.
|
|t:|1727896590
|move|p2a: Freakyzard|Earthquake|p1a: Registeel
|-supereffective|p1a: Registeel
|-damage|p1a: Registeel|61/100
|move|p1a: Registeel|Explosion|p2a: Freakyzard
|-damage|p2a: Freakyzard|0 fnt
|faint|p1a: Registeel
|faint|p2a: Freakyzard
|inactive|niiiccck has 270 seconds left.
|
|t:|1727896603
|switch|p2a: Trap Card|Kabutops, F, shiny|100/100
|switch|p1a: Bliss in 1984|Blissey, F, shiny|100/100
|-damage|p1a: Bliss in 1984|84/100|[from] Spikes
|
|-weather|Sandstorm|[upkeep]
|-damage|p1a: Bliss in 1984|78/100|[from] Sandstorm
|-heal|p1a: Bliss in 1984|84/100|[from] item: Leftovers
|upkeep
|turn|25
|
|t:|1727896613
|move|p2a: Trap Card|Swords Dance|p2a: Trap Card
|-boost|p2a: Trap Card|atk|2
|move|p1a: Bliss in 1984|Thunder Wave|p2a: Trap Card
|-status|p2a: Trap Card|par
|
|-weather|Sandstorm|[upkeep]
|-damage|p1a: Bliss in 1984|78/100|[from] Sandstorm
|-heal|p1a: Bliss in 1984|84/100|[from] item: Leftovers
|upkeep
|turn|26
|inactive|niiiccck has 270 seconds left.
|
|t:|1727896648
|move|p1a: Bliss in 1984|Seismic Toss|p2a: Trap Card
|-damage|p2a: Trap Card|63/100 par
|cant|p2a: Trap Card|par
|
|-weather|Sandstorm|[upkeep]
|-damage|p1a: Bliss in 1984|78/100|[from] Sandstorm
|-heal|p1a: Bliss in 1984|84/100|[from] item: Leftovers
|upkeep
|turn|27
|
|t:|1727896667
|move|p1a: Bliss in 1984|Seismic Toss|p2a: Trap Card
|-damage|p2a: Trap Card|25/100 par
|move|p2a: Trap Card|Rock Slide|p1a: Bliss in 1984
|-damage|p1a: Bliss in 1984|9/100
|
|-weather|Sandstorm|[upkeep]
|-damage|p1a: Bliss in 1984|3/100|[from] Sandstorm
|-heal|p1a: Bliss in 1984|9/100|[from] item: Leftovers
|-enditem|p2a: Trap Card|Salac Berry|[eat]
|-boost|p2a: Trap Card|spe|1|[from] item: Salac Berry
|upkeep
|turn|28
|
|t:|1727896680
|move|p1a: Bliss in 1984|Soft-Boiled|p1a: Bliss in 1984
|-heal|p1a: Bliss in 1984|59/100
|move|p2a: Trap Card|Rock Slide|p1a: Bliss in 1984|[miss]
|-miss|p2a: Trap Card|p1a: Bliss in 1984
|
|-weather|Sandstorm|[upkeep]
|-damage|p1a: Bliss in 1984|53/100|[from] Sandstorm
|-heal|p1a: Bliss in 1984|59/100|[from] item: Leftovers
|upkeep
|turn|29
|inactive|niiiccck has 240 seconds left.
|
|t:|1727896698
|move|p1a: Bliss in 1984|Seismic Toss|p2a: Trap Card
|-damage|p2a: Trap Card|0 fnt
|faint|p2a: Trap Card
|
|t:|1727896703
|switch|p2a: 2 Porygon|Porygon2, shiny|52/100 par
|-ability|p2a: 2 Porygon|Natural Cure|[from] ability: Trace|[of] p1a: Bliss in 1984
|
|-weather|Sandstorm|[upkeep]
|-damage|p1a: Bliss in 1984|53/100|[from] Sandstorm
|-damage|p2a: 2 Porygon|46/100 par|[from] Sandstorm
|-heal|p1a: Bliss in 1984|59/100|[from] item: Leftovers
|-heal|p2a: 2 Porygon|52/100 par|[from] item: Leftovers
|upkeep
|turn|30
|
|t:|1727896717
|move|p1a: Bliss in 1984|Soft-Boiled|p1a: Bliss in 1984
|-heal|p1a: Bliss in 1984|100/100
|cant|p2a: 2 Porygon|par
|
|-weather|Sandstorm|[upkeep]
|-damage|p1a: Bliss in 1984|94/100|[from] Sandstorm
|-damage|p2a: 2 Porygon|46/100 par|[from] Sandstorm
|-heal|p1a: Bliss in 1984|100/100|[from] item: Leftovers
|-heal|p2a: 2 Porygon|52/100 par|[from] item: Leftovers
|upkeep
|turn|31
|
|t:|1727896726
|move|p1a: Bliss in 1984|Seismic Toss|p2a: 2 Porygon
|-damage|p2a: 2 Porygon|25/100 par
|cant|p2a: 2 Porygon|par
|
|-weather|Sandstorm|[upkeep]
|-damage|p1a: Bliss in 1984|94/100|[from] Sandstorm
|-damage|p2a: 2 Porygon|19/100 par|[from] Sandstorm
|-heal|p1a: Bliss in 1984|100/100|[from] item: Leftovers
|-heal|p2a: 2 Porygon|25/100 par|[from] item: Leftovers
|upkeep
|turn|32
|
|t:|1727896735
|move|p1a: Bliss in 1984|Seismic Toss|p2a: 2 Porygon
|-damage|p2a: 2 Porygon|0 fnt
|faint|p2a: 2 Porygon
|
|win|Organic Oranges
|player|p2|
|c|☆Organic Oranges|gg

</script>
<script type="application/json" class="data" id="replaydata-smogtours-gen3ou-794008">
{"id":"smogtours-gen3ou-794008","format":"[Gen 3] OU","players":["Organic Oranges","niiiccck"],"uploadtime":1727896735,"views":213,"formatid":"gen3ou","rating":null,"private":0,"password":null}
</script>

<script defer src="js/replays.js?9d40a366"></script>
