<!DOCTYPE html>
<meta charset="utf-8" />
<meta name="viewport" content="width=device-width" />

<title>[Gen 3] OU: Zcarlett vs. Faantome - Replays - Pok&eacute;mon Showdown!</title>

<meta name="description" content="Watch a replay of a Pok&eacute;mon battle between Zcarlett and Faantome! Format: [Gen 3] OU; Date: Nov 3, 2024" />
<!--

Hey, you! Looking in the source for the replay log?

You can find them in JSON format, just add `.json` at the end of a replay URL.

https://replay.pokemonshowdown.com/gen7randomdoublesbattle-865046831.json

Or, if you only need the log itself, add `.log` instead:

https://replay.pokemonshowdown.com/gen7randomdoublesbattle-865046831.log

-->

<link rel="stylesheet" href="//pokemonshowdown.com/style/global.css?0.023195364461161105" />
<link rel="stylesheet" href="//play.pokemonshowdown.com/style/font-awesome.css?0.13261647063804238" />
<link rel="stylesheet" href="//play.pokemonshowdown.com/style/battle.css?0.8753245789963631" />
<link rel="stylesheet" href="//play.pokemonshowdown.com/style/utilichart.css?0.8627959624976733" />

<!-- Global site tag (gtag.js) - Google Analytics -->
<script async src="https://www.googletagmanager.com/gtag/js?id=UA-26211653-1"></script>
<script>
  window.dataLayer = window.dataLayer || [];
  function gtag(){dataLayer.push(arguments);}
  gtag('js', new Date());

  gtag('config', 'UA-26211653-1');
</script>
<!-- End Google Analytics -->
<!-- Venatus Ad Manager - Install in <HEAD> of page -->
	<script src="https://hb.vntsm.com/v3/live/ad-manager.min.js" type="text/javascript" data-site-id="642aba63ec9a7b11c3c9c1be" data-mode="scan" async></script>
<!-- / Venatus Ad Manager -->

<style>
	@media (max-width:820px) {
		.battle {
			margin: 0 auto;
		}
		.battle-log {
			margin: 7px auto 0;
			max-width: 640px;
			height: 300px;
			position: static;
		}
	}
	.optgroup {
		display: inline-block;
		line-height: 22px;
		font-size: 10pt;
	}
	.optgroup .button {
		height: 25px;
		padding-top: 0;
		padding-bottom: 0;
	}
	.optgroup button.button {
		padding-left: 12px;
		padding-right: 12px;
	}
	.linklist {
		list-style: none;
		margin: 0.5em 0;
		padding: 0;
	}
	.linklist li {
		padding: 2px 0;
	}
	.sidebar {
		float: left;
		width: 320px;
	}
	.bar-wrapper {
		max-width: 1100px;
		margin: 0 auto;
	}
	.bar-wrapper.has-sidebar {
		max-width: 1430px;
	}
	.mainbar {
		margin: 0;
		padding-right: 1px;
	}
	.mainbar.has-sidebar {
		margin-left: 330px;
	}
	@media (min-width: 1511px) {
		.sidebar {
			width: 400px;
		}
		.bar-wrapper.has-sidebar {
			max-width: 1510px;
		}
		.mainbar.has-sidebar {
			margin-left: 410px;
		}
	}
	.section.first-section {
		margin-top: 9px;
	}
	.blocklink small {
		white-space: normal;
	}
	.button {
		vertical-align: middle;
	}
	.replay-controls {
		padding-top: 10px;
	}
	.replay-controls h1 {
		font-size: 16pt;
		font-weight: normal;
		color: #CCC;
	}
	.pagelink {
		text-align: center;
	}
	.pagelink a {
		width: 150px;
	}
	.textbox, .button {
		font-size: 11pt;
		vertical-align: middle;
	}
	@media (max-width: 450px) {
		.button {
			font-size: 9pt;
		}
	}
</style>

<div>

	<header>
		<div class="nav-wrapper"><ul class="nav">
			<li><a class="button nav-first" href="//pokemonshowdown.com/"><img src="//pokemonshowdown.com/images/pokemonshowdownbeta.png" srcset="//pokemonshowdown.com/images/pokemonshowdownbeta.png 1x, //pokemonshowdown.com/images/pokemonshowdownbeta@2x.png 2x" alt="Pok&eacute;mon Showdown" width="146" height="44" /> Home</a></li>
			<li><a class="button" href="//pokemonshowdown.com/dex/">Pok&eacute;dex</a></li>
			<li><a class="button cur" href="/">Replays</a></li>
			<li><a class="button" href="//pokemonshowdown.com/ladder/">Ladder</a></li>
			<li><a class="button nav-last" href="//pokemonshowdown.com/forums/">Forum</a></li>
			<li><a class="button greenbutton nav-first nav-last" href="//play.pokemonshowdown.com/">Play</a></li>
		</ul></div>
	</header>

	<div class="main" id="main">

		<noscript><section class="section">You need to enable JavaScript to use this page; sorry!</section></noscript>

	</div>

</div>

<script defer nomodule src="//play.pokemonshowdown.com/js/lib/ps-polyfill.js"></script>
<script defer src="//play.pokemonshowdown.com/js/lib/preact.min.js"></script>

<script defer src="//play.pokemonshowdown.com/config/config.js?2bddbc15"></script>
<script defer src="//play.pokemonshowdown.com/js/lib/jquery-1.11.0.min.js"></script>
<script defer src="//play.pokemonshowdown.com/js/lib/html-sanitizer-minified.js"></script>
<script defer src="//play.pokemonshowdown.com/js/battle-sound.js"></script>
<script defer src="//play.pokemonshowdown.com/js/battledata.js?0.7209276989879541"></script>
<script defer src="//play.pokemonshowdown.com/data/pokedex-mini.js?0.6111056340867951"></script>
<script defer src="//play.pokemonshowdown.com/data/pokedex-mini-bw.js?0.3532142036491459"></script>
<script defer src="//play.pokemonshowdown.com/data/graphics.js?0.24223875632456182"></script>
<script defer src="//play.pokemonshowdown.com/data/pokedex.js?0.38839984266356864"></script>
<script defer src="//play.pokemonshowdown.com/data/moves.js?0.21866028504024015"></script>
<script defer src="//play.pokemonshowdown.com/data/abilities.js?0.2005157953846628"></script>
<script defer src="//play.pokemonshowdown.com/data/items.js?0.9894211263848525"></script>
<script defer src="//play.pokemonshowdown.com/data/teambuilder-tables.js?0.6008791140282215"></script>
<script defer src="//play.pokemonshowdown.com/js/battle-tooltips.js?0.7580118955022959"></script>
<script defer src="//play.pokemonshowdown.com/js/battle.js?0.6057722274234274"></script>

<script defer src="js/utils.js?e31f9a17"></script>
<script defer src="js/replays-battle.js?7008c182"></script>

<!-- don't scrape this data! just add .json or .log after the URL!
Full API docs: https://github.com/smogon/pokemon-showdown-client/blob/master/WEB-API.md -->
<script type="text/plain" class="log" id="replaylog-smogtours-gen3ou-804645">
|inactive|Battle timer is ON: inactive players will automatically lose when time's up.
|t:|1730672529
|gametype|singles
|player|p1|Zcarlett|miku-flying|
|player|p2|Faantome|cynthia-gen7|
|teamsize|p1|6
|teamsize|p2|6
|gen|3
|tier|[Gen 3] OU
|rule|Sleep Clause Mod: Limit one foe put to sleep
|rule|Switch Priority Clause Mod: Faster Pokémon switch first
|rule|Species Clause: Limit one of each Pokémon
|rule|OHKO Clause: OHKO moves are banned
|rule|Evasion Items Clause: Evasion items are banned
|rule|Evasion Moves Clause: Evasion moves are banned
|rule|Endless Battle Clause: Forcing endless battles is banned
|rule|HP Percentage Mod: HP is shown in percentages
|rule|One Boost Passer Clause: Limit one Baton Passer that has a way to boost its stats
|rule|Freeze Clause Mod: Limit one foe frozen
|
|t:|1730672529
|start
|switch|p1a: Salamence|Salamence, F|100/100
|switch|p2a: OMG me|Hariyama, M|100/100
|-ability|p1a: Salamence|Intimidate|boost
|-unboost|p2a: OMG me|atk|1
|turn|1
|
|t:|1730672543
|switch|p1a: Metagross|Metagross|100/100
|move|p2a: OMG me|Knock Off|p1a: Metagross
|-damage|p1a: Metagross|98/100
|-enditem|p1a: Metagross|Leftovers|[from] move: Knock Off|[of] p2a: OMG me
|-hint|In Gens 3-4, Knock Off only makes the target's item unusable; it cannot obtain a new item.
|
|upkeep
|turn|2
|
|t:|1730672562
|move|p1a: Metagross|Meteor Mash|p2a: OMG me
|-damage|p2a: OMG me|49/100
|-boost|p1a: Metagross|atk|1
|move|p2a: OMG me|Cross Chop|p1a: Metagross
|-damage|p1a: Metagross|72/100
|
|-heal|p2a: OMG me|56/100|[from] item: Leftovers
|upkeep
|turn|3
|
|t:|1730672568
|switch|p2a: Kaizo Reject|Swampert, F|100/100
|move|p1a: Metagross|Meteor Mash|p2a: Kaizo Reject
|-resisted|p2a: Kaizo Reject
|-damage|p2a: Kaizo Reject|71/100
|-boost|p1a: Metagross|atk|1
|
|-heal|p2a: Kaizo Reject|77/100|[from] item: Leftovers
|upkeep
|turn|4
|
|t:|1730672574
|switch|p1a: Celebi|Celebi|100/100
|move|p2a: Kaizo Reject|Earthquake|p1a: Celebi
|-resisted|p1a: Celebi
|-damage|p1a: Celebi|83/100
|
|-heal|p1a: Celebi|89/100|[from] item: Leftovers
|-heal|p2a: Kaizo Reject|83/100|[from] item: Leftovers
|upkeep
|turn|5
|
|t:|1730672582
|switch|p2a: Jimothy|Moltres|100/100
|move|p1a: Celebi|Leech Seed|p2a: Jimothy
|-start|p2a: Jimothy|move: Leech Seed
|
|-heal|p1a: Celebi|95/100|[from] item: Leftovers
|-damage|p2a: Jimothy|88/100|[from] Leech Seed|[of] p1a: Celebi
|-heal|p1a: Celebi|100/100|[silent]
|upkeep
|turn|6
|
|t:|1730672586
|switch|p1a: Suicune|Suicune|100/100
|move|p2a: Jimothy|Will-O-Wisp|p1a: Suicune|[miss]
|-miss|p2a: Jimothy|p1a: Suicune
|
|-heal|p2a: Jimothy|94/100|[from] item: Leftovers
|-damage|p2a: Jimothy|82/100|[from] Leech Seed|[of] p1a: Suicune
|upkeep
|turn|7
|
|t:|1730672592
|switch|p2a: Letourneau|Blissey, F, shiny|100/100
|move|p1a: Suicune|Surf|p2a: Letourneau
|-damage|p2a: Letourneau|83/100
|
|-heal|p2a: Letourneau|89/100|[from] item: Leftovers
|upkeep
|turn|8
|
|t:|1730672595
|switch|p1a: Metagross|Metagross|72/100
|move|p2a: Letourneau|Toxic|p1a: Metagross
|-immune|p1a: Metagross
|
|-heal|p2a: Letourneau|95/100|[from] item: Leftovers
|upkeep
|turn|9
|
|t:|1730672606
|switch|p1a: Suicune|Suicune|100/100
|switch|p2a: Kaizo Reject|Swampert, F|83/100
|
|-heal|p2a: Kaizo Reject|89/100|[from] item: Leftovers
|upkeep
|turn|10
|
|t:|1730672617
|switch|p1a: Tyranitar|Tyranitar, M|100/100
|-weather|Sandstorm|[from] ability: Sand Stream|[of] p1a: Tyranitar
|switch|p2a: Letourneau|Blissey, F, shiny|95/100
|
|-weather|Sandstorm|[upkeep]
|-damage|p2a: Letourneau|89/100|[from] Sandstorm
|-heal|p2a: Letourneau|95/100|[from] item: Leftovers
|upkeep
|turn|11
|
|t:|1730672625
|switch|p2a: Erdtree Seed|Forretress, M, shiny|100/100
|switch|p1a: Celebi|Celebi|100/100
|
|-weather|Sandstorm|[upkeep]
|-damage|p1a: Celebi|94/100|[from] Sandstorm
|-heal|p1a: Celebi|100/100|[from] item: Leftovers
|upkeep
|turn|12
|
|t:|1730672630
|move|p1a: Celebi|Hidden Power|p2a: Erdtree Seed
|-supereffective|p2a: Erdtree Seed
|-damage|p2a: Erdtree Seed|21/100
|move|p2a: Erdtree Seed|Spikes|p1a: Celebi
|-sidestart|p1: Zcarlett|Spikes
|
|-weather|Sandstorm|[upkeep]
|-damage|p1a: Celebi|94/100|[from] Sandstorm
|-heal|p1a: Celebi|100/100|[from] item: Leftovers
|-heal|p2a: Erdtree Seed|27/100|[from] item: Leftovers
|upkeep
|turn|13
|
|t:|1730672638
|switch|p2a: Letourneau|Blissey, F, shiny|95/100
|move|p1a: Celebi|Hidden Power|p2a: Letourneau
|-damage|p2a: Letourneau|87/100
|
|-weather|Sandstorm|[upkeep]
|-damage|p1a: Celebi|94/100|[from] Sandstorm
|-damage|p2a: Letourneau|81/100|[from] Sandstorm
|-heal|p1a: Celebi|100/100|[from] item: Leftovers
|-heal|p2a: Letourneau|87/100|[from] item: Leftovers
|upkeep
|turn|14
|
|t:|1730672655
|move|p1a: Celebi|Leech Seed|p2a: Letourneau
|-start|p2a: Letourneau|move: Leech Seed
|move|p2a: Letourneau|Wish|p2a: Letourneau
|
|-weather|Sandstorm|[upkeep]
|-damage|p1a: Celebi|94/100|[from] Sandstorm
|-damage|p2a: Letourneau|81/100|[from] Sandstorm
|-heal|p1a: Celebi|100/100|[from] item: Leftovers
|-heal|p2a: Letourneau|87/100|[from] item: Leftovers
|-damage|p2a: Letourneau|75/100|[from] Leech Seed|[of] p1a: Celebi
|upkeep
|turn|15
|
|t:|1730672658
|switch|p2a: Jimothy|Moltres|82/100
|move|p1a: Celebi|Psychic|p2a: Jimothy
|-damage|p2a: Jimothy|35/100
|
|-heal|p2a: Jimothy|85/100|[from] move: Wish|[wisher] Letourneau
|-weather|Sandstorm|[upkeep]
|-damage|p1a: Celebi|94/100|[from] Sandstorm
|-damage|p2a: Jimothy|79/100|[from] Sandstorm
|-heal|p1a: Celebi|100/100|[from] item: Leftovers
|-heal|p2a: Jimothy|85/100|[from] item: Leftovers
|upkeep
|turn|16
|
|t:|1730672663
|switch|p1a: Suicune|Suicune|100/100
|-damage|p1a: Suicune|88/100|[from] Spikes
|move|p2a: Jimothy|Flamethrower|p1a: Suicune
|-resisted|p1a: Suicune
|-damage|p1a: Suicune|68/100
|
|-weather|Sandstorm|[upkeep]
|-damage|p2a: Jimothy|79/100|[from] Sandstorm
|-damage|p1a: Suicune|62/100|[from] Sandstorm
|-heal|p2a: Jimothy|85/100|[from] item: Leftovers
|-heal|p1a: Suicune|68/100|[from] item: Leftovers
|upkeep
|turn|17
|
|t:|1730672676
|switch|p2a: Letourneau|Blissey, F, shiny|75/100
|move|p1a: Suicune|Calm Mind|p1a: Suicune
|-boost|p1a: Suicune|spa|1
|-boost|p1a: Suicune|spd|1
|
|-weather|Sandstorm|[upkeep]
|-damage|p1a: Suicune|62/100|[from] Sandstorm
|-damage|p2a: Letourneau|69/100|[from] Sandstorm
|-heal|p1a: Suicune|68/100|[from] item: Leftovers
|-heal|p2a: Letourneau|75/100|[from] item: Leftovers
|upkeep
|turn|18
|
|t:|1730672681
|move|p1a: Suicune|Surf|p2a: Letourneau
|-damage|p2a: Letourneau|49/100
|move|p2a: Letourneau|Toxic|p1a: Suicune
|-status|p1a: Suicune|tox
|
|-weather|Sandstorm|[upkeep]
|-damage|p1a: Suicune|62/100 tox|[from] Sandstorm
|-damage|p2a: Letourneau|43/100|[from] Sandstorm
|-heal|p1a: Suicune|68/100 tox|[from] item: Leftovers
|-damage|p1a: Suicune|62/100 tox|[from] psn
|-heal|p2a: Letourneau|49/100|[from] item: Leftovers
|upkeep
|turn|19
|
|t:|1730672686
|move|p1a: Suicune|Calm Mind|p1a: Suicune
|-boost|p1a: Suicune|spa|1
|-boost|p1a: Suicune|spd|1
|move|p2a: Letourneau|Wish|p2a: Letourneau
|
|-weather|Sandstorm|[upkeep]
|-damage|p1a: Suicune|55/100 tox|[from] Sandstorm
|-damage|p2a: Letourneau|43/100|[from] Sandstorm
|-heal|p1a: Suicune|62/100 tox|[from] item: Leftovers
|-damage|p1a: Suicune|49/100 tox|[from] psn
|-heal|p2a: Letourneau|49/100|[from] item: Leftovers
|upkeep
|turn|20
|
|t:|1730672689
|move|p1a: Suicune|Rest|p1a: Suicune
|-status|p1a: Suicune|slp|[from] move: Rest
|-heal|p1a: Suicune|100/100 slp|[silent]
|move|p2a: Letourneau|Seismic Toss|p1a: Suicune
|-damage|p1a: Suicune|76/100 slp
|
|-heal|p2a: Letourneau|99/100|[from] move: Wish|[wisher] Letourneau
|-weather|Sandstorm|[upkeep]
|-damage|p1a: Suicune|69/100 slp|[from] Sandstorm
|-damage|p2a: Letourneau|93/100|[from] Sandstorm
|-heal|p1a: Suicune|76/100 slp|[from] item: Leftovers
|-heal|p2a: Letourneau|99/100|[from] item: Leftovers
|upkeep
|turn|21
|
|t:|1730672693
|switch|p2a: OMG me|Hariyama, M|56/100
|cant|p1a: Suicune|slp
|move|p1a: Suicune|Sleep Talk|p1a: Suicune
|move|p1a: Suicune|Rest|p1a: Suicune|[from]Sleep Talk
|
|-weather|Sandstorm|[upkeep]
|-damage|p1a: Suicune|69/100 slp|[from] Sandstorm
|-damage|p2a: OMG me|49/100|[from] Sandstorm
|-heal|p1a: Suicune|76/100 slp|[from] item: Leftovers
|-heal|p2a: OMG me|56/100|[from] item: Leftovers
|upkeep
|turn|22
|
|t:|1730672696
|cant|p1a: Suicune|slp
|move|p1a: Suicune|Sleep Talk|p1a: Suicune
|move|p1a: Suicune|Calm Mind|p1a: Suicune|[from]Sleep Talk
|-boost|p1a: Suicune|spa|1
|-boost|p1a: Suicune|spd|1
|move|p2a: OMG me|Knock Off|p1a: Suicune
|-damage|p1a: Suicune|75/100 slp
|-enditem|p1a: Suicune|Leftovers|[from] move: Knock Off|[of] p2a: OMG me
|
|-weather|Sandstorm|[upkeep]
|-damage|p1a: Suicune|69/100 slp|[from] Sandstorm
|-damage|p2a: OMG me|49/100|[from] Sandstorm
|-heal|p2a: OMG me|56/100|[from] item: Leftovers
|upkeep
|turn|23
|
|t:|1730672699
|-curestatus|p1a: Suicune|slp|[msg]
|move|p1a: Suicune|Surf|p2a: OMG me
|-damage|p2a: OMG me|0 fnt
|faint|p2a: OMG me
|
|t:|1730672722
|switch|p2a: Letourneau|Blissey, F, shiny|99/100
|
|-weather|Sandstorm|[upkeep]
|-damage|p1a: Suicune|62/100|[from] Sandstorm
|-damage|p2a: Letourneau|93/100|[from] Sandstorm
|-heal|p2a: Letourneau|99/100|[from] item: Leftovers
|upkeep
|turn|24
|
|t:|1730672727
|move|p1a: Suicune|Surf|p2a: Letourneau
|-damage|p2a: Letourneau|55/100
|move|p2a: Letourneau|Seismic Toss|p1a: Suicune
|-damage|p1a: Suicune|37/100
|
|-weather|Sandstorm|[upkeep]
|-damage|p1a: Suicune|31/100|[from] Sandstorm
|-damage|p2a: Letourneau|49/100|[from] Sandstorm
|-heal|p2a: Letourneau|55/100|[from] item: Leftovers
|upkeep
|turn|25
|
|t:|1730672733
|move|p1a: Suicune|Rest|p1a: Suicune
|-status|p1a: Suicune|slp|[from] move: Rest
|-heal|p1a: Suicune|100/100 slp|[silent]
|move|p2a: Letourneau|Wish|p2a: Letourneau
|
|-weather|Sandstorm|[upkeep]
|-damage|p1a: Suicune|94/100 slp|[from] Sandstorm
|-damage|p2a: Letourneau|49/100|[from] Sandstorm
|-heal|p2a: Letourneau|55/100|[from] item: Leftovers
|upkeep
|turn|26
|
|t:|1730672736
|switch|p2a: Jimothy|Moltres|85/100
|cant|p1a: Suicune|slp
|move|p1a: Suicune|Sleep Talk|p1a: Suicune
|move|p1a: Suicune|Surf|p2a: Jimothy|[from]Sleep Talk
|-supereffective|p2a: Jimothy
|-damage|p2a: Jimothy|0 fnt
|faint|p2a: Jimothy
|c|☆Faantome|joever
|c|☆Faantome|gg
|-message|Faantome forfeited.
|
|win|Zcarlett
|player|p2|
|c|☆Zcarlett|ggs

</script>
<script type="application/json" class="data" id="replaydata-smogtours-gen3ou-804645">
{"id":"smogtours-gen3ou-804645","format":"[Gen 3] OU","players":["Zcarlett","Faantome"],"uploadtime":1730672758,"views":62,"formatid":"gen3ou","rating":null,"private":0,"password":null}
</script>

<script defer src="js/replays.js?9d40a366"></script>
