<!DOCTYPE html>
<meta charset="utf-8" />
<meta name="viewport" content="width=device-width" />

<title>[Gen 3] OU: Faantome vs. Figull400 - Replays - Pok&eacute;mon Showdown!</title>

<meta name="description" content="Watch a replay of a Pok&eacute;mon battle between Faantome and Figull400! Format: [Gen 3] OU; Date: Oct 25, 2024" />
<!--

Hey, you! Looking in the source for the replay log?

You can find them in JSON format, just add `.json` at the end of a replay URL.

https://replay.pokemonshowdown.com/gen7randomdoublesbattle-865046831.json

Or, if you only need the log itself, add `.log` instead:

https://replay.pokemonshowdown.com/gen7randomdoublesbattle-865046831.log

-->

<link rel="stylesheet" href="//pokemonshowdown.com/style/global.css?0.767286132409787" />
<link rel="stylesheet" href="//play.pokemonshowdown.com/style/font-awesome.css?0.9266228007934947" />
<link rel="stylesheet" href="//play.pokemonshowdown.com/style/battle.css?0.7924700842790926" />
<link rel="stylesheet" href="//play.pokemonshowdown.com/style/utilichart.css?0.8777417872839479" />

<!-- Global site tag (gtag.js) - Google Analytics -->
<script async src="https://www.googletagmanager.com/gtag/js?id=UA-26211653-1"></script>
<script>
  window.dataLayer = window.dataLayer || [];
  function gtag(){dataLayer.push(arguments);}
  gtag('js', new Date());

  gtag('config', 'UA-26211653-1');
</script>
<!-- End Google Analytics -->
<!-- Venatus Ad Manager - Install in <HEAD> of page -->
	<script src="https://hb.vntsm.com/v3/live/ad-manager.min.js" type="text/javascript" data-site-id="642aba63ec9a7b11c3c9c1be" data-mode="scan" async></script>
<!-- / Venatus Ad Manager -->

<style>
	@media (max-width:820px) {
		.battle {
			margin: 0 auto;
		}
		.battle-log {
			margin: 7px auto 0;
			max-width: 640px;
			height: 300px;
			position: static;
		}
	}
	.optgroup {
		display: inline-block;
		line-height: 22px;
		font-size: 10pt;
	}
	.optgroup .button {
		height: 25px;
		padding-top: 0;
		padding-bottom: 0;
	}
	.optgroup button.button {
		padding-left: 12px;
		padding-right: 12px;
	}
	.linklist {
		list-style: none;
		margin: 0.5em 0;
		padding: 0;
	}
	.linklist li {
		padding: 2px 0;
	}
	.sidebar {
		float: left;
		width: 320px;
	}
	.bar-wrapper {
		max-width: 1100px;
		margin: 0 auto;
	}
	.bar-wrapper.has-sidebar {
		max-width: 1430px;
	}
	.mainbar {
		margin: 0;
		padding-right: 1px;
	}
	.mainbar.has-sidebar {
		margin-left: 330px;
	}
	@media (min-width: 1511px) {
		.sidebar {
			width: 400px;
		}
		.bar-wrapper.has-sidebar {
			max-width: 1510px;
		}
		.mainbar.has-sidebar {
			margin-left: 410px;
		}
	}
	.section.first-section {
		margin-top: 9px;
	}
	.blocklink small {
		white-space: normal;
	}
	.button {
		vertical-align: middle;
	}
	.replay-controls {
		padding-top: 10px;
	}
	.replay-controls h1 {
		font-size: 16pt;
		font-weight: normal;
		color: #CCC;
	}
	.pagelink {
		text-align: center;
	}
	.pagelink a {
		width: 150px;
	}
	.textbox, .button {
		font-size: 11pt;
		vertical-align: middle;
	}
	@media (max-width: 450px) {
		.button {
			font-size: 9pt;
		}
	}
</style>

<div>

	<header>
		<div class="nav-wrapper"><ul class="nav">
			<li><a class="button nav-first" href="//pokemonshowdown.com/"><img src="//pokemonshowdown.com/images/pokemonshowdownbeta.png" srcset="//pokemonshowdown.com/images/pokemonshowdownbeta.png 1x, //pokemonshowdown.com/images/pokemonshowdownbeta@2x.png 2x" alt="Pok&eacute;mon Showdown" width="146" height="44" /> Home</a></li>
			<li><a class="button" href="//pokemonshowdown.com/dex/">Pok&eacute;dex</a></li>
			<li><a class="button cur" href="/">Replays</a></li>
			<li><a class="button" href="//pokemonshowdown.com/ladder/">Ladder</a></li>
			<li><a class="button nav-last" href="//pokemonshowdown.com/forums/">Forum</a></li>
			<li><a class="button greenbutton nav-first nav-last" href="//play.pokemonshowdown.com/">Play</a></li>
		</ul></div>
	</header>

	<div class="main" id="main">

		<noscript><section class="section">You need to enable JavaScript to use this page; sorry!</section></noscript>

	</div>

</div>

<script defer nomodule src="//play.pokemonshowdown.com/js/lib/ps-polyfill.js"></script>
<script defer src="//play.pokemonshowdown.com/js/lib/preact.min.js"></script>

<script defer src="//play.pokemonshowdown.com/config/config.js?6dec07f6"></script>
<script defer src="//play.pokemonshowdown.com/js/lib/jquery-1.11.0.min.js"></script>
<script defer src="//play.pokemonshowdown.com/js/lib/html-sanitizer-minified.js"></script>
<script defer src="//play.pokemonshowdown.com/js/battle-sound.js"></script>
<script defer src="//play.pokemonshowdown.com/js/battledata.js?0.6315294753075389"></script>
<script defer src="//play.pokemonshowdown.com/data/pokedex-mini.js?0.7603743185311358"></script>
<script defer src="//play.pokemonshowdown.com/data/pokedex-mini-bw.js?0.030888842834281283"></script>
<script defer src="//play.pokemonshowdown.com/data/graphics.js?0.05593094747507488"></script>
<script defer src="//play.pokemonshowdown.com/data/pokedex.js?0.47064822249611904"></script>
<script defer src="//play.pokemonshowdown.com/data/moves.js?0.8583693120512459"></script>
<script defer src="//play.pokemonshowdown.com/data/abilities.js?0.16017181182386842"></script>
<script defer src="//play.pokemonshowdown.com/data/items.js?0.4163379185673943"></script>
<script defer src="//play.pokemonshowdown.com/data/teambuilder-tables.js?0.31075597372830477"></script>
<script defer src="//play.pokemonshowdown.com/js/battle-tooltips.js?0.6536193500708172"></script>
<script defer src="//play.pokemonshowdown.com/js/battle.js?0.1916591943277901"></script>

<script defer src="js/utils.js?e31f9a17"></script>
<script defer src="js/replays-battle.js?7008c182"></script>

<!-- don't scrape this data! just add .json or .log after the URL!
Full API docs: https://github.com/smogon/pokemon-showdown-client/blob/master/WEB-API.md -->
<script type="text/plain" class="log" id="replaylog-smogtours-gen3ou-801900">
|inactive|Battle timer is ON: inactive players will automatically lose when time's up.
|t:|1729886948
|gametype|singles
|player|p1|Faantome|sabrina|
|player|p2|Figull400|gambler|
|teamsize|p1|6
|teamsize|p2|6
|gen|3
|tier|[Gen 3] OU
|rule|Sleep Clause Mod: Limit one foe put to sleep
|rule|Switch Priority Clause Mod: Faster Pokémon switch first
|rule|Species Clause: Limit one of each Pokémon
|rule|OHKO Clause: OHKO moves are banned
|rule|Evasion Items Clause: Evasion items are banned
|rule|Evasion Moves Clause: Evasion moves are banned
|rule|Endless Battle Clause: Forcing endless battles is banned
|rule|HP Percentage Mod: HP is shown in percentages
|rule|One Boost Passer Clause: Limit one Baton Passer that has a way to boost its stats
|rule|Freeze Clause Mod: Limit one foe frozen
|
|t:|1729886948
|start
|switch|p1a: Salamence|Salamence, F|100/100
|switch|p2a: Tyranitar|Tyranitar, F|100/100
|-ability|p1a: Salamence|Intimidate|boost
|-unboost|p2a: Tyranitar|atk|1
|-weather|Sandstorm|[from] ability: Sand Stream|[of] p2a: Tyranitar
|turn|1
|c|☆Figull400|hf
|inactive|Faantome has 270 seconds left.
|
|t:|1729886979
|switch|p2a: Milotic|Milotic, F|100/100
|move|p1a: Salamence|Brick Break|p2a: Milotic
|-damage|p2a: Milotic|83/100
|
|-weather|Sandstorm|[upkeep]
|-damage|p1a: Salamence|95/100|[from] Sandstorm
|-damage|p2a: Milotic|77/100|[from] Sandstorm
|-heal|p1a: Salamence|100/100|[from] item: Leftovers
|-heal|p2a: Milotic|83/100|[from] item: Leftovers
|upkeep
|turn|2
|
|t:|1729886989
|switch|p1a: Forretress|Forretress, M|100/100
|move|p2a: Milotic|Surf|p1a: Forretress
|-damage|p1a: Forretress|68/100
|
|-weather|Sandstorm|[upkeep]
|-damage|p2a: Milotic|77/100|[from] Sandstorm
|-heal|p2a: Milotic|83/100|[from] item: Leftovers
|-heal|p1a: Forretress|75/100|[from] item: Leftovers
|upkeep
|turn|3
|
|t:|1729887005
|move|p2a: Milotic|Surf|p1a: Forretress
|-damage|p1a: Forretress|45/100
|move|p1a: Forretress|Spikes|p2a: Milotic
|-sidestart|p2: Figull400|Spikes
|
|-weather|Sandstorm|[upkeep]
|-damage|p2a: Milotic|77/100|[from] Sandstorm
|-heal|p2a: Milotic|83/100|[from] item: Leftovers
|-heal|p1a: Forretress|51/100|[from] item: Leftovers
|upkeep
|turn|4
|
|t:|1729887028
|move|p2a: Milotic|Surf|p1a: Forretress
|-damage|p1a: Forretress|19/100
|move|p1a: Forretress|Spikes|p2a: Milotic
|-sidestart|p2: Figull400|Spikes
|
|-weather|Sandstorm|[upkeep]
|-damage|p2a: Milotic|77/100|[from] Sandstorm
|-heal|p2a: Milotic|83/100|[from] item: Leftovers
|-heal|p1a: Forretress|25/100|[from] item: Leftovers
|upkeep
|turn|5
|
|t:|1729887034
|move|p2a: Milotic|Surf|p1a: Forretress
|-damage|p1a: Forretress|0 fnt
|faint|p1a: Forretress
|
|t:|1729887046
|switch|p1a: Jirachi|Jirachi|100/100
|
|-weather|Sandstorm|[upkeep]
|-damage|p2a: Milotic|77/100|[from] Sandstorm
|-heal|p2a: Milotic|83/100|[from] item: Leftovers
|upkeep
|turn|6
|
|t:|1729887052
|switch|p2a: Claydol|Claydol|100/100
|move|p1a: Jirachi|Toxic|p2a: Claydol
|-status|p2a: Claydol|tox
|
|-weather|Sandstorm|[upkeep]
|-damage|p2a: Claydol|94/100 tox|[from] psn
|upkeep
|turn|7
|
|t:|1729887062
|move|p1a: Jirachi|Protect|p1a: Jirachi
|-singleturn|p1a: Jirachi|Protect
|move|p2a: Claydol|Rapid Spin|p1a: Jirachi
|-activate|p1a: Jirachi|Protect
|
|-weather|Sandstorm|[upkeep]
|-heal|p2a: Claydol|100/100 tox|[from] item: Leftovers
|-damage|p2a: Claydol|88/100 tox|[from] psn
|upkeep
|turn|8
|
|t:|1729887075
|move|p1a: Jirachi|Wish|p1a: Jirachi
|move|p2a: Claydol|Rapid Spin|p1a: Jirachi
|-resisted|p1a: Jirachi
|-damage|p1a: Jirachi|99/100
|-sideend|p2: Figull400|Spikes|[from] move: Rapid Spin|[of] p2a: Claydol
|
|-weather|Sandstorm|[upkeep]
|-heal|p1a: Jirachi|100/100|[from] item: Leftovers
|-heal|p2a: Claydol|94/100 tox|[from] item: Leftovers
|-damage|p2a: Claydol|76/100 tox|[from] psn
|upkeep
|turn|9
|inactive|Faantome has 270 seconds left.
|
|t:|1729887117
|switch|p1a: Salamence|Salamence, F|100/100
|-ability|p1a: Salamence|Intimidate|boost
|-unboost|p2a: Claydol|atk|1
|switch|p2a: Milotic|Milotic, F|83/100
|
|-weather|Sandstorm|[upkeep]
|-damage|p1a: Salamence|95/100|[from] Sandstorm
|-damage|p2a: Milotic|77/100|[from] Sandstorm
|-heal|p1a: Salamence|100/100|[from] item: Leftovers
|-heal|p2a: Milotic|83/100|[from] item: Leftovers
|upkeep
|turn|10
|
|t:|1729887125
|switch|p1a: Blissey|Blissey, F|100/100
|move|p2a: Milotic|Toxic|p1a: Blissey|[miss]
|-miss|p2a: Milotic|p1a: Blissey
|
|-weather|Sandstorm|[upkeep]
|-damage|p2a: Milotic|77/100|[from] Sandstorm
|-damage|p1a: Blissey|94/100|[from] Sandstorm
|-heal|p2a: Milotic|83/100|[from] item: Leftovers
|-heal|p1a: Blissey|100/100|[from] item: Leftovers
|upkeep
|turn|11
|
|t:|1729887134
|move|p2a: Milotic|Toxic|p1a: Blissey|[miss]
|-miss|p2a: Milotic|p1a: Blissey
|move|p1a: Blissey|Thunder Wave|p2a: Milotic
|-status|p2a: Milotic|par
|
|-weather|Sandstorm|[upkeep]
|-damage|p1a: Blissey|94/100|[from] Sandstorm
|-damage|p2a: Milotic|77/100 par|[from] Sandstorm
|-heal|p1a: Blissey|100/100|[from] item: Leftovers
|-heal|p2a: Milotic|83/100 par|[from] item: Leftovers
|upkeep
|turn|12
|
|t:|1729887140
|move|p1a: Blissey|Seismic Toss|p2a: Milotic
|-damage|p2a: Milotic|58/100 par
|cant|p2a: Milotic|par
|
|-weather|Sandstorm|[upkeep]
|-damage|p1a: Blissey|94/100|[from] Sandstorm
|-damage|p2a: Milotic|52/100 par|[from] Sandstorm
|-heal|p1a: Blissey|100/100|[from] item: Leftovers
|-heal|p2a: Milotic|58/100 par|[from] item: Leftovers
|upkeep
|turn|13
|
|t:|1729887144
|move|p1a: Blissey|Seismic Toss|p2a: Milotic
|-damage|p2a: Milotic|32/100 par
|move|p2a: Milotic|Recover|p2a: Milotic
|-heal|p2a: Milotic|82/100 par
|
|-weather|Sandstorm|[upkeep]
|-damage|p1a: Blissey|94/100|[from] Sandstorm
|-damage|p2a: Milotic|76/100 par|[from] Sandstorm
|-heal|p1a: Blissey|100/100|[from] item: Leftovers
|-heal|p2a: Milotic|82/100 par|[from] item: Leftovers
|upkeep
|turn|14
|
|t:|1729887148
|move|p1a: Blissey|Seismic Toss|p2a: Milotic
|-damage|p2a: Milotic|57/100 par
|move|p2a: Milotic|Toxic|p1a: Blissey|[miss]
|-miss|p2a: Milotic|p1a: Blissey
|
|-weather|Sandstorm|[upkeep]
|-damage|p1a: Blissey|94/100|[from] Sandstorm
|-damage|p2a: Milotic|51/100 par|[from] Sandstorm
|-heal|p1a: Blissey|100/100|[from] item: Leftovers
|-heal|p2a: Milotic|57/100 par|[from] item: Leftovers
|upkeep
|turn|15
|
|t:|1729887152
|move|p1a: Blissey|Seismic Toss|p2a: Milotic
|-damage|p2a: Milotic|32/100 par
|move|p2a: Milotic|Recover|p2a: Milotic
|-heal|p2a: Milotic|82/100 par
|
|-weather|Sandstorm|[upkeep]
|-damage|p1a: Blissey|94/100|[from] Sandstorm
|-damage|p2a: Milotic|76/100 par|[from] Sandstorm
|-heal|p1a: Blissey|100/100|[from] item: Leftovers
|-heal|p2a: Milotic|82/100 par|[from] item: Leftovers
|upkeep
|turn|16
|
|t:|1729887154
|move|p1a: Blissey|Seismic Toss|p2a: Milotic
|-damage|p2a: Milotic|56/100 par
|move|p2a: Milotic|Recover|p2a: Milotic
|-heal|p2a: Milotic|100/100 par
|
|-weather|Sandstorm|[upkeep]
|-damage|p1a: Blissey|94/100|[from] Sandstorm
|-damage|p2a: Milotic|94/100 par|[from] Sandstorm
|-heal|p1a: Blissey|100/100|[from] item: Leftovers
|-heal|p2a: Milotic|100/100 par|[from] item: Leftovers
|upkeep
|turn|17
|
|t:|1729887158
|switch|p1a: Jirachi|Jirachi|100/100
|move|p2a: Milotic|Toxic|p1a: Jirachi
|-immune|p1a: Jirachi
|
|-weather|Sandstorm|[upkeep]
|-damage|p2a: Milotic|94/100 par|[from] Sandstorm
|-heal|p2a: Milotic|100/100 par|[from] item: Leftovers
|upkeep
|turn|18
|inactive|Faantome has 270 seconds left.
|
|t:|1729887211
|switch|p1a: Blissey|Blissey, F|100/100
|move|p2a: Milotic|Surf|p1a: Blissey
|-damage|p1a: Blissey|89/100
|
|-weather|Sandstorm|[upkeep]
|-damage|p1a: Blissey|83/100|[from] Sandstorm
|-damage|p2a: Milotic|94/100 par|[from] Sandstorm
|-heal|p1a: Blissey|89/100|[from] item: Leftovers
|-heal|p2a: Milotic|100/100 par|[from] item: Leftovers
|upkeep
|turn|19
|
|t:|1729887216
|move|p1a: Blissey|Seismic Toss|p2a: Milotic
|-damage|p2a: Milotic|75/100 par
|move|p2a: Milotic|Toxic|p1a: Blissey
|-status|p1a: Blissey|tox
|
|-weather|Sandstorm|[upkeep]
|-damage|p1a: Blissey|83/100 tox|[from] Sandstorm
|-damage|p2a: Milotic|69/100 par|[from] Sandstorm
|-heal|p1a: Blissey|89/100 tox|[from] item: Leftovers
|-damage|p1a: Blissey|83/100 tox|[from] psn
|-heal|p2a: Milotic|75/100 par|[from] item: Leftovers
|upkeep
|turn|20
|
|t:|1729887220
|switch|p2a: Tyranitar|Tyranitar, F|100/100
|move|p1a: Blissey|Seismic Toss|p2a: Tyranitar
|-damage|p2a: Tyranitar|76/100
|
|-weather|Sandstorm|[upkeep]
|-damage|p1a: Blissey|76/100 tox|[from] Sandstorm
|-heal|p2a: Tyranitar|82/100|[from] item: Leftovers
|-heal|p1a: Blissey|83/100 tox|[from] item: Leftovers
|-damage|p1a: Blissey|70/100 tox|[from] psn
|upkeep
|turn|21
|
|t:|1729887228
|move|p2a: Tyranitar|Substitute|p2a: Tyranitar
|-start|p2a: Tyranitar|Substitute
|-damage|p2a: Tyranitar|57/100
|move|p1a: Blissey|Seismic Toss|p2a: Tyranitar
|-activate|p2a: Tyranitar|Substitute|[damage]
|
|-weather|Sandstorm|[upkeep]
|-damage|p1a: Blissey|64/100 tox|[from] Sandstorm
|-heal|p2a: Tyranitar|63/100|[from] item: Leftovers
|-heal|p1a: Blissey|70/100 tox|[from] item: Leftovers
|-damage|p1a: Blissey|52/100 tox|[from] psn
|upkeep
|turn|22
|
|t:|1729887232
|-singleturn|p2a: Tyranitar|move: Focus Punch
|move|p1a: Blissey|Soft-Boiled|p1a: Blissey
|-heal|p1a: Blissey|100/100 tox
|move|p2a: Tyranitar|Focus Punch|p1a: Blissey
|-supereffective|p1a: Blissey
|-damage|p1a: Blissey|36/100 tox
|
|-weather|Sandstorm|[upkeep]
|-damage|p1a: Blissey|30/100 tox|[from] Sandstorm
|-heal|p2a: Tyranitar|69/100|[from] item: Leftovers
|-heal|p1a: Blissey|36/100 tox|[from] item: Leftovers
|-damage|p1a: Blissey|11/100 tox|[from] psn
|upkeep
|turn|23
|
|t:|1729887241
|-curestatus|p1a: Blissey|tox|[from] ability: Natural Cure
|switch|p1a: Salamence|Salamence, F|100/100
|move|p2a: Tyranitar|Crunch|p1a: Salamence
|-damage|p1a: Salamence|53/100
|
|-weather|Sandstorm|[upkeep]
|-damage|p1a: Salamence|47/100|[from] Sandstorm
|-heal|p1a: Salamence|53/100|[from] item: Leftovers
|-heal|p2a: Tyranitar|75/100|[from] item: Leftovers
|upkeep
|turn|24
|
|t:|1729887247
|move|p1a: Salamence|Brick Break|p2a: Tyranitar
|-supereffective|p2a: Tyranitar
|-end|p2a: Tyranitar|Substitute
|move|p2a: Tyranitar|Crunch|p1a: Salamence
|-damage|p1a: Salamence|3/100
|
|-weather|Sandstorm|[upkeep]
|-damage|p1a: Salamence|0 fnt|[from] Sandstorm
|faint|p1a: Salamence
|-heal|p2a: Tyranitar|82/100|[from] item: Leftovers
|upkeep
|inactive|Faantome has 270 seconds left.
|
|t:|1729887277
|switch|p1a: Aerodactyl|Aerodactyl, M|100/100
|turn|25
|
|t:|1729887282
|switch|p2a: Skarmory|Skarmory, M|100/100
|move|p1a: Aerodactyl|Hidden Power|p2a: Skarmory
|-damage|p2a: Skarmory|76/100
|
|-weather|Sandstorm|[upkeep]
|-heal|p2a: Skarmory|82/100|[from] item: Leftovers
|upkeep
|turn|26
|
|t:|1729887285
|switch|p1a: Jirachi|Jirachi|100/100
|move|p2a: Skarmory|Spikes|p1a: Jirachi
|-sidestart|p1: Faantome|Spikes
|
|-weather|Sandstorm|[upkeep]
|-heal|p2a: Skarmory|88/100|[from] item: Leftovers
|upkeep
|turn|27
|
|t:|1729887290
|switch|p2a: Milotic|Milotic, F|75/100 par
|move|p1a: Jirachi|Fire Punch|p2a: Milotic
|-resisted|p2a: Milotic
|-damage|p2a: Milotic|69/100 par
|
|-weather|Sandstorm|[upkeep]
|-damage|p2a: Milotic|63/100 par|[from] Sandstorm
|-heal|p2a: Milotic|69/100 par|[from] item: Leftovers
|upkeep
|turn|28
|c|☆Faantome|I think I fucked myself by paralyzing this thing
|
|t:|1729887310
|move|p1a: Jirachi|Wish|p1a: Jirachi
|move|p2a: Milotic|Recover|p2a: Milotic
|-heal|p2a: Milotic|100/100 par
|
|-weather|Sandstorm|[upkeep]
|-damage|p2a: Milotic|94/100 par|[from] Sandstorm
|-heal|p2a: Milotic|100/100 par|[from] item: Leftovers
|upkeep
|turn|29
|c|☆Figull400|i mean
|
|t:|1729887321
|move|p1a: Jirachi|Fire Punch|p2a: Milotic
|-resisted|p2a: Milotic
|-damage|p2a: Milotic|94/100 par
|move|p2a: Milotic|Refresh|p2a: Milotic
|-curestatus|p2a: Milotic|par|[msg]
|
|-weather|Sandstorm|[upkeep]
|-damage|p2a: Milotic|88/100|[from] Sandstorm
|-heal|p2a: Milotic|94/100|[from] item: Leftovers
|upkeep
|turn|30
|c|☆Faantome|that's
|c|☆Faantome|really funny
|c|☆Faantome|actually
|c|+tizio potente ao|!dt marvel scale
|raw|<ul class="utilichart"><li class="result"><span class="col namecol"><a href="https://dex.pokemonshowdown.com/abilities/marvelscale">Marvel Scale<\/a><\/span> <span class="col abilitydesccol">If this Pokemon has a non-volatile status condition, its Defense is multiplied by 1.5.<\/span> <\/li><li style="clear:both"><\/li><\/ul>
|raw|<font size="1"><font color="#686868">Gen:<\/font> 3&nbsp;|&ThickSpace;&#10003; Ignored by Mold Breaker<\/font>

|
|t:|1729887350
|move|p1a: Jirachi|Toxic|p2a: Milotic
|-status|p2a: Milotic|tox
|move|p2a: Milotic|Surf|p1a: Jirachi
|-damage|p1a: Jirachi|71/100
|
|-weather|Sandstorm|[upkeep]
|-damage|p2a: Milotic|88/100 tox|[from] Sandstorm
|-heal|p1a: Jirachi|77/100|[from] item: Leftovers
|-heal|p2a: Milotic|94/100 tox|[from] item: Leftovers
|-damage|p2a: Milotic|88/100 tox|[from] psn
|upkeep
|turn|31
|
|t:|1729887356
|move|p1a: Jirachi|Wish|p1a: Jirachi
|move|p2a: Milotic|Refresh|p2a: Milotic
|-curestatus|p2a: Milotic|tox|[msg]
|
|-weather|Sandstorm|[upkeep]
|-damage|p2a: Milotic|82/100|[from] Sandstorm
|-heal|p1a: Jirachi|83/100|[from] item: Leftovers
|-heal|p2a: Milotic|88/100|[from] item: Leftovers
|upkeep
|turn|32
|
|t:|1729887362
|switch|p1a: Blissey|Blissey, F|11/100
|-damage|p1a: Blissey|0 fnt|[from] Spikes
|faint|p1a: Blissey
|
|t:|1729887379
|switch|p1a: Aerodactyl|Aerodactyl, M|100/100
|
|-weather|Sandstorm|[upkeep]
|-damage|p2a: Milotic|82/100|[from] Sandstorm
|-heal|p2a: Milotic|88/100|[from] item: Leftovers
|upkeep
|turn|33
|
|t:|1729887386
|switch|p2a: Skarmory|Skarmory, M|88/100
|move|p1a: Aerodactyl|Double-Edge|p2a: Skarmory
|-resisted|p2a: Skarmory
|-damage|p2a: Skarmory|68/100
|
|-weather|Sandstorm|[upkeep]
|-heal|p2a: Skarmory|74/100|[from] item: Leftovers
|upkeep
|turn|34
|
|t:|1729887396
|switch|p1a: Tyranitar|Tyranitar, F|100/100
|-damage|p1a: Tyranitar|88/100|[from] Spikes
|move|p2a: Skarmory|Spikes|p1a: Tyranitar
|-sidestart|p1: Faantome|Spikes
|
|-weather|Sandstorm|[upkeep]
|-heal|p2a: Skarmory|80/100|[from] item: Leftovers
|-heal|p1a: Tyranitar|94/100|[from] item: Leftovers
|upkeep
|turn|35
|
|t:|1729887398
|switch|p2a: Milotic|Milotic, F|88/100
|move|p1a: Tyranitar|Fire Blast|p2a: Milotic
|-resisted|p2a: Milotic
|-damage|p2a: Milotic|75/100
|
|-weather|Sandstorm|[upkeep]
|-damage|p2a: Milotic|69/100|[from] Sandstorm
|-heal|p2a: Milotic|75/100|[from] item: Leftovers
|-heal|p1a: Tyranitar|99/100|[from] item: Leftovers
|upkeep
|turn|36
|c|☆Faantome|gg
|-message|Faantome forfeited.
|
|win|Figull400
|player|p1|
|c|☆Figull400|gg

</script>
<script type="application/json" class="data" id="replaydata-smogtours-gen3ou-801900">
{"id":"smogtours-gen3ou-801900","format":"[Gen 3] OU","players":["Faantome","Figull400"],"uploadtime":1729887411,"views":115,"formatid":"gen3ou","rating":null,"private":0,"password":null}
</script>

<script defer src="js/replays.js?9d40a366"></script>
