<!DOCTYPE html>
<meta charset="utf-8" />
<meta name="viewport" content="width=device-width" />

<title>[Gen 3] OU: HeyYa!_Forte vs. Doc. Steel - Replays - Pok&eacute;mon Showdown!</title>

<meta name="description" content="Watch a replay of a Pok&eacute;mon battle between HeyYa!_Forte and Doc. Steel! Format: [Gen 3] OU; Date: Oct 2, 2024" />
<!--

Hey, you! Looking in the source for the replay log?

You can find them in JSON format, just add `.json` at the end of a replay URL.

https://replay.pokemonshowdown.com/gen7randomdoublesbattle-865046831.json

Or, if you only need the log itself, add `.log` instead:

https://replay.pokemonshowdown.com/gen7randomdoublesbattle-865046831.log

-->

<link rel="stylesheet" href="//pokemonshowdown.com/style/global.css?0.023195364461161105" />
<link rel="stylesheet" href="//play.pokemonshowdown.com/style/font-awesome.css?0.13261647063804238" />
<link rel="stylesheet" href="//play.pokemonshowdown.com/style/battle.css?0.8753245789963631" />
<link rel="stylesheet" href="//play.pokemonshowdown.com/style/utilichart.css?0.8627959624976733" />

<!-- Global site tag (gtag.js) - Google Analytics -->
<script async src="https://www.googletagmanager.com/gtag/js?id=UA-26211653-1"></script>
<script>
  window.dataLayer = window.dataLayer || [];
  function gtag(){dataLayer.push(arguments);}
  gtag('js', new Date());

  gtag('config', 'UA-26211653-1');
</script>
<!-- End Google Analytics -->
<!-- Venatus Ad Manager - Install in <HEAD> of page -->
	<script src="https://hb.vntsm.com/v3/live/ad-manager.min.js" type="text/javascript" data-site-id="642aba63ec9a7b11c3c9c1be" data-mode="scan" async></script>
<!-- / Venatus Ad Manager -->

<style>
	@media (max-width:820px) {
		.battle {
			margin: 0 auto;
		}
		.battle-log {
			margin: 7px auto 0;
			max-width: 640px;
			height: 300px;
			position: static;
		}
	}
	.optgroup {
		display: inline-block;
		line-height: 22px;
		font-size: 10pt;
	}
	.optgroup .button {
		height: 25px;
		padding-top: 0;
		padding-bottom: 0;
	}
	.optgroup button.button {
		padding-left: 12px;
		padding-right: 12px;
	}
	.linklist {
		list-style: none;
		margin: 0.5em 0;
		padding: 0;
	}
	.linklist li {
		padding: 2px 0;
	}
	.sidebar {
		float: left;
		width: 320px;
	}
	.bar-wrapper {
		max-width: 1100px;
		margin: 0 auto;
	}
	.bar-wrapper.has-sidebar {
		max-width: 1430px;
	}
	.mainbar {
		margin: 0;
		padding-right: 1px;
	}
	.mainbar.has-sidebar {
		margin-left: 330px;
	}
	@media (min-width: 1511px) {
		.sidebar {
			width: 400px;
		}
		.bar-wrapper.has-sidebar {
			max-width: 1510px;
		}
		.mainbar.has-sidebar {
			margin-left: 410px;
		}
	}
	.section.first-section {
		margin-top: 9px;
	}
	.blocklink small {
		white-space: normal;
	}
	.button {
		vertical-align: middle;
	}
	.replay-controls {
		padding-top: 10px;
	}
	.replay-controls h1 {
		font-size: 16pt;
		font-weight: normal;
		color: #CCC;
	}
	.pagelink {
		text-align: center;
	}
	.pagelink a {
		width: 150px;
	}
	.textbox, .button {
		font-size: 11pt;
		vertical-align: middle;
	}
	@media (max-width: 450px) {
		.button {
			font-size: 9pt;
		}
	}
</style>

<div>

	<header>
		<div class="nav-wrapper"><ul class="nav">
			<li><a class="button nav-first" href="//pokemonshowdown.com/"><img src="//pokemonshowdown.com/images/pokemonshowdownbeta.png" srcset="//pokemonshowdown.com/images/pokemonshowdownbeta.png 1x, //pokemonshowdown.com/images/pokemonshowdownbeta@2x.png 2x" alt="Pok&eacute;mon Showdown" width="146" height="44" /> Home</a></li>
			<li><a class="button" href="//pokemonshowdown.com/dex/">Pok&eacute;dex</a></li>
			<li><a class="button cur" href="/">Replays</a></li>
			<li><a class="button" href="//pokemonshowdown.com/ladder/">Ladder</a></li>
			<li><a class="button nav-last" href="//pokemonshowdown.com/forums/">Forum</a></li>
			<li><a class="button greenbutton nav-first nav-last" href="//play.pokemonshowdown.com/">Play</a></li>
		</ul></div>
	</header>

	<div class="main" id="main">

		<noscript><section class="section">You need to enable JavaScript to use this page; sorry!</section></noscript>

	</div>

</div>

<script defer nomodule src="//play.pokemonshowdown.com/js/lib/ps-polyfill.js"></script>
<script defer src="//play.pokemonshowdown.com/js/lib/preact.min.js"></script>

<script defer src="//play.pokemonshowdown.com/config/config.js?2bddbc15"></script>
<script defer src="//play.pokemonshowdown.com/js/lib/jquery-1.11.0.min.js"></script>
<script defer src="//play.pokemonshowdown.com/js/lib/html-sanitizer-minified.js"></script>
<script defer src="//play.pokemonshowdown.com/js/battle-sound.js"></script>
<script defer src="//play.pokemonshowdown.com/js/battledata.js?0.7209276989879541"></script>
<script defer src="//play.pokemonshowdown.com/data/pokedex-mini.js?0.6111056340867951"></script>
<script defer src="//play.pokemonshowdown.com/data/pokedex-mini-bw.js?0.3532142036491459"></script>
<script defer src="//play.pokemonshowdown.com/data/graphics.js?0.24223875632456182"></script>
<script defer src="//play.pokemonshowdown.com/data/pokedex.js?0.38839984266356864"></script>
<script defer src="//play.pokemonshowdown.com/data/moves.js?0.21866028504024015"></script>
<script defer src="//play.pokemonshowdown.com/data/abilities.js?0.2005157953846628"></script>
<script defer src="//play.pokemonshowdown.com/data/items.js?0.9894211263848525"></script>
<script defer src="//play.pokemonshowdown.com/data/teambuilder-tables.js?0.6008791140282215"></script>
<script defer src="//play.pokemonshowdown.com/js/battle-tooltips.js?0.7580118955022959"></script>
<script defer src="//play.pokemonshowdown.com/js/battle.js?0.6057722274234274"></script>

<script defer src="js/utils.js?e31f9a17"></script>
<script defer src="js/replays-battle.js?7008c182"></script>

<!-- don't scrape this data! just add .json or .log after the URL!
Full API docs: https://github.com/smogon/pokemon-showdown-client/blob/master/WEB-API.md -->
<script type="text/plain" class="log" id="replaylog-smogtours-gen3ou-794069">
|inactive|Battle timer is ON: inactive players will automatically lose when time's up.
|t:|1727903735
|gametype|singles
|player|p1|HeyYa!_Forte|backers|
|player|p2|Doc. Steel|1|
|teamsize|p1|6
|teamsize|p2|6
|gen|3
|tier|[Gen 3] OU
|rule|Sleep Clause Mod: Limit one foe put to sleep
|rule|Switch Priority Clause Mod: Faster Pokémon switch first
|rule|Species Clause: Limit one of each Pokémon
|rule|OHKO Clause: OHKO moves are banned
|rule|Evasion Items Clause: Evasion items are banned
|rule|Evasion Moves Clause: Evasion moves are banned
|rule|Endless Battle Clause: Forcing endless battles is banned
|rule|HP Percentage Mod: HP is shown in percentages
|rule|One Boost Passer Clause: Limit one Baton Passer that has a way to boost its stats
|rule|Freeze Clause Mod: Limit one foe frozen
|
|t:|1727903735
|start
|switch|p1a: Medicham|Medicham, F|100/100
|switch|p2a: Tyranitar|Tyranitar, M|100/100
|-weather|Sandstorm|[from] ability: Sand Stream|[of] p2a: Tyranitar
|turn|1
|c|☆Doc. Steel|wait no this was the wrong team lol
|c|☆Doc. Steel|oh well
|
|t:|1727903758
|switch|p2a: Gyarados|Gyarados, F|100/100
|-ability|p2a: Gyarados|Intimidate|boost
|-unboost|p1a: Medicham|atk|1
|move|p1a: Medicham|Baton Pass|p1a: Medicham
|c|☆HeyYa!_Forte|Oh shit :/
|
|t:|1727903776
|switch|p1a: Zapdos|Zapdos|100/100|[from] Baton Pass
|
|-weather|Sandstorm|[upkeep]
|-damage|p1a: Zapdos|94/100|[from] Sandstorm
|-damage|p2a: Gyarados|94/100|[from] Sandstorm
|-heal|p1a: Zapdos|100/100|[from] item: Leftovers
|-heal|p2a: Gyarados|100/100|[from] item: Leftovers
|upkeep
|turn|2
|
|t:|1727903800
|switch|p2a: Jumpluff|Jumpluff, F|100/100
|move|p1a: Zapdos|Toxic|p2a: Jumpluff
|-status|p2a: Jumpluff|tox
|
|-weather|Sandstorm|[upkeep]
|-damage|p2a: Jumpluff|94/100 tox|[from] Sandstorm
|-damage|p1a: Zapdos|94/100|[from] Sandstorm
|-heal|p2a: Jumpluff|100/100 tox|[from] item: Leftovers
|-damage|p2a: Jumpluff|94/100 tox|[from] psn
|-heal|p1a: Zapdos|100/100|[from] item: Leftovers
|upkeep
|turn|3
|
|t:|1727903807
|switch|p1a: Blissey|Blissey, F|100/100
|move|p2a: Jumpluff|Sleep Powder|p1a: Blissey
|-status|p1a: Blissey|slp|[from] move: Sleep Powder
|
|-weather|Sandstorm|[upkeep]
|-damage|p2a: Jumpluff|88/100 tox|[from] Sandstorm
|-damage|p1a: Blissey|94/100 slp|[from] Sandstorm
|-heal|p2a: Jumpluff|94/100 tox|[from] item: Leftovers
|-damage|p2a: Jumpluff|82/100 tox|[from] psn
|-heal|p1a: Blissey|100/100 slp|[from] item: Leftovers
|upkeep
|turn|4
|
|t:|1727903814
|switch|p2a: Skarmory|Skarmory, M|100/100
|cant|p1a: Blissey|slp
|
|-weather|Sandstorm|[upkeep]
|-damage|p1a: Blissey|94/100 slp|[from] Sandstorm
|-heal|p1a: Blissey|100/100 slp|[from] item: Leftovers
|upkeep
|turn|5
|
|t:|1727903839
|-curestatus|p1a: Blissey|slp|[from] ability: Natural Cure
|switch|p1a: Magneton|Magneton|100/100
|move|p2a: Skarmory|Thief|p1a: Magneton
|-resisted|p1a: Magneton
|-damage|p1a: Magneton|97/100
|-enditem|p1a: Magneton|Magnet|[silent]|[from] move: Thief|[of] p2a: Skarmory
|-item|p2a: Skarmory|Magnet|[from] move: Thief|[of] p1a: Magneton
|
|-weather|Sandstorm|[upkeep]
|upkeep
|turn|6
|
|t:|1727903845
|move|p1a: Magneton|Thunderbolt|p2a: Skarmory
|-supereffective|p2a: Skarmory
|-damage|p2a: Skarmory|0 fnt
|faint|p2a: Skarmory
|
|t:|1727903860
|switch|p2a: Tyranitar|Tyranitar, M|100/100
|
|-weather|Sandstorm|[upkeep]
|upkeep
|turn|7
|c|+5imian|Hey 
|c|+5imian|TO here 
|c|+5imian|Pause this 
|c|+5imian|Why is there a g4?
|c|+5imian|Was an early game a draw?
|c|☆Doc. Steel|First game tied
|inactive|Doc. Steel has 270 seconds left.
|c|☆HeyYa!_Forte|explosion tie g1
|c|+5imian|Thanks 
|c|+5imian|Keep going 
|inactive|HeyYa!_Forte has 270 seconds left.
|c|☆HeyYa!_Forte|yessir
|c|☆HeyYa!_Forte|o7
|
|t:|1727903902
|move|p2a: Tyranitar|Fire Blast|p1a: Magneton
|-supereffective|p1a: Magneton
|-damage|p1a: Magneton|0 fnt
|faint|p1a: Magneton
|
|t:|1727903926
|switch|p1a: Medicham|Medicham, F|100/100
|
|-weather|Sandstorm|[upkeep]
|-damage|p1a: Medicham|94/100|[from] Sandstorm
|upkeep
|turn|8
|inactive|Doc. Steel has 270 seconds left.
|inactive|Doc. Steel has 240 seconds left.
|
|t:|1727903987
|switch|p2a: Jumpluff|Jumpluff, F|82/100 tox
|move|p1a: Medicham|Brick Break|p2a: Jumpluff
|-resisted|p2a: Jumpluff
|-damage|p2a: Jumpluff|24/100 tox
|
|-weather|Sandstorm|[upkeep]
|-damage|p2a: Jumpluff|18/100 tox|[from] Sandstorm
|-damage|p1a: Medicham|88/100|[from] Sandstorm
|-heal|p2a: Jumpluff|24/100 tox|[from] item: Leftovers
|-damage|p2a: Jumpluff|18/100 tox|[from] psn
|upkeep
|turn|9
|
|t:|1727903994
|switch|p1a: Blissey|Blissey, F|100/100
|move|p2a: Jumpluff|Leech Seed|p1a: Blissey
|-start|p1a: Blissey|move: Leech Seed
|
|-weather|Sandstorm|[upkeep]
|-damage|p2a: Jumpluff|12/100 tox|[from] Sandstorm
|-damage|p1a: Blissey|94/100|[from] Sandstorm
|-heal|p2a: Jumpluff|18/100 tox|[from] item: Leftovers
|-damage|p2a: Jumpluff|6/100 tox|[from] psn
|-heal|p1a: Blissey|100/100|[from] item: Leftovers
|-damage|p1a: Blissey|88/100|[from] Leech Seed|[of] p2a: Jumpluff
|-heal|p2a: Jumpluff|36/100 tox|[silent]
|upkeep
|turn|10
|
|t:|1727904002
|move|p2a: Jumpluff|Sleep Powder|p1a: Blissey
|-status|p1a: Blissey|slp|[from] move: Sleep Powder
|cant|p1a: Blissey|slp
|
|-weather|Sandstorm|[upkeep]
|-damage|p2a: Jumpluff|30/100 tox|[from] Sandstorm
|-damage|p1a: Blissey|82/100 slp|[from] Sandstorm
|-heal|p2a: Jumpluff|36/100 tox|[from] item: Leftovers
|-damage|p2a: Jumpluff|18/100 tox|[from] psn
|-heal|p1a: Blissey|88/100 slp|[from] item: Leftovers
|-damage|p1a: Blissey|76/100 slp|[from] Leech Seed|[of] p2a: Jumpluff
|-heal|p2a: Jumpluff|48/100 tox|[silent]
|upkeep
|turn|11
|inactive|HeyYa!_Forte has 270 seconds left.
|
|t:|1727904020
|move|p2a: Jumpluff|Substitute|p2a: Jumpluff
|-start|p2a: Jumpluff|Substitute
|-damage|p2a: Jumpluff|23/100 tox
|cant|p1a: Blissey|slp
|
|-weather|Sandstorm|[upkeep]
|-damage|p2a: Jumpluff|17/100 tox|[from] Sandstorm
|-damage|p1a: Blissey|69/100 slp|[from] Sandstorm
|-heal|p2a: Jumpluff|23/100 tox|[from] item: Leftovers
|-damage|p2a: Jumpluff|0 fnt|[from] psn
|faint|p2a: Jumpluff
|-heal|p1a: Blissey|76/100 slp|[from] item: Leftovers
|upkeep
|
|t:|1727904031
|switch|p2a: Metagross|Metagross|100/100
|turn|12
|
|t:|1727904039
|-curestatus|p1a: Blissey|slp|[from] ability: Natural Cure
|switch|p1a: Suicune|Suicune|100/100
|move|p2a: Metagross|Meteor Mash|p1a: Suicune|[miss]
|-miss|p2a: Metagross|p1a: Suicune
|
|-weather|Sandstorm|[upkeep]
|-damage|p1a: Suicune|94/100|[from] Sandstorm
|-heal|p1a: Suicune|100/100|[from] item: Leftovers
|upkeep
|turn|13
|inactive|HeyYa!_Forte has 270 seconds left.
|inactive|Doc. Steel has 210 seconds left.
|
|t:|1727904081
|switch|p1a: Blissey|Blissey, F|76/100
|switch|p2a: Blissey|Blissey, F|100/100
|
|-weather|Sandstorm|[upkeep]
|-damage|p2a: Blissey|94/100|[from] Sandstorm
|-damage|p1a: Blissey|69/100|[from] Sandstorm
|-heal|p2a: Blissey|100/100|[from] item: Leftovers
|-heal|p1a: Blissey|76/100|[from] item: Leftovers
|upkeep
|turn|14
|inactive|Doc. Steel has 210 seconds left.
|
|t:|1727904093
|move|p2a: Blissey|Seismic Toss|p1a: Blissey
|-damage|p1a: Blissey|62/100
|move|p1a: Blissey|Thunder Wave|p2a: Blissey
|-status|p2a: Blissey|par
|
|-weather|Sandstorm|[upkeep]
|-damage|p1a: Blissey|55/100|[from] Sandstorm
|-damage|p2a: Blissey|94/100 par|[from] Sandstorm
|-heal|p1a: Blissey|62/100|[from] item: Leftovers
|-heal|p2a: Blissey|100/100 par|[from] item: Leftovers
|upkeep
|turn|15
|inactive|Doc. Steel has 210 seconds left.
|
|t:|1727904101
|-curestatus|p2a: Blissey|par|[from] ability: Natural Cure
|switch|p2a: Tyranitar|Tyranitar, M|100/100
|move|p1a: Blissey|Thunder Wave|p2a: Tyranitar
|-status|p2a: Tyranitar|par
|-enditem|p2a: Tyranitar|Lum Berry|[eat]
|-curestatus|p2a: Tyranitar|par|[msg]
|
|-weather|Sandstorm|[upkeep]
|-damage|p1a: Blissey|55/100|[from] Sandstorm
|-heal|p1a: Blissey|62/100|[from] item: Leftovers
|upkeep
|turn|16
|
|t:|1727904106
|move|p2a: Tyranitar|Brick Break|p1a: Blissey
|-supereffective|p1a: Blissey
|-damage|p1a: Blissey|20/100
|move|p1a: Blissey|Soft-Boiled|p1a: Blissey
|-heal|p1a: Blissey|70/100
|
|-weather|Sandstorm|[upkeep]
|-damage|p1a: Blissey|64/100|[from] Sandstorm
|-heal|p1a: Blissey|70/100|[from] item: Leftovers
|upkeep
|turn|17
|
|t:|1727904113
|move|p2a: Tyranitar|Brick Break|p1a: Blissey
|-supereffective|p1a: Blissey
|-damage|p1a: Blissey|31/100
|move|p1a: Blissey|Thunder Wave|p2a: Tyranitar
|-status|p2a: Tyranitar|par
|
|-weather|Sandstorm|[upkeep]
|-damage|p1a: Blissey|25/100|[from] Sandstorm
|-heal|p1a: Blissey|31/100|[from] item: Leftovers
|upkeep
|turn|18
|
|t:|1727904128
|move|p1a: Blissey|Soft-Boiled|p1a: Blissey
|-heal|p1a: Blissey|81/100
|move|p2a: Tyranitar|Brick Break|p1a: Blissey
|-supereffective|p1a: Blissey
|-damage|p1a: Blissey|40/100
|
|-weather|Sandstorm|[upkeep]
|-damage|p1a: Blissey|34/100|[from] Sandstorm
|-heal|p1a: Blissey|40/100|[from] item: Leftovers
|upkeep
|turn|19
|
|t:|1727904142
|switch|p1a: Medicham|Medicham, F|88/100
|switch|p2a: Blissey|Blissey, F|100/100
|
|-weather|Sandstorm|[upkeep]
|-damage|p1a: Medicham|82/100|[from] Sandstorm
|-damage|p2a: Blissey|94/100|[from] Sandstorm
|-heal|p2a: Blissey|100/100|[from] item: Leftovers
|upkeep
|turn|20
|
|t:|1727904160
|switch|p2a: Tyranitar|Tyranitar, M|100/100 par
|move|p1a: Medicham|Rock Slide|p2a: Tyranitar|[miss]
|-miss|p1a: Medicham|p2a: Tyranitar
|
|-weather|Sandstorm|[upkeep]
|-damage|p1a: Medicham|76/100|[from] Sandstorm
|upkeep
|turn|21
|inactive|HeyYa!_Forte has 270 seconds left.
|inactive|Doc. Steel has 210 seconds left.
|
|t:|1727904207
|switch|p1a: Suicune|Suicune|100/100
|switch|p2a: Metagross|Metagross|100/100
|
|-weather|Sandstorm|[upkeep]
|-damage|p1a: Suicune|94/100|[from] Sandstorm
|-heal|p1a: Suicune|100/100|[from] item: Leftovers
|upkeep
|turn|22
|inactive|Doc. Steel has 210 seconds left.
|
|t:|1727904221
|switch|p2a: Blissey|Blissey, F|100/100
|move|p1a: Suicune|Surf|p2a: Blissey
|-damage|p2a: Blissey|88/100
|
|-weather|Sandstorm|[upkeep]
|-damage|p1a: Suicune|94/100|[from] Sandstorm
|-damage|p2a: Blissey|82/100|[from] Sandstorm
|-heal|p1a: Suicune|100/100|[from] item: Leftovers
|-heal|p2a: Blissey|88/100|[from] item: Leftovers
|upkeep
|turn|23
|
|t:|1727904230
|move|p1a: Suicune|Calm Mind|p1a: Suicune
|-boost|p1a: Suicune|spa|1
|-boost|p1a: Suicune|spd|1
|move|p2a: Blissey|Seismic Toss|p1a: Suicune
|-damage|p1a: Suicune|76/100
|
|-weather|Sandstorm|[upkeep]
|-damage|p1a: Suicune|69/100|[from] Sandstorm
|-damage|p2a: Blissey|82/100|[from] Sandstorm
|-heal|p1a: Suicune|76/100|[from] item: Leftovers
|-heal|p2a: Blissey|88/100|[from] item: Leftovers
|upkeep
|turn|24
|inactive|HeyYa!_Forte has 270 seconds left.
|
|t:|1727904237
|move|p1a: Suicune|Calm Mind|p1a: Suicune
|-boost|p1a: Suicune|spa|1
|-boost|p1a: Suicune|spd|1
|move|p2a: Blissey|Seismic Toss|p1a: Suicune
|-damage|p1a: Suicune|51/100
|
|-weather|Sandstorm|[upkeep]
|-damage|p1a: Suicune|44/100|[from] Sandstorm
|-damage|p2a: Blissey|82/100|[from] Sandstorm
|-heal|p1a: Suicune|51/100|[from] item: Leftovers
|-heal|p2a: Blissey|88/100|[from] item: Leftovers
|upkeep
|turn|25
|
|t:|1727904243
|move|p1a: Suicune|Rest|p1a: Suicune
|-status|p1a: Suicune|slp|[from] move: Rest
|-heal|p1a: Suicune|100/100 slp|[silent]
|move|p2a: Blissey|Seismic Toss|p1a: Suicune
|-damage|p1a: Suicune|76/100 slp
|
|-weather|Sandstorm|[upkeep]
|-damage|p1a: Suicune|69/100 slp|[from] Sandstorm
|-damage|p2a: Blissey|82/100|[from] Sandstorm
|-heal|p1a: Suicune|76/100 slp|[from] item: Leftovers
|-heal|p2a: Blissey|88/100|[from] item: Leftovers
|upkeep
|turn|26
|
|t:|1727904245
|switch|p2a: Gyarados|Gyarados, F|100/100
|-ability|p2a: Gyarados|Intimidate|boost
|-unboost|p1a: Suicune|atk|1
|cant|p1a: Suicune|slp
|
|-weather|Sandstorm|[upkeep]
|-damage|p2a: Gyarados|94/100|[from] Sandstorm
|-damage|p1a: Suicune|69/100 slp|[from] Sandstorm
|-heal|p2a: Gyarados|100/100|[from] item: Leftovers
|-heal|p1a: Suicune|76/100 slp|[from] item: Leftovers
|upkeep
|turn|27
|
|t:|1727904253
|switch|p1a: Zapdos|Zapdos|100/100
|move|p2a: Gyarados|Dragon Dance|p2a: Gyarados
|-boost|p2a: Gyarados|atk|1
|-boost|p2a: Gyarados|spe|1
|
|-weather|Sandstorm|[upkeep]
|-damage|p2a: Gyarados|94/100|[from] Sandstorm
|-damage|p1a: Zapdos|94/100|[from] Sandstorm
|-heal|p2a: Gyarados|100/100|[from] item: Leftovers
|-heal|p1a: Zapdos|100/100|[from] item: Leftovers
|upkeep
|turn|28
|
|t:|1727904257
|switch|p2a: Blissey|Blissey, F|88/100
|move|p1a: Zapdos|Thunderbolt|p2a: Blissey
|-damage|p2a: Blissey|67/100
|
|-weather|Sandstorm|[upkeep]
|-damage|p1a: Zapdos|94/100|[from] Sandstorm
|-damage|p2a: Blissey|61/100|[from] Sandstorm
|-heal|p1a: Zapdos|100/100|[from] item: Leftovers
|-heal|p2a: Blissey|67/100|[from] item: Leftovers
|upkeep
|turn|29
|
|t:|1727904265
|switch|p1a: Suicune|Suicune|76/100 slp
|move|p2a: Blissey|Soft-Boiled|p2a: Blissey
|-heal|p2a: Blissey|100/100
|
|-weather|Sandstorm|[upkeep]
|-damage|p1a: Suicune|69/100 slp|[from] Sandstorm
|-damage|p2a: Blissey|94/100|[from] Sandstorm
|-heal|p1a: Suicune|76/100 slp|[from] item: Leftovers
|-heal|p2a: Blissey|100/100|[from] item: Leftovers
|upkeep
|turn|30
|inactive|Doc. Steel has 270 seconds left.
|
|t:|1727904275
|switch|p2a: Gyarados|Gyarados, F|100/100
|-ability|p2a: Gyarados|Intimidate|boost
|-unboost|p1a: Suicune|atk|1
|cant|p1a: Suicune|slp
|
|-weather|Sandstorm|[upkeep]
|-damage|p2a: Gyarados|94/100|[from] Sandstorm
|-damage|p1a: Suicune|69/100 slp|[from] Sandstorm
|-heal|p2a: Gyarados|100/100|[from] item: Leftovers
|-heal|p1a: Suicune|76/100 slp|[from] item: Leftovers
|upkeep
|turn|31
|
|t:|1727904284
|switch|p1a: Zapdos|Zapdos|100/100
|move|p2a: Gyarados|Double-Edge|p1a: Zapdos
|-damage|p1a: Zapdos|42/100
|-damage|p2a: Gyarados|83/100|[from] Recoil|[of] p1a: Zapdos
|
|-weather|Sandstorm|[upkeep]
|-damage|p1a: Zapdos|36/100|[from] Sandstorm
|-damage|p2a: Gyarados|77/100|[from] Sandstorm
|-heal|p1a: Zapdos|42/100|[from] item: Leftovers
|-heal|p2a: Gyarados|83/100|[from] item: Leftovers
|upkeep
|turn|32
|
|t:|1727904290
|switch|p2a: Blissey|Blissey, F|100/100
|move|p1a: Zapdos|Baton Pass|p1a: Zapdos
|
|t:|1727904293
|switch|p1a: Medicham|Medicham, F|76/100|[from] Baton Pass
|
|-weather|Sandstorm|[upkeep]
|-damage|p1a: Medicham|70/100|[from] Sandstorm
|-damage|p2a: Blissey|94/100|[from] Sandstorm
|-heal|p2a: Blissey|100/100|[from] item: Leftovers
|upkeep
|turn|33
|
|t:|1727904307
|move|p1a: Medicham|Brick Break|p2a: Blissey
|-supereffective|p2a: Blissey
|-damage|p2a: Blissey|0 fnt
|faint|p2a: Blissey
|
|t:|1727904313
|switch|p2a: Gyarados|Gyarados, F|83/100
|-ability|p2a: Gyarados|Intimidate|boost
|-unboost|p1a: Medicham|atk|1
|
|-weather|Sandstorm|[upkeep]
|-damage|p1a: Medicham|64/100|[from] Sandstorm
|-damage|p2a: Gyarados|77/100|[from] Sandstorm
|-heal|p2a: Gyarados|83/100|[from] item: Leftovers
|upkeep
|turn|34
|
|t:|1727904336
|switch|p1a: Suicune|Suicune|76/100 slp
|move|p2a: Gyarados|Dragon Dance|p2a: Gyarados
|-boost|p2a: Gyarados|atk|1
|-boost|p2a: Gyarados|spe|1
|
|-weather|Sandstorm|[upkeep]
|-damage|p2a: Gyarados|77/100|[from] Sandstorm
|-damage|p1a: Suicune|69/100 slp|[from] Sandstorm
|-heal|p2a: Gyarados|83/100|[from] item: Leftovers
|-heal|p1a: Suicune|76/100 slp|[from] item: Leftovers
|upkeep
|turn|35
|
|t:|1727904363
|move|p2a: Gyarados|Earthquake|p1a: Suicune
|-damage|p1a: Suicune|46/100 slp
|-curestatus|p1a: Suicune|slp|[msg]
|move|p1a: Suicune|Roar|p2a: Gyarados
|drag|p2a: Tyranitar|Tyranitar, M|100/100 par
|
|-weather|Sandstorm|[upkeep]
|-damage|p1a: Suicune|40/100|[from] Sandstorm
|-heal|p1a: Suicune|46/100|[from] item: Leftovers
|upkeep
|turn|36
|inactive|Doc. Steel has 270 seconds left.
|
|t:|1727904385
|move|p1a: Suicune|Calm Mind|p1a: Suicune
|-boost|p1a: Suicune|spa|1
|-boost|p1a: Suicune|spd|1
|cant|p2a: Tyranitar|par
|
|-weather|Sandstorm|[upkeep]
|-damage|p1a: Suicune|40/100|[from] Sandstorm
|-heal|p1a: Suicune|46/100|[from] item: Leftovers
|upkeep
|turn|37
|inactive|Doc. Steel has 270 seconds left.
|
|t:|1727904393
|switch|p2a: Metagross|Metagross|100/100
|move|p1a: Suicune|Surf|p2a: Metagross
|-damage|p2a: Metagross|56/100
|
|-weather|Sandstorm|[upkeep]
|-damage|p1a: Suicune|40/100|[from] Sandstorm
|-heal|p1a: Suicune|46/100|[from] item: Leftovers
|-heal|p2a: Metagross|62/100|[from] item: Leftovers
|upkeep
|turn|38
|inactive|Doc. Steel has 270 seconds left.
|
|t:|1727904407
|switch|p1a: Blissey|Blissey, F|40/100
|move|p2a: Metagross|Earthquake|p1a: Blissey
|-damage|p1a: Blissey|8/100
|
|-weather|Sandstorm|[upkeep]
|-damage|p1a: Blissey|2/100|[from] Sandstorm
|-heal|p2a: Metagross|68/100|[from] item: Leftovers
|-heal|p1a: Blissey|8/100|[from] item: Leftovers
|upkeep
|turn|39
|inactive|Doc. Steel has 270 seconds left.
|
|t:|1727904444
|move|p2a: Metagross|Meteor Mash|p1a: Blissey
|-crit|p1a: Blissey
|-damage|p1a: Blissey|0 fnt
|faint|p1a: Blissey
|inactive|HeyYa!_Forte has 270 seconds left.
|
|t:|1727904471
|switch|p1a: Suicune|Suicune|46/100
|
|-weather|Sandstorm|[upkeep]
|-damage|p1a: Suicune|40/100|[from] Sandstorm
|-heal|p1a: Suicune|46/100|[from] item: Leftovers
|-heal|p2a: Metagross|74/100|[from] item: Leftovers
|upkeep
|turn|40
|inactive|Doc. Steel has 270 seconds left.
|
|t:|1727904504
|move|p1a: Suicune|Rest|p1a: Suicune
|-status|p1a: Suicune|slp|[from] move: Rest
|-heal|p1a: Suicune|100/100 slp|[silent]
|move|p2a: Metagross|Earthquake|p1a: Suicune
|-damage|p1a: Suicune|80/100 slp
|
|-weather|Sandstorm|[upkeep]
|-damage|p1a: Suicune|74/100 slp|[from] Sandstorm
|-heal|p1a: Suicune|80/100 slp|[from] item: Leftovers
|-heal|p2a: Metagross|80/100|[from] item: Leftovers
|upkeep
|turn|41
|inactive|HeyYa!_Forte has 270 seconds left.
|inactive|Doc. Steel has 240 seconds left.
|
|t:|1727904530
|cant|p1a: Suicune|slp
|move|p2a: Metagross|Meteor Mash|p1a: Suicune
|-resisted|p1a: Suicune
|-damage|p1a: Suicune|65/100 slp
|
|-weather|Sandstorm|[upkeep]
|-damage|p1a: Suicune|58/100 slp|[from] Sandstorm
|-heal|p1a: Suicune|65/100 slp|[from] item: Leftovers
|-heal|p2a: Metagross|86/100|[from] item: Leftovers
|upkeep
|turn|42
|
|t:|1727904546
|cant|p1a: Suicune|slp
|move|p2a: Metagross|Earthquake|p1a: Suicune
|-damage|p1a: Suicune|45/100 slp
|
|-weather|Sandstorm|[upkeep]
|-damage|p1a: Suicune|38/100 slp|[from] Sandstorm
|-heal|p1a: Suicune|45/100 slp|[from] item: Leftovers
|-heal|p2a: Metagross|92/100|[from] item: Leftovers
|upkeep
|turn|43
|
|t:|1727904553
|-curestatus|p1a: Suicune|slp|[msg]
|move|p1a: Suicune|Calm Mind|p1a: Suicune
|-boost|p1a: Suicune|spa|1
|-boost|p1a: Suicune|spd|1
|move|p2a: Metagross|Explosion|p1a: Suicune
|-damage|p1a: Suicune|0 fnt
|faint|p2a: Metagross
|faint|p1a: Suicune
|
|t:|1727904557
|switch|p1a: Zapdos|Zapdos|42/100
|switch|p2a: Tyranitar|Tyranitar, M|100/100 par
|
|-weather|Sandstorm|[upkeep]
|-damage|p1a: Zapdos|36/100|[from] Sandstorm
|-heal|p1a: Zapdos|42/100|[from] item: Leftovers
|upkeep
|turn|44
|inactive|HeyYa!_Forte has 270 seconds left.
|
|t:|1727904594
|move|p1a: Zapdos|Thunderbolt|p2a: Tyranitar
|-damage|p2a: Tyranitar|53/100 par
|move|p2a: Tyranitar|Ice Beam|p1a: Zapdos
|-supereffective|p1a: Zapdos
|-damage|p1a: Zapdos|0 fnt
|faint|p1a: Zapdos
|inactive|HeyYa!_Forte has 240 seconds left.
|inactive|HeyYa!_Forte has 210 seconds left.
|
|t:|1727904643
|switch|p1a: Medicham|Medicham, F|64/100
|
|-weather|Sandstorm|[upkeep]
|-damage|p1a: Medicham|58/100|[from] Sandstorm
|upkeep
|turn|45
|
|t:|1727904649
|move|p1a: Medicham|Rock Slide|p2a: Tyranitar
|-damage|p2a: Tyranitar|7/100 par
|move|p2a: Tyranitar|Ice Beam|p1a: Medicham
|-damage|p1a: Medicham|12/100
|
|-weather|Sandstorm|[upkeep]
|-damage|p1a: Medicham|5/100|[from] Sandstorm
|upkeep
|turn|46
|inactive|Doc. Steel has 270 seconds left.
|
|t:|1727904658
|move|p1a: Medicham|Rock Slide|p2a: Tyranitar
|-damage|p2a: Tyranitar|0 fnt
|faint|p2a: Tyranitar
|
|t:|1727904660
|switch|p2a: Gyarados|Gyarados, F|83/100
|-ability|p2a: Gyarados|Intimidate|boost
|-unboost|p1a: Medicham|atk|1
|
|-weather|Sandstorm|[upkeep]
|-damage|p1a: Medicham|0 fnt|[from] Sandstorm
|-damage|p2a: Gyarados|77/100|[from] Sandstorm
|faint|p1a: Medicham
|-heal|p2a: Gyarados|83/100|[from] item: Leftovers
|upkeep
|
|t:|1727904662
|switch|p1a: Dugtrio|Dugtrio, M|100/100
|turn|47
|inactive|Doc. Steel has 270 seconds left.
|
|t:|1727904685
|move|p1a: Dugtrio|Rock Slide|p2a: Gyarados
|-supereffective|p2a: Gyarados
|-damage|p2a: Gyarados|19/100
|cant|p2a: Gyarados|flinch
|
|-weather|Sandstorm|[upkeep]
|-damage|p2a: Gyarados|13/100|[from] Sandstorm
|-heal|p2a: Gyarados|19/100|[from] item: Leftovers
|upkeep
|turn|48
|c|☆HeyYa!_Forte|omg
|inactive|Doc. Steel has 270 seconds left.
|c|☆HeyYa!_Forte|gg
|
|t:|1727904697
|move|p1a: Dugtrio|Rock Slide|p2a: Gyarados
|-supereffective|p2a: Gyarados
|-damage|p2a: Gyarados|0 fnt
|faint|p2a: Gyarados
|
|win|HeyYa!_Forte

</script>
<script type="application/json" class="data" id="replaydata-smogtours-gen3ou-794069">
{"id":"smogtours-gen3ou-794069","format":"[Gen 3] OU","players":["HeyYa!_Forte","Doc. Steel"],"uploadtime":1727904697,"views":99,"formatid":"gen3ou","rating":null,"private":0,"password":null}
</script>

<script defer src="js/replays.js?9d40a366"></script>
