<!DOCTYPE html>
<meta charset="utf-8" />
<meta name="viewport" content="width=device-width" />

<title>[Gen 3] OU: JoeFlint vs. bdicap - Replays - Pok&eacute;mon Showdown!</title>

<meta name="description" content="Watch a replay of a Pok&eacute;mon battle between JoeFlint and bdicap! Format: [Gen 3] OU; Date: Oct 14, 2024" />
<!--

Hey, you! Looking in the source for the replay log?

You can find them in JSON format, just add `.json` at the end of a replay URL.

https://replay.pokemonshowdown.com/gen7randomdoublesbattle-865046831.json

Or, if you only need the log itself, add `.log` instead:

https://replay.pokemonshowdown.com/gen7randomdoublesbattle-865046831.log

-->

<link rel="stylesheet" href="//pokemonshowdown.com/style/global.css?0.023195364461161105" />
<link rel="stylesheet" href="//play.pokemonshowdown.com/style/font-awesome.css?0.13261647063804238" />
<link rel="stylesheet" href="//play.pokemonshowdown.com/style/battle.css?0.8753245789963631" />
<link rel="stylesheet" href="//play.pokemonshowdown.com/style/utilichart.css?0.8627959624976733" />

<!-- Global site tag (gtag.js) - Google Analytics -->
<script async src="https://www.googletagmanager.com/gtag/js?id=UA-26211653-1"></script>
<script>
  window.dataLayer = window.dataLayer || [];
  function gtag(){dataLayer.push(arguments);}
  gtag('js', new Date());

  gtag('config', 'UA-26211653-1');
</script>
<!-- End Google Analytics -->
<!-- Venatus Ad Manager - Install in <HEAD> of page -->
	<script src="https://hb.vntsm.com/v3/live/ad-manager.min.js" type="text/javascript" data-site-id="642aba63ec9a7b11c3c9c1be" data-mode="scan" async></script>
<!-- / Venatus Ad Manager -->

<style>
	@media (max-width:820px) {
		.battle {
			margin: 0 auto;
		}
		.battle-log {
			margin: 7px auto 0;
			max-width: 640px;
			height: 300px;
			position: static;
		}
	}
	.optgroup {
		display: inline-block;
		line-height: 22px;
		font-size: 10pt;
	}
	.optgroup .button {
		height: 25px;
		padding-top: 0;
		padding-bottom: 0;
	}
	.optgroup button.button {
		padding-left: 12px;
		padding-right: 12px;
	}
	.linklist {
		list-style: none;
		margin: 0.5em 0;
		padding: 0;
	}
	.linklist li {
		padding: 2px 0;
	}
	.sidebar {
		float: left;
		width: 320px;
	}
	.bar-wrapper {
		max-width: 1100px;
		margin: 0 auto;
	}
	.bar-wrapper.has-sidebar {
		max-width: 1430px;
	}
	.mainbar {
		margin: 0;
		padding-right: 1px;
	}
	.mainbar.has-sidebar {
		margin-left: 330px;
	}
	@media (min-width: 1511px) {
		.sidebar {
			width: 400px;
		}
		.bar-wrapper.has-sidebar {
			max-width: 1510px;
		}
		.mainbar.has-sidebar {
			margin-left: 410px;
		}
	}
	.section.first-section {
		margin-top: 9px;
	}
	.blocklink small {
		white-space: normal;
	}
	.button {
		vertical-align: middle;
	}
	.replay-controls {
		padding-top: 10px;
	}
	.replay-controls h1 {
		font-size: 16pt;
		font-weight: normal;
		color: #CCC;
	}
	.pagelink {
		text-align: center;
	}
	.pagelink a {
		width: 150px;
	}
	.textbox, .button {
		font-size: 11pt;
		vertical-align: middle;
	}
	@media (max-width: 450px) {
		.button {
			font-size: 9pt;
		}
	}
</style>

<div>

	<header>
		<div class="nav-wrapper"><ul class="nav">
			<li><a class="button nav-first" href="//pokemonshowdown.com/"><img src="//pokemonshowdown.com/images/pokemonshowdownbeta.png" srcset="//pokemonshowdown.com/images/pokemonshowdownbeta.png 1x, //pokemonshowdown.com/images/pokemonshowdownbeta@2x.png 2x" alt="Pok&eacute;mon Showdown" width="146" height="44" /> Home</a></li>
			<li><a class="button" href="//pokemonshowdown.com/dex/">Pok&eacute;dex</a></li>
			<li><a class="button cur" href="/">Replays</a></li>
			<li><a class="button" href="//pokemonshowdown.com/ladder/">Ladder</a></li>
			<li><a class="button nav-last" href="//pokemonshowdown.com/forums/">Forum</a></li>
			<li><a class="button greenbutton nav-first nav-last" href="//play.pokemonshowdown.com/">Play</a></li>
		</ul></div>
	</header>

	<div class="main" id="main">

		<noscript><section class="section">You need to enable JavaScript to use this page; sorry!</section></noscript>

	</div>

</div>

<script defer nomodule src="//play.pokemonshowdown.com/js/lib/ps-polyfill.js"></script>
<script defer src="//play.pokemonshowdown.com/js/lib/preact.min.js"></script>

<script defer src="//play.pokemonshowdown.com/config/config.js?2bddbc15"></script>
<script defer src="//play.pokemonshowdown.com/js/lib/jquery-1.11.0.min.js"></script>
<script defer src="//play.pokemonshowdown.com/js/lib/html-sanitizer-minified.js"></script>
<script defer src="//play.pokemonshowdown.com/js/battle-sound.js"></script>
<script defer src="//play.pokemonshowdown.com/js/battledata.js?0.7209276989879541"></script>
<script defer src="//play.pokemonshowdown.com/data/pokedex-mini.js?0.6111056340867951"></script>
<script defer src="//play.pokemonshowdown.com/data/pokedex-mini-bw.js?0.3532142036491459"></script>
<script defer src="//play.pokemonshowdown.com/data/graphics.js?0.24223875632456182"></script>
<script defer src="//play.pokemonshowdown.com/data/pokedex.js?0.38839984266356864"></script>
<script defer src="//play.pokemonshowdown.com/data/moves.js?0.21866028504024015"></script>
<script defer src="//play.pokemonshowdown.com/data/abilities.js?0.2005157953846628"></script>
<script defer src="//play.pokemonshowdown.com/data/items.js?0.9894211263848525"></script>
<script defer src="//play.pokemonshowdown.com/data/teambuilder-tables.js?0.6008791140282215"></script>
<script defer src="//play.pokemonshowdown.com/js/battle-tooltips.js?0.7580118955022959"></script>
<script defer src="//play.pokemonshowdown.com/js/battle.js?0.6057722274234274"></script>

<script defer src="js/utils.js?e31f9a17"></script>
<script defer src="js/replays-battle.js?7008c182"></script>

<!-- don't scrape this data! just add .json or .log after the URL!
Full API docs: https://github.com/smogon/pokemon-showdown-client/blob/master/WEB-API.md -->
<script type="text/plain" class="log" id="replaylog-smogtours-gen3ou-798552">
|inactive|Battle timer is ON: inactive players will automatically lose when time's up.
|t:|1728866561
|gametype|singles
|player|p1|JoeFlint|1|
|player|p2|bdicap|1|
|teamsize|p1|6
|teamsize|p2|6
|gen|3
|tier|[Gen 3] OU
|rule|Sleep Clause Mod: Limit one foe put to sleep
|rule|Switch Priority Clause Mod: Faster Pokémon switch first
|rule|Species Clause: Limit one of each Pokémon
|rule|OHKO Clause: OHKO moves are banned
|rule|Evasion Items Clause: Evasion items are banned
|rule|Evasion Moves Clause: Evasion moves are banned
|rule|Endless Battle Clause: Forcing endless battles is banned
|rule|HP Percentage Mod: HP is shown in percentages
|rule|One Boost Passer Clause: Limit one Baton Passer that has a way to boost its stats
|rule|Freeze Clause Mod: Limit one foe frozen
|
|t:|1728866561
|start
|switch|p1a: Zapdos|Zapdos|100/100
|switch|p2a: Tyranitar|Tyranitar, M|100/100
|-weather|Sandstorm|[from] ability: Sand Stream|[of] p2a: Tyranitar
|turn|1
|
|t:|1728866573
|move|p1a: Zapdos|Baton Pass|p1a: Zapdos
|
|t:|1728866583
|switch|p1a: Metagross|Metagross|100/100|[from] Baton Pass
|move|p2a: Tyranitar|Rock Slide|p1a: Metagross
|-resisted|p1a: Metagross
|-damage|p1a: Metagross|88/100
|
|-weather|Sandstorm|[upkeep]
|-heal|p1a: Metagross|94/100|[from] item: Leftovers
|upkeep
|turn|2
|
|t:|1728866597
|switch|p2a: Milotic|Milotic, F|100/100
|move|p1a: Metagross|Meteor Mash|p2a: Milotic
|-resisted|p2a: Milotic
|-damage|p2a: Milotic|83/100
|
|-weather|Sandstorm|[upkeep]
|-damage|p2a: Milotic|77/100|[from] Sandstorm
|-heal|p2a: Milotic|83/100|[from] item: Leftovers
|-heal|p1a: Metagross|100/100|[from] item: Leftovers
|upkeep
|turn|3
|
|t:|1728866603
|switch|p1a: Zapdos|Zapdos|100/100
|move|p2a: Milotic|Surf|p1a: Zapdos
|-damage|p1a: Zapdos|64/100
|
|-weather|Sandstorm|[upkeep]
|-damage|p1a: Zapdos|58/100|[from] Sandstorm
|-damage|p2a: Milotic|77/100|[from] Sandstorm
|-heal|p1a: Zapdos|64/100|[from] item: Leftovers
|-heal|p2a: Milotic|83/100|[from] item: Leftovers
|upkeep
|turn|4
|
|t:|1728866619
|switch|p2a: Blissey|Blissey, F|100/100
|move|p1a: Zapdos|Thunderbolt|p2a: Blissey
|-damage|p2a: Blissey|80/100
|
|-weather|Sandstorm|[upkeep]
|-damage|p1a: Zapdos|58/100|[from] Sandstorm
|-damage|p2a: Blissey|74/100|[from] Sandstorm
|-heal|p1a: Zapdos|64/100|[from] item: Leftovers
|-heal|p2a: Blissey|80/100|[from] item: Leftovers
|upkeep
|turn|5
|
|t:|1728866625
|move|p1a: Zapdos|Substitute|p1a: Zapdos
|-start|p1a: Zapdos|Substitute
|-damage|p1a: Zapdos|39/100
|move|p2a: Blissey|Thunder Wave||[still]
|-fail|p2a: Blissey
|
|-weather|Sandstorm|[upkeep]
|-damage|p1a: Zapdos|33/100|[from] Sandstorm
|-damage|p2a: Blissey|74/100|[from] Sandstorm
|-heal|p1a: Zapdos|39/100|[from] item: Leftovers
|-heal|p2a: Blissey|80/100|[from] item: Leftovers
|upkeep
|turn|6
|
|t:|1728866630
|move|p1a: Zapdos|Baton Pass|p1a: Zapdos
|
|t:|1728866632
|switch|p1a: Hariyama|Hariyama, F|100/100|[from] Baton Pass
|move|p2a: Blissey|Seismic Toss|p1a: Hariyama
|-end|p1a: Hariyama|Substitute
|
|-weather|Sandstorm|[upkeep]
|-damage|p2a: Blissey|74/100|[from] Sandstorm
|-damage|p1a: Hariyama|94/100|[from] Sandstorm
|-heal|p2a: Blissey|80/100|[from] item: Leftovers
|-heal|p1a: Hariyama|100/100|[from] item: Leftovers
|upkeep
|turn|7
|
|t:|1728866645
|switch|p2a: Milotic|Milotic, F|83/100
|move|p1a: Hariyama|Brick Break|p2a: Milotic
|-damage|p2a: Milotic|53/100
|
|-weather|Sandstorm|[upkeep]
|-damage|p2a: Milotic|47/100|[from] Sandstorm
|-damage|p1a: Hariyama|94/100|[from] Sandstorm
|-heal|p2a: Milotic|53/100|[from] item: Leftovers
|-heal|p1a: Hariyama|100/100|[from] item: Leftovers
|upkeep
|turn|8
|
|t:|1728866659
|move|p2a: Milotic|Recover|p2a: Milotic
|-heal|p2a: Milotic|100/100
|move|p1a: Hariyama|Brick Break|p2a: Milotic
|-damage|p2a: Milotic|70/100
|
|-weather|Sandstorm|[upkeep]
|-damage|p2a: Milotic|64/100|[from] Sandstorm
|-damage|p1a: Hariyama|94/100|[from] Sandstorm
|-heal|p2a: Milotic|70/100|[from] item: Leftovers
|-heal|p1a: Hariyama|100/100|[from] item: Leftovers
|upkeep
|turn|9
|
|t:|1728866663
|move|p2a: Milotic|Recover|p2a: Milotic
|-heal|p2a: Milotic|100/100
|move|p1a: Hariyama|Brick Break|p2a: Milotic
|-damage|p2a: Milotic|68/100
|
|-weather|Sandstorm|[upkeep]
|-damage|p2a: Milotic|62/100|[from] Sandstorm
|-damage|p1a: Hariyama|94/100|[from] Sandstorm
|-heal|p2a: Milotic|68/100|[from] item: Leftovers
|-heal|p1a: Hariyama|100/100|[from] item: Leftovers
|upkeep
|turn|10
|
|t:|1728866670
|move|p2a: Milotic|Recover|p2a: Milotic
|-heal|p2a: Milotic|100/100
|move|p1a: Hariyama|Brick Break|p2a: Milotic
|-damage|p2a: Milotic|69/100
|
|-weather|Sandstorm|[upkeep]
|-damage|p2a: Milotic|63/100|[from] Sandstorm
|-damage|p1a: Hariyama|94/100|[from] Sandstorm
|-heal|p2a: Milotic|69/100|[from] item: Leftovers
|-heal|p1a: Hariyama|100/100|[from] item: Leftovers
|upkeep
|turn|11
|
|t:|1728866676
|-singleturn|p1a: Hariyama|move: Focus Punch
|move|p2a: Milotic|Surf|p1a: Hariyama
|-damage|p1a: Hariyama|68/100
|move|p1a: Hariyama|Focus Punch||[still]
|cant|p1a: Hariyama|Focus Punch|Focus Punch
|
|-weather|Sandstorm|[upkeep]
|-damage|p2a: Milotic|63/100|[from] Sandstorm
|-damage|p1a: Hariyama|62/100|[from] Sandstorm
|-heal|p2a: Milotic|69/100|[from] item: Leftovers
|-heal|p1a: Hariyama|68/100|[from] item: Leftovers
|upkeep
|turn|12
|
|t:|1728866682
|move|p2a: Milotic|Surf|p1a: Hariyama
|-damage|p1a: Hariyama|35/100
|move|p1a: Hariyama|Brick Break|p2a: Milotic
|-damage|p2a: Milotic|38/100
|
|-weather|Sandstorm|[upkeep]
|-damage|p2a: Milotic|32/100|[from] Sandstorm
|-damage|p1a: Hariyama|29/100|[from] Sandstorm
|-heal|p2a: Milotic|38/100|[from] item: Leftovers
|-heal|p1a: Hariyama|35/100|[from] item: Leftovers
|upkeep
|turn|13
|
|t:|1728866685
|switch|p1a: Blissey|Blissey, F|100/100
|move|p2a: Milotic|Recover|p2a: Milotic
|-heal|p2a: Milotic|88/100
|
|-weather|Sandstorm|[upkeep]
|-damage|p2a: Milotic|82/100|[from] Sandstorm
|-damage|p1a: Blissey|94/100|[from] Sandstorm
|-heal|p2a: Milotic|88/100|[from] item: Leftovers
|-heal|p1a: Blissey|100/100|[from] item: Leftovers
|upkeep
|turn|14
|
|t:|1728866699
|move|p2a: Milotic|Toxic|p1a: Blissey
|-status|p1a: Blissey|tox
|move|p1a: Blissey|Wish|p1a: Blissey
|
|-weather|Sandstorm|[upkeep]
|-damage|p2a: Milotic|82/100|[from] Sandstorm
|-damage|p1a: Blissey|94/100 tox|[from] Sandstorm
|-heal|p2a: Milotic|88/100|[from] item: Leftovers
|-heal|p1a: Blissey|100/100 tox|[from] item: Leftovers
|-damage|p1a: Blissey|94/100 tox|[from] psn
|upkeep
|turn|15
|
|t:|1728866712
|-curestatus|p1a: Blissey|tox|[from] ability: Natural Cure
|switch|p1a: Zapdos|Zapdos|39/100
|move|p2a: Milotic|Surf|p1a: Zapdos
|-damage|p1a: Zapdos|2/100
|
|-heal|p1a: Zapdos|52/100|[from] move: Wish|[wisher] Blissey
|-weather|Sandstorm|[upkeep]
|-damage|p1a: Zapdos|46/100|[from] Sandstorm
|-damage|p2a: Milotic|82/100|[from] Sandstorm
|-heal|p1a: Zapdos|52/100|[from] item: Leftovers
|-heal|p2a: Milotic|88/100|[from] item: Leftovers
|upkeep
|turn|16
|
|t:|1728866716
|move|p1a: Zapdos|Thunderbolt|p2a: Milotic
|-supereffective|p2a: Milotic
|-damage|p2a: Milotic|21/100
|move|p2a: Milotic|Surf|p1a: Zapdos
|-damage|p1a: Zapdos|13/100
|
|-weather|Sandstorm|[upkeep]
|-damage|p1a: Zapdos|6/100|[from] Sandstorm
|-damage|p2a: Milotic|15/100|[from] Sandstorm
|-heal|p1a: Zapdos|13/100|[from] item: Leftovers
|-heal|p2a: Milotic|21/100|[from] item: Leftovers
|upkeep
|turn|17
|
|t:|1728866729
|switch|p2a: Claydol|Claydol|100/100
|move|p1a: Zapdos|Thunderbolt|p2a: Claydol
|-immune|p2a: Claydol
|
|-weather|Sandstorm|[upkeep]
|-damage|p1a: Zapdos|6/100|[from] Sandstorm
|-heal|p1a: Zapdos|13/100|[from] item: Leftovers
|upkeep
|turn|18
|
|t:|1728866737
|move|p1a: Zapdos|Baton Pass|p1a: Zapdos
|
|t:|1728866738
|switch|p1a: Tyranitar|Tyranitar, M|100/100|[from] Baton Pass
|move|p2a: Claydol|Psychic|p1a: Tyranitar
|-immune|p1a: Tyranitar
|
|-weather|Sandstorm|[upkeep]
|upkeep
|turn|19
|
|t:|1728866755
|switch|p2a: Blissey|Blissey, F|80/100
|move|p1a: Tyranitar|Hidden Power|p2a: Blissey
|-damage|p2a: Blissey|71/100
|
|-weather|Sandstorm|[upkeep]
|-damage|p2a: Blissey|65/100|[from] Sandstorm
|-heal|p2a: Blissey|71/100|[from] item: Leftovers
|upkeep
|turn|20
|
|t:|1728866762
|-singleturn|p1a: Tyranitar|move: Focus Punch
|move|p2a: Blissey|Thunder Wave|p1a: Tyranitar
|-status|p1a: Tyranitar|par
|cant|p1a: Tyranitar|par
|
|-weather|Sandstorm|[upkeep]
|-damage|p2a: Blissey|65/100|[from] Sandstorm
|-heal|p2a: Blissey|71/100|[from] item: Leftovers
|upkeep
|turn|21
|
|t:|1728866774
|move|p2a: Blissey|Seismic Toss|p1a: Tyranitar
|-damage|p1a: Tyranitar|71/100 par
|cant|p1a: Tyranitar|par
|
|-weather|Sandstorm|[upkeep]
|-damage|p2a: Blissey|65/100|[from] Sandstorm
|-heal|p2a: Blissey|71/100|[from] item: Leftovers
|-heal|p1a: Tyranitar|77/100 par|[from] item: Leftovers
|upkeep
|turn|22
|
|t:|1728866782
|move|p2a: Blissey|Seismic Toss|p1a: Tyranitar
|-damage|p1a: Tyranitar|48/100 par
|cant|p1a: Tyranitar|par
|
|-weather|Sandstorm|[upkeep]
|-damage|p2a: Blissey|65/100|[from] Sandstorm
|-heal|p2a: Blissey|71/100|[from] item: Leftovers
|-heal|p1a: Tyranitar|54/100 par|[from] item: Leftovers
|upkeep
|turn|23
|
|t:|1728866795
|-singleturn|p1a: Tyranitar|move: Focus Punch
|move|p2a: Blissey|Seismic Toss|p1a: Tyranitar
|-damage|p1a: Tyranitar|25/100 par
|cant|p1a: Tyranitar|par
|
|-weather|Sandstorm|[upkeep]
|-damage|p2a: Blissey|65/100|[from] Sandstorm
|-heal|p2a: Blissey|71/100|[from] item: Leftovers
|-heal|p1a: Tyranitar|31/100 par|[from] item: Leftovers
|upkeep
|turn|24
|
|t:|1728866800
|switch|p1a: Metagross|Metagross|100/100
|move|p2a: Blissey|Seismic Toss|p1a: Metagross
|-damage|p1a: Metagross|73/100
|
|-weather|Sandstorm|[upkeep]
|-damage|p2a: Blissey|65/100|[from] Sandstorm
|-heal|p1a: Metagross|79/100|[from] item: Leftovers
|-heal|p2a: Blissey|71/100|[from] item: Leftovers
|upkeep
|turn|25
|
|t:|1728866806
|switch|p2a: Claydol|Claydol|100/100
|move|p1a: Metagross|Meteor Mash|p2a: Claydol
|-damage|p2a: Claydol|54/100
|
|-weather|Sandstorm|[upkeep]
|-heal|p2a: Claydol|60/100|[from] item: Leftovers
|-heal|p1a: Metagross|85/100|[from] item: Leftovers
|upkeep
|turn|26
|
|t:|1728866812
|move|p1a: Metagross|Protect|p1a: Metagross
|-singleturn|p1a: Metagross|Protect
|move|p2a: Claydol|Earthquake|p1a: Metagross
|-activate|p1a: Metagross|Protect
|
|-weather|Sandstorm|[upkeep]
|-heal|p2a: Claydol|66/100|[from] item: Leftovers
|-heal|p1a: Metagross|91/100|[from] item: Leftovers
|upkeep
|turn|27
|
|t:|1728866817
|move|p2a: Claydol|Psychic|p1a: Metagross
|-resisted|p1a: Metagross
|-damage|p1a: Metagross|86/100
|move|p1a: Metagross|Meteor Mash|p2a: Claydol
|-damage|p2a: Claydol|23/100
|-boost|p1a: Metagross|atk|1
|
|-weather|Sandstorm|[upkeep]
|-heal|p2a: Claydol|29/100|[from] item: Leftovers
|-heal|p1a: Metagross|92/100|[from] item: Leftovers
|upkeep
|turn|28
|
|t:|1728866821
|move|p2a: Claydol|Earthquake|p1a: Metagross
|-supereffective|p1a: Metagross
|-damage|p1a: Metagross|47/100
|move|p1a: Metagross|Meteor Mash|p2a: Claydol
|-crit|p2a: Claydol
|-damage|p2a: Claydol|0 fnt
|faint|p2a: Claydol
|
|t:|1728866823
|switch|p2a: Dugtrio|Dugtrio, M|100/100
|
|-weather|Sandstorm|[upkeep]
|-heal|p1a: Metagross|54/100|[from] item: Leftovers
|upkeep
|turn|29
|
|t:|1728866826
|move|p1a: Metagross|Protect|p1a: Metagross
|-singleturn|p1a: Metagross|Protect
|move|p2a: Dugtrio|Earthquake|p1a: Metagross
|-activate|p1a: Metagross|Protect
|
|-weather|Sandstorm|[upkeep]
|-heal|p1a: Metagross|60/100|[from] item: Leftovers
|upkeep
|turn|30
|
|t:|1728866842
|move|p2a: Dugtrio|Earthquake|p1a: Metagross
|-supereffective|p1a: Metagross
|-damage|p1a: Metagross|0 fnt
|faint|p1a: Metagross
|
|t:|1728866847
|switch|p1a: Starmie|Starmie|100/100
|
|-weather|Sandstorm|[upkeep]
|-damage|p1a: Starmie|94/100|[from] Sandstorm
|-heal|p1a: Starmie|100/100|[from] item: Leftovers
|upkeep
|turn|31
|
|t:|1728866857
|switch|p2a: Blissey|Blissey, F|71/100
|move|p1a: Starmie|Surf|p2a: Blissey
|-damage|p2a: Blissey|57/100
|
|-weather|Sandstorm|[upkeep]
|-damage|p1a: Starmie|94/100|[from] Sandstorm
|-damage|p2a: Blissey|51/100|[from] Sandstorm
|-heal|p1a: Starmie|100/100|[from] item: Leftovers
|-heal|p2a: Blissey|57/100|[from] item: Leftovers
|upkeep
|turn|32
|
|t:|1728866860
|move|p1a: Starmie|Thunder Wave|p2a: Blissey
|-status|p2a: Blissey|par
|cant|p2a: Blissey|par
|
|-weather|Sandstorm|[upkeep]
|-damage|p1a: Starmie|94/100|[from] Sandstorm
|-damage|p2a: Blissey|51/100 par|[from] Sandstorm
|-heal|p1a: Starmie|100/100|[from] item: Leftovers
|-heal|p2a: Blissey|57/100 par|[from] item: Leftovers
|upkeep
|turn|33
|
|t:|1728866863
|switch|p1a: Blissey|Blissey, F|94/100
|cant|p2a: Blissey|par
|
|-weather|Sandstorm|[upkeep]
|-damage|p1a: Blissey|88/100|[from] Sandstorm
|-damage|p2a: Blissey|51/100 par|[from] Sandstorm
|-heal|p1a: Blissey|94/100|[from] item: Leftovers
|-heal|p2a: Blissey|57/100 par|[from] item: Leftovers
|upkeep
|turn|34
|
|t:|1728866866
|move|p1a: Blissey|Wish|p1a: Blissey
|move|p2a: Blissey|Soft-Boiled|p2a: Blissey
|-heal|p2a: Blissey|100/100 par
|
|-weather|Sandstorm|[upkeep]
|-damage|p1a: Blissey|88/100|[from] Sandstorm
|-damage|p2a: Blissey|94/100 par|[from] Sandstorm
|-heal|p1a: Blissey|94/100|[from] item: Leftovers
|-heal|p2a: Blissey|100/100 par|[from] item: Leftovers
|upkeep
|turn|35
|
|t:|1728866872
|switch|p1a: Hariyama|Hariyama, F|35/100
|move|p2a: Blissey|Seismic Toss|p1a: Hariyama
|-damage|p1a: Hariyama|11/100
|
|-heal|p1a: Hariyama|61/100|[from] move: Wish|[wisher] Blissey
|-weather|Sandstorm|[upkeep]
|-damage|p1a: Hariyama|55/100|[from] Sandstorm
|-damage|p2a: Blissey|94/100 par|[from] Sandstorm
|-heal|p1a: Hariyama|61/100|[from] item: Leftovers
|-heal|p2a: Blissey|100/100 par|[from] item: Leftovers
|upkeep
|turn|36
|
|t:|1728866885
|-curestatus|p2a: Blissey|par|[from] ability: Natural Cure
|switch|p2a: Skarmory|Skarmory, F|100/100
|move|p1a: Hariyama|Brick Break|p2a: Skarmory
|-damage|p2a: Skarmory|68/100
|
|-weather|Sandstorm|[upkeep]
|-damage|p1a: Hariyama|55/100|[from] Sandstorm
|-heal|p2a: Skarmory|74/100|[from] item: Leftovers
|-heal|p1a: Hariyama|61/100|[from] item: Leftovers
|upkeep
|turn|37
|inactive|bdicap has 270 seconds left.
|
|t:|1728866931
|switch|p1a: Tyranitar|Tyranitar, M|31/100 par
|move|p2a: Skarmory|Drill Peck|p1a: Tyranitar
|-resisted|p1a: Tyranitar
|-damage|p1a: Tyranitar|20/100 par
|
|-weather|Sandstorm|[upkeep]
|-heal|p2a: Skarmory|80/100|[from] item: Leftovers
|-heal|p1a: Tyranitar|26/100 par|[from] item: Leftovers
|upkeep
|turn|38
|inactive|bdicap has 270 seconds left.
|
|t:|1728866946
|switch|p2a: Dugtrio|Dugtrio, M|100/100
|cant|p1a: Tyranitar|par
|
|-weather|Sandstorm|[upkeep]
|-heal|p1a: Tyranitar|32/100 par|[from] item: Leftovers
|upkeep
|turn|39
|inactive|JoeFlint has 270 seconds left.
|c|☆JoeFlint|Lmao this tar
|
|t:|1728866974
|move|p2a: Dugtrio|Earthquake|p1a: Tyranitar
|-supereffective|p1a: Tyranitar
|-damage|p1a: Tyranitar|0 fnt
|faint|p1a: Tyranitar
|
|t:|1728866977
|switch|p1a: Starmie|Starmie|100/100
|
|-weather|Sandstorm|[upkeep]
|-damage|p1a: Starmie|94/100|[from] Sandstorm
|-heal|p1a: Starmie|100/100|[from] item: Leftovers
|upkeep
|turn|40
|inactive|bdicap has 270 seconds left.
|
|t:|1728866995
|switch|p2a: Milotic|Milotic, F|21/100
|move|p1a: Starmie|Surf|p2a: Milotic
|-resisted|p2a: Milotic
|-damage|p2a: Milotic|10/100
|
|-weather|Sandstorm|[upkeep]
|-damage|p1a: Starmie|94/100|[from] Sandstorm
|-damage|p2a: Milotic|4/100|[from] Sandstorm
|-heal|p1a: Starmie|100/100|[from] item: Leftovers
|-heal|p2a: Milotic|10/100|[from] item: Leftovers
|upkeep
|turn|41
|
|t:|1728867003
|move|p1a: Starmie|Surf|p2a: Milotic
|-resisted|p2a: Milotic
|-damage|p2a: Milotic|0 fnt
|faint|p2a: Milotic
|
|t:|1728867030
|switch|p2a: Tyranitar|Tyranitar, M|100/100
|
|-weather|Sandstorm|[upkeep]
|-damage|p1a: Starmie|94/100|[from] Sandstorm
|-heal|p1a: Starmie|100/100|[from] item: Leftovers
|upkeep
|turn|42
|
|t:|1728867036
|move|p1a: Starmie|Thunder Wave|p2a: Tyranitar
|-status|p2a: Tyranitar|par
|move|p2a: Tyranitar|Rock Slide|p1a: Starmie
|-damage|p1a: Starmie|53/100
|
|-weather|Sandstorm|[upkeep]
|-damage|p1a: Starmie|47/100|[from] Sandstorm
|-heal|p1a: Starmie|53/100|[from] item: Leftovers
|upkeep
|turn|43
|
|t:|1728867045
|move|p1a: Starmie|Recover|p1a: Starmie
|-heal|p1a: Starmie|100/100
|move|p2a: Tyranitar|Rock Slide|p1a: Starmie
|-damage|p1a: Starmie|51/100
|
|-weather|Sandstorm|[upkeep]
|-damage|p1a: Starmie|45/100|[from] Sandstorm
|-heal|p1a: Starmie|51/100|[from] item: Leftovers
|upkeep
|turn|44
|
|t:|1728867052
|move|p1a: Starmie|Recover|p1a: Starmie
|-heal|p1a: Starmie|100/100
|move|p2a: Tyranitar|Rock Slide|p1a: Starmie
|-damage|p1a: Starmie|51/100
|
|-weather|Sandstorm|[upkeep]
|-damage|p1a: Starmie|45/100|[from] Sandstorm
|-heal|p1a: Starmie|51/100|[from] item: Leftovers
|upkeep
|turn|45
|
|t:|1728867058
|switch|p2a: Blissey|Blissey, F|100/100
|move|p1a: Starmie|Recover|p1a: Starmie
|-heal|p1a: Starmie|100/100
|
|-weather|Sandstorm|[upkeep]
|-damage|p1a: Starmie|94/100|[from] Sandstorm
|-damage|p2a: Blissey|94/100|[from] Sandstorm
|-heal|p1a: Starmie|100/100|[from] item: Leftovers
|-heal|p2a: Blissey|100/100|[from] item: Leftovers
|upkeep
|turn|46
|
|t:|1728867063
|move|p1a: Starmie|Thunder Wave|p2a: Blissey
|-status|p2a: Blissey|par
|move|p2a: Blissey|Thunder Wave|p1a: Starmie
|-status|p1a: Starmie|par
|
|-weather|Sandstorm|[upkeep]
|-damage|p1a: Starmie|94/100 par|[from] Sandstorm
|-damage|p2a: Blissey|94/100 par|[from] Sandstorm
|-heal|p1a: Starmie|100/100 par|[from] item: Leftovers
|-heal|p2a: Blissey|100/100 par|[from] item: Leftovers
|upkeep
|turn|47
|inactive|bdicap has 270 seconds left.
|
|t:|1728867079
|-curestatus|p1a: Starmie|par|[from] ability: Natural Cure
|switch|p1a: Blissey|Blissey, F|94/100
|-curestatus|p2a: Blissey|par|[from] ability: Natural Cure
|switch|p2a: Skarmory|Skarmory, F|80/100
|
|-weather|Sandstorm|[upkeep]
|-damage|p1a: Blissey|88/100|[from] Sandstorm
|-heal|p2a: Skarmory|86/100|[from] item: Leftovers
|-heal|p1a: Blissey|94/100|[from] item: Leftovers
|upkeep
|turn|48
|
|t:|1728867085
|move|p2a: Skarmory|Spikes|p1a: Blissey
|-sidestart|p1: JoeFlint|Spikes
|move|p1a: Blissey|Wish|p1a: Blissey
|
|-weather|Sandstorm|[upkeep]
|-damage|p1a: Blissey|88/100|[from] Sandstorm
|-heal|p2a: Skarmory|92/100|[from] item: Leftovers
|-heal|p1a: Blissey|94/100|[from] item: Leftovers
|upkeep
|turn|49
|
|t:|1728867088
|switch|p1a: Zapdos|Zapdos|13/100
|move|p2a: Skarmory|Roar|p1a: Zapdos
|drag|p1a: Blissey|Blissey, F|94/100
|-damage|p1a: Blissey|82/100|[from] Spikes
|
|-heal|p1a: Blissey|100/100|[from] move: Wish|[wisher] Blissey
|-weather|Sandstorm|[upkeep]
|-damage|p1a: Blissey|94/100|[from] Sandstorm
|-heal|p2a: Skarmory|98/100|[from] item: Leftovers
|-heal|p1a: Blissey|100/100|[from] item: Leftovers
|upkeep
|turn|50
|
|t:|1728867097
|switch|p1a: Zapdos|Zapdos|13/100
|move|p2a: Skarmory|Drill Peck|p1a: Zapdos
|-resisted|p1a: Zapdos
|-damage|p1a: Zapdos|0 fnt
|faint|p1a: Zapdos
|
|t:|1728867100
|switch|p1a: Hariyama|Hariyama, F|61/100
|-damage|p1a: Hariyama|49/100|[from] Spikes
|
|-weather|Sandstorm|[upkeep]
|-damage|p1a: Hariyama|43/100|[from] Sandstorm
|-heal|p2a: Skarmory|100/100|[from] item: Leftovers
|-heal|p1a: Hariyama|49/100|[from] item: Leftovers
|upkeep
|turn|51
|
|t:|1728867106
|move|p2a: Skarmory|Drill Peck|p1a: Hariyama
|-supereffective|p1a: Hariyama
|-damage|p1a: Hariyama|3/100
|move|p1a: Hariyama|Rock Slide|p2a: Skarmory
|-damage|p2a: Skarmory|80/100
|
|-weather|Sandstorm|[upkeep]
|-damage|p1a: Hariyama|0 fnt|[from] Sandstorm
|faint|p1a: Hariyama
|-heal|p2a: Skarmory|86/100|[from] item: Leftovers
|upkeep
|
|t:|1728867109
|switch|p1a: Starmie|Starmie|100/100
|-damage|p1a: Starmie|88/100|[from] Spikes
|turn|52
|
|t:|1728867123
|move|p1a: Starmie|Surf|p2a: Skarmory
|-damage|p2a: Skarmory|55/100
|move|p2a: Skarmory|Drill Peck|p1a: Starmie
|-damage|p1a: Starmie|61/100
|
|-weather|Sandstorm|[upkeep]
|-damage|p1a: Starmie|55/100|[from] Sandstorm
|-heal|p1a: Starmie|61/100|[from] item: Leftovers
|-heal|p2a: Skarmory|61/100|[from] item: Leftovers
|upkeep
|turn|53
|
|t:|1728867130
|move|p1a: Starmie|Surf|p2a: Skarmory
|-damage|p2a: Skarmory|32/100
|move|p2a: Skarmory|Drill Peck|p1a: Starmie
|-damage|p1a: Starmie|32/100
|
|-weather|Sandstorm|[upkeep]
|-damage|p1a: Starmie|26/100|[from] Sandstorm
|-heal|p1a: Starmie|32/100|[from] item: Leftovers
|-heal|p2a: Skarmory|38/100|[from] item: Leftovers
|upkeep
|turn|54
|
|t:|1728867136
|move|p1a: Starmie|Recover|p1a: Starmie
|-heal|p1a: Starmie|82/100
|move|p2a: Skarmory|Spikes|p1a: Starmie
|-sidestart|p1: JoeFlint|Spikes
|
|-weather|Sandstorm|[upkeep]
|-damage|p1a: Starmie|76/100|[from] Sandstorm
|-heal|p1a: Starmie|82/100|[from] item: Leftovers
|-heal|p2a: Skarmory|44/100|[from] item: Leftovers
|upkeep
|turn|55
|
|t:|1728867140
|move|p1a: Starmie|Thunder Wave|p2a: Skarmory
|-status|p2a: Skarmory|par
|move|p2a: Skarmory|Drill Peck|p1a: Starmie
|-damage|p1a: Starmie|53/100
|
|-weather|Sandstorm|[upkeep]
|-damage|p1a: Starmie|47/100|[from] Sandstorm
|-heal|p1a: Starmie|53/100|[from] item: Leftovers
|-heal|p2a: Skarmory|50/100 par|[from] item: Leftovers
|upkeep
|turn|56
|
|t:|1728867145
|move|p1a: Starmie|Rapid Spin|p2a: Skarmory
|-resisted|p2a: Skarmory
|-damage|p2a: Skarmory|49/100 par
|-sideend|p1: JoeFlint|Spikes|[from] move: Rapid Spin|[of] p1a: Starmie
|move|p2a: Skarmory|Drill Peck|p1a: Starmie
|-damage|p1a: Starmie|26/100
|
|-weather|Sandstorm|[upkeep]
|-damage|p1a: Starmie|20/100|[from] Sandstorm
|-heal|p1a: Starmie|26/100|[from] item: Leftovers
|-heal|p2a: Skarmory|55/100 par|[from] item: Leftovers
|upkeep
|turn|57
|
|t:|1728867154
|move|p1a: Starmie|Recover|p1a: Starmie
|-heal|p1a: Starmie|76/100
|move|p2a: Skarmory|Toxic|p1a: Starmie
|-status|p1a: Starmie|tox
|
|-weather|Sandstorm|[upkeep]
|-damage|p1a: Starmie|70/100 tox|[from] Sandstorm
|-heal|p1a: Starmie|76/100 tox|[from] item: Leftovers
|-damage|p1a: Starmie|70/100 tox|[from] psn
|-heal|p2a: Skarmory|61/100 par|[from] item: Leftovers
|upkeep
|turn|58
|
|t:|1728867159
|-curestatus|p1a: Starmie|tox|[from] ability: Natural Cure
|switch|p1a: Blissey|Blissey, F|100/100
|cant|p2a: Skarmory|par
|
|-weather|Sandstorm|[upkeep]
|-damage|p1a: Blissey|94/100|[from] Sandstorm
|-heal|p1a: Blissey|100/100|[from] item: Leftovers
|-heal|p2a: Skarmory|67/100 par|[from] item: Leftovers
|upkeep
|turn|59
|
|t:|1728867172
|move|p1a: Blissey|Ice Beam|p2a: Skarmory
|-damage|p2a: Skarmory|52/100 par
|move|p2a: Skarmory|Toxic|p1a: Blissey
|-status|p1a: Blissey|tox
|
|-weather|Sandstorm|[upkeep]
|-damage|p1a: Blissey|94/100 tox|[from] Sandstorm
|-heal|p1a: Blissey|100/100 tox|[from] item: Leftovers
|-damage|p1a: Blissey|94/100 tox|[from] psn
|-heal|p2a: Skarmory|58/100 par|[from] item: Leftovers
|upkeep
|turn|60
|
|t:|1728867177
|move|p1a: Blissey|Seismic Toss|p2a: Skarmory
|-damage|p2a: Skarmory|28/100 par
|move|p2a: Skarmory|Drill Peck|p1a: Blissey
|-damage|p1a: Blissey|75/100 tox
|
|-weather|Sandstorm|[upkeep]
|-damage|p1a: Blissey|68/100 tox|[from] Sandstorm
|-heal|p1a: Blissey|75/100 tox|[from] item: Leftovers
|-damage|p1a: Blissey|62/100 tox|[from] psn
|-heal|p2a: Skarmory|34/100 par|[from] item: Leftovers
|upkeep
|turn|61
|
|t:|1728867190
|move|p1a: Blissey|Seismic Toss|p2a: Skarmory
|-damage|p2a: Skarmory|4/100 par
|move|p2a: Skarmory|Drill Peck|p1a: Blissey
|-damage|p1a: Blissey|41/100 tox
|
|-weather|Sandstorm|[upkeep]
|-damage|p1a: Blissey|35/100 tox|[from] Sandstorm
|-heal|p1a: Blissey|41/100 tox|[from] item: Leftovers
|-damage|p1a: Blissey|22/100 tox|[from] psn
|-heal|p2a: Skarmory|10/100 par|[from] item: Leftovers
|upkeep
|turn|62
|
|t:|1728867196
|-curestatus|p1a: Blissey|tox|[from] ability: Natural Cure
|switch|p1a: Starmie|Starmie|70/100
|move|p2a: Skarmory|Drill Peck|p1a: Starmie
|-crit|p1a: Starmie
|-damage|p1a: Starmie|13/100
|
|-weather|Sandstorm|[upkeep]
|-damage|p1a: Starmie|7/100|[from] Sandstorm
|-heal|p1a: Starmie|13/100|[from] item: Leftovers
|-heal|p2a: Skarmory|16/100 par|[from] item: Leftovers
|upkeep
|turn|63
|
|t:|1728867202
|move|p1a: Starmie|Recover|p1a: Starmie
|-heal|p1a: Starmie|63/100
|move|p2a: Skarmory|Drill Peck|p1a: Starmie
|-damage|p1a: Starmie|35/100
|
|-weather|Sandstorm|[upkeep]
|-damage|p1a: Starmie|29/100|[from] Sandstorm
|-heal|p1a: Starmie|35/100|[from] item: Leftovers
|-heal|p2a: Skarmory|22/100 par|[from] item: Leftovers
|upkeep
|turn|64
|
|t:|1728867208
|move|p1a: Starmie|Recover|p1a: Starmie
|-heal|p1a: Starmie|85/100
|move|p2a: Skarmory|Drill Peck|p1a: Starmie
|-damage|p1a: Starmie|55/100
|
|-weather|Sandstorm|[upkeep]
|-damage|p1a: Starmie|49/100|[from] Sandstorm
|-heal|p1a: Starmie|55/100|[from] item: Leftovers
|-heal|p2a: Skarmory|28/100 par|[from] item: Leftovers
|upkeep
|turn|65
|
|t:|1728867214
|move|p1a: Starmie|Surf|p2a: Skarmory
|-crit|p2a: Skarmory
|-damage|p2a: Skarmory|0 fnt
|faint|p2a: Skarmory
|
|t:|1728867216
|switch|p2a: Dugtrio|Dugtrio, M|100/100
|
|-weather|Sandstorm|[upkeep]
|-damage|p1a: Starmie|49/100|[from] Sandstorm
|-heal|p1a: Starmie|55/100|[from] item: Leftovers
|upkeep
|turn|66
|
|t:|1728867220
|move|p2a: Dugtrio|Hidden Power|p1a: Starmie
|-supereffective|p1a: Starmie
|-damage|p1a: Starmie|0 fnt
|faint|p1a: Starmie
|
|t:|1728867222
|switch|p1a: Blissey|Blissey, F|22/100
|
|-weather|Sandstorm|[upkeep]
|-damage|p1a: Blissey|16/100|[from] Sandstorm
|-heal|p1a: Blissey|22/100|[from] item: Leftovers
|upkeep
|turn|67
|c|☆JoeFlint|GG
|
|t:|1728867230
|move|p2a: Dugtrio|Hidden Power|p1a: Blissey
|-damage|p1a: Blissey|0 fnt
|faint|p1a: Blissey
|
|win|bdicap
|c|☆bdicap|GG

</script>
<script type="application/json" class="data" id="replaydata-smogtours-gen3ou-798552">
{"id":"smogtours-gen3ou-798552","format":"[Gen 3] OU","players":["JoeFlint","bdicap"],"uploadtime":1728867230,"views":81,"formatid":"gen3ou","rating":null,"private":0,"password":null}
</script>

<script defer src="js/replays.js?9d40a366"></script>
