<!DOCTYPE html>
<meta charset="utf-8" />
<meta name="viewport" content="width=device-width" />

<title>[Gen 3] OU: Rizzarro Flame vs. Hansenator - Replays - Pok&eacute;mon Showdown!</title>

<meta name="description" content="Watch a replay of a Pok&eacute;mon battle between Rizzarro Flame and Hansenator! Format: [Gen 3] OU; Date: Oct 19, 2024" />
<!--

Hey, you! Looking in the source for the replay log?

You can find them in JSON format, just add `.json` at the end of a replay URL.

https://replay.pokemonshowdown.com/gen7randomdoublesbattle-865046831.json

Or, if you only need the log itself, add `.log` instead:

https://replay.pokemonshowdown.com/gen7randomdoublesbattle-865046831.log

-->

<link rel="stylesheet" href="//pokemonshowdown.com/style/global.css?0.767286132409787" />
<link rel="stylesheet" href="//play.pokemonshowdown.com/style/font-awesome.css?0.9266228007934947" />
<link rel="stylesheet" href="//play.pokemonshowdown.com/style/battle.css?0.7924700842790926" />
<link rel="stylesheet" href="//play.pokemonshowdown.com/style/utilichart.css?0.8777417872839479" />

<!-- Global site tag (gtag.js) - Google Analytics -->
<script async src="https://www.googletagmanager.com/gtag/js?id=UA-26211653-1"></script>
<script>
  window.dataLayer = window.dataLayer || [];
  function gtag(){dataLayer.push(arguments);}
  gtag('js', new Date());

  gtag('config', 'UA-26211653-1');
</script>
<!-- End Google Analytics -->
<!-- Venatus Ad Manager - Install in <HEAD> of page -->
	<script src="https://hb.vntsm.com/v3/live/ad-manager.min.js" type="text/javascript" data-site-id="642aba63ec9a7b11c3c9c1be" data-mode="scan" async></script>
<!-- / Venatus Ad Manager -->

<style>
	@media (max-width:820px) {
		.battle {
			margin: 0 auto;
		}
		.battle-log {
			margin: 7px auto 0;
			max-width: 640px;
			height: 300px;
			position: static;
		}
	}
	.optgroup {
		display: inline-block;
		line-height: 22px;
		font-size: 10pt;
	}
	.optgroup .button {
		height: 25px;
		padding-top: 0;
		padding-bottom: 0;
	}
	.optgroup button.button {
		padding-left: 12px;
		padding-right: 12px;
	}
	.linklist {
		list-style: none;
		margin: 0.5em 0;
		padding: 0;
	}
	.linklist li {
		padding: 2px 0;
	}
	.sidebar {
		float: left;
		width: 320px;
	}
	.bar-wrapper {
		max-width: 1100px;
		margin: 0 auto;
	}
	.bar-wrapper.has-sidebar {
		max-width: 1430px;
	}
	.mainbar {
		margin: 0;
		padding-right: 1px;
	}
	.mainbar.has-sidebar {
		margin-left: 330px;
	}
	@media (min-width: 1511px) {
		.sidebar {
			width: 400px;
		}
		.bar-wrapper.has-sidebar {
			max-width: 1510px;
		}
		.mainbar.has-sidebar {
			margin-left: 410px;
		}
	}
	.section.first-section {
		margin-top: 9px;
	}
	.blocklink small {
		white-space: normal;
	}
	.button {
		vertical-align: middle;
	}
	.replay-controls {
		padding-top: 10px;
	}
	.replay-controls h1 {
		font-size: 16pt;
		font-weight: normal;
		color: #CCC;
	}
	.pagelink {
		text-align: center;
	}
	.pagelink a {
		width: 150px;
	}
	.textbox, .button {
		font-size: 11pt;
		vertical-align: middle;
	}
	@media (max-width: 450px) {
		.button {
			font-size: 9pt;
		}
	}
</style>

<div>

	<header>
		<div class="nav-wrapper"><ul class="nav">
			<li><a class="button nav-first" href="//pokemonshowdown.com/"><img src="//pokemonshowdown.com/images/pokemonshowdownbeta.png" srcset="//pokemonshowdown.com/images/pokemonshowdownbeta.png 1x, //pokemonshowdown.com/images/pokemonshowdownbeta@2x.png 2x" alt="Pok&eacute;mon Showdown" width="146" height="44" /> Home</a></li>
			<li><a class="button" href="//pokemonshowdown.com/dex/">Pok&eacute;dex</a></li>
			<li><a class="button cur" href="/">Replays</a></li>
			<li><a class="button" href="//pokemonshowdown.com/ladder/">Ladder</a></li>
			<li><a class="button nav-last" href="//pokemonshowdown.com/forums/">Forum</a></li>
			<li><a class="button greenbutton nav-first nav-last" href="//play.pokemonshowdown.com/">Play</a></li>
		</ul></div>
	</header>

	<div class="main" id="main">

		<noscript><section class="section">You need to enable JavaScript to use this page; sorry!</section></noscript>

	</div>

</div>

<script defer nomodule src="//play.pokemonshowdown.com/js/lib/ps-polyfill.js"></script>
<script defer src="//play.pokemonshowdown.com/js/lib/preact.min.js"></script>

<script defer src="//play.pokemonshowdown.com/config/config.js?6dec07f6"></script>
<script defer src="//play.pokemonshowdown.com/js/lib/jquery-1.11.0.min.js"></script>
<script defer src="//play.pokemonshowdown.com/js/lib/html-sanitizer-minified.js"></script>
<script defer src="//play.pokemonshowdown.com/js/battle-sound.js"></script>
<script defer src="//play.pokemonshowdown.com/js/battledata.js?0.6315294753075389"></script>
<script defer src="//play.pokemonshowdown.com/data/pokedex-mini.js?0.7603743185311358"></script>
<script defer src="//play.pokemonshowdown.com/data/pokedex-mini-bw.js?0.030888842834281283"></script>
<script defer src="//play.pokemonshowdown.com/data/graphics.js?0.05593094747507488"></script>
<script defer src="//play.pokemonshowdown.com/data/pokedex.js?0.47064822249611904"></script>
<script defer src="//play.pokemonshowdown.com/data/moves.js?0.8583693120512459"></script>
<script defer src="//play.pokemonshowdown.com/data/abilities.js?0.16017181182386842"></script>
<script defer src="//play.pokemonshowdown.com/data/items.js?0.4163379185673943"></script>
<script defer src="//play.pokemonshowdown.com/data/teambuilder-tables.js?0.31075597372830477"></script>
<script defer src="//play.pokemonshowdown.com/js/battle-tooltips.js?0.6536193500708172"></script>
<script defer src="//play.pokemonshowdown.com/js/battle.js?0.1916591943277901"></script>

<script defer src="js/utils.js?e31f9a17"></script>
<script defer src="js/replays-battle.js?7008c182"></script>

<!-- don't scrape this data! just add .json or .log after the URL!
Full API docs: https://github.com/smogon/pokemon-showdown-client/blob/master/WEB-API.md -->
<script type="text/plain" class="log" id="replaylog-smogtours-gen3ou-799800">
|inactive|Battle timer is ON: inactive players will automatically lose when time's up.
|t:|1729317090
|gametype|singles
|player|p1|Rizzarro Flame|169|
|player|p2|Hansenator|170|
|teamsize|p1|6
|teamsize|p2|6
|gen|3
|tier|[Gen 3] OU
|rule|Sleep Clause Mod: Limit one foe put to sleep
|rule|Switch Priority Clause Mod: Faster Pokémon switch first
|rule|Species Clause: Limit one of each Pokémon
|rule|OHKO Clause: OHKO moves are banned
|rule|Evasion Items Clause: Evasion items are banned
|rule|Evasion Moves Clause: Evasion moves are banned
|rule|Endless Battle Clause: Forcing endless battles is banned
|rule|HP Percentage Mod: HP is shown in percentages
|rule|One Boost Passer Clause: Limit one Baton Passer that has a way to boost its stats
|rule|Freeze Clause Mod: Limit one foe frozen
|
|t:|1729317090
|start
|switch|p1a: Tyranitar|Tyranitar, M|100/100
|switch|p2a: Hariyama|Hariyama, F|100/100
|-weather|Sandstorm|[from] ability: Sand Stream|[of] p1a: Tyranitar
|turn|1
|inactive|Rizzarro Flame has 270 seconds left.
|
|t:|1729317120
|switch|p1a: Gyarados|Gyarados, F|100/100
|-ability|p1a: Gyarados|Intimidate|boost
|-unboost|p2a: Hariyama|atk|1
|move|p2a: Hariyama|Brick Break|p1a: Gyarados
|-resisted|p1a: Gyarados
|-damage|p1a: Gyarados|83/100
|
|-weather|Sandstorm|[upkeep]
|-damage|p1a: Gyarados|77/100|[from] Sandstorm
|-damage|p2a: Hariyama|94/100|[from] Sandstorm
|-heal|p1a: Gyarados|83/100|[from] item: Leftovers
|-heal|p2a: Hariyama|100/100|[from] item: Leftovers
|upkeep
|turn|2
|
|t:|1729317136
|switch|p1a: Camerupt|Camerupt, F|100/100
|switch|p2a: Salamence|Salamence, M|100/100
|-ability|p2a: Salamence|Intimidate|boost
|-unboost|p1a: Camerupt|atk|1
|
|-weather|Sandstorm|[upkeep]
|-damage|p2a: Salamence|94/100|[from] Sandstorm
|-heal|p2a: Salamence|100/100|[from] item: Leftovers
|upkeep
|turn|3
|
|t:|1729317142
|move|p2a: Salamence|Toxic|p1a: Camerupt
|-status|p1a: Camerupt|tox
|move|p1a: Camerupt|Hidden Power|p2a: Salamence
|-supereffective|p2a: Salamence
|-damage|p2a: Salamence|11/100
|
|-weather|Sandstorm|[upkeep]
|-damage|p2a: Salamence|5/100|[from] Sandstorm
|-heal|p2a: Salamence|11/100|[from] item: Leftovers
|-damage|p1a: Camerupt|94/100 tox|[from] psn
|upkeep
|turn|4
|
|t:|1729317150
|move|p2a: Salamence|Protect|p2a: Salamence
|-singleturn|p2a: Salamence|Protect
|move|p1a: Camerupt|Eruption|p2a: Salamence
|-activate|p2a: Salamence|Protect
|
|-weather|Sandstorm|[upkeep]
|-damage|p2a: Salamence|5/100|[from] Sandstorm
|-heal|p2a: Salamence|11/100|[from] item: Leftovers
|-heal|p1a: Camerupt|100/100 tox|[from] item: Leftovers
|-damage|p1a: Camerupt|88/100 tox|[from] psn
|upkeep
|turn|5
|
|t:|1729317169
|switch|p2a: Starmie|Starmie|100/100
|move|p1a: Camerupt|Hidden Power|p2a: Starmie
|-resisted|p2a: Starmie
|-damage|p2a: Starmie|86/100
|
|-weather|Sandstorm|[upkeep]
|-damage|p2a: Starmie|80/100|[from] Sandstorm
|-heal|p2a: Starmie|86/100|[from] item: Leftovers
|-heal|p1a: Camerupt|94/100 tox|[from] item: Leftovers
|-damage|p1a: Camerupt|76/100 tox|[from] psn
|upkeep
|turn|6
|
|t:|1729317178
|switch|p1a: Snorlax|Snorlax, F|100/100
|move|p2a: Starmie|Surf|p1a: Snorlax
|-damage|p1a: Snorlax|79/100
|
|-weather|Sandstorm|[upkeep]
|-damage|p2a: Starmie|80/100|[from] Sandstorm
|-damage|p1a: Snorlax|73/100|[from] Sandstorm
|-heal|p2a: Starmie|86/100|[from] item: Leftovers
|-heal|p1a: Snorlax|79/100|[from] item: Leftovers
|upkeep
|turn|7
|
|t:|1729317190
|move|p2a: Starmie|Thunder Wave|p1a: Snorlax
|-status|p1a: Snorlax|par
|move|p1a: Snorlax|Shadow Ball|p2a: Starmie
|-supereffective|p2a: Starmie
|-damage|p2a: Starmie|27/100
|
|-weather|Sandstorm|[upkeep]
|-damage|p2a: Starmie|21/100|[from] Sandstorm
|-damage|p1a: Snorlax|73/100 par|[from] Sandstorm
|-heal|p2a: Starmie|27/100|[from] item: Leftovers
|-heal|p1a: Snorlax|79/100 par|[from] item: Leftovers
|upkeep
|turn|8
|
|t:|1729317200
|switch|p2a: Hariyama|Hariyama, F|100/100
|switch|p1a: Metagross|Metagross|100/100
|
|-weather|Sandstorm|[upkeep]
|-damage|p2a: Hariyama|94/100|[from] Sandstorm
|-heal|p2a: Hariyama|100/100|[from] item: Leftovers
|upkeep
|turn|9
|
|t:|1729317217
|move|p1a: Metagross|Psychic|p2a: Hariyama
|-supereffective|p2a: Hariyama
|-damage|p2a: Hariyama|10/100
|move|p2a: Hariyama|Knock Off|p1a: Metagross
|-crit|p1a: Metagross
|-damage|p1a: Metagross|96/100
|-enditem|p1a: Metagross|Leftovers|[from] move: Knock Off|[of] p2a: Hariyama
|-hint|In Gens 3-4, Knock Off only makes the target's item unusable; it cannot obtain a new item.
|
|-weather|Sandstorm|[upkeep]
|-damage|p2a: Hariyama|4/100|[from] Sandstorm
|-heal|p2a: Hariyama|10/100|[from] item: Leftovers
|upkeep
|turn|10
|
|t:|1729317229
|switch|p2a: Celebi|Celebi|100/100
|move|p1a: Metagross|Thunder Punch|p2a: Celebi
|-resisted|p2a: Celebi
|-damage|p2a: Celebi|91/100
|
|-weather|Sandstorm|[upkeep]
|-damage|p2a: Celebi|84/100|[from] Sandstorm
|-heal|p2a: Celebi|91/100|[from] item: Leftovers
|upkeep
|turn|11
|
|t:|1729317237
|move|p2a: Celebi|Leech Seed|p1a: Metagross
|-start|p1a: Metagross|move: Leech Seed
|move|p1a: Metagross|Meteor Mash|p2a: Celebi
|-damage|p2a: Celebi|59/100
|
|-weather|Sandstorm|[upkeep]
|-damage|p2a: Celebi|52/100|[from] Sandstorm
|-heal|p2a: Celebi|59/100|[from] item: Leftovers
|-damage|p1a: Metagross|83/100|[from] Leech Seed|[of] p2a: Celebi
|-heal|p2a: Celebi|70/100|[silent]
|upkeep
|turn|12
|
|t:|1729317244
|move|p2a: Celebi|Recover|p2a: Celebi
|-heal|p2a: Celebi|100/100
|move|p1a: Metagross|Meteor Mash|p2a: Celebi
|-damage|p2a: Celebi|67/100
|
|-weather|Sandstorm|[upkeep]
|-damage|p2a: Celebi|61/100|[from] Sandstorm
|-heal|p2a: Celebi|67/100|[from] item: Leftovers
|-damage|p1a: Metagross|71/100|[from] Leech Seed|[of] p2a: Celebi
|-heal|p2a: Celebi|78/100|[silent]
|upkeep
|turn|13
|
|t:|1729317252
|switch|p1a: Camerupt|Camerupt, F|76/100 tox
|move|p2a: Celebi|Psychic|p1a: Camerupt
|-damage|p1a: Camerupt|33/100 tox
|-unboost|p1a: Camerupt|spd|1
|
|-weather|Sandstorm|[upkeep]
|-damage|p2a: Celebi|72/100|[from] Sandstorm
|-heal|p2a: Celebi|78/100|[from] item: Leftovers
|-heal|p1a: Camerupt|39/100 tox|[from] item: Leftovers
|-damage|p1a: Camerupt|33/100 tox|[from] psn
|upkeep
|turn|14
|
|t:|1729317260
|move|p2a: Celebi|Psychic|p1a: Camerupt
|-damage|p1a: Camerupt|0 fnt
|faint|p1a: Camerupt
|
|t:|1729317266
|switch|p1a: Tyranitar|Tyranitar, M|100/100
|
|-weather|Sandstorm|[upkeep]
|-damage|p2a: Celebi|72/100|[from] Sandstorm
|-heal|p2a: Celebi|78/100|[from] item: Leftovers
|upkeep
|turn|15
|
|t:|1729317275
|move|p2a: Celebi|Hidden Power|p1a: Tyranitar
|-supereffective|p1a: Tyranitar
|-damage|p1a: Tyranitar|50/100
|move|p1a: Tyranitar|Hidden Power|p2a: Celebi
|-supereffective|p2a: Celebi
|-damage|p2a: Celebi|0 fnt
|faint|p2a: Celebi
|
|t:|1729317283
|switch|p2a: Starmie|Starmie|27/100
|
|-weather|Sandstorm|[upkeep]
|-damage|p2a: Starmie|21/100|[from] Sandstorm
|-heal|p2a: Starmie|27/100|[from] item: Leftovers
|upkeep
|turn|16
|
|t:|1729317290
|switch|p1a: Snorlax|Snorlax, F|79/100 par
|move|p2a: Starmie|Surf|p1a: Snorlax
|-damage|p1a: Snorlax|60/100 par
|
|-weather|Sandstorm|[upkeep]
|-damage|p2a: Starmie|21/100|[from] Sandstorm
|-damage|p1a: Snorlax|54/100 par|[from] Sandstorm
|-heal|p2a: Starmie|27/100|[from] item: Leftovers
|-heal|p1a: Snorlax|60/100 par|[from] item: Leftovers
|upkeep
|turn|17
|
|t:|1729317306
|switch|p2a: Hariyama|Hariyama, F|10/100
|switch|p1a: Salamence|Salamence, F|100/100
|-ability|p1a: Salamence|Intimidate|boost
|-unboost|p2a: Hariyama|atk|1
|
|-weather|Sandstorm|[upkeep]
|-damage|p1a: Salamence|94/100|[from] Sandstorm
|-damage|p2a: Hariyama|4/100|[from] Sandstorm
|-heal|p1a: Salamence|100/100|[from] item: Leftovers
|-heal|p2a: Hariyama|10/100|[from] item: Leftovers
|upkeep
|turn|18
|
|t:|1729317314
|move|p1a: Salamence|Dragon Claw|p2a: Hariyama
|-damage|p2a: Hariyama|0 fnt
|faint|p2a: Hariyama
|
|t:|1729317323
|switch|p2a: Jirachi|Jirachi|100/100
|
|-weather|Sandstorm|[upkeep]
|-damage|p1a: Salamence|94/100|[from] Sandstorm
|-heal|p1a: Salamence|100/100|[from] item: Leftovers
|upkeep
|turn|19
|
|t:|1729317329
|switch|p1a: Snorlax|Snorlax, F|60/100 par
|move|p2a: Jirachi|Body Slam|p1a: Snorlax
|-damage|p1a: Snorlax|44/100 par
|
|-weather|Sandstorm|[upkeep]
|-damage|p1a: Snorlax|38/100 par|[from] Sandstorm
|-heal|p1a: Snorlax|44/100 par|[from] item: Leftovers
|upkeep
|turn|20
|
|t:|1729317340
|switch|p2a: Salamence|Salamence, M|11/100
|-ability|p2a: Salamence|Intimidate|boost
|-unboost|p1a: Snorlax|atk|1
|switch|p1a: Tyranitar|Tyranitar, M|50/100
|
|-weather|Sandstorm|[upkeep]
|-damage|p2a: Salamence|5/100|[from] Sandstorm
|-heal|p2a: Salamence|11/100|[from] item: Leftovers
|upkeep
|turn|21
|
|t:|1729317359
|move|p2a: Salamence|Toxic|p1a: Tyranitar
|-status|p1a: Tyranitar|tox
|move|p1a: Tyranitar|Hidden Power|p2a: Salamence
|-resisted|p2a: Salamence
|-damage|p2a: Salamence|0 fnt
|faint|p2a: Salamence
|
|t:|1729317365
|switch|p2a: Starmie|Starmie|27/100
|
|-weather|Sandstorm|[upkeep]
|-damage|p2a: Starmie|21/100|[from] Sandstorm
|-heal|p2a: Starmie|27/100|[from] item: Leftovers
|-damage|p1a: Tyranitar|43/100 tox|[from] psn
|upkeep
|turn|22
|
|t:|1729317381
|move|p2a: Starmie|Surf|p1a: Tyranitar
|-supereffective|p1a: Tyranitar
|-damage|p1a: Tyranitar|0 fnt
|faint|p1a: Tyranitar
|
|t:|1729317386
|switch|p1a: Metagross|Metagross|71/100
|
|-weather|Sandstorm|[upkeep]
|-damage|p2a: Starmie|21/100|[from] Sandstorm
|-heal|p2a: Starmie|27/100|[from] item: Leftovers
|upkeep
|turn|23
|
|t:|1729317393
|move|p2a: Starmie|Recover|p2a: Starmie
|-heal|p2a: Starmie|77/100
|move|p1a: Metagross|Thunder Punch|p2a: Starmie
|-supereffective|p2a: Starmie
|-damage|p2a: Starmie|26/100
|-status|p2a: Starmie|par
|
|-weather|Sandstorm|[upkeep]
|-damage|p2a: Starmie|20/100 par|[from] Sandstorm
|-heal|p2a: Starmie|26/100 par|[from] item: Leftovers
|upkeep
|turn|24
|
|t:|1729317402
|-curestatus|p2a: Starmie|par|[from] ability: Natural Cure
|switch|p2a: Marowak|Marowak, M|100/100
|move|p1a: Metagross|Meteor Mash|p2a: Marowak
|-damage|p2a: Marowak|47/100
|-boost|p1a: Metagross|atk|1
|
|-weather|Sandstorm|[upkeep]
|upkeep
|turn|25
|c|☆Hansenator|gg
|c|☆Hansenator|gl nxt
|-message|Hansenator forfeited.
|
|win|Rizzarro Flame
|player|p2|

</script>
<script type="application/json" class="data" id="replaydata-smogtours-gen3ou-799800">
{"id":"smogtours-gen3ou-799800","format":"[Gen 3] OU","players":["Rizzarro Flame","Hansenator"],"uploadtime":1729317417,"views":84,"formatid":"gen3ou","rating":null,"private":0,"password":null}
</script>

<script defer src="js/replays.js?9d40a366"></script>
