<!DOCTYPE html>
<meta charset="utf-8" />
<meta name="viewport" content="width=device-width" />

<title>[Gen 3] OU: Churielix vs. VoidVolta - Replays - Pok&eacute;mon Showdown!</title>

<meta name="description" content="Watch a replay of a Pok&eacute;mon battle between Churielix and VoidVolta! Format: [Gen 3] OU; Date: Oct 9, 2024" />
<!--

Hey, you! Looking in the source for the replay log?

You can find them in JSON format, just add `.json` at the end of a replay URL.

https://replay.pokemonshowdown.com/gen7randomdoublesbattle-865046831.json

Or, if you only need the log itself, add `.log` instead:

https://replay.pokemonshowdown.com/gen7randomdoublesbattle-865046831.log

-->

<link rel="stylesheet" href="//pokemonshowdown.com/style/global.css?0.767286132409787" />
<link rel="stylesheet" href="//play.pokemonshowdown.com/style/font-awesome.css?0.9266228007934947" />
<link rel="stylesheet" href="//play.pokemonshowdown.com/style/battle.css?0.7924700842790926" />
<link rel="stylesheet" href="//play.pokemonshowdown.com/style/utilichart.css?0.8777417872839479" />

<!-- Global site tag (gtag.js) - Google Analytics -->
<script async src="https://www.googletagmanager.com/gtag/js?id=UA-26211653-1"></script>
<script>
  window.dataLayer = window.dataLayer || [];
  function gtag(){dataLayer.push(arguments);}
  gtag('js', new Date());

  gtag('config', 'UA-26211653-1');
</script>
<!-- End Google Analytics -->
<!-- Venatus Ad Manager - Install in <HEAD> of page -->
	<script src="https://hb.vntsm.com/v3/live/ad-manager.min.js" type="text/javascript" data-site-id="642aba63ec9a7b11c3c9c1be" data-mode="scan" async></script>
<!-- / Venatus Ad Manager -->

<style>
	@media (max-width:820px) {
		.battle {
			margin: 0 auto;
		}
		.battle-log {
			margin: 7px auto 0;
			max-width: 640px;
			height: 300px;
			position: static;
		}
	}
	.optgroup {
		display: inline-block;
		line-height: 22px;
		font-size: 10pt;
	}
	.optgroup .button {
		height: 25px;
		padding-top: 0;
		padding-bottom: 0;
	}
	.optgroup button.button {
		padding-left: 12px;
		padding-right: 12px;
	}
	.linklist {
		list-style: none;
		margin: 0.5em 0;
		padding: 0;
	}
	.linklist li {
		padding: 2px 0;
	}
	.sidebar {
		float: left;
		width: 320px;
	}
	.bar-wrapper {
		max-width: 1100px;
		margin: 0 auto;
	}
	.bar-wrapper.has-sidebar {
		max-width: 1430px;
	}
	.mainbar {
		margin: 0;
		padding-right: 1px;
	}
	.mainbar.has-sidebar {
		margin-left: 330px;
	}
	@media (min-width: 1511px) {
		.sidebar {
			width: 400px;
		}
		.bar-wrapper.has-sidebar {
			max-width: 1510px;
		}
		.mainbar.has-sidebar {
			margin-left: 410px;
		}
	}
	.section.first-section {
		margin-top: 9px;
	}
	.blocklink small {
		white-space: normal;
	}
	.button {
		vertical-align: middle;
	}
	.replay-controls {
		padding-top: 10px;
	}
	.replay-controls h1 {
		font-size: 16pt;
		font-weight: normal;
		color: #CCC;
	}
	.pagelink {
		text-align: center;
	}
	.pagelink a {
		width: 150px;
	}
	.textbox, .button {
		font-size: 11pt;
		vertical-align: middle;
	}
	@media (max-width: 450px) {
		.button {
			font-size: 9pt;
		}
	}
</style>

<div>

	<header>
		<div class="nav-wrapper"><ul class="nav">
			<li><a class="button nav-first" href="//pokemonshowdown.com/"><img src="//pokemonshowdown.com/images/pokemonshowdownbeta.png" srcset="//pokemonshowdown.com/images/pokemonshowdownbeta.png 1x, //pokemonshowdown.com/images/pokemonshowdownbeta@2x.png 2x" alt="Pok&eacute;mon Showdown" width="146" height="44" /> Home</a></li>
			<li><a class="button" href="//pokemonshowdown.com/dex/">Pok&eacute;dex</a></li>
			<li><a class="button cur" href="/">Replays</a></li>
			<li><a class="button" href="//pokemonshowdown.com/ladder/">Ladder</a></li>
			<li><a class="button nav-last" href="//pokemonshowdown.com/forums/">Forum</a></li>
			<li><a class="button greenbutton nav-first nav-last" href="//play.pokemonshowdown.com/">Play</a></li>
		</ul></div>
	</header>

	<div class="main" id="main">

		<noscript><section class="section">You need to enable JavaScript to use this page; sorry!</section></noscript>

	</div>

</div>

<script defer nomodule src="//play.pokemonshowdown.com/js/lib/ps-polyfill.js"></script>
<script defer src="//play.pokemonshowdown.com/js/lib/preact.min.js"></script>

<script defer src="//play.pokemonshowdown.com/config/config.js?6dec07f6"></script>
<script defer src="//play.pokemonshowdown.com/js/lib/jquery-1.11.0.min.js"></script>
<script defer src="//play.pokemonshowdown.com/js/lib/html-sanitizer-minified.js"></script>
<script defer src="//play.pokemonshowdown.com/js/battle-sound.js"></script>
<script defer src="//play.pokemonshowdown.com/js/battledata.js?0.6315294753075389"></script>
<script defer src="//play.pokemonshowdown.com/data/pokedex-mini.js?0.7603743185311358"></script>
<script defer src="//play.pokemonshowdown.com/data/pokedex-mini-bw.js?0.030888842834281283"></script>
<script defer src="//play.pokemonshowdown.com/data/graphics.js?0.05593094747507488"></script>
<script defer src="//play.pokemonshowdown.com/data/pokedex.js?0.47064822249611904"></script>
<script defer src="//play.pokemonshowdown.com/data/moves.js?0.8583693120512459"></script>
<script defer src="//play.pokemonshowdown.com/data/abilities.js?0.16017181182386842"></script>
<script defer src="//play.pokemonshowdown.com/data/items.js?0.4163379185673943"></script>
<script defer src="//play.pokemonshowdown.com/data/teambuilder-tables.js?0.31075597372830477"></script>
<script defer src="//play.pokemonshowdown.com/js/battle-tooltips.js?0.6536193500708172"></script>
<script defer src="//play.pokemonshowdown.com/js/battle.js?0.1916591943277901"></script>

<script defer src="js/utils.js?e31f9a17"></script>
<script defer src="js/replays-battle.js?7008c182"></script>

<!-- don't scrape this data! just add .json or .log after the URL!
Full API docs: https://github.com/smogon/pokemon-showdown-client/blob/master/WEB-API.md -->
<script type="text/plain" class="log" id="replaylog-smogtours-gen3ou-796554">
|inactive|Battle timer is ON: inactive players will automatically lose when time's up.
|t:|1728435070
|gametype|singles
|player|p1|Churielix|lucas|
|player|p2|VoidVolta|266|
|teamsize|p1|6
|teamsize|p2|6
|gen|3
|tier|[Gen 3] OU
|rule|Sleep Clause Mod: Limit one foe put to sleep
|rule|Switch Priority Clause Mod: Faster Pokémon switch first
|rule|Species Clause: Limit one of each Pokémon
|rule|OHKO Clause: OHKO moves are banned
|rule|Evasion Items Clause: Evasion items are banned
|rule|Evasion Moves Clause: Evasion moves are banned
|rule|Endless Battle Clause: Forcing endless battles is banned
|rule|HP Percentage Mod: HP is shown in percentages
|rule|One Boost Passer Clause: Limit one Baton Passer that has a way to boost its stats
|rule|Freeze Clause Mod: Limit one foe frozen
|
|t:|1728435070
|start
|switch|p1a: Tyranitar|Tyranitar, F|100/100
|switch|p2a: Jirachi|Jirachi|100/100
|-weather|Sandstorm|[from] ability: Sand Stream|[of] p1a: Tyranitar
|turn|1
|c|☆Churielix|hf
|c|☆VoidVolta|u2 my friend
|c|☆VoidVolta|do we need to post this anywhere while its happening?
|
|t:|1728435097
|move|p2a: Jirachi|Doom Desire|p1a: Tyranitar
|-start|p2a: Jirachi|Doom Desire
|move|p1a: Tyranitar|Earthquake|p2a: Jirachi
|-supereffective|p2a: Jirachi
|-damage|p2a: Jirachi|25/100
|
|-weather|Sandstorm|[upkeep]
|upkeep
|turn|2
|inactive|Churielix has 270 seconds left.
|c|☆Churielix|just post it in the thread where we were scheduling
|
|t:|1728435146
|-singleturn|p1a: Tyranitar|move: Focus Punch
|switch|p2a: Skarmory|Skarmory, M|100/100
|move|p1a: Tyranitar|Focus Punch|p2a: Skarmory
|-damage|p2a: Skarmory|46/100
|
|-weather|Sandstorm|[upkeep]
|upkeep
|turn|3
|
|t:|1728435161
|move|p2a: Skarmory|Steel Wing|p1a: Tyranitar
|-supereffective|p1a: Tyranitar
|-damage|p1a: Tyranitar|34/100
|move|p1a: Tyranitar|Rock Slide|p2a: Skarmory
|-damage|p2a: Skarmory|8/100
|
|-weather|Sandstorm|[upkeep]
|-heal|p1a: Tyranitar|41/100|[from] item: Leftovers
|-end|p1a: Tyranitar|move: Doom Desire
|-damage|p1a: Tyranitar|13/100
|upkeep
|turn|4
|
|t:|1728435172
|switch|p1a: Gengar|Gengar, F|100/100
|move|p2a: Skarmory|Steel Wing|p1a: Gengar
|-damage|p1a: Gengar|39/100
|
|-weather|Sandstorm|[upkeep]
|-damage|p1a: Gengar|33/100|[from] Sandstorm
|-heal|p1a: Gengar|39/100|[from] item: Leftovers
|upkeep
|turn|5
|
|t:|1728435189
|switch|p2a: Registeel|Registeel|100/100
|move|p1a: Gengar|Thunderbolt|p2a: Registeel
|-damage|p2a: Registeel|83/100
|
|-weather|Sandstorm|[upkeep]
|-damage|p1a: Gengar|33/100|[from] Sandstorm
|-heal|p1a: Gengar|39/100|[from] item: Leftovers
|upkeep
|turn|6
|
|t:|1728435214
|move|p1a: Gengar|Will-O-Wisp|p2a: Registeel
|-status|p2a: Registeel|brn
|move|p2a: Registeel|Rock Slide|p1a: Gengar
|-damage|p1a: Gengar|17/100
|
|-weather|Sandstorm|[upkeep]
|-damage|p1a: Gengar|10/100|[from] Sandstorm
|-heal|p1a: Gengar|17/100|[from] item: Leftovers
|-damage|p2a: Registeel|71/100 brn|[from] brn
|upkeep
|turn|7
|
|t:|1728435220
|switch|p1a: Skarmory|Skarmory, F|100/100
|move|p2a: Registeel|Rock Slide|p1a: Skarmory
|-damage|p1a: Skarmory|89/100
|
|-weather|Sandstorm|[upkeep]
|-heal|p1a: Skarmory|95/100|[from] item: Leftovers
|-damage|p2a: Registeel|58/100 brn|[from] brn
|upkeep
|turn|8
|
|t:|1728435236
|switch|p2a: Magneton|Magneton|100/100
|move|p1a: Skarmory|Spikes|p2a: Magneton
|-sidestart|p2: VoidVolta|Spikes
|
|-weather|Sandstorm|[upkeep]
|-heal|p1a: Skarmory|100/100|[from] item: Leftovers
|upkeep
|turn|9
|
|t:|1728435239
|move|p2a: Magneton|Thunderbolt|p1a: Skarmory
|-supereffective|p1a: Skarmory
|-damage|p1a: Skarmory|13/100
|move|p1a: Skarmory|Roar|p2a: Magneton
|drag|p2a: Aggron|Aggron, F|100/100
|-damage|p2a: Aggron|88/100|[from] Spikes
|
|-weather|Sandstorm|[upkeep]
|-heal|p1a: Skarmory|19/100|[from] item: Leftovers
|upkeep
|turn|10
|inactive|Churielix has 270 seconds left.
|
|t:|1728435246
|move|p2a: Aggron|Rock Slide|p1a: Skarmory
|-damage|p1a: Skarmory|0 fnt
|faint|p1a: Skarmory
|inactive|Churielix has 270 seconds left.
|
|t:|1728435252
|switch|p1a: Swampert|Swampert, M|100/100
|
|-weather|Sandstorm|[upkeep]
|upkeep
|turn|11
|
|t:|1728435259
|switch|p2a: Skarmory|Skarmory, M|8/100
|move|p1a: Swampert|Surf|p2a: Skarmory
|-damage|p2a: Skarmory|0 fnt
|faint|p2a: Skarmory
|
|t:|1728435263
|switch|p2a: Magneton|Magneton|100/100
|-damage|p2a: Magneton|88/100|[from] Spikes
|
|-weather|Sandstorm|[upkeep]
|upkeep
|turn|12
|
|t:|1728435268
|switch|p1a: Moltres|Moltres|100/100
|move|p2a: Magneton|Hidden Power|p1a: Moltres
|-resisted|p1a: Moltres
|-damage|p1a: Moltres|94/100
|
|-weather|Sandstorm|[upkeep]
|-damage|p1a: Moltres|88/100|[from] Sandstorm
|-heal|p1a: Moltres|94/100|[from] item: Leftovers
|upkeep
|turn|13
|
|t:|1728435284
|switch|p2a: Registeel|Registeel|58/100 brn
|-damage|p2a: Registeel|46/100 brn|[from] Spikes
|move|p1a: Moltres|Flamethrower|p2a: Registeel
|-supereffective|p2a: Registeel
|-damage|p2a: Registeel|0 fnt
|faint|p2a: Registeel
|c|+susciety|Chueperros
|
|t:|1728435289
|switch|p2a: Jirachi|Jirachi|25/100
|-damage|p2a: Jirachi|12/100|[from] Spikes
|
|-weather|Sandstorm|[upkeep]
|-damage|p1a: Moltres|88/100|[from] Sandstorm
|-heal|p1a: Moltres|94/100|[from] item: Leftovers
|upkeep
|turn|14
|c|+susciety|para que es esto
|
|t:|1728435303
|move|p2a: Jirachi|Hidden Power|p1a: Moltres
|-supereffective|p1a: Moltres
|-damage|p1a: Moltres|0 fnt
|faint|p1a: Moltres
|
|t:|1728435307
|switch|p1a: Gengar|Gengar, F|17/100
|
|-weather|Sandstorm|[upkeep]
|-damage|p1a: Gengar|10/100|[from] Sandstorm
|-heal|p1a: Gengar|17/100|[from] item: Leftovers
|upkeep
|turn|15
|
|t:|1728435315
|move|p2a: Jirachi|Shadow Ball|p1a: Gengar
|-supereffective|p1a: Gengar
|-damage|p1a: Gengar|0 fnt
|faint|p1a: Gengar
|
|t:|1728435322
|switch|p1a: Swampert|Swampert, M|100/100
|
|-weather|Sandstorm|[upkeep]
|upkeep
|turn|16
|
|t:|1728435326
|move|p2a: Jirachi|Body Slam|p1a: Swampert
|-damage|p1a: Swampert|85/100
|-status|p1a: Swampert|par
|move|p1a: Swampert|Earthquake|p2a: Jirachi
|-supereffective|p2a: Jirachi
|-damage|p2a: Jirachi|0 fnt
|faint|p2a: Jirachi
|c|☆Churielix|adv revival, susciety
|
|t:|1728435336
|switch|p2a: Magneton|Magneton|88/100
|-damage|p2a: Magneton|76/100|[from] Spikes
|
|-weather|Sandstorm|[upkeep]
|-heal|p1a: Swampert|91/100 par|[from] item: Leftovers
|upkeep
|turn|17
|c|+susciety|:kekL:
|
|t:|1728435342
|switch|p1a: Celebi|Celebi|100/100
|move|p2a: Magneton|Hidden Power|p1a: Celebi
|-resisted|p1a: Celebi
|-crit|p1a: Celebi
|-damage|p1a: Celebi|84/100
|
|-weather|Sandstorm|[upkeep]
|-damage|p1a: Celebi|77/100|[from] Sandstorm
|-heal|p1a: Celebi|84/100|[from] item: Leftovers
|upkeep
|turn|18
|c|+Waves|susciety :haha:
|
|t:|1728435350
|switch|p2a: Aggron|Aggron, F|88/100
|-damage|p2a: Aggron|76/100|[from] Spikes
|move|p1a: Celebi|Leech Seed|p2a: Aggron
|-start|p2a: Aggron|move: Leech Seed
|
|-weather|Sandstorm|[upkeep]
|-damage|p1a: Celebi|77/100|[from] Sandstorm
|-heal|p1a: Celebi|84/100|[from] item: Leftovers
|-damage|p2a: Aggron|64/100|[from] Leech Seed|[of] p1a: Celebi
|-heal|p1a: Celebi|93/100|[silent]
|upkeep
|turn|19
|
|t:|1728435359
|switch|p1a: Tyranitar|Tyranitar, F|13/100
|move|p2a: Aggron|Double-Edge|p1a: Tyranitar
|-resisted|p1a: Tyranitar
|-damage|p1a: Tyranitar|0 fnt
|faint|p1a: Tyranitar
|c|+susciety|callate noob
|
|t:|1728435365
|switch|p1a: Swampert|Swampert, M|91/100 par
|
|-weather|Sandstorm|[upkeep]
|-damage|p2a: Aggron|51/100|[from] Leech Seed|[of] p1a: Swampert
|-heal|p1a: Swampert|99/100 par|[silent]
|-heal|p1a: Swampert|100/100 par|[from] item: Leftovers
|upkeep
|turn|20
|
|t:|1728435372
|cant|p1a: Swampert|par
|move|p2a: Aggron|Earthquake|p1a: Swampert
|-damage|p1a: Swampert|80/100 par
|
|-weather|Sandstorm|[upkeep]
|-damage|p2a: Aggron|39/100|[from] Leech Seed|[of] p1a: Swampert
|-heal|p1a: Swampert|90/100 par|[silent]
|-heal|p1a: Swampert|96/100 par|[from] item: Leftovers
|upkeep
|turn|21
|
|t:|1728435379
|move|p2a: Aggron|Double-Edge|p1a: Swampert
|-damage|p1a: Swampert|71/100 par
|move|p1a: Swampert|Surf|p2a: Aggron
|-supereffective|p2a: Aggron
|-damage|p2a: Aggron|0 fnt
|faint|p2a: Aggron
|
|t:|1728435387
|switch|p2a: Magneton|Magneton|76/100
|-damage|p2a: Magneton|63/100|[from] Spikes
|
|-weather|Sandstorm|[upkeep]
|-heal|p1a: Swampert|77/100 par|[from] item: Leftovers
|upkeep
|turn|22
|c|☆Churielix|+susciety: callate noob
|
|t:|1728435393
|switch|p2a: Metagross|Metagross|100/100
|-damage|p2a: Metagross|88/100|[from] Spikes
|switch|p1a: Celebi|Celebi|93/100
|
|-weather|Sandstorm|[upkeep]
|-damage|p1a: Celebi|87/100|[from] Sandstorm
|-heal|p1a: Celebi|93/100|[from] item: Leftovers
|upkeep
|turn|23
|
|t:|1728435395
|move|p1a: Celebi|Leech Seed|p2a: Metagross
|-start|p2a: Metagross|move: Leech Seed
|move|p2a: Metagross|Shadow Ball|p1a: Celebi
|-supereffective|p1a: Celebi
|-damage|p1a: Celebi|26/100
|
|-weather|Sandstorm|[upkeep]
|-damage|p1a: Celebi|20/100|[from] Sandstorm
|-heal|p1a: Celebi|26/100|[from] item: Leftovers
|-damage|p2a: Metagross|76/100|[from] Leech Seed|[of] p1a: Celebi
|-heal|p1a: Celebi|35/100|[silent]
|upkeep
|turn|24
|
|t:|1728435400
|switch|p1a: Swampert|Swampert, M|77/100 par
|switch|p2a: Magneton|Magneton|63/100
|-damage|p2a: Magneton|51/100|[from] Spikes
|
|-weather|Sandstorm|[upkeep]
|-heal|p1a: Swampert|83/100 par|[from] item: Leftovers
|upkeep
|turn|25
|
|t:|1728435406
|switch|p1a: Celebi|Celebi|35/100
|move|p2a: Magneton|Hidden Power|p1a: Celebi
|-resisted|p1a: Celebi
|-damage|p1a: Celebi|27/100
|
|-weather|Sandstorm|[upkeep]
|-damage|p1a: Celebi|21/100|[from] Sandstorm
|-heal|p1a: Celebi|27/100|[from] item: Leftovers
|upkeep
|turn|26
|
|t:|1728435411
|move|p2a: Magneton|Reflect|p2a: Magneton
|-sidestart|p2: VoidVolta|Reflect
|move|p1a: Celebi|Recover|p1a: Celebi
|-heal|p1a: Celebi|77/100
|
|-weather|Sandstorm|[upkeep]
|-damage|p1a: Celebi|71/100|[from] Sandstorm
|-heal|p1a: Celebi|77/100|[from] item: Leftovers
|upkeep
|turn|27
|
|t:|1728435417
|switch|p2a: Metagross|Metagross|76/100
|-damage|p2a: Metagross|64/100|[from] Spikes
|move|p1a: Celebi|Leech Seed|p2a: Metagross
|-start|p2a: Metagross|move: Leech Seed
|
|-weather|Sandstorm|[upkeep]
|-damage|p1a: Celebi|71/100|[from] Sandstorm
|-heal|p1a: Celebi|77/100|[from] item: Leftovers
|-damage|p2a: Metagross|51/100|[from] Leech Seed|[of] p1a: Celebi
|-heal|p1a: Celebi|86/100|[silent]
|upkeep
|turn|28
|
|t:|1728435422
|switch|p1a: Swampert|Swampert, M|83/100 par
|move|p2a: Metagross|Shadow Ball|p1a: Swampert
|-damage|p1a: Swampert|50/100 par
|
|-weather|Sandstorm|[upkeep]
|-damage|p2a: Metagross|39/100|[from] Leech Seed|[of] p1a: Swampert
|-heal|p1a: Swampert|59/100 par|[silent]
|-heal|p1a: Swampert|65/100 par|[from] item: Leftovers
|upkeep
|turn|29
|
|t:|1728435430
|move|p2a: Metagross|Shadow Ball|p1a: Swampert
|-damage|p1a: Swampert|31/100 par
|move|p1a: Swampert|Surf|p2a: Metagross
|-damage|p2a: Metagross|0 fnt
|faint|p2a: Metagross
|
|t:|1728435431
|switch|p2a: Magneton|Magneton|51/100
|-damage|p2a: Magneton|38/100|[from] Spikes
|
|-weather|Sandstorm|[upkeep]
|-heal|p1a: Swampert|37/100 par|[from] item: Leftovers
|upkeep
|turn|30
|
|t:|1728435435
|move|p2a: Magneton|Hidden Power|p1a: Swampert
|-supereffective|p1a: Swampert
|-damage|p1a: Swampert|0 fnt
|faint|p1a: Swampert
|
|t:|1728435436
|switch|p1a: Celebi|Celebi|86/100
|
|-sideend|p2: VoidVolta|Reflect
|-weather|Sandstorm|[upkeep]
|-damage|p1a: Celebi|80/100|[from] Sandstorm
|-heal|p1a: Celebi|86/100|[from] item: Leftovers
|upkeep
|turn|31
|
|t:|1728435438
|move|p2a: Magneton|Zap Cannon|p1a: Celebi
|-resisted|p1a: Celebi
|-crit|p1a: Celebi
|-damage|p1a: Celebi|47/100
|-status|p1a: Celebi|par
|cant|p1a: Celebi|par
|
|-weather|Sandstorm|[upkeep]
|-damage|p1a: Celebi|41/100 par|[from] Sandstorm
|-heal|p1a: Celebi|47/100 par|[from] item: Leftovers
|upkeep
|turn|32
|
|t:|1728435444
|move|p2a: Magneton|Thunderbolt|p1a: Celebi
|-resisted|p1a: Celebi
|-damage|p1a: Celebi|27/100 par
|move|p1a: Celebi|Recover|p1a: Celebi
|-heal|p1a: Celebi|77/100 par
|
|-weather|Sandstorm|[upkeep]
|-damage|p1a: Celebi|71/100 par|[from] Sandstorm
|-heal|p1a: Celebi|77/100 par|[from] item: Leftovers
|upkeep
|turn|33
|
|t:|1728435447
|move|p2a: Magneton|Thunderbolt|p1a: Celebi
|-resisted|p1a: Celebi
|-damage|p1a: Celebi|59/100 par
|move|p1a: Celebi|Recover|p1a: Celebi
|-heal|p1a: Celebi|100/100 par
|
|-weather|Sandstorm|[upkeep]
|-damage|p1a: Celebi|94/100 par|[from] Sandstorm
|-heal|p1a: Celebi|100/100 par|[from] item: Leftovers
|upkeep
|turn|34
|
|t:|1728435456
|move|p2a: Magneton|Zap Cannon|p1a: Celebi
|-resisted|p1a: Celebi
|-damage|p1a: Celebi|80/100 par
|move|p1a: Celebi|Psychic|p2a: Magneton
|-resisted|p2a: Magneton
|-damage|p2a: Magneton|8/100
|
|-weather|Sandstorm|[upkeep]
|-damage|p1a: Celebi|74/100 par|[from] Sandstorm
|-enditem|p2a: Magneton|Salac Berry|[eat]
|-boost|p2a: Magneton|spe|1|[from] item: Salac Berry
|-heal|p1a: Celebi|80/100 par|[from] item: Leftovers
|upkeep
|turn|35
|
|t:|1728435462
|move|p2a: Magneton|Thunderbolt|p1a: Celebi
|-resisted|p1a: Celebi
|-damage|p1a: Celebi|61/100 par
|move|p1a: Celebi|Recover|p1a: Celebi
|-heal|p1a: Celebi|100/100 par
|
|-weather|Sandstorm|[upkeep]
|-damage|p1a: Celebi|94/100 par|[from] Sandstorm
|-heal|p1a: Celebi|100/100 par|[from] item: Leftovers
|upkeep
|turn|36
|
|t:|1728435465
|move|p2a: Magneton|Thunderbolt|p1a: Celebi
|-resisted|p1a: Celebi
|-damage|p1a: Celebi|83/100 par
|cant|p1a: Celebi|par
|
|-weather|Sandstorm|[upkeep]
|-damage|p1a: Celebi|76/100 par|[from] Sandstorm
|-heal|p1a: Celebi|83/100 par|[from] item: Leftovers
|upkeep
|turn|37
|
|t:|1728435467
|move|p2a: Magneton|Thunderbolt|p1a: Celebi
|-resisted|p1a: Celebi
|-damage|p1a: Celebi|63/100 par
|move|p1a: Celebi|Psychic|p2a: Magneton
|-resisted|p2a: Magneton
|-damage|p2a: Magneton|0 fnt
|faint|p2a: Magneton
|
|win|Churielix
|c|☆VoidVolta|gg
|c|☆Churielix|gg
|c|☆Churielix|/log Churielix made the replay of this battle unlisted.
|c|☆VoidVolta|ready for next
|player|p2|

</script>
<script type="application/json" class="data" id="replaydata-smogtours-gen3ou-796554">
{"id":"smogtours-gen3ou-796554","format":"[Gen 3] OU","players":["Churielix","VoidVolta"],"uploadtime":1728435467,"views":153,"formatid":"gen3ou","rating":null,"private":1,"password":null}
</script>

<script defer src="js/replays.js?9d40a366"></script>
