<!DOCTYPE html>
<meta charset="utf-8" />
<meta name="viewport" content="width=device-width" />

<title>[Gen 3] OU: scootymcbooty123 vs. tsukinomiko - Replays - Pok&eacute;mon Showdown!</title>

<meta name="description" content="Watch a replay of a Pok&eacute;mon battle between scootymcbooty123 and tsukinomiko! Format: [Gen 3] OU; Date: Oct 10, 2024" />
<!--

Hey, you! Looking in the source for the replay log?

You can find them in JSON format, just add `.json` at the end of a replay URL.

https://replay.pokemonshowdown.com/gen7randomdoublesbattle-865046831.json

Or, if you only need the log itself, add `.log` instead:

https://replay.pokemonshowdown.com/gen7randomdoublesbattle-865046831.log

-->

<link rel="stylesheet" href="//pokemonshowdown.com/style/global.css?0.023195364461161105" />
<link rel="stylesheet" href="//play.pokemonshowdown.com/style/font-awesome.css?0.13261647063804238" />
<link rel="stylesheet" href="//play.pokemonshowdown.com/style/battle.css?0.8753245789963631" />
<link rel="stylesheet" href="//play.pokemonshowdown.com/style/utilichart.css?0.8627959624976733" />

<!-- Global site tag (gtag.js) - Google Analytics -->
<script async src="https://www.googletagmanager.com/gtag/js?id=UA-26211653-1"></script>
<script>
  window.dataLayer = window.dataLayer || [];
  function gtag(){dataLayer.push(arguments);}
  gtag('js', new Date());

  gtag('config', 'UA-26211653-1');
</script>
<!-- End Google Analytics -->
<!-- Venatus Ad Manager - Install in <HEAD> of page -->
	<script src="https://hb.vntsm.com/v3/live/ad-manager.min.js" type="text/javascript" data-site-id="642aba63ec9a7b11c3c9c1be" data-mode="scan" async></script>
<!-- / Venatus Ad Manager -->

<style>
	@media (max-width:820px) {
		.battle {
			margin: 0 auto;
		}
		.battle-log {
			margin: 7px auto 0;
			max-width: 640px;
			height: 300px;
			position: static;
		}
	}
	.optgroup {
		display: inline-block;
		line-height: 22px;
		font-size: 10pt;
	}
	.optgroup .button {
		height: 25px;
		padding-top: 0;
		padding-bottom: 0;
	}
	.optgroup button.button {
		padding-left: 12px;
		padding-right: 12px;
	}
	.linklist {
		list-style: none;
		margin: 0.5em 0;
		padding: 0;
	}
	.linklist li {
		padding: 2px 0;
	}
	.sidebar {
		float: left;
		width: 320px;
	}
	.bar-wrapper {
		max-width: 1100px;
		margin: 0 auto;
	}
	.bar-wrapper.has-sidebar {
		max-width: 1430px;
	}
	.mainbar {
		margin: 0;
		padding-right: 1px;
	}
	.mainbar.has-sidebar {
		margin-left: 330px;
	}
	@media (min-width: 1511px) {
		.sidebar {
			width: 400px;
		}
		.bar-wrapper.has-sidebar {
			max-width: 1510px;
		}
		.mainbar.has-sidebar {
			margin-left: 410px;
		}
	}
	.section.first-section {
		margin-top: 9px;
	}
	.blocklink small {
		white-space: normal;
	}
	.button {
		vertical-align: middle;
	}
	.replay-controls {
		padding-top: 10px;
	}
	.replay-controls h1 {
		font-size: 16pt;
		font-weight: normal;
		color: #CCC;
	}
	.pagelink {
		text-align: center;
	}
	.pagelink a {
		width: 150px;
	}
	.textbox, .button {
		font-size: 11pt;
		vertical-align: middle;
	}
	@media (max-width: 450px) {
		.button {
			font-size: 9pt;
		}
	}
</style>

<div>

	<header>
		<div class="nav-wrapper"><ul class="nav">
			<li><a class="button nav-first" href="//pokemonshowdown.com/"><img src="//pokemonshowdown.com/images/pokemonshowdownbeta.png" srcset="//pokemonshowdown.com/images/pokemonshowdownbeta.png 1x, //pokemonshowdown.com/images/pokemonshowdownbeta@2x.png 2x" alt="Pok&eacute;mon Showdown" width="146" height="44" /> Home</a></li>
			<li><a class="button" href="//pokemonshowdown.com/dex/">Pok&eacute;dex</a></li>
			<li><a class="button cur" href="/">Replays</a></li>
			<li><a class="button" href="//pokemonshowdown.com/ladder/">Ladder</a></li>
			<li><a class="button nav-last" href="//pokemonshowdown.com/forums/">Forum</a></li>
			<li><a class="button greenbutton nav-first nav-last" href="//play.pokemonshowdown.com/">Play</a></li>
		</ul></div>
	</header>

	<div class="main" id="main">

		<noscript><section class="section">You need to enable JavaScript to use this page; sorry!</section></noscript>

	</div>

</div>

<script defer nomodule src="//play.pokemonshowdown.com/js/lib/ps-polyfill.js"></script>
<script defer src="//play.pokemonshowdown.com/js/lib/preact.min.js"></script>

<script defer src="//play.pokemonshowdown.com/config/config.js?2bddbc15"></script>
<script defer src="//play.pokemonshowdown.com/js/lib/jquery-1.11.0.min.js"></script>
<script defer src="//play.pokemonshowdown.com/js/lib/html-sanitizer-minified.js"></script>
<script defer src="//play.pokemonshowdown.com/js/battle-sound.js"></script>
<script defer src="//play.pokemonshowdown.com/js/battledata.js?0.7209276989879541"></script>
<script defer src="//play.pokemonshowdown.com/data/pokedex-mini.js?0.6111056340867951"></script>
<script defer src="//play.pokemonshowdown.com/data/pokedex-mini-bw.js?0.3532142036491459"></script>
<script defer src="//play.pokemonshowdown.com/data/graphics.js?0.24223875632456182"></script>
<script defer src="//play.pokemonshowdown.com/data/pokedex.js?0.38839984266356864"></script>
<script defer src="//play.pokemonshowdown.com/data/moves.js?0.21866028504024015"></script>
<script defer src="//play.pokemonshowdown.com/data/abilities.js?0.2005157953846628"></script>
<script defer src="//play.pokemonshowdown.com/data/items.js?0.9894211263848525"></script>
<script defer src="//play.pokemonshowdown.com/data/teambuilder-tables.js?0.6008791140282215"></script>
<script defer src="//play.pokemonshowdown.com/js/battle-tooltips.js?0.7580118955022959"></script>
<script defer src="//play.pokemonshowdown.com/js/battle.js?0.6057722274234274"></script>

<script defer src="js/utils.js?e31f9a17"></script>
<script defer src="js/replays-battle.js?7008c182"></script>

<!-- don't scrape this data! just add .json or .log after the URL!
Full API docs: https://github.com/smogon/pokemon-showdown-client/blob/master/WEB-API.md -->
<script type="text/plain" class="log" id="replaylog-smogtours-gen3ou-796830">
|inactive|Battle timer is ON: inactive players will automatically lose when time's up.
|t:|1728520015
|gametype|singles
|player|p1|scootymcbooty123|1|
|player|p2|tsukinomiko|bellelba|
|teamsize|p1|6
|teamsize|p2|6
|gen|3
|tier|[Gen 3] OU
|rule|Sleep Clause Mod: Limit one foe put to sleep
|rule|Switch Priority Clause Mod: Faster Pokémon switch first
|rule|Species Clause: Limit one of each Pokémon
|rule|OHKO Clause: OHKO moves are banned
|rule|Evasion Items Clause: Evasion items are banned
|rule|Evasion Moves Clause: Evasion moves are banned
|rule|Endless Battle Clause: Forcing endless battles is banned
|rule|HP Percentage Mod: HP is shown in percentages
|rule|One Boost Passer Clause: Limit one Baton Passer that has a way to boost its stats
|rule|Freeze Clause Mod: Limit one foe frozen
|
|t:|1728520015
|start
|switch|p1a: Zapdos|Zapdos|100/100
|switch|p2a: RX-0 Unicorn|Metagross, shiny|100/100
|turn|1
|inactive|tsukinomiko has 270 seconds left.
|
|t:|1728520060
|move|p1a: Zapdos|Substitute|p1a: Zapdos
|-start|p1a: Zapdos|Substitute
|-damage|p1a: Zapdos|76/100
|move|p2a: RX-0 Unicorn|Rock Slide|p1a: Zapdos
|-supereffective|p1a: Zapdos
|-end|p1a: Zapdos|Substitute
|
|-heal|p1a: Zapdos|82/100|[from] item: Leftovers
|upkeep
|turn|2
|
|t:|1728520069
|move|p1a: Zapdos|Baton Pass|p1a: Zapdos
|
|t:|1728520070
|switch|p1a: Swampert|Swampert, F|100/100|[from] Baton Pass
|move|p2a: RX-0 Unicorn|Rock Slide|p1a: Swampert
|-resisted|p1a: Swampert
|-damage|p1a: Swampert|87/100
|
|-heal|p1a: Swampert|93/100|[from] item: Leftovers
|upkeep
|turn|3
|
|t:|1728520088
|switch|p2a: Ame-no-Habakiri|Suicune, shiny|100/100
|move|p1a: Swampert|Earthquake|p2a: Ame-no-Habakiri
|-damage|p2a: Ame-no-Habakiri|75/100
|
|-heal|p2a: Ame-no-Habakiri|81/100|[from] item: Leftovers
|-heal|p1a: Swampert|99/100|[from] item: Leftovers
|upkeep
|turn|4
|
|t:|1728520096
|switch|p2a: Oishi|Snorlax, M, shiny|100/100
|switch|p1a: Celebi|Celebi|100/100
|
|upkeep
|turn|5
|
|t:|1728520116
|move|p1a: Celebi|Calm Mind|p1a: Celebi
|-boost|p1a: Celebi|spa|1
|-boost|p1a: Celebi|spd|1
|move|p2a: Oishi|Body Slam|p1a: Celebi
|-damage|p1a: Celebi|66/100
|-status|p1a: Celebi|par
|
|-heal|p1a: Celebi|72/100 par|[from] item: Leftovers
|upkeep
|turn|6
|
|t:|1728520122
|move|p2a: Oishi|Body Slam|p1a: Celebi
|-damage|p1a: Celebi|37/100 par
|move|p1a: Celebi|Baton Pass|p1a: Celebi
|
|t:|1728520130
|-curestatus|p1a: Celebi|par|[from] ability: Natural Cure
|switch|p1a: Swampert|Swampert, F|99/100|[from] Baton Pass
|
|-heal|p1a: Swampert|100/100|[from] item: Leftovers
|upkeep
|turn|7
|inactive|tsukinomiko has 270 seconds left.
|
|t:|1728520189
|switch|p2a: Ame-no-Habakiri|Suicune, shiny|81/100
|move|p1a: Swampert|Protect||[still]
|-fail|p1a: Swampert
|
|-heal|p2a: Ame-no-Habakiri|87/100|[from] item: Leftovers
|upkeep
|turn|8
|
|t:|1728520200
|move|p2a: Ame-no-Habakiri|Calm Mind|p2a: Ame-no-Habakiri
|-boost|p2a: Ame-no-Habakiri|spa|1
|-boost|p2a: Ame-no-Habakiri|spd|1
|move|p1a: Swampert|Earthquake|p2a: Ame-no-Habakiri
|-damage|p2a: Ame-no-Habakiri|57/100
|
|-heal|p2a: Ame-no-Habakiri|63/100|[from] item: Leftovers
|upkeep
|turn|9
|
|t:|1728520219
|move|p2a: Ame-no-Habakiri|Surf|p1a: Swampert
|-damage|p1a: Swampert|66/100
|move|p1a: Swampert|Earthquake|p2a: Ame-no-Habakiri
|-crit|p2a: Ame-no-Habakiri
|-damage|p2a: Ame-no-Habakiri|11/100
|
|-heal|p2a: Ame-no-Habakiri|17/100|[from] item: Leftovers
|-heal|p1a: Swampert|72/100|[from] item: Leftovers
|upkeep
|turn|10
|
|t:|1728520231
|move|p2a: Ame-no-Habakiri|Rest|p2a: Ame-no-Habakiri
|-status|p2a: Ame-no-Habakiri|slp|[from] move: Rest
|-heal|p2a: Ame-no-Habakiri|100/100 slp|[silent]
|move|p1a: Swampert|Earthquake|p2a: Ame-no-Habakiri
|-damage|p2a: Ame-no-Habakiri|75/100 slp
|
|-heal|p2a: Ame-no-Habakiri|81/100 slp|[from] item: Leftovers
|-heal|p1a: Swampert|78/100|[from] item: Leftovers
|upkeep
|turn|11
|
|t:|1728520240
|switch|p1a: Celebi|Celebi|37/100
|cant|p2a: Ame-no-Habakiri|slp
|
|-heal|p1a: Celebi|43/100|[from] item: Leftovers
|-heal|p2a: Ame-no-Habakiri|87/100 slp|[from] item: Leftovers
|upkeep
|turn|12
|
|t:|1728520245
|switch|p2a: Oishi|Snorlax, M, shiny|100/100
|move|p1a: Celebi|Calm Mind|p1a: Celebi
|-boost|p1a: Celebi|spa|1
|-boost|p1a: Celebi|spd|1
|
|-heal|p1a: Celebi|49/100|[from] item: Leftovers
|upkeep
|turn|13
|inactive|scootymcbooty123 has 270 seconds left.
|
|t:|1728520276
|move|p1a: Celebi|Giga Drain|p2a: Oishi
|-damage|p2a: Oishi|83/100
|-heal|p1a: Celebi|60/100|[from] drain|[of] p2a: Oishi
|move|p2a: Oishi|Body Slam|p1a: Celebi
|-damage|p1a: Celebi|24/100
|
|-heal|p1a: Celebi|30/100|[from] item: Leftovers
|-heal|p2a: Oishi|89/100|[from] item: Leftovers
|upkeep
|turn|14
|
|t:|1728520286
|move|p1a: Celebi|Baton Pass|p1a: Celebi
|
|t:|1728520287
|switch|p1a: Swampert|Swampert, F|78/100|[from] Baton Pass
|move|p2a: Oishi|Body Slam|p1a: Swampert
|-damage|p1a: Swampert|49/100
|
|-heal|p1a: Swampert|55/100|[from] item: Leftovers
|-heal|p2a: Oishi|95/100|[from] item: Leftovers
|upkeep
|turn|15
|
|t:|1728520304
|switch|p2a: Ame-no-Habakiri|Suicune, shiny|87/100 slp
|move|p1a: Swampert|Earthquake|p2a: Ame-no-Habakiri
|-damage|p2a: Ame-no-Habakiri|56/100 slp
|
|-heal|p2a: Ame-no-Habakiri|63/100 slp|[from] item: Leftovers
|-heal|p1a: Swampert|61/100|[from] item: Leftovers
|upkeep
|turn|16
|
|t:|1728520314
|cant|p2a: Ame-no-Habakiri|slp
|move|p1a: Swampert|Earthquake|p2a: Ame-no-Habakiri
|-damage|p2a: Ame-no-Habakiri|34/100 slp
|
|-heal|p2a: Ame-no-Habakiri|41/100 slp|[from] item: Leftovers
|-heal|p1a: Swampert|67/100|[from] item: Leftovers
|upkeep
|turn|17
|inactive|tsukinomiko has 270 seconds left.
|
|t:|1728520337
|-curestatus|p2a: Ame-no-Habakiri|slp|[msg]
|move|p2a: Ame-no-Habakiri|Surf|p1a: Swampert
|-damage|p1a: Swampert|42/100
|move|p1a: Swampert|Earthquake|p2a: Ame-no-Habakiri
|-damage|p2a: Ame-no-Habakiri|10/100
|
|-heal|p2a: Ame-no-Habakiri|16/100|[from] item: Leftovers
|-heal|p1a: Swampert|48/100|[from] item: Leftovers
|upkeep
|turn|18
|inactive|tsukinomiko has 270 seconds left.
|
|t:|1728520356
|switch|p1a: Dugtrio|Dugtrio, M|100/100
|move|p2a: Ame-no-Habakiri|Rest|p2a: Ame-no-Habakiri
|-status|p2a: Ame-no-Habakiri|slp|[from] move: Rest
|-heal|p2a: Ame-no-Habakiri|100/100 slp|[silent]
|
|upkeep
|turn|19
|
|t:|1728520363
|move|p1a: Dugtrio|Earthquake|p2a: Ame-no-Habakiri
|-damage|p2a: Ame-no-Habakiri|56/100 slp
|cant|p2a: Ame-no-Habakiri|slp
|move|p2a: Ame-no-Habakiri|Sleep Talk|p2a: Ame-no-Habakiri
|move|p2a: Ame-no-Habakiri|Calm Mind|p2a: Ame-no-Habakiri|[from]Sleep Talk
|-boost|p2a: Ame-no-Habakiri|spa|1
|-boost|p2a: Ame-no-Habakiri|spd|1
|
|-heal|p2a: Ame-no-Habakiri|63/100 slp|[from] item: Leftovers
|upkeep
|turn|20
|inactive|tsukinomiko has 270 seconds left.
|
|t:|1728520371
|move|p1a: Dugtrio|Earthquake|p2a: Ame-no-Habakiri
|-damage|p2a: Ame-no-Habakiri|24/100 slp
|cant|p2a: Ame-no-Habakiri|slp
|move|p2a: Ame-no-Habakiri|Sleep Talk|p2a: Ame-no-Habakiri
|move|p2a: Ame-no-Habakiri|Surf|p1a: Dugtrio|[from]Sleep Talk
|-supereffective|p1a: Dugtrio
|-damage|p1a: Dugtrio|0 fnt
|faint|p1a: Dugtrio
|
|t:|1728520375
|switch|p1a: Zapdos|Zapdos|82/100
|
|-heal|p1a: Zapdos|88/100|[from] item: Leftovers
|-heal|p2a: Ame-no-Habakiri|31/100 slp|[from] item: Leftovers
|upkeep
|turn|21
|inactive|tsukinomiko has 270 seconds left.
|inactive|tsukinomiko has 240 seconds left.
|inactive|tsukinomiko has 210 seconds left.
|
|t:|1728520462
|move|p1a: Zapdos|Thunderbolt|p2a: Ame-no-Habakiri
|-supereffective|p2a: Ame-no-Habakiri
|-damage|p2a: Ame-no-Habakiri|0 fnt
|faint|p2a: Ame-no-Habakiri
|
|t:|1728520465
|switch|p2a: Oishi|Snorlax, M, shiny|95/100
|
|-heal|p1a: Zapdos|94/100|[from] item: Leftovers
|-heal|p2a: Oishi|100/100|[from] item: Leftovers
|upkeep
|turn|22
|
|t:|1728520473
|move|p1a: Zapdos|Baton Pass|p1a: Zapdos
|
|t:|1728520474
|switch|p1a: Jirachi|Jirachi|100/100|[from] Baton Pass
|move|p2a: Oishi|Body Slam|p1a: Jirachi
|-resisted|p1a: Jirachi
|-damage|p1a: Jirachi|85/100
|
|-heal|p1a: Jirachi|91/100|[from] item: Leftovers
|upkeep
|turn|23
|
|t:|1728520480
|move|p1a: Jirachi|Calm Mind|p1a: Jirachi
|-boost|p1a: Jirachi|spa|1
|-boost|p1a: Jirachi|spd|1
|move|p2a: Oishi|Earthquake|p1a: Jirachi
|-supereffective|p1a: Jirachi
|-damage|p1a: Jirachi|40/100
|
|-heal|p1a: Jirachi|46/100|[from] item: Leftovers
|upkeep
|turn|24
|
|t:|1728520485
|move|p1a: Jirachi|Fire Punch|p2a: Oishi
|-damage|p2a: Oishi|84/100
|move|p2a: Oishi|Earthquake|p1a: Jirachi
|-supereffective|p1a: Jirachi
|-damage|p1a: Jirachi|0 fnt
|faint|p1a: Jirachi
|
|t:|1728520493
|switch|p1a: Swampert|Swampert, F|48/100
|
|-heal|p1a: Swampert|55/100|[from] item: Leftovers
|-heal|p2a: Oishi|90/100|[from] item: Leftovers
|upkeep
|turn|25
|inactive|tsukinomiko has 240 seconds left.
|
|t:|1728520517
|switch|p2a: Gap Youkai|Claydol|100/100
|move|p1a: Swampert|Earthquake|p2a: Gap Youkai
|-immune|p2a: Gap Youkai
|
|-heal|p1a: Swampert|61/100|[from] item: Leftovers
|upkeep
|turn|26
|
|t:|1728520527
|move|p1a: Swampert|Protect|p1a: Swampert
|-singleturn|p1a: Swampert|Protect
|move|p2a: Gap Youkai|Explosion|p1a: Swampert
|-activate|p1a: Swampert|Protect
|faint|p2a: Gap Youkai
|
|t:|1728520532
|switch|p2a: Oishi|Snorlax, M, shiny|90/100
|
|-heal|p1a: Swampert|67/100|[from] item: Leftovers
|-heal|p2a: Oishi|96/100|[from] item: Leftovers
|upkeep
|turn|27
|
|t:|1728520559
|switch|p1a: Zapdos|Zapdos|94/100
|move|p2a: Oishi|Body Slam|p1a: Zapdos
|-damage|p1a: Zapdos|48/100
|
|-heal|p1a: Zapdos|54/100|[from] item: Leftovers
|-heal|p2a: Oishi|100/100|[from] item: Leftovers
|upkeep
|turn|28
|
|t:|1728520566
|move|p1a: Zapdos|Thunderbolt|p2a: Oishi
|-damage|p2a: Oishi|75/100
|-status|p2a: Oishi|par
|move|p2a: Oishi|Body Slam|p1a: Zapdos
|-damage|p1a: Zapdos|1/100
|
|-heal|p1a: Zapdos|7/100|[from] item: Leftovers
|-heal|p2a: Oishi|81/100 par|[from] item: Leftovers
|upkeep
|turn|29
|
|t:|1728520579
|move|p1a: Zapdos|Thunderbolt|p2a: Oishi
|-damage|p2a: Oishi|56/100 par
|move|p2a: Oishi|Body Slam|p1a: Zapdos
|-damage|p1a: Zapdos|0 fnt
|faint|p1a: Zapdos
|
|t:|1728520581
|switch|p1a: Swampert|Swampert, F|67/100
|
|-heal|p1a: Swampert|73/100|[from] item: Leftovers
|-heal|p2a: Oishi|62/100 par|[from] item: Leftovers
|upkeep
|turn|30
|
|t:|1728520592
|switch|p2a: Les chambres rouge|Charizard, M|100/100
|move|p1a: Swampert|Earthquake|p2a: Les chambres rouge
|-immune|p2a: Les chambres rouge
|
|-heal|p1a: Swampert|79/100|[from] item: Leftovers
|upkeep
|turn|31
|
|t:|1728520608
|move|p1a: Swampert|Protect|p1a: Swampert
|-singleturn|p1a: Swampert|Protect
|move|p2a: Les chambres rouge|Hidden Power|p1a: Swampert
|-activate|p1a: Swampert|Protect
|
|-heal|p1a: Swampert|86/100|[from] item: Leftovers
|upkeep
|turn|32
|
|t:|1728520612
|switch|p1a: Celebi|Celebi|30/100
|move|p2a: Les chambres rouge|Hidden Power|p1a: Celebi
|-resisted|p1a: Celebi
|-damage|p1a: Celebi|20/100
|
|-heal|p1a: Celebi|26/100|[from] item: Leftovers
|upkeep
|turn|33
|
|t:|1728520616
|switch|p1a: Starmie|Starmie|100/100
|move|p2a: Les chambres rouge|Fire Blast|p1a: Starmie
|-resisted|p1a: Starmie
|-damage|p1a: Starmie|59/100
|
|-heal|p1a: Starmie|65/100|[from] item: Leftovers
|upkeep
|turn|34
|
|t:|1728520634
|switch|p2a: RX-0 Unicorn|Metagross, shiny|100/100
|move|p1a: Starmie|Hydro Pump|p2a: RX-0 Unicorn|[miss]
|-miss|p1a: Starmie|p2a: RX-0 Unicorn
|
|-heal|p1a: Starmie|71/100|[from] item: Leftovers
|upkeep
|turn|35
|inactive|tsukinomiko has 270 seconds left.
|
|t:|1728520662
|switch|p1a: Swampert|Swampert, F|86/100
|move|p2a: RX-0 Unicorn|Earthquake|p1a: Swampert
|-damage|p1a: Swampert|43/100
|
|-heal|p1a: Swampert|50/100|[from] item: Leftovers
|upkeep
|turn|36
|
|t:|1728520669
|move|p1a: Swampert|Protect|p1a: Swampert
|-singleturn|p1a: Swampert|Protect
|move|p2a: RX-0 Unicorn|Earthquake|p1a: Swampert
|-activate|p1a: Swampert|Protect
|
|-heal|p1a: Swampert|56/100|[from] item: Leftovers
|upkeep
|turn|37
|
|t:|1728520672
|move|p2a: RX-0 Unicorn|Earthquake|p1a: Swampert
|-damage|p1a: Swampert|16/100
|move|p1a: Swampert|Hydro Pump|p2a: RX-0 Unicorn
|-damage|p2a: RX-0 Unicorn|40/100
|
|-heal|p1a: Swampert|22/100|[from] item: Leftovers
|upkeep
|turn|38
|
|t:|1728520676
|move|p1a: Swampert|Protect|p1a: Swampert
|-singleturn|p1a: Swampert|Protect
|move|p2a: RX-0 Unicorn|Earthquake|p1a: Swampert
|-activate|p1a: Swampert|Protect
|
|-heal|p1a: Swampert|28/100|[from] item: Leftovers
|upkeep
|turn|39
|
|t:|1728520681
|move|p2a: RX-0 Unicorn|Earthquake|p1a: Swampert
|-damage|p1a: Swampert|0 fnt
|faint|p1a: Swampert
|inactive|scootymcbooty123 has 270 seconds left.
|
|t:|1728520714
|switch|p1a: Celebi|Celebi|26/100
|
|-heal|p1a: Celebi|33/100|[from] item: Leftovers
|upkeep
|turn|40
|
|t:|1728520719
|move|p1a: Celebi|Calm Mind|p1a: Celebi
|-boost|p1a: Celebi|spa|1
|-boost|p1a: Celebi|spd|1
|move|p2a: RX-0 Unicorn|Earthquake|p1a: Celebi
|-resisted|p1a: Celebi
|-damage|p1a: Celebi|8/100
|
|-heal|p1a: Celebi|14/100|[from] item: Leftovers
|upkeep
|turn|41
|inactive|scootymcbooty123 has 270 seconds left.
|
|t:|1728520745
|move|p1a: Celebi|Hidden Power|p2a: RX-0 Unicorn
|-supereffective|p2a: RX-0 Unicorn
|-damage|p2a: RX-0 Unicorn|0 fnt
|faint|p2a: RX-0 Unicorn
|
|t:|1728520751
|switch|p2a: Les chambres rouge|Charizard, M|100/100
|
|-heal|p1a: Celebi|21/100|[from] item: Leftovers
|upkeep
|turn|42
|
|t:|1728520760
|move|p2a: Les chambres rouge|Fire Blast|p1a: Celebi
|-supereffective|p1a: Celebi
|-damage|p1a: Celebi|0 fnt
|faint|p1a: Celebi
|
|t:|1728520762
|switch|p1a: Starmie|Starmie|71/100
|
|-heal|p1a: Starmie|77/100|[from] item: Leftovers
|upkeep
|turn|43
|
|t:|1728520780
|move|p1a: Starmie|Hydro Pump|p2a: Les chambres rouge
|-supereffective|p2a: Les chambres rouge
|-damage|p2a: Les chambres rouge|0 fnt
|faint|p2a: Les chambres rouge
|
|t:|1728520782
|switch|p2a: Despotar|Tyranitar, M|100/100
|-weather|Sandstorm|[from] ability: Sand Stream|[of] p2a: Despotar
|
|-weather|Sandstorm|[upkeep]
|-damage|p1a: Starmie|71/100|[from] Sandstorm
|-heal|p1a: Starmie|77/100|[from] item: Leftovers
|upkeep
|turn|44
|
|t:|1728520788
|move|p1a: Starmie|Hydro Pump|p2a: Despotar
|-supereffective|p2a: Despotar
|-damage|p2a: Despotar|5/100
|move|p2a: Despotar|Crunch|p1a: Starmie
|-supereffective|p1a: Starmie
|-damage|p1a: Starmie|0 fnt
|faint|p1a: Starmie
|
|win|tsukinomiko
|c|☆scootymcbooty123|GGS
|c|☆tsukinomiko|gg!
|player|p1|

</script>
<script type="application/json" class="data" id="replaydata-smogtours-gen3ou-796830">
{"id":"smogtours-gen3ou-796830","format":"[Gen 3] OU","players":["scootymcbooty123","tsukinomiko"],"uploadtime":1728520788,"views":176,"formatid":"gen3ou","rating":null,"private":0,"password":null}
</script>

<script defer src="js/replays.js?9d40a366"></script>
