<!DOCTYPE html>
<meta charset="utf-8" />
<meta name="viewport" content="width=device-width" />

<title>[Gen 3] OU: RedCrimp vs. witgiz - Replays - Pok&eacute;mon Showdown!</title>

<meta name="description" content="Watch a replay of a Pok&eacute;mon battle between RedCrimp and witgiz! Format: [Gen 3] OU; Date: Nov 13, 2024" />
<!--

Hey, you! Looking in the source for the replay log?

You can find them in JSON format, just add `.json` at the end of a replay URL.

https://replay.pokemonshowdown.com/gen7randomdoublesbattle-865046831.json

Or, if you only need the log itself, add `.log` instead:

https://replay.pokemonshowdown.com/gen7randomdoublesbattle-865046831.log

-->

<link rel="stylesheet" href="//pokemonshowdown.com/style/global.css?0.767286132409787" />
<link rel="stylesheet" href="//play.pokemonshowdown.com/style/font-awesome.css?0.9266228007934947" />
<link rel="stylesheet" href="//play.pokemonshowdown.com/style/battle.css?0.7924700842790926" />
<link rel="stylesheet" href="//play.pokemonshowdown.com/style/utilichart.css?0.8777417872839479" />

<!-- Global site tag (gtag.js) - Google Analytics -->
<script async src="https://www.googletagmanager.com/gtag/js?id=UA-26211653-1"></script>
<script>
  window.dataLayer = window.dataLayer || [];
  function gtag(){dataLayer.push(arguments);}
  gtag('js', new Date());

  gtag('config', 'UA-26211653-1');
</script>
<!-- End Google Analytics -->
<!-- Venatus Ad Manager - Install in <HEAD> of page -->
	<script src="https://hb.vntsm.com/v3/live/ad-manager.min.js" type="text/javascript" data-site-id="642aba63ec9a7b11c3c9c1be" data-mode="scan" async></script>
<!-- / Venatus Ad Manager -->

<style>
	@media (max-width:820px) {
		.battle {
			margin: 0 auto;
		}
		.battle-log {
			margin: 7px auto 0;
			max-width: 640px;
			height: 300px;
			position: static;
		}
	}
	.optgroup {
		display: inline-block;
		line-height: 22px;
		font-size: 10pt;
	}
	.optgroup .button {
		height: 25px;
		padding-top: 0;
		padding-bottom: 0;
	}
	.optgroup button.button {
		padding-left: 12px;
		padding-right: 12px;
	}
	.linklist {
		list-style: none;
		margin: 0.5em 0;
		padding: 0;
	}
	.linklist li {
		padding: 2px 0;
	}
	.sidebar {
		float: left;
		width: 320px;
	}
	.bar-wrapper {
		max-width: 1100px;
		margin: 0 auto;
	}
	.bar-wrapper.has-sidebar {
		max-width: 1430px;
	}
	.mainbar {
		margin: 0;
		padding-right: 1px;
	}
	.mainbar.has-sidebar {
		margin-left: 330px;
	}
	@media (min-width: 1511px) {
		.sidebar {
			width: 400px;
		}
		.bar-wrapper.has-sidebar {
			max-width: 1510px;
		}
		.mainbar.has-sidebar {
			margin-left: 410px;
		}
	}
	.section.first-section {
		margin-top: 9px;
	}
	.blocklink small {
		white-space: normal;
	}
	.button {
		vertical-align: middle;
	}
	.replay-controls {
		padding-top: 10px;
	}
	.replay-controls h1 {
		font-size: 16pt;
		font-weight: normal;
		color: #CCC;
	}
	.pagelink {
		text-align: center;
	}
	.pagelink a {
		width: 150px;
	}
	.textbox, .button {
		font-size: 11pt;
		vertical-align: middle;
	}
	@media (max-width: 450px) {
		.button {
			font-size: 9pt;
		}
	}
</style>

<div>

	<header>
		<div class="nav-wrapper"><ul class="nav">
			<li><a class="button nav-first" href="//pokemonshowdown.com/"><img src="//pokemonshowdown.com/images/pokemonshowdownbeta.png" srcset="//pokemonshowdown.com/images/pokemonshowdownbeta.png 1x, //pokemonshowdown.com/images/pokemonshowdownbeta@2x.png 2x" alt="Pok&eacute;mon Showdown" width="146" height="44" /> Home</a></li>
			<li><a class="button" href="//pokemonshowdown.com/dex/">Pok&eacute;dex</a></li>
			<li><a class="button cur" href="/">Replays</a></li>
			<li><a class="button" href="//pokemonshowdown.com/ladder/">Ladder</a></li>
			<li><a class="button nav-last" href="//pokemonshowdown.com/forums/">Forum</a></li>
			<li><a class="button greenbutton nav-first nav-last" href="//play.pokemonshowdown.com/">Play</a></li>
		</ul></div>
	</header>

	<div class="main" id="main">

		<noscript><section class="section">You need to enable JavaScript to use this page; sorry!</section></noscript>

	</div>

</div>

<script defer nomodule src="//play.pokemonshowdown.com/js/lib/ps-polyfill.js"></script>
<script defer src="//play.pokemonshowdown.com/js/lib/preact.min.js"></script>

<script defer src="//play.pokemonshowdown.com/config/config.js?6dec07f6"></script>
<script defer src="//play.pokemonshowdown.com/js/lib/jquery-1.11.0.min.js"></script>
<script defer src="//play.pokemonshowdown.com/js/lib/html-sanitizer-minified.js"></script>
<script defer src="//play.pokemonshowdown.com/js/battle-sound.js"></script>
<script defer src="//play.pokemonshowdown.com/js/battledata.js?0.6315294753075389"></script>
<script defer src="//play.pokemonshowdown.com/data/pokedex-mini.js?0.7603743185311358"></script>
<script defer src="//play.pokemonshowdown.com/data/pokedex-mini-bw.js?0.030888842834281283"></script>
<script defer src="//play.pokemonshowdown.com/data/graphics.js?0.05593094747507488"></script>
<script defer src="//play.pokemonshowdown.com/data/pokedex.js?0.47064822249611904"></script>
<script defer src="//play.pokemonshowdown.com/data/moves.js?0.8583693120512459"></script>
<script defer src="//play.pokemonshowdown.com/data/abilities.js?0.16017181182386842"></script>
<script defer src="//play.pokemonshowdown.com/data/items.js?0.4163379185673943"></script>
<script defer src="//play.pokemonshowdown.com/data/teambuilder-tables.js?0.31075597372830477"></script>
<script defer src="//play.pokemonshowdown.com/js/battle-tooltips.js?0.6536193500708172"></script>
<script defer src="//play.pokemonshowdown.com/js/battle.js?0.1916591943277901"></script>

<script defer src="js/utils.js?e31f9a17"></script>
<script defer src="js/replays-battle.js?7008c182"></script>

<!-- don't scrape this data! just add .json or .log after the URL!
Full API docs: https://github.com/smogon/pokemon-showdown-client/blob/master/WEB-API.md -->
<script type="text/plain" class="log" id="replaylog-smogtours-gen3ou-806150">
|inactive|Battle timer is ON: inactive players will automatically lose when time's up.
|t:|1731517387
|gametype|singles
|player|p1|RedCrimp|1|
|player|p2|witgiz|linebacker|
|teamsize|p1|6
|teamsize|p2|6
|gen|3
|tier|[Gen 3] OU
|rule|Sleep Clause Mod: Limit one foe put to sleep
|rule|Switch Priority Clause Mod: Faster Pokémon switch first
|rule|Species Clause: Limit one of each Pokémon
|rule|OHKO Clause: OHKO moves are banned
|rule|Evasion Items Clause: Evasion items are banned
|rule|Evasion Moves Clause: Evasion moves are banned
|rule|Endless Battle Clause: Forcing endless battles is banned
|rule|HP Percentage Mod: HP is shown in percentages
|rule|One Boost Passer Clause: Limit one Baton Passer that has a way to boost its stats
|rule|Freeze Clause Mod: Limit one foe frozen
|
|t:|1731517387
|start
|switch|p1a: Tyranitar|Tyranitar, F|100/100
|switch|p2a: cheekibreekiow|Suicune|100/100
|-weather|Sandstorm|[from] ability: Sand Stream|[of] p1a: Tyranitar
|turn|1
|c|☆witgiz|hf
|c|☆RedCrimp|hf
|inactive|RedCrimp has 270 seconds left.
|inactive|witgiz has 270 seconds left.
|
|t:|1731517437
|switch|p1a: Blissey|Blissey, F|100/100
|move|p2a: cheekibreekiow|Calm Mind|p2a: cheekibreekiow
|-boost|p2a: cheekibreekiow|spa|1
|-boost|p2a: cheekibreekiow|spd|1
|
|-weather|Sandstorm|[upkeep]
|-damage|p2a: cheekibreekiow|94/100|[from] Sandstorm
|-damage|p1a: Blissey|94/100|[from] Sandstorm
|-heal|p1a: Blissey|100/100|[from] item: Leftovers
|upkeep
|turn|2
|
|t:|1731517445
|move|p2a: cheekibreekiow|Calm Mind|p2a: cheekibreekiow
|-boost|p2a: cheekibreekiow|spa|1
|-boost|p2a: cheekibreekiow|spd|1
|move|p1a: Blissey|Calm Mind|p1a: Blissey
|-boost|p1a: Blissey|spa|1
|-boost|p1a: Blissey|spd|1
|
|-weather|Sandstorm|[upkeep]
|-damage|p2a: cheekibreekiow|88/100|[from] Sandstorm
|-damage|p1a: Blissey|94/100|[from] Sandstorm
|-heal|p1a: Blissey|100/100|[from] item: Leftovers
|upkeep
|turn|3
|
|t:|1731517453
|move|p2a: cheekibreekiow|Calm Mind|p2a: cheekibreekiow
|-boost|p2a: cheekibreekiow|spa|1
|-boost|p2a: cheekibreekiow|spd|1
|move|p1a: Blissey|Thunderbolt|p2a: cheekibreekiow
|-supereffective|p2a: cheekibreekiow
|-damage|p2a: cheekibreekiow|61/100
|
|-weather|Sandstorm|[upkeep]
|-damage|p2a: cheekibreekiow|55/100|[from] Sandstorm
|-damage|p1a: Blissey|94/100|[from] Sandstorm
|-heal|p1a: Blissey|100/100|[from] item: Leftovers
|upkeep
|turn|4
|inactive|RedCrimp has 270 seconds left.
|
|t:|1731517486
|move|p1a: Blissey|Calm Mind|p1a: Blissey
|-boost|p1a: Blissey|spa|1
|-boost|p1a: Blissey|spd|1
|move|p2a: cheekibreekiow|Roar|p1a: Blissey
|drag|p1a: Starmie|Starmie|100/100
|
|-weather|Sandstorm|[upkeep]
|-damage|p1a: Starmie|94/100|[from] Sandstorm
|-damage|p2a: cheekibreekiow|49/100|[from] Sandstorm
|-heal|p1a: Starmie|100/100|[from] item: Leftovers
|upkeep
|turn|5
|inactive|RedCrimp has 270 seconds left.
|
|t:|1731517520
|move|p1a: Starmie|Thunder Wave|p2a: cheekibreekiow
|-status|p2a: cheekibreekiow|par
|move|p2a: cheekibreekiow|Hydro Pump|p1a: Starmie
|-resisted|p1a: Starmie
|-damage|p1a: Starmie|15/100
|
|-weather|Sandstorm|[upkeep]
|-damage|p1a: Starmie|9/100|[from] Sandstorm
|-damage|p2a: cheekibreekiow|43/100 par|[from] Sandstorm
|-heal|p1a: Starmie|15/100|[from] item: Leftovers
|upkeep
|turn|6
|inactive|RedCrimp has 240 seconds left.
|
|t:|1731517542
|move|p1a: Starmie|Recover|p1a: Starmie
|-heal|p1a: Starmie|65/100
|cant|p2a: cheekibreekiow|par
|
|-weather|Sandstorm|[upkeep]
|-damage|p1a: Starmie|59/100|[from] Sandstorm
|-damage|p2a: cheekibreekiow|37/100 par|[from] Sandstorm
|-heal|p1a: Starmie|65/100|[from] item: Leftovers
|upkeep
|turn|7
|
|t:|1731517549
|move|p1a: Starmie|Recover|p1a: Starmie
|-heal|p1a: Starmie|100/100
|move|p2a: cheekibreekiow|Hydro Pump|p1a: Starmie
|-resisted|p1a: Starmie
|-damage|p1a: Starmie|12/100
|
|-weather|Sandstorm|[upkeep]
|-damage|p1a: Starmie|6/100|[from] Sandstorm
|-damage|p2a: cheekibreekiow|31/100 par|[from] Sandstorm
|-heal|p1a: Starmie|12/100|[from] item: Leftovers
|upkeep
|turn|8
|
|t:|1731517565
|move|p1a: Starmie|Recover|p1a: Starmie
|-heal|p1a: Starmie|62/100
|cant|p2a: cheekibreekiow|par
|
|-weather|Sandstorm|[upkeep]
|-damage|p1a: Starmie|56/100|[from] Sandstorm
|-damage|p2a: cheekibreekiow|25/100 par|[from] Sandstorm
|-heal|p1a: Starmie|62/100|[from] item: Leftovers
|-enditem|p2a: cheekibreekiow|Salac Berry|[eat]
|-boost|p2a: cheekibreekiow|spe|1|[from] item: Salac Berry
|upkeep
|turn|9
|
|t:|1731517569
|move|p1a: Starmie|Recover|p1a: Starmie
|-heal|p1a: Starmie|100/100
|cant|p2a: cheekibreekiow|par
|
|-weather|Sandstorm|[upkeep]
|-damage|p1a: Starmie|94/100|[from] Sandstorm
|-damage|p2a: cheekibreekiow|19/100 par|[from] Sandstorm
|-heal|p1a: Starmie|100/100|[from] item: Leftovers
|upkeep
|turn|10
|
|t:|1731517575
|move|p1a: Starmie|Surf|p2a: cheekibreekiow
|-resisted|p2a: cheekibreekiow
|-damage|p2a: cheekibreekiow|13/100 par
|move|p2a: cheekibreekiow|Hydro Pump|p1a: Starmie
|-resisted|p1a: Starmie
|-damage|p1a: Starmie|10/100
|
|-weather|Sandstorm|[upkeep]
|-damage|p1a: Starmie|3/100|[from] Sandstorm
|-damage|p2a: cheekibreekiow|7/100 par|[from] Sandstorm
|-heal|p1a: Starmie|10/100|[from] item: Leftovers
|upkeep
|turn|11
|
|t:|1731517586
|move|p1a: Starmie|Recover|p1a: Starmie
|-heal|p1a: Starmie|60/100
|move|p2a: cheekibreekiow|Hydro Pump|p1a: Starmie
|-resisted|p1a: Starmie
|-damage|p1a: Starmie|0 fnt
|faint|p1a: Starmie
|
|t:|1731517596
|switch|p1a: Tyranitar|Tyranitar, F|100/100
|
|-weather|Sandstorm|[upkeep]
|-damage|p2a: cheekibreekiow|1/100 par|[from] Sandstorm
|upkeep
|turn|12
|
|t:|1731517604
|move|p1a: Tyranitar|Earthquake|p2a: cheekibreekiow
|-crit|p2a: cheekibreekiow
|-damage|p2a: cheekibreekiow|0 fnt
|faint|p2a: cheekibreekiow
|
|t:|1731517614
|switch|p2a: tmr6|Metagross|100/100
|
|-weather|Sandstorm|[upkeep]
|upkeep
|turn|13
|inactive|RedCrimp has 270 seconds left.
|
|t:|1731517619
|switch|p2a: NoOneAtAII|Zapdos|100/100
|switch|p1a: Skarmory|Skarmory, F|100/100
|
|-weather|Sandstorm|[upkeep]
|-damage|p2a: NoOneAtAII|94/100|[from] Sandstorm
|-heal|p2a: NoOneAtAII|100/100|[from] item: Leftovers
|upkeep
|turn|14
|inactive|RedCrimp has 270 seconds left.
|
|t:|1731517635
|move|p2a: NoOneAtAII|Baton Pass|p2a: NoOneAtAII
|
|t:|1731517637
|switch|p2a: mahnemsjef|Gengar, M|100/100|[from] Baton Pass
|move|p1a: Skarmory|Spikes|p2a: mahnemsjef
|-sidestart|p2: witgiz|Spikes
|
|-weather|Sandstorm|[upkeep]
|-damage|p2a: mahnemsjef|94/100|[from] Sandstorm
|-heal|p2a: mahnemsjef|100/100|[from] item: Leftovers
|upkeep
|turn|15
|inactive|RedCrimp has 270 seconds left.
|
|t:|1731517653
|move|p1a: Skarmory|Protect|p1a: Skarmory
|-singleturn|p1a: Skarmory|Protect
|move|p2a: mahnemsjef|Thunderbolt|p1a: Skarmory
|-activate|p1a: Skarmory|Protect
|
|-weather|Sandstorm|[upkeep]
|-damage|p2a: mahnemsjef|94/100|[from] Sandstorm
|-heal|p2a: mahnemsjef|100/100|[from] item: Leftovers
|upkeep
|turn|16
|inactive|RedCrimp has 270 seconds left.
|inactive|RedCrimp has 240 seconds left.
|
|t:|1731517692
|switch|p1a: Blissey|Blissey, F|100/100
|move|p2a: mahnemsjef|Thunderbolt|p1a: Blissey
|-damage|p1a: Blissey|87/100
|
|-weather|Sandstorm|[upkeep]
|-damage|p2a: mahnemsjef|94/100|[from] Sandstorm
|-damage|p1a: Blissey|81/100|[from] Sandstorm
|-heal|p2a: mahnemsjef|100/100|[from] item: Leftovers
|-heal|p1a: Blissey|87/100|[from] item: Leftovers
|upkeep
|turn|17
|inactive|RedCrimp has 240 seconds left.
|
|t:|1731517703
|switch|p1a: Gengar|Gengar, M|100/100
|move|p2a: mahnemsjef|Thunderbolt|p1a: Gengar
|-damage|p1a: Gengar|60/100
|
|-weather|Sandstorm|[upkeep]
|-damage|p2a: mahnemsjef|94/100|[from] Sandstorm
|-damage|p1a: Gengar|54/100|[from] Sandstorm
|-heal|p2a: mahnemsjef|100/100|[from] item: Leftovers
|-heal|p1a: Gengar|60/100|[from] item: Leftovers
|upkeep
|turn|18
|inactive|RedCrimp has 240 seconds left.
|inactive|witgiz has 270 seconds left.
|
|t:|1731517729
|switch|p2a: TheGoatWhisperer61|Celebi|100/100
|-damage|p2a: TheGoatWhisperer61|88/100|[from] Spikes
|move|p1a: Gengar|Thunderbolt|p2a: TheGoatWhisperer61
|-resisted|p2a: TheGoatWhisperer61
|-damage|p2a: TheGoatWhisperer61|77/100
|
|-weather|Sandstorm|[upkeep]
|-damage|p1a: Gengar|54/100|[from] Sandstorm
|-damage|p2a: TheGoatWhisperer61|71/100|[from] Sandstorm
|-heal|p1a: Gengar|60/100|[from] item: Leftovers
|-heal|p2a: TheGoatWhisperer61|77/100|[from] item: Leftovers
|upkeep
|turn|19
|inactive|RedCrimp has 240 seconds left.
|
|t:|1731517764
|switch|p1a: Skarmory|Skarmory, F|100/100
|switch|p2a: tmr6|Metagross|100/100
|-damage|p2a: tmr6|88/100|[from] Spikes
|
|-weather|Sandstorm|[upkeep]
|upkeep
|turn|20
|inactive|witgiz has 270 seconds left.
|
|t:|1731517785
|switch|p2a: mahnemsjef|Gengar, M|100/100
|move|p1a: Skarmory|Roar|p2a: mahnemsjef
|drag|p2a: 354Hamtaro|Dugtrio, M|100/100
|-damage|p2a: 354Hamtaro|88/100|[from] Spikes
|
|-weather|Sandstorm|[upkeep]
|upkeep
|turn|21
|
|t:|1731517796
|switch|p2a: NoOneAtAII|Zapdos|100/100
|move|p1a: Skarmory|Spikes|p2a: NoOneAtAII
|-sidestart|p2: witgiz|Spikes
|
|-weather|Sandstorm|[upkeep]
|-damage|p2a: NoOneAtAII|94/100|[from] Sandstorm
|-heal|p2a: NoOneAtAII|100/100|[from] item: Leftovers
|upkeep
|turn|22
|
|t:|1731517803
|switch|p1a: Tyranitar|Tyranitar, F|100/100
|move|p2a: NoOneAtAII|Thunderbolt|p1a: Tyranitar
|-damage|p1a: Tyranitar|57/100
|
|-weather|Sandstorm|[upkeep]
|-damage|p2a: NoOneAtAII|94/100|[from] Sandstorm
|-heal|p2a: NoOneAtAII|100/100|[from] item: Leftovers
|-heal|p1a: Tyranitar|63/100|[from] item: Leftovers
|upkeep
|turn|23
|
|t:|1731517815
|move|p2a: NoOneAtAII|Thunderbolt|p1a: Tyranitar
|-damage|p1a: Tyranitar|23/100
|move|p1a: Tyranitar|Rock Slide|p2a: NoOneAtAII
|-supereffective|p2a: NoOneAtAII
|-damage|p2a: NoOneAtAII|0 fnt
|faint|p2a: NoOneAtAII
|inactive|witgiz has 270 seconds left.
|
|t:|1731517851
|switch|p2a: mahnemsjef|Gengar, M|100/100
|
|-weather|Sandstorm|[upkeep]
|-damage|p2a: mahnemsjef|94/100|[from] Sandstorm
|-heal|p2a: mahnemsjef|100/100|[from] item: Leftovers
|-heal|p1a: Tyranitar|30/100|[from] item: Leftovers
|upkeep
|turn|24
|inactive|RedCrimp has 210 seconds left.
|
|t:|1731517881
|move|p2a: mahnemsjef|Hidden Power|p1a: Tyranitar
|-supereffective|p1a: Tyranitar
|-crit|p1a: Tyranitar
|-damage|p1a: Tyranitar|0 fnt
|faint|p1a: Tyranitar
|inactive|RedCrimp has 210 seconds left.
|inactive|RedCrimp has 180 seconds left.
|
|t:|1731517938
|switch|p1a: Blissey|Blissey, F|87/100
|
|-weather|Sandstorm|[upkeep]
|-damage|p2a: mahnemsjef|94/100|[from] Sandstorm
|-damage|p1a: Blissey|81/100|[from] Sandstorm
|-heal|p2a: mahnemsjef|100/100|[from] item: Leftovers
|-heal|p1a: Blissey|87/100|[from] item: Leftovers
|upkeep
|turn|25
|inactive|witgiz has 270 seconds left.
|
|t:|1731517959
|switch|p2a: 354Hamtaro|Dugtrio, M|88/100
|-damage|p2a: 354Hamtaro|72/100|[from] Spikes
|move|p1a: Blissey|Thunderbolt|p2a: 354Hamtaro
|-immune|p2a: 354Hamtaro
|
|-weather|Sandstorm|[upkeep]
|-damage|p1a: Blissey|81/100|[from] Sandstorm
|-heal|p1a: Blissey|87/100|[from] item: Leftovers
|upkeep
|turn|26
|
|t:|1731517969
|move|p2a: 354Hamtaro|Earthquake|p1a: Blissey
|-damage|p1a: Blissey|30/100
|move|p1a: Blissey|Ice Beam|p2a: 354Hamtaro
|-supereffective|p2a: 354Hamtaro
|-damage|p2a: 354Hamtaro|0 fnt
|faint|p2a: 354Hamtaro
|
|t:|1731517978
|switch|p2a: tmr6|Metagross|88/100
|-damage|p2a: tmr6|72/100|[from] Spikes
|
|-weather|Sandstorm|[upkeep]
|-damage|p1a: Blissey|24/100|[from] Sandstorm
|-heal|p1a: Blissey|30/100|[from] item: Leftovers
|upkeep
|turn|27
|inactive|RedCrimp has 180 seconds left.
|inactive|witgiz has 270 seconds left.
|
|t:|1731518005
|switch|p2a: TheGoatWhisperer61|Celebi|77/100
|-damage|p2a: TheGoatWhisperer61|60/100|[from] Spikes
|switch|p1a: Skarmory|Skarmory, F|100/100
|
|-weather|Sandstorm|[upkeep]
|-damage|p2a: TheGoatWhisperer61|54/100|[from] Sandstorm
|-heal|p2a: TheGoatWhisperer61|60/100|[from] item: Leftovers
|upkeep
|turn|28
|inactive|witgiz has 270 seconds left.
|
|t:|1731518018
|move|p2a: TheGoatWhisperer61|Hidden Power|p1a: Skarmory
|-supereffective|p1a: Skarmory
|-damage|p1a: Skarmory|67/100
|move|p1a: Skarmory|Spikes|p2a: TheGoatWhisperer61
|-sidestart|p2: witgiz|Spikes
|
|-weather|Sandstorm|[upkeep]
|-damage|p2a: TheGoatWhisperer61|54/100|[from] Sandstorm
|-heal|p2a: TheGoatWhisperer61|60/100|[from] item: Leftovers
|-heal|p1a: Skarmory|73/100|[from] item: Leftovers
|upkeep
|turn|29
|
|t:|1731518032
|move|p2a: TheGoatWhisperer61|Calm Mind|p2a: TheGoatWhisperer61
|-boost|p2a: TheGoatWhisperer61|spa|1
|-boost|p2a: TheGoatWhisperer61|spd|1
|move|p1a: Skarmory|Drill Peck|p2a: TheGoatWhisperer61
|-supereffective|p2a: TheGoatWhisperer61
|-crit|p2a: TheGoatWhisperer61
|-damage|p2a: TheGoatWhisperer61|0 fnt
|faint|p2a: TheGoatWhisperer61
|c|☆RedCrimp|mb
|inactive|witgiz has 270 seconds left.
|c|☆witgiz|happens
|
|t:|1731518046
|switch|p2a: mahnemsjef|Gengar, M|100/100
|
|-weather|Sandstorm|[upkeep]
|-damage|p2a: mahnemsjef|94/100|[from] Sandstorm
|-heal|p2a: mahnemsjef|100/100|[from] item: Leftovers
|-heal|p1a: Skarmory|79/100|[from] item: Leftovers
|upkeep
|turn|30
|
|t:|1731518054
|move|p1a: Skarmory|Protect|p1a: Skarmory
|-singleturn|p1a: Skarmory|Protect
|move|p2a: mahnemsjef|Thunderbolt|p1a: Skarmory
|-activate|p1a: Skarmory|Protect
|
|-weather|Sandstorm|[upkeep]
|-damage|p2a: mahnemsjef|94/100|[from] Sandstorm
|-heal|p2a: mahnemsjef|100/100|[from] item: Leftovers
|-heal|p1a: Skarmory|85/100|[from] item: Leftovers
|upkeep
|turn|31
|inactive|RedCrimp has 180 seconds left.
|
|t:|1731518067
|move|p2a: mahnemsjef|Thunderbolt|p1a: Skarmory
|-supereffective|p1a: Skarmory
|-damage|p1a: Skarmory|23/100
|move|p1a: Skarmory|Drill Peck|p2a: mahnemsjef
|-crit|p2a: mahnemsjef
|-damage|p2a: mahnemsjef|9/100
|
|-weather|Sandstorm|[upkeep]
|-damage|p2a: mahnemsjef|3/100|[from] Sandstorm
|-heal|p2a: mahnemsjef|9/100|[from] item: Leftovers
|-heal|p1a: Skarmory|29/100|[from] item: Leftovers
|upkeep
|turn|32
|inactive|RedCrimp has 180 seconds left.
|
|t:|1731518078
|move|p1a: Skarmory|Protect|p1a: Skarmory
|-singleturn|p1a: Skarmory|Protect
|move|p2a: mahnemsjef|Thunderbolt|p1a: Skarmory
|-activate|p1a: Skarmory|Protect
|
|-weather|Sandstorm|[upkeep]
|-damage|p2a: mahnemsjef|3/100|[from] Sandstorm
|-heal|p2a: mahnemsjef|9/100|[from] item: Leftovers
|-heal|p1a: Skarmory|35/100|[from] item: Leftovers
|upkeep
|turn|33
|inactive|RedCrimp has 180 seconds left.
|
|t:|1731518084
|move|p2a: mahnemsjef|Thunderbolt|p1a: Skarmory
|-supereffective|p1a: Skarmory
|-damage|p1a: Skarmory|0 fnt
|faint|p1a: Skarmory
|inactive|RedCrimp has 180 seconds left.
|inactive|RedCrimp has 150 seconds left.
|
|t:|1731518138
|switch|p1a: Blissey|Blissey, F|30/100
|
|-weather|Sandstorm|[upkeep]
|-damage|p2a: mahnemsjef|3/100|[from] Sandstorm
|-damage|p1a: Blissey|24/100|[from] Sandstorm
|-heal|p2a: mahnemsjef|9/100|[from] item: Leftovers
|-heal|p1a: Blissey|30/100|[from] item: Leftovers
|upkeep
|turn|34
|inactive|witgiz has 270 seconds left.
|
|t:|1731518183
|move|p2a: mahnemsjef|Explosion|p1a: Blissey
|-damage|p1a: Blissey|0 fnt
|faint|p2a: mahnemsjef
|faint|p1a: Blissey
|
|t:|1731518190
|switch|p2a: tmr6|Metagross|72/100
|switch|p1a: Swampert|Swampert, M|100/100
|-damage|p2a: tmr6|47/100|[from] Spikes
|
|-weather|Sandstorm|[upkeep]
|upkeep
|turn|35
|inactive|RedCrimp has 150 seconds left.
|
|t:|1731518213
|move|p2a: tmr6|Meteor Mash|p1a: Swampert
|-resisted|p1a: Swampert
|-damage|p1a: Swampert|70/100
|-boost|p2a: tmr6|atk|1
|move|p1a: Swampert|Earthquake|p2a: tmr6
|-supereffective|p2a: tmr6
|-damage|p2a: tmr6|0 fnt
|faint|p2a: tmr6
|
|win|RedCrimp
|c|☆RedCrimp|sorry for the two crits
|c|☆witgiz|all good

</script>
<script type="application/json" class="data" id="replaydata-smogtours-gen3ou-806150">
{"id":"smogtours-gen3ou-806150","format":"[Gen 3] OU","players":["RedCrimp","witgiz"],"uploadtime":1731518213,"views":40,"formatid":"gen3ou","rating":null,"private":0,"password":null}
</script>

<script defer src="js/replays.js?9d40a366"></script>
