<!DOCTYPE html>
<meta charset="utf-8" />
<meta name="viewport" content="width=device-width" />

<title>[Gen 3] OU: Elian vs. leoperi99 - Replays - Pok&eacute;mon Showdown!</title>

<meta name="description" content="Watch a replay of a Pok&eacute;mon battle between Elian and leoperi99! Format: [Gen 3] OU; Date: Oct 19, 2024" />
<!--

Hey, you! Looking in the source for the replay log?

You can find them in JSON format, just add `.json` at the end of a replay URL.

https://replay.pokemonshowdown.com/gen7randomdoublesbattle-865046831.json

Or, if you only need the log itself, add `.log` instead:

https://replay.pokemonshowdown.com/gen7randomdoublesbattle-865046831.log

-->

<link rel="stylesheet" href="//pokemonshowdown.com/style/global.css?0.767286132409787" />
<link rel="stylesheet" href="//play.pokemonshowdown.com/style/font-awesome.css?0.9266228007934947" />
<link rel="stylesheet" href="//play.pokemonshowdown.com/style/battle.css?0.7924700842790926" />
<link rel="stylesheet" href="//play.pokemonshowdown.com/style/utilichart.css?0.8777417872839479" />

<!-- Global site tag (gtag.js) - Google Analytics -->
<script async src="https://www.googletagmanager.com/gtag/js?id=UA-26211653-1"></script>
<script>
  window.dataLayer = window.dataLayer || [];
  function gtag(){dataLayer.push(arguments);}
  gtag('js', new Date());

  gtag('config', 'UA-26211653-1');
</script>
<!-- End Google Analytics -->
<!-- Venatus Ad Manager - Install in <HEAD> of page -->
	<script src="https://hb.vntsm.com/v3/live/ad-manager.min.js" type="text/javascript" data-site-id="642aba63ec9a7b11c3c9c1be" data-mode="scan" async></script>
<!-- / Venatus Ad Manager -->

<style>
	@media (max-width:820px) {
		.battle {
			margin: 0 auto;
		}
		.battle-log {
			margin: 7px auto 0;
			max-width: 640px;
			height: 300px;
			position: static;
		}
	}
	.optgroup {
		display: inline-block;
		line-height: 22px;
		font-size: 10pt;
	}
	.optgroup .button {
		height: 25px;
		padding-top: 0;
		padding-bottom: 0;
	}
	.optgroup button.button {
		padding-left: 12px;
		padding-right: 12px;
	}
	.linklist {
		list-style: none;
		margin: 0.5em 0;
		padding: 0;
	}
	.linklist li {
		padding: 2px 0;
	}
	.sidebar {
		float: left;
		width: 320px;
	}
	.bar-wrapper {
		max-width: 1100px;
		margin: 0 auto;
	}
	.bar-wrapper.has-sidebar {
		max-width: 1430px;
	}
	.mainbar {
		margin: 0;
		padding-right: 1px;
	}
	.mainbar.has-sidebar {
		margin-left: 330px;
	}
	@media (min-width: 1511px) {
		.sidebar {
			width: 400px;
		}
		.bar-wrapper.has-sidebar {
			max-width: 1510px;
		}
		.mainbar.has-sidebar {
			margin-left: 410px;
		}
	}
	.section.first-section {
		margin-top: 9px;
	}
	.blocklink small {
		white-space: normal;
	}
	.button {
		vertical-align: middle;
	}
	.replay-controls {
		padding-top: 10px;
	}
	.replay-controls h1 {
		font-size: 16pt;
		font-weight: normal;
		color: #CCC;
	}
	.pagelink {
		text-align: center;
	}
	.pagelink a {
		width: 150px;
	}
	.textbox, .button {
		font-size: 11pt;
		vertical-align: middle;
	}
	@media (max-width: 450px) {
		.button {
			font-size: 9pt;
		}
	}
</style>

<div>

	<header>
		<div class="nav-wrapper"><ul class="nav">
			<li><a class="button nav-first" href="//pokemonshowdown.com/"><img src="//pokemonshowdown.com/images/pokemonshowdownbeta.png" srcset="//pokemonshowdown.com/images/pokemonshowdownbeta.png 1x, //pokemonshowdown.com/images/pokemonshowdownbeta@2x.png 2x" alt="Pok&eacute;mon Showdown" width="146" height="44" /> Home</a></li>
			<li><a class="button" href="//pokemonshowdown.com/dex/">Pok&eacute;dex</a></li>
			<li><a class="button cur" href="/">Replays</a></li>
			<li><a class="button" href="//pokemonshowdown.com/ladder/">Ladder</a></li>
			<li><a class="button nav-last" href="//pokemonshowdown.com/forums/">Forum</a></li>
			<li><a class="button greenbutton nav-first nav-last" href="//play.pokemonshowdown.com/">Play</a></li>
		</ul></div>
	</header>

	<div class="main" id="main">

		<noscript><section class="section">You need to enable JavaScript to use this page; sorry!</section></noscript>

	</div>

</div>

<script defer nomodule src="//play.pokemonshowdown.com/js/lib/ps-polyfill.js"></script>
<script defer src="//play.pokemonshowdown.com/js/lib/preact.min.js"></script>

<script defer src="//play.pokemonshowdown.com/config/config.js?6dec07f6"></script>
<script defer src="//play.pokemonshowdown.com/js/lib/jquery-1.11.0.min.js"></script>
<script defer src="//play.pokemonshowdown.com/js/lib/html-sanitizer-minified.js"></script>
<script defer src="//play.pokemonshowdown.com/js/battle-sound.js"></script>
<script defer src="//play.pokemonshowdown.com/js/battledata.js?0.6315294753075389"></script>
<script defer src="//play.pokemonshowdown.com/data/pokedex-mini.js?0.7603743185311358"></script>
<script defer src="//play.pokemonshowdown.com/data/pokedex-mini-bw.js?0.030888842834281283"></script>
<script defer src="//play.pokemonshowdown.com/data/graphics.js?0.05593094747507488"></script>
<script defer src="//play.pokemonshowdown.com/data/pokedex.js?0.47064822249611904"></script>
<script defer src="//play.pokemonshowdown.com/data/moves.js?0.8583693120512459"></script>
<script defer src="//play.pokemonshowdown.com/data/abilities.js?0.16017181182386842"></script>
<script defer src="//play.pokemonshowdown.com/data/items.js?0.4163379185673943"></script>
<script defer src="//play.pokemonshowdown.com/data/teambuilder-tables.js?0.31075597372830477"></script>
<script defer src="//play.pokemonshowdown.com/js/battle-tooltips.js?0.6536193500708172"></script>
<script defer src="//play.pokemonshowdown.com/js/battle.js?0.1916591943277901"></script>

<script defer src="js/utils.js?e31f9a17"></script>
<script defer src="js/replays-battle.js?7008c182"></script>

<!-- don't scrape this data! just add .json or .log after the URL!
Full API docs: https://github.com/smogon/pokemon-showdown-client/blob/master/WEB-API.md -->
<script type="text/plain" class="log" id="replaylog-smogtours-gen3ou-800065">
|inactive|Battle timer is ON: inactive players will automatically lose when time's up.
|t:|1729368261
|gametype|singles
|player|p1|Elian|erika-gen2|
|player|p2|leoperi99|hala|
|teamsize|p1|6
|teamsize|p2|6
|gen|3
|tier|[Gen 3] OU
|rule|Sleep Clause Mod: Limit one foe put to sleep
|rule|Switch Priority Clause Mod: Faster Pokémon switch first
|rule|Species Clause: Limit one of each Pokémon
|rule|OHKO Clause: OHKO moves are banned
|rule|Evasion Items Clause: Evasion items are banned
|rule|Evasion Moves Clause: Evasion moves are banned
|rule|Endless Battle Clause: Forcing endless battles is banned
|rule|HP Percentage Mod: HP is shown in percentages
|rule|One Boost Passer Clause: Limit one Baton Passer that has a way to boost its stats
|rule|Freeze Clause Mod: Limit one foe frozen
|
|t:|1729368261
|start
|switch|p1a: Havertz|Tyranitar, M|100/100
|switch|p2a: Skarmory|Skarmory, M|100/100
|-weather|Sandstorm|[from] ability: Sand Stream|[of] p1a: Havertz
|turn|1
|c|☆leoperi99|imma link
|c|☆leoperi99|glhf
|inactive|Elian has 270 seconds left.
|c|☆Elian|hf
|
|t:|1729368301
|move|p1a: Havertz|Taunt|p2a: Skarmory
|-start|p2a: Skarmory|move: Taunt
|cant|p2a: Skarmory|move: Taunt|Spikes
|
|-weather|Sandstorm|[upkeep]
|upkeep
|turn|2
|
|t:|1729368307
|switch|p2a: Flygon|Flygon, M|100/100
|move|p1a: Havertz|Dragon Dance|p1a: Havertz
|-boost|p1a: Havertz|atk|1
|-boost|p1a: Havertz|spe|1
|
|-weather|Sandstorm|[upkeep]
|upkeep
|turn|3
|
|t:|1729368311
|switch|p1a: Tomiyasu|Skarmory, F|100/100
|move|p2a: Flygon|Earthquake|p1a: Tomiyasu
|-immune|p1a: Tomiyasu
|
|-weather|Sandstorm|[upkeep]
|upkeep
|turn|4
|
|t:|1729368315
|switch|p2a: Skarmory|Skarmory, M|100/100
|move|p1a: Tomiyasu|Spikes|p2a: Skarmory
|-sidestart|p2: leoperi99|Spikes
|
|-weather|Sandstorm|[upkeep]
|upkeep
|turn|5
|
|t:|1729368317
|move|p1a: Tomiyasu|Taunt|p2a: Skarmory
|-start|p2a: Skarmory|move: Taunt
|cant|p2a: Skarmory|move: Taunt|Spikes
|
|-weather|Sandstorm|[upkeep]
|upkeep
|turn|6
|
|t:|1729368322
|switch|p2a: Misdreavus|Misdreavus, M|100/100
|move|p1a: Tomiyasu|Spikes|p2a: Misdreavus
|-sidestart|p2: leoperi99|Spikes
|
|-weather|Sandstorm|[upkeep]
|-damage|p2a: Misdreavus|94/100|[from] Sandstorm
|-heal|p2a: Misdreavus|100/100|[from] item: Leftovers
|upkeep
|turn|7
|
|t:|1729368326
|move|p1a: Tomiyasu|Protect|p1a: Tomiyasu
|-singleturn|p1a: Tomiyasu|Protect
|move|p2a: Misdreavus|Taunt|p1a: Tomiyasu
|-activate|p1a: Tomiyasu|Protect
|
|-weather|Sandstorm|[upkeep]
|-damage|p2a: Misdreavus|94/100|[from] Sandstorm
|-heal|p2a: Misdreavus|100/100|[from] item: Leftovers
|upkeep
|turn|8
|
|t:|1729368332
|switch|p1a: Havertz|Tyranitar, M|100/100
|move|p2a: Misdreavus|Taunt|p1a: Havertz
|-start|p1a: Havertz|move: Taunt
|
|-weather|Sandstorm|[upkeep]
|-damage|p2a: Misdreavus|94/100|[from] Sandstorm
|-heal|p2a: Misdreavus|100/100|[from] item: Leftovers
|upkeep
|turn|9
|
|t:|1729368341
|switch|p2a: Flygon|Flygon, M|100/100
|move|p1a: Havertz|Rock Slide|p2a: Flygon
|-resisted|p2a: Flygon
|-damage|p2a: Flygon|83/100
|
|-weather|Sandstorm|[upkeep]
|-heal|p2a: Flygon|90/100|[from] item: Leftovers
|-end|p1a: Havertz|move: Taunt|[silent]
|upkeep
|turn|10
|
|t:|1729368355
|switch|p1a: Tomiyasu|Skarmory, F|100/100
|move|p2a: Flygon|Rock Slide|p1a: Tomiyasu
|-damage|p1a: Tomiyasu|86/100
|
|-weather|Sandstorm|[upkeep]
|-heal|p2a: Flygon|96/100|[from] item: Leftovers
|-heal|p1a: Tomiyasu|92/100|[from] item: Leftovers
|upkeep
|turn|11
|
|t:|1729368361
|switch|p2a: Zapdos|Zapdos|100/100
|move|p1a: Tomiyasu|Roar|p2a: Zapdos
|drag|p2a: Flygon|Flygon, M|96/100
|
|-weather|Sandstorm|[upkeep]
|-heal|p2a: Flygon|100/100|[from] item: Leftovers
|-heal|p1a: Tomiyasu|98/100|[from] item: Leftovers
|upkeep
|turn|12
|
|t:|1729368364
|switch|p2a: Zapdos|Zapdos|100/100
|move|p1a: Tomiyasu|Roar|p2a: Zapdos
|drag|p2a: Misdreavus|Misdreavus, M|100/100
|
|-weather|Sandstorm|[upkeep]
|-damage|p2a: Misdreavus|94/100|[from] Sandstorm
|-heal|p2a: Misdreavus|100/100|[from] item: Leftovers
|-heal|p1a: Tomiyasu|100/100|[from] item: Leftovers
|upkeep
|turn|13
|
|t:|1729368370
|switch|p1a: Havertz|Tyranitar, M|100/100
|move|p2a: Misdreavus|Taunt|p1a: Havertz
|-start|p1a: Havertz|move: Taunt
|
|-weather|Sandstorm|[upkeep]
|-damage|p2a: Misdreavus|94/100|[from] Sandstorm
|-heal|p2a: Misdreavus|100/100|[from] item: Leftovers
|upkeep
|turn|14
|
|t:|1729368374
|switch|p2a: Flygon|Flygon, M|100/100
|move|p1a: Havertz|Rock Slide|p2a: Flygon
|-resisted|p2a: Flygon
|-damage|p2a: Flygon|85/100
|
|-weather|Sandstorm|[upkeep]
|-heal|p2a: Flygon|91/100|[from] item: Leftovers
|-end|p1a: Havertz|move: Taunt|[silent]
|upkeep
|turn|15
|
|t:|1729368378
|switch|p1a: Tomiyasu|Skarmory, F|100/100
|move|p2a: Flygon|Rock Slide|p1a: Tomiyasu
|-damage|p1a: Tomiyasu|88/100
|
|-weather|Sandstorm|[upkeep]
|-heal|p2a: Flygon|97/100|[from] item: Leftovers
|-heal|p1a: Tomiyasu|94/100|[from] item: Leftovers
|upkeep
|turn|16
|
|t:|1729368381
|switch|p2a: Zapdos|Zapdos|100/100
|move|p1a: Tomiyasu|Roar|p2a: Zapdos
|drag|p2a: Skarmory|Skarmory, M|100/100
|
|-weather|Sandstorm|[upkeep]
|-heal|p1a: Tomiyasu|99/100|[from] item: Leftovers
|upkeep
|turn|17
|
|t:|1729368385
|switch|p2a: Zapdos|Zapdos|100/100
|move|p1a: Tomiyasu|Taunt|p2a: Zapdos
|-start|p2a: Zapdos|move: Taunt
|
|-weather|Sandstorm|[upkeep]
|-damage|p2a: Zapdos|94/100|[from] Sandstorm
|-heal|p2a: Zapdos|100/100|[from] item: Leftovers
|-heal|p1a: Tomiyasu|100/100|[from] item: Leftovers
|upkeep
|turn|18
|
|t:|1729368392
|switch|p1a: Saliva|Celebi|100/100
|move|p2a: Zapdos|Thunderbolt|p1a: Saliva
|-resisted|p1a: Saliva
|-damage|p1a: Saliva|84/100
|
|-weather|Sandstorm|[upkeep]
|-damage|p1a: Saliva|78/100|[from] Sandstorm
|-damage|p2a: Zapdos|94/100|[from] Sandstorm
|-heal|p1a: Saliva|84/100|[from] item: Leftovers
|-heal|p2a: Zapdos|100/100|[from] item: Leftovers
|-end|p2a: Zapdos|move: Taunt|[silent]
|upkeep
|turn|19
|
|t:|1729368400
|switch|p2a: Skarmory|Skarmory, M|100/100
|move|p1a: Saliva|Leech Seed|p2a: Skarmory
|-start|p2a: Skarmory|move: Leech Seed
|
|-weather|Sandstorm|[upkeep]
|-damage|p1a: Saliva|78/100|[from] Sandstorm
|-heal|p1a: Saliva|84/100|[from] item: Leftovers
|-damage|p2a: Skarmory|88/100|[from] Leech Seed|[of] p1a: Saliva
|-heal|p1a: Saliva|95/100|[silent]
|upkeep
|turn|20
|
|t:|1729368402
|move|p1a: Saliva|Hidden Power|p2a: Skarmory
|-supereffective|p2a: Skarmory
|-crit|p2a: Skarmory
|-damage|p2a: Skarmory|1/100
|move|p2a: Skarmory|Spikes|p1a: Saliva
|-sidestart|p1: Elian|Spikes
|
|-weather|Sandstorm|[upkeep]
|-damage|p1a: Saliva|89/100|[from] Sandstorm
|-heal|p1a: Saliva|95/100|[from] item: Leftovers
|-heal|p2a: Skarmory|7/100|[from] item: Leftovers
|-damage|p2a: Skarmory|0 fnt|[from] Leech Seed|[of] p1a: Saliva
|-heal|p1a: Saliva|100/100|[silent]
|faint|p2a: Skarmory
|upkeep
|
|t:|1729368409
|switch|p2a: Moltres|Moltres|100/100
|turn|21
|
|t:|1729368412
|switch|p1a: Zinchenko|Salamence, M|100/100
|-ability|p1a: Zinchenko|Intimidate|boost
|-unboost|p2a: Moltres|atk|1
|move|p2a: Moltres|Will-O-Wisp|p1a: Zinchenko
|-status|p1a: Zinchenko|brn
|
|-weather|Sandstorm|[upkeep]
|-damage|p1a: Zinchenko|94/100 brn|[from] Sandstorm
|-damage|p2a: Moltres|94/100|[from] Sandstorm
|-heal|p1a: Zinchenko|100/100 brn|[from] item: Leftovers
|-damage|p1a: Zinchenko|88/100 brn|[from] brn
|-heal|p2a: Moltres|100/100|[from] item: Leftovers
|upkeep
|turn|22
|
|t:|1729368419
|switch|p2a: Zapdos|Zapdos|100/100
|move|p1a: Zinchenko|Dragon Claw|p2a: Zapdos
|-crit|p2a: Zapdos
|-damage|p2a: Zapdos|52/100
|
|-weather|Sandstorm|[upkeep]
|-damage|p1a: Zinchenko|82/100 brn|[from] Sandstorm
|-damage|p2a: Zapdos|46/100|[from] Sandstorm
|-heal|p1a: Zinchenko|88/100 brn|[from] item: Leftovers
|-damage|p1a: Zinchenko|76/100 brn|[from] brn
|-heal|p2a: Zapdos|52/100|[from] item: Leftovers
|upkeep
|turn|23
|
|t:|1729368430
|switch|p1a: Saliva|Celebi|100/100
|-damage|p1a: Saliva|88/100|[from] Spikes
|switch|p2a: Blissey|Blissey, F|100/100
|-damage|p2a: Blissey|84/100|[from] Spikes
|
|-weather|Sandstorm|[upkeep]
|-damage|p1a: Saliva|82/100|[from] Sandstorm
|-damage|p2a: Blissey|78/100|[from] Sandstorm
|-heal|p1a: Saliva|88/100|[from] item: Leftovers
|-heal|p2a: Blissey|84/100|[from] item: Leftovers
|upkeep
|turn|24
|
|t:|1729368433
|move|p1a: Saliva|Leech Seed|p2a: Blissey
|-start|p2a: Blissey|move: Leech Seed
|move|p2a: Blissey|Ice Beam|p1a: Saliva
|-supereffective|p1a: Saliva
|-damage|p1a: Saliva|44/100
|-status|p1a: Saliva|frz
|
|-weather|Sandstorm|[upkeep]
|-damage|p1a: Saliva|38/100 frz|[from] Sandstorm
|-damage|p2a: Blissey|78/100|[from] Sandstorm
|-heal|p1a: Saliva|44/100 frz|[from] item: Leftovers
|-heal|p2a: Blissey|84/100|[from] item: Leftovers
|-damage|p2a: Blissey|71/100|[from] Leech Seed|[of] p1a: Saliva
|-heal|p1a: Saliva|66/100 frz|[silent]
|upkeep
|turn|25
|
|t:|1729368439
|cant|p1a: Saliva|frz
|move|p2a: Blissey|Wish|p2a: Blissey
|
|-weather|Sandstorm|[upkeep]
|-damage|p1a: Saliva|59/100 frz|[from] Sandstorm
|-damage|p2a: Blissey|65/100|[from] Sandstorm
|-heal|p1a: Saliva|66/100 frz|[from] item: Leftovers
|-heal|p2a: Blissey|71/100|[from] item: Leftovers
|-damage|p2a: Blissey|59/100|[from] Leech Seed|[of] p1a: Saliva
|-heal|p1a: Saliva|87/100 frz|[silent]
|upkeep
|turn|26
|
|t:|1729368444
|switch|p2a: Zapdos|Zapdos|52/100
|-curestatus|p1a: Saliva|frz|[msg]
|move|p1a: Saliva|Psychic|p2a: Zapdos
|-damage|p2a: Zapdos|21/100
|
|-heal|p2a: Zapdos|71/100|[from] move: Wish|[wisher] Blissey
|-weather|Sandstorm|[upkeep]
|-damage|p1a: Saliva|81/100|[from] Sandstorm
|-damage|p2a: Zapdos|64/100|[from] Sandstorm
|-heal|p1a: Saliva|87/100|[from] item: Leftovers
|-heal|p2a: Zapdos|71/100|[from] item: Leftovers
|upkeep
|turn|27
|
|t:|1729368449
|move|p1a: Saliva|Leech Seed|p2a: Zapdos
|-start|p2a: Zapdos|move: Leech Seed
|move|p2a: Zapdos|Toxic|p1a: Saliva
|-status|p1a: Saliva|tox
|
|-weather|Sandstorm|[upkeep]
|-damage|p1a: Saliva|81/100 tox|[from] Sandstorm
|-damage|p2a: Zapdos|64/100|[from] Sandstorm
|-heal|p1a: Saliva|87/100 tox|[from] item: Leftovers
|-damage|p1a: Saliva|81/100 tox|[from] psn
|-heal|p2a: Zapdos|71/100|[from] item: Leftovers
|-damage|p2a: Zapdos|58/100|[from] Leech Seed|[of] p1a: Saliva
|-heal|p1a: Saliva|94/100 tox|[silent]
|upkeep
|turn|28
|
|t:|1729368453
|switch|p2a: Moltres|Moltres|100/100
|move|p1a: Saliva|Leech Seed|p2a: Moltres
|-start|p2a: Moltres|move: Leech Seed
|
|-weather|Sandstorm|[upkeep]
|-damage|p2a: Moltres|94/100|[from] Sandstorm
|-damage|p1a: Saliva|88/100 tox|[from] Sandstorm
|-heal|p2a: Moltres|100/100|[from] item: Leftovers
|-damage|p2a: Moltres|88/100|[from] Leech Seed|[of] p1a: Saliva
|-heal|p1a: Saliva|99/100 tox|[silent]
|-heal|p1a: Saliva|100/100 tox|[from] item: Leftovers
|-damage|p1a: Saliva|88/100 tox|[from] psn
|upkeep
|turn|29
|
|t:|1729368456
|switch|p2a: Zapdos|Zapdos|58/100
|-curestatus|p1a: Saliva|tox|[from] ability: Natural Cure
|switch|p1a: Zinchenko|Salamence, M|76/100 brn
|-ability|p1a: Zinchenko|Intimidate|boost
|-unboost|p2a: Zapdos|atk|1
|
|-weather|Sandstorm|[upkeep]
|-damage|p1a: Zinchenko|70/100 brn|[from] Sandstorm
|-damage|p2a: Zapdos|52/100|[from] Sandstorm
|-heal|p1a: Zinchenko|76/100 brn|[from] item: Leftovers
|-damage|p1a: Zinchenko|63/100 brn|[from] brn
|-heal|p2a: Zapdos|58/100|[from] item: Leftovers
|upkeep
|turn|30
|
|t:|1729368461
|move|p1a: Zinchenko|Dragon Claw|p2a: Zapdos
|-damage|p2a: Zapdos|32/100
|move|p2a: Zapdos|Rest|p2a: Zapdos
|-status|p2a: Zapdos|slp|[from] move: Rest
|-heal|p2a: Zapdos|100/100 slp|[silent]
|
|-weather|Sandstorm|[upkeep]
|-damage|p1a: Zinchenko|57/100 brn|[from] Sandstorm
|-damage|p2a: Zapdos|94/100 slp|[from] Sandstorm
|-heal|p1a: Zinchenko|63/100 brn|[from] item: Leftovers
|-damage|p1a: Zinchenko|51/100 brn|[from] brn
|-heal|p2a: Zapdos|100/100 slp|[from] item: Leftovers
|upkeep
|turn|31
|
|t:|1729368465
|switch|p1a: Rice|Jirachi|100/100
|-damage|p1a: Rice|88/100|[from] Spikes
|cant|p2a: Zapdos|slp
|
|-weather|Sandstorm|[upkeep]
|-damage|p2a: Zapdos|94/100 slp|[from] Sandstorm
|-heal|p1a: Rice|94/100|[from] item: Leftovers
|-heal|p2a: Zapdos|100/100 slp|[from] item: Leftovers
|upkeep
|turn|32
|
|t:|1729368467
|move|p1a: Rice|Substitute|p1a: Rice
|-start|p1a: Rice|Substitute
|-damage|p1a: Rice|69/100
|cant|p2a: Zapdos|slp
|
|-weather|Sandstorm|[upkeep]
|-damage|p2a: Zapdos|94/100 slp|[from] Sandstorm
|-heal|p1a: Rice|75/100|[from] item: Leftovers
|-heal|p2a: Zapdos|100/100 slp|[from] item: Leftovers
|upkeep
|turn|33
|
|t:|1729368471
|move|p1a: Rice|Ice Punch|p2a: Zapdos
|-supereffective|p2a: Zapdos
|-damage|p2a: Zapdos|71/100 slp
|-curestatus|p2a: Zapdos|slp|[msg]
|move|p2a: Zapdos|Thunderbolt|p1a: Rice
|-end|p1a: Rice|Substitute
|
|-weather|Sandstorm|[upkeep]
|-damage|p2a: Zapdos|64/100|[from] Sandstorm
|-heal|p1a: Rice|82/100|[from] item: Leftovers
|-heal|p2a: Zapdos|71/100|[from] item: Leftovers
|upkeep
|turn|34
|
|t:|1729368476
|switch|p1a: Saliva|Celebi|88/100
|-damage|p1a: Saliva|76/100|[from] Spikes
|move|p2a: Zapdos|Thunderbolt|p1a: Saliva
|-resisted|p1a: Saliva
|-damage|p1a: Saliva|58/100
|
|-weather|Sandstorm|[upkeep]
|-damage|p1a: Saliva|52/100|[from] Sandstorm
|-damage|p2a: Zapdos|64/100|[from] Sandstorm
|-heal|p1a: Saliva|58/100|[from] item: Leftovers
|-heal|p2a: Zapdos|71/100|[from] item: Leftovers
|upkeep
|turn|35
|
|t:|1729368480
|switch|p2a: Moltres|Moltres|88/100
|move|p1a: Saliva|Leech Seed|p2a: Moltres
|-start|p2a: Moltres|move: Leech Seed
|
|-weather|Sandstorm|[upkeep]
|-damage|p2a: Moltres|82/100|[from] Sandstorm
|-damage|p1a: Saliva|52/100|[from] Sandstorm
|-heal|p2a: Moltres|88/100|[from] item: Leftovers
|-damage|p2a: Moltres|76/100|[from] Leech Seed|[of] p1a: Saliva
|-heal|p1a: Saliva|62/100|[silent]
|-heal|p1a: Saliva|69/100|[from] item: Leftovers
|upkeep
|turn|36
|
|t:|1729368486
|switch|p2a: Zapdos|Zapdos|71/100
|switch|p1a: Zinchenko|Salamence, M|51/100 brn
|-ability|p1a: Zinchenko|Intimidate|boost
|-unboost|p2a: Zapdos|atk|1
|
|-weather|Sandstorm|[upkeep]
|-damage|p1a: Zinchenko|45/100 brn|[from] Sandstorm
|-damage|p2a: Zapdos|64/100|[from] Sandstorm
|-heal|p1a: Zinchenko|51/100 brn|[from] item: Leftovers
|-damage|p1a: Zinchenko|39/100 brn|[from] brn
|-heal|p2a: Zapdos|71/100|[from] item: Leftovers
|upkeep
|turn|37
|
|t:|1729368490
|move|p1a: Zinchenko|Dragon Claw|p2a: Zapdos
|-damage|p2a: Zapdos|46/100
|move|p2a: Zapdos|Thunderbolt|p1a: Zinchenko
|-damage|p1a: Zinchenko|0 fnt
|faint|p1a: Zinchenko
|
|t:|1729368492
|switch|p1a: Rice|Jirachi|82/100
|-damage|p1a: Rice|69/100|[from] Spikes
|
|-weather|Sandstorm|[upkeep]
|-damage|p2a: Zapdos|39/100|[from] Sandstorm
|-heal|p1a: Rice|75/100|[from] item: Leftovers
|-heal|p2a: Zapdos|46/100|[from] item: Leftovers
|upkeep
|turn|38
|
|t:|1729368496
|switch|p2a: Moltres|Moltres|76/100
|move|p1a: Rice|Substitute|p1a: Rice
|-start|p1a: Rice|Substitute
|-damage|p1a: Rice|50/100
|
|-weather|Sandstorm|[upkeep]
|-damage|p2a: Moltres|69/100|[from] Sandstorm
|-heal|p2a: Moltres|76/100|[from] item: Leftovers
|-heal|p1a: Rice|57/100|[from] item: Leftovers
|upkeep
|turn|39
|
|t:|1729368499
|move|p1a: Rice|Thunder|p2a: Moltres
|-supereffective|p2a: Moltres
|-damage|p2a: Moltres|0 fnt
|faint|p2a: Moltres
|
|t:|1729368502
|switch|p2a: Flygon|Flygon, M|97/100
|
|-weather|Sandstorm|[upkeep]
|-heal|p1a: Rice|63/100|[from] item: Leftovers
|-heal|p2a: Flygon|100/100|[from] item: Leftovers
|upkeep
|turn|40
|
|t:|1729368505
|switch|p2a: Blissey|Blissey, F|59/100
|-damage|p2a: Blissey|42/100|[from] Spikes
|move|p1a: Rice|Ice Punch|p2a: Blissey
|-damage|p2a: Blissey|35/100
|-status|p2a: Blissey|frz
|
|-weather|Sandstorm|[upkeep]
|-damage|p2a: Blissey|29/100 frz|[from] Sandstorm
|-heal|p1a: Rice|69/100|[from] item: Leftovers
|-heal|p2a: Blissey|35/100 frz|[from] item: Leftovers
|upkeep
|turn|41
|
|t:|1729368507
|move|p1a: Rice|Calm Mind|p1a: Rice
|-boost|p1a: Rice|spa|1
|-boost|p1a: Rice|spd|1
|cant|p2a: Blissey|frz
|
|-weather|Sandstorm|[upkeep]
|-damage|p2a: Blissey|29/100 frz|[from] Sandstorm
|-heal|p1a: Rice|75/100|[from] item: Leftovers
|-heal|p2a: Blissey|35/100 frz|[from] item: Leftovers
|upkeep
|turn|42
|
|t:|1729368509
|move|p1a: Rice|Calm Mind|p1a: Rice
|-boost|p1a: Rice|spa|1
|-boost|p1a: Rice|spd|1
|cant|p2a: Blissey|frz
|
|-weather|Sandstorm|[upkeep]
|-damage|p2a: Blissey|29/100 frz|[from] Sandstorm
|-heal|p1a: Rice|81/100|[from] item: Leftovers
|-heal|p2a: Blissey|35/100 frz|[from] item: Leftovers
|upkeep
|turn|43
|c|☆leoperi99|gg
|c|☆Elian|gg
|-message|leoperi99 forfeited.
|
|win|Elian
|player|p2|
|player|p2|leoperi99|hala|
|player|p2|

</script>
<script type="application/json" class="data" id="replaydata-smogtours-gen3ou-800065">
{"id":"smogtours-gen3ou-800065","format":"[Gen 3] OU","players":["Elian","leoperi99"],"uploadtime":1729368515,"views":145,"formatid":"gen3ou","rating":null,"private":0,"password":null}
</script>

<script defer src="js/replays.js?9d40a366"></script>
