<!DOCTYPE html>
<meta charset="utf-8" />
<meta name="viewport" content="width=device-width" />

<title>[Gen 3] OU: ljsampson vs. Sorenz - Replays - Pok&eacute;mon Showdown!</title>

<meta name="description" content="Watch a replay of a Pok&eacute;mon battle between ljsampson and Sorenz! Format: [Gen 3] OU; Date: Oct 7, 2024" />
<!--

Hey, you! Looking in the source for the replay log?

You can find them in JSON format, just add `.json` at the end of a replay URL.

https://replay.pokemonshowdown.com/gen7randomdoublesbattle-865046831.json

Or, if you only need the log itself, add `.log` instead:

https://replay.pokemonshowdown.com/gen7randomdoublesbattle-865046831.log

-->

<link rel="stylesheet" href="//pokemonshowdown.com/style/global.css?0.023195364461161105" />
<link rel="stylesheet" href="//play.pokemonshowdown.com/style/font-awesome.css?0.13261647063804238" />
<link rel="stylesheet" href="//play.pokemonshowdown.com/style/battle.css?0.8753245789963631" />
<link rel="stylesheet" href="//play.pokemonshowdown.com/style/utilichart.css?0.8627959624976733" />

<!-- Global site tag (gtag.js) - Google Analytics -->
<script async src="https://www.googletagmanager.com/gtag/js?id=UA-26211653-1"></script>
<script>
  window.dataLayer = window.dataLayer || [];
  function gtag(){dataLayer.push(arguments);}
  gtag('js', new Date());

  gtag('config', 'UA-26211653-1');
</script>
<!-- End Google Analytics -->
<!-- Venatus Ad Manager - Install in <HEAD> of page -->
	<script src="https://hb.vntsm.com/v3/live/ad-manager.min.js" type="text/javascript" data-site-id="642aba63ec9a7b11c3c9c1be" data-mode="scan" async></script>
<!-- / Venatus Ad Manager -->

<style>
	@media (max-width:820px) {
		.battle {
			margin: 0 auto;
		}
		.battle-log {
			margin: 7px auto 0;
			max-width: 640px;
			height: 300px;
			position: static;
		}
	}
	.optgroup {
		display: inline-block;
		line-height: 22px;
		font-size: 10pt;
	}
	.optgroup .button {
		height: 25px;
		padding-top: 0;
		padding-bottom: 0;
	}
	.optgroup button.button {
		padding-left: 12px;
		padding-right: 12px;
	}
	.linklist {
		list-style: none;
		margin: 0.5em 0;
		padding: 0;
	}
	.linklist li {
		padding: 2px 0;
	}
	.sidebar {
		float: left;
		width: 320px;
	}
	.bar-wrapper {
		max-width: 1100px;
		margin: 0 auto;
	}
	.bar-wrapper.has-sidebar {
		max-width: 1430px;
	}
	.mainbar {
		margin: 0;
		padding-right: 1px;
	}
	.mainbar.has-sidebar {
		margin-left: 330px;
	}
	@media (min-width: 1511px) {
		.sidebar {
			width: 400px;
		}
		.bar-wrapper.has-sidebar {
			max-width: 1510px;
		}
		.mainbar.has-sidebar {
			margin-left: 410px;
		}
	}
	.section.first-section {
		margin-top: 9px;
	}
	.blocklink small {
		white-space: normal;
	}
	.button {
		vertical-align: middle;
	}
	.replay-controls {
		padding-top: 10px;
	}
	.replay-controls h1 {
		font-size: 16pt;
		font-weight: normal;
		color: #CCC;
	}
	.pagelink {
		text-align: center;
	}
	.pagelink a {
		width: 150px;
	}
	.textbox, .button {
		font-size: 11pt;
		vertical-align: middle;
	}
	@media (max-width: 450px) {
		.button {
			font-size: 9pt;
		}
	}
</style>

<div>

	<header>
		<div class="nav-wrapper"><ul class="nav">
			<li><a class="button nav-first" href="//pokemonshowdown.com/"><img src="//pokemonshowdown.com/images/pokemonshowdownbeta.png" srcset="//pokemonshowdown.com/images/pokemonshowdownbeta.png 1x, //pokemonshowdown.com/images/pokemonshowdownbeta@2x.png 2x" alt="Pok&eacute;mon Showdown" width="146" height="44" /> Home</a></li>
			<li><a class="button" href="//pokemonshowdown.com/dex/">Pok&eacute;dex</a></li>
			<li><a class="button cur" href="/">Replays</a></li>
			<li><a class="button" href="//pokemonshowdown.com/ladder/">Ladder</a></li>
			<li><a class="button nav-last" href="//pokemonshowdown.com/forums/">Forum</a></li>
			<li><a class="button greenbutton nav-first nav-last" href="//play.pokemonshowdown.com/">Play</a></li>
		</ul></div>
	</header>

	<div class="main" id="main">

		<noscript><section class="section">You need to enable JavaScript to use this page; sorry!</section></noscript>

	</div>

</div>

<script defer nomodule src="//play.pokemonshowdown.com/js/lib/ps-polyfill.js"></script>
<script defer src="//play.pokemonshowdown.com/js/lib/preact.min.js"></script>

<script defer src="//play.pokemonshowdown.com/config/config.js?2bddbc15"></script>
<script defer src="//play.pokemonshowdown.com/js/lib/jquery-1.11.0.min.js"></script>
<script defer src="//play.pokemonshowdown.com/js/lib/html-sanitizer-minified.js"></script>
<script defer src="//play.pokemonshowdown.com/js/battle-sound.js"></script>
<script defer src="//play.pokemonshowdown.com/js/battledata.js?0.7209276989879541"></script>
<script defer src="//play.pokemonshowdown.com/data/pokedex-mini.js?0.6111056340867951"></script>
<script defer src="//play.pokemonshowdown.com/data/pokedex-mini-bw.js?0.3532142036491459"></script>
<script defer src="//play.pokemonshowdown.com/data/graphics.js?0.24223875632456182"></script>
<script defer src="//play.pokemonshowdown.com/data/pokedex.js?0.38839984266356864"></script>
<script defer src="//play.pokemonshowdown.com/data/moves.js?0.21866028504024015"></script>
<script defer src="//play.pokemonshowdown.com/data/abilities.js?0.2005157953846628"></script>
<script defer src="//play.pokemonshowdown.com/data/items.js?0.9894211263848525"></script>
<script defer src="//play.pokemonshowdown.com/data/teambuilder-tables.js?0.6008791140282215"></script>
<script defer src="//play.pokemonshowdown.com/js/battle-tooltips.js?0.7580118955022959"></script>
<script defer src="//play.pokemonshowdown.com/js/battle.js?0.6057722274234274"></script>

<script defer src="js/utils.js?e31f9a17"></script>
<script defer src="js/replays-battle.js?7008c182"></script>

<!-- don't scrape this data! just add .json or .log after the URL!
Full API docs: https://github.com/smogon/pokemon-showdown-client/blob/master/WEB-API.md -->
<script type="text/plain" class="log" id="replaylog-smogtours-gen3ou-796163">
|inactive|Battle timer is ON: inactive players will automatically lose when time's up.
|t:|1728317537
|gametype|singles
|player|p1|ljsampson|170|
|player|p2|Sorenz|266|
|teamsize|p1|6
|teamsize|p2|6
|gen|3
|tier|[Gen 3] OU
|rule|Sleep Clause Mod: Limit one foe put to sleep
|rule|Switch Priority Clause Mod: Faster Pokémon switch first
|rule|Species Clause: Limit one of each Pokémon
|rule|OHKO Clause: OHKO moves are banned
|rule|Evasion Items Clause: Evasion items are banned
|rule|Evasion Moves Clause: Evasion moves are banned
|rule|Endless Battle Clause: Forcing endless battles is banned
|rule|HP Percentage Mod: HP is shown in percentages
|rule|One Boost Passer Clause: Limit one Baton Passer that has a way to boost its stats
|rule|Freeze Clause Mod: Limit one foe frozen
|
|t:|1728317537
|start
|switch|p1a: Zapdos|Zapdos|100/100
|switch|p2a: Cloyster|Cloyster, M|100/100
|turn|1
|
|t:|1728317546
|switch|p2a: Celebi|Celebi|100/100
|move|p1a: Zapdos|Thunderbolt|p2a: Celebi
|-resisted|p2a: Celebi
|-damage|p2a: Celebi|81/100
|
|-heal|p2a: Celebi|87/100|[from] item: Leftovers
|upkeep
|turn|2
|
|t:|1728317549
|move|p1a: Zapdos|Substitute|p1a: Zapdos
|-start|p1a: Zapdos|Substitute
|-damage|p1a: Zapdos|76/100
|move|p2a: Celebi|Calm Mind|p2a: Celebi
|-boost|p2a: Celebi|spa|1
|-boost|p2a: Celebi|spd|1
|
|-heal|p1a: Zapdos|82/100|[from] item: Leftovers
|-heal|p2a: Celebi|94/100|[from] item: Leftovers
|upkeep
|turn|3
|
|t:|1728317562
|move|p1a: Zapdos|Baton Pass|p1a: Zapdos
|
|t:|1728317565
|switch|p1a: Regice|Regice|100/100|[from] Baton Pass
|move|p2a: Celebi|Baton Pass|p2a: Celebi
|
|t:|1728317580
|switch|p2a: Tyranitar|Tyranitar, M|100/100|[from] Baton Pass
|-weather|Sandstorm|[from] ability: Sand Stream|[of] p2a: Tyranitar
|
|-weather|Sandstorm|[upkeep]
|-damage|p1a: Regice|94/100|[from] Sandstorm
|-heal|p1a: Regice|100/100|[from] item: Leftovers
|upkeep
|turn|4
|
|t:|1728317594
|move|p2a: Tyranitar|Dragon Dance|p2a: Tyranitar
|-boost|p2a: Tyranitar|atk|1
|-boost|p2a: Tyranitar|spe|1
|move|p1a: Regice|Ice Beam|p2a: Tyranitar
|-damage|p2a: Tyranitar|69/100
|
|-weather|Sandstorm|[upkeep]
|-damage|p1a: Regice|94/100|[from] Sandstorm
|-heal|p1a: Regice|100/100|[from] item: Leftovers
|upkeep
|turn|5
|
|t:|1728317602
|move|p2a: Tyranitar|Rock Slide|p1a: Regice
|-supereffective|p1a: Regice
|-end|p1a: Regice|Substitute
|move|p1a: Regice|Ice Beam|p2a: Tyranitar
|-damage|p2a: Tyranitar|35/100
|
|-weather|Sandstorm|[upkeep]
|-damage|p1a: Regice|94/100|[from] Sandstorm
|-heal|p1a: Regice|100/100|[from] item: Leftovers
|upkeep
|turn|6
|
|t:|1728317621
|switch|p1a: Swampert|Swampert, M|100/100
|move|p2a: Tyranitar|Rock Slide|p1a: Swampert
|-resisted|p1a: Swampert
|-damage|p1a: Swampert|79/100
|
|-weather|Sandstorm|[upkeep]
|-heal|p1a: Swampert|86/100|[from] item: Leftovers
|upkeep
|turn|7
|
|t:|1728317639
|switch|p1a: Gengar|Gengar, F|100/100
|move|p2a: Tyranitar|Hidden Power|p1a: Gengar
|-resisted|p1a: Gengar
|-damage|p1a: Gengar|91/100
|
|-weather|Sandstorm|[upkeep]
|-damage|p1a: Gengar|84/100|[from] Sandstorm
|-heal|p1a: Gengar|91/100|[from] item: Leftovers
|upkeep
|turn|8
|
|t:|1728317655
|switch|p1a: Swampert|Swampert, M|86/100
|move|p2a: Tyranitar|Rock Slide|p1a: Swampert
|-resisted|p1a: Swampert
|-damage|p1a: Swampert|62/100
|
|-weather|Sandstorm|[upkeep]
|-heal|p1a: Swampert|68/100|[from] item: Leftovers
|upkeep
|turn|9
|
|t:|1728317659
|move|p1a: Swampert|Protect|p1a: Swampert
|-singleturn|p1a: Swampert|Protect
|move|p2a: Tyranitar|Hidden Power|p1a: Swampert
|-activate|p1a: Swampert|Protect
|
|-weather|Sandstorm|[upkeep]
|-heal|p1a: Swampert|74/100|[from] item: Leftovers
|upkeep
|turn|10
|
|t:|1728317664
|move|p2a: Tyranitar|Hidden Power|p1a: Swampert
|-supereffective|p1a: Swampert
|-damage|p1a: Swampert|0 fnt
|faint|p1a: Swampert
|
|t:|1728317677
|switch|p1a: Starmie|Starmie|100/100
|
|-weather|Sandstorm|[upkeep]
|-damage|p1a: Starmie|94/100|[from] Sandstorm
|-heal|p1a: Starmie|100/100|[from] item: Leftovers
|upkeep
|turn|11
|
|t:|1728317692
|move|p1a: Starmie|Hydro Pump|p2a: Tyranitar
|-supereffective|p2a: Tyranitar
|-damage|p2a: Tyranitar|0 fnt
|faint|p2a: Tyranitar
|
|t:|1728317704
|switch|p2a: Celebi|Celebi|94/100
|
|-weather|Sandstorm|[upkeep]
|-damage|p1a: Starmie|94/100|[from] Sandstorm
|-damage|p2a: Celebi|87/100|[from] Sandstorm
|-heal|p1a: Starmie|100/100|[from] item: Leftovers
|-heal|p2a: Celebi|94/100|[from] item: Leftovers
|upkeep
|turn|12
|inactive|ljsampson has 270 seconds left.
|
|t:|1728317752
|switch|p1a: Regice|Regice|100/100
|move|p2a: Celebi|Giga Drain|p1a: Regice
|-damage|p1a: Regice|88/100
|-heal|p2a: Celebi|99/100|[from] drain|[of] p1a: Regice
|
|-weather|Sandstorm|[upkeep]
|-damage|p2a: Celebi|93/100|[from] Sandstorm
|-damage|p1a: Regice|82/100|[from] Sandstorm
|-heal|p2a: Celebi|99/100|[from] item: Leftovers
|-heal|p1a: Regice|88/100|[from] item: Leftovers
|upkeep
|turn|13
|inactive|ljsampson has 270 seconds left.
|
|t:|1728317762
|move|p2a: Celebi|Baton Pass|p2a: Celebi
|
|t:|1728317765
|switch|p2a: Regirock|Regirock|100/100|[from] Baton Pass
|move|p1a: Regice|Hail|p1a: Regice
|-weather|Hail
|
|-weather|Hail|[upkeep]
|-damage|p2a: Regirock|94/100|[from] Hail
|-heal|p1a: Regice|94/100|[from] item: Leftovers
|-heal|p2a: Regirock|100/100|[from] item: Leftovers
|upkeep
|turn|14
|inactive|ljsampson has 270 seconds left.
|inactive|ljsampson has 240 seconds left.
|
|t:|1728317811
|switch|p1a: Celebi|Celebi|100/100
|move|p2a: Regirock|Hidden Power|p1a: Celebi
|-damage|p1a: Celebi|76/100
|
|-weather|Hail|[upkeep]
|-damage|p1a: Celebi|70/100|[from] Hail
|-damage|p2a: Regirock|94/100|[from] Hail
|-heal|p1a: Celebi|76/100|[from] item: Leftovers
|-heal|p2a: Regirock|100/100|[from] item: Leftovers
|upkeep
|turn|15
|inactive|ljsampson has 240 seconds left.
|
|t:|1728317833
|switch|p2a: Celebi|Celebi|99/100
|move|p1a: Celebi|Leech Seed|p2a: Celebi
|-immune|p2a: Celebi
|
|-weather|Hail|[upkeep]
|-damage|p2a: Celebi|93/100|[from] Hail
|-damage|p1a: Celebi|70/100|[from] Hail
|-heal|p2a: Celebi|99/100|[from] item: Leftovers
|-heal|p1a: Celebi|76/100|[from] item: Leftovers
|upkeep
|turn|16
|
|t:|1728317836
|move|p2a: Celebi|Calm Mind|p2a: Celebi
|-boost|p2a: Celebi|spa|1
|-boost|p2a: Celebi|spd|1
|move|p1a: Celebi|Baton Pass|p1a: Celebi
|
|t:|1728317838
|switch|p1a: Regice|Regice|94/100|[from] Baton Pass
|
|-weather|Hail|[upkeep]
|-damage|p2a: Celebi|93/100|[from] Hail
|-heal|p2a: Celebi|99/100|[from] item: Leftovers
|-heal|p1a: Regice|99/100|[from] item: Leftovers
|upkeep
|turn|17
|
|t:|1728317850
|move|p2a: Celebi|Baton Pass|p2a: Celebi
|
|t:|1728317853
|switch|p2a: Cloyster|Cloyster, M|100/100|[from] Baton Pass
|move|p1a: Regice|Ice Beam|p2a: Cloyster
|-resisted|p2a: Cloyster
|-damage|p2a: Cloyster|88/100
|
|-weather|none
|-heal|p2a: Cloyster|94/100|[from] item: Leftovers
|-heal|p1a: Regice|100/100|[from] item: Leftovers
|upkeep
|turn|18
|inactive|ljsampson has 270 seconds left.
|
|t:|1728317861
|move|p2a: Cloyster|Spikes|p1a: Regice
|-sidestart|p1: ljsampson|Spikes
|move|p1a: Regice|Thunderbolt|p2a: Cloyster
|-supereffective|p2a: Cloyster
|-damage|p2a: Cloyster|21/100
|
|-heal|p2a: Cloyster|27/100|[from] item: Leftovers
|upkeep
|turn|19
|
|t:|1728317867
|switch|p1a: Gengar|Gengar, F|91/100
|move|p2a: Cloyster|Explosion|p1a: Gengar
|-immune|p1a: Gengar
|faint|p2a: Cloyster
|
|t:|1728317897
|switch|p2a: Regirock|Regirock|100/100
|
|-heal|p1a: Gengar|97/100|[from] item: Leftovers
|upkeep
|turn|20
|inactive|ljsampson has 270 seconds left.
|
|t:|1728317917
|move|p1a: Gengar|Toxic|p2a: Regirock
|-status|p2a: Regirock|tox
|move|p2a: Regirock|Hidden Power|p1a: Gengar
|-damage|p1a: Gengar|42/100
|
|-heal|p1a: Gengar|49/100|[from] item: Leftovers
|-damage|p2a: Regirock|94/100 tox|[from] psn
|upkeep
|turn|21
|inactive|ljsampson has 270 seconds left.
|
|t:|1728317929
|switch|p1a: Celebi|Celebi|76/100
|-damage|p1a: Celebi|63/100|[from] Spikes
|move|p2a: Regirock|Hidden Power|p1a: Celebi
|-damage|p1a: Celebi|38/100
|
|-heal|p1a: Celebi|44/100|[from] item: Leftovers
|-heal|p2a: Regirock|100/100 tox|[from] item: Leftovers
|-damage|p2a: Regirock|88/100 tox|[from] psn
|upkeep
|turn|22
|inactive|ljsampson has 270 seconds left.
|
|t:|1728317941
|switch|p2a: Dugtrio|Dugtrio, M|100/100
|move|p1a: Celebi|Recover|p1a: Celebi
|-heal|p1a: Celebi|94/100
|
|-heal|p1a: Celebi|100/100|[from] item: Leftovers
|upkeep
|turn|23
|
|t:|1728317945
|move|p2a: Dugtrio|Hidden Power|p1a: Celebi
|-supereffective|p1a: Celebi
|-crit|p1a: Celebi
|-damage|p1a: Celebi|0 fnt
|faint|p1a: Celebi
|inactive|ljsampson has 270 seconds left.
|
|t:|1728317960
|switch|p1a: Gengar|Gengar, F|49/100
|
|-heal|p1a: Gengar|55/100|[from] item: Leftovers
|upkeep
|turn|24
|
|t:|1728317967
|switch|p2a: Regirock|Regirock|88/100 tox
|move|p1a: Gengar|Mean Look|p2a: Regirock
|-activate|p2a: Regirock|trapped
|
|-heal|p1a: Gengar|61/100|[from] item: Leftovers
|-heal|p2a: Regirock|94/100 tox|[from] item: Leftovers
|-damage|p2a: Regirock|88/100 tox|[from] psn
|upkeep
|turn|25
|
|t:|1728317982
|move|p1a: Gengar|Toxic|p2a: Regirock
|-fail|p2a: Regirock|tox
|move|p2a: Regirock|Hidden Power|p1a: Gengar
|-damage|p1a: Gengar|7/100
|
|-heal|p1a: Gengar|13/100|[from] item: Leftovers
|-heal|p2a: Regirock|94/100 tox|[from] item: Leftovers
|-damage|p2a: Regirock|82/100 tox|[from] psn
|upkeep
|turn|26
|
|t:|1728317990
|move|p1a: Gengar|Rest|p1a: Gengar
|-status|p1a: Gengar|slp|[from] move: Rest
|-heal|p1a: Gengar|100/100 slp|[silent]
|move|p2a: Regirock|Hidden Power|p1a: Gengar
|-damage|p1a: Gengar|52/100 slp
|
|-heal|p1a: Gengar|58/100 slp|[from] item: Leftovers
|-heal|p2a: Regirock|88/100 tox|[from] item: Leftovers
|-damage|p2a: Regirock|70/100 tox|[from] psn
|upkeep
|turn|27
|
|t:|1728317998
|cant|p1a: Gengar|slp
|move|p2a: Regirock|Hidden Power|p1a: Gengar
|-damage|p1a: Gengar|2/100 slp
|
|-heal|p1a: Gengar|8/100 slp|[from] item: Leftovers
|-heal|p2a: Regirock|76/100 tox|[from] item: Leftovers
|-damage|p2a: Regirock|52/100 tox|[from] psn
|upkeep
|turn|28
|
|t:|1728318006
|cant|p1a: Gengar|slp
|move|p2a: Regirock|Hidden Power|p1a: Gengar
|-damage|p1a: Gengar|0 fnt
|faint|p1a: Gengar
|
|t:|1728318020
|switch|p1a: Zapdos|Zapdos|82/100
|
|-heal|p1a: Zapdos|88/100|[from] item: Leftovers
|-heal|p2a: Regirock|58/100 tox|[from] item: Leftovers
|-damage|p2a: Regirock|28/100 tox|[from] psn
|upkeep
|turn|29
|
|t:|1728318035
|move|p1a: Zapdos|Substitute|p1a: Zapdos
|-start|p1a: Zapdos|Substitute
|-damage|p1a: Zapdos|63/100
|move|p2a: Regirock|Hidden Power|p1a: Zapdos
|-supereffective|p1a: Zapdos
|-end|p1a: Zapdos|Substitute
|
|-heal|p1a: Zapdos|69/100|[from] item: Leftovers
|-heal|p2a: Regirock|34/100 tox|[from] item: Leftovers
|-damage|p2a: Regirock|0 fnt|[from] psn
|faint|p2a: Regirock
|upkeep
|
|t:|1728318044
|switch|p2a: Celebi|Celebi|99/100
|turn|30
|
|t:|1728318052
|move|p1a: Zapdos|Substitute|p1a: Zapdos
|-start|p1a: Zapdos|Substitute
|-damage|p1a: Zapdos|45/100
|move|p2a: Celebi|Calm Mind|p2a: Celebi
|-boost|p2a: Celebi|spa|1
|-boost|p2a: Celebi|spd|1
|
|-heal|p1a: Zapdos|51/100|[from] item: Leftovers
|-heal|p2a: Celebi|100/100|[from] item: Leftovers
|upkeep
|turn|31
|
|t:|1728318057
|move|p1a: Zapdos|Baton Pass|p1a: Zapdos
|
|t:|1728318060
|switch|p1a: Regice|Regice|100/100|[from] Baton Pass
|-damage|p1a: Regice|88/100|[from] Spikes
|move|p2a: Celebi|Hidden Power|p1a: Regice
|-supereffective|p1a: Regice
|-end|p1a: Regice|Substitute
|
|-heal|p1a: Regice|94/100|[from] item: Leftovers
|upkeep
|turn|32
|
|t:|1728318066
|move|p2a: Celebi|Hidden Power|p1a: Regice
|-supereffective|p1a: Regice
|-damage|p1a: Regice|66/100
|move|p1a: Regice|Ice Beam|p2a: Celebi
|-supereffective|p2a: Celebi
|-damage|p2a: Celebi|47/100
|
|-heal|p2a: Celebi|53/100|[from] item: Leftovers
|-heal|p1a: Regice|72/100|[from] item: Leftovers
|upkeep
|turn|33
|
|t:|1728318072
|move|p2a: Celebi|Hidden Power|p1a: Regice
|-supereffective|p1a: Regice
|-damage|p1a: Regice|47/100
|move|p1a: Regice|Ice Beam|p2a: Celebi
|-supereffective|p2a: Celebi
|-damage|p2a: Celebi|1/100
|
|-heal|p2a: Celebi|7/100|[from] item: Leftovers
|-heal|p1a: Regice|53/100|[from] item: Leftovers
|upkeep
|turn|34
|
|t:|1728318086
|move|p2a: Celebi|Hidden Power|p1a: Regice
|-supereffective|p1a: Regice
|-damage|p1a: Regice|24/100
|move|p1a: Regice|Ice Beam|p2a: Celebi
|-supereffective|p2a: Celebi
|-damage|p2a: Celebi|0 fnt
|faint|p2a: Celebi
|
|t:|1728318094
|switch|p2a: Salamence|Salamence, F|100/100
|-ability|p2a: Salamence|Intimidate|boost
|-fail|p1a: Regice|unboost|[from] ability: Clear Body|[of] p1a: Regice
|
|-heal|p1a: Regice|30/100|[from] item: Leftovers
|upkeep
|turn|35
|
|t:|1728318112
|move|p2a: Salamence|Brick Break|p1a: Regice
|-supereffective|p1a: Regice
|-damage|p1a: Regice|0 fnt
|faint|p1a: Regice
|
|t:|1728318115
|switch|p1a: Starmie|Starmie|100/100
|-damage|p1a: Starmie|88/100|[from] Spikes
|
|-heal|p1a: Starmie|94/100|[from] item: Leftovers
|upkeep
|turn|36
|
|t:|1728318134
|move|p1a: Starmie|Ice Beam|p2a: Salamence
|-supereffective|p2a: Salamence
|-damage|p2a: Salamence|0 fnt
|faint|p2a: Salamence
|
|t:|1728318136
|switch|p2a: Dugtrio|Dugtrio, M|100/100
|
|-heal|p1a: Starmie|100/100|[from] item: Leftovers
|upkeep
|turn|37
|
|t:|1728318146
|move|p2a: Dugtrio|Rock Slide|p1a: Starmie
|-damage|p1a: Starmie|61/100
|cant|p1a: Starmie|flinch
|
|-heal|p1a: Starmie|67/100|[from] item: Leftovers
|upkeep
|turn|38
|
|t:|1728318150
|move|p2a: Dugtrio|Rock Slide|p1a: Starmie
|-crit|p1a: Starmie
|-damage|p1a: Starmie|0 fnt
|faint|p1a: Starmie
|c|☆Sorenz|no way
|
|t:|1728318155
|switch|p1a: Zapdos|Zapdos|51/100
|
|-heal|p1a: Zapdos|57/100|[from] item: Leftovers
|upkeep
|turn|39
|
|t:|1728318160
|move|p2a: Dugtrio|Rock Slide|p1a: Zapdos
|-supereffective|p1a: Zapdos
|-damage|p1a: Zapdos|0 fnt
|faint|p1a: Zapdos
|
|win|Sorenz
|c|☆Sorenz|man
|c|☆Sorenz|im sorry 
|player|p1|

</script>
<script type="application/json" class="data" id="replaydata-smogtours-gen3ou-796163">
{"id":"smogtours-gen3ou-796163","format":"[Gen 3] OU","players":["ljsampson","Sorenz"],"uploadtime":1728318160,"views":99,"formatid":"gen3ou","rating":null,"private":0,"password":null}
</script>

<script defer src="js/replays.js?9d40a366"></script>
