<!DOCTYPE html>
<meta charset="utf-8" />
<meta name="viewport" content="width=device-width" />

<title>[Gen 3] OU: ThisGuyMuks vs. Xenocles - Replays - Pok&eacute;mon Showdown!</title>

<meta name="description" content="Watch a replay of a Pok&eacute;mon battle between ThisGuyMuks and Xenocles! Format: [Gen 3] OU; Date: Oct 30, 2024" />
<!--

Hey, you! Looking in the source for the replay log?

You can find them in JSON format, just add `.json` at the end of a replay URL.

https://replay.pokemonshowdown.com/gen7randomdoublesbattle-865046831.json

Or, if you only need the log itself, add `.log` instead:

https://replay.pokemonshowdown.com/gen7randomdoublesbattle-865046831.log

-->

<link rel="stylesheet" href="//pokemonshowdown.com/style/global.css?0.023195364461161105" />
<link rel="stylesheet" href="//play.pokemonshowdown.com/style/font-awesome.css?0.13261647063804238" />
<link rel="stylesheet" href="//play.pokemonshowdown.com/style/battle.css?0.8753245789963631" />
<link rel="stylesheet" href="//play.pokemonshowdown.com/style/utilichart.css?0.8627959624976733" />

<!-- Global site tag (gtag.js) - Google Analytics -->
<script async src="https://www.googletagmanager.com/gtag/js?id=UA-26211653-1"></script>
<script>
  window.dataLayer = window.dataLayer || [];
  function gtag(){dataLayer.push(arguments);}
  gtag('js', new Date());

  gtag('config', 'UA-26211653-1');
</script>
<!-- End Google Analytics -->
<!-- Venatus Ad Manager - Install in <HEAD> of page -->
	<script src="https://hb.vntsm.com/v3/live/ad-manager.min.js" type="text/javascript" data-site-id="642aba63ec9a7b11c3c9c1be" data-mode="scan" async></script>
<!-- / Venatus Ad Manager -->

<style>
	@media (max-width:820px) {
		.battle {
			margin: 0 auto;
		}
		.battle-log {
			margin: 7px auto 0;
			max-width: 640px;
			height: 300px;
			position: static;
		}
	}
	.optgroup {
		display: inline-block;
		line-height: 22px;
		font-size: 10pt;
	}
	.optgroup .button {
		height: 25px;
		padding-top: 0;
		padding-bottom: 0;
	}
	.optgroup button.button {
		padding-left: 12px;
		padding-right: 12px;
	}
	.linklist {
		list-style: none;
		margin: 0.5em 0;
		padding: 0;
	}
	.linklist li {
		padding: 2px 0;
	}
	.sidebar {
		float: left;
		width: 320px;
	}
	.bar-wrapper {
		max-width: 1100px;
		margin: 0 auto;
	}
	.bar-wrapper.has-sidebar {
		max-width: 1430px;
	}
	.mainbar {
		margin: 0;
		padding-right: 1px;
	}
	.mainbar.has-sidebar {
		margin-left: 330px;
	}
	@media (min-width: 1511px) {
		.sidebar {
			width: 400px;
		}
		.bar-wrapper.has-sidebar {
			max-width: 1510px;
		}
		.mainbar.has-sidebar {
			margin-left: 410px;
		}
	}
	.section.first-section {
		margin-top: 9px;
	}
	.blocklink small {
		white-space: normal;
	}
	.button {
		vertical-align: middle;
	}
	.replay-controls {
		padding-top: 10px;
	}
	.replay-controls h1 {
		font-size: 16pt;
		font-weight: normal;
		color: #CCC;
	}
	.pagelink {
		text-align: center;
	}
	.pagelink a {
		width: 150px;
	}
	.textbox, .button {
		font-size: 11pt;
		vertical-align: middle;
	}
	@media (max-width: 450px) {
		.button {
			font-size: 9pt;
		}
	}
</style>

<div>

	<header>
		<div class="nav-wrapper"><ul class="nav">
			<li><a class="button nav-first" href="//pokemonshowdown.com/"><img src="//pokemonshowdown.com/images/pokemonshowdownbeta.png" srcset="//pokemonshowdown.com/images/pokemonshowdownbeta.png 1x, //pokemonshowdown.com/images/pokemonshowdownbeta@2x.png 2x" alt="Pok&eacute;mon Showdown" width="146" height="44" /> Home</a></li>
			<li><a class="button" href="//pokemonshowdown.com/dex/">Pok&eacute;dex</a></li>
			<li><a class="button cur" href="/">Replays</a></li>
			<li><a class="button" href="//pokemonshowdown.com/ladder/">Ladder</a></li>
			<li><a class="button nav-last" href="//pokemonshowdown.com/forums/">Forum</a></li>
			<li><a class="button greenbutton nav-first nav-last" href="//play.pokemonshowdown.com/">Play</a></li>
		</ul></div>
	</header>

	<div class="main" id="main">

		<noscript><section class="section">You need to enable JavaScript to use this page; sorry!</section></noscript>

	</div>

</div>

<script defer nomodule src="//play.pokemonshowdown.com/js/lib/ps-polyfill.js"></script>
<script defer src="//play.pokemonshowdown.com/js/lib/preact.min.js"></script>

<script defer src="//play.pokemonshowdown.com/config/config.js?2bddbc15"></script>
<script defer src="//play.pokemonshowdown.com/js/lib/jquery-1.11.0.min.js"></script>
<script defer src="//play.pokemonshowdown.com/js/lib/html-sanitizer-minified.js"></script>
<script defer src="//play.pokemonshowdown.com/js/battle-sound.js"></script>
<script defer src="//play.pokemonshowdown.com/js/battledata.js?0.7209276989879541"></script>
<script defer src="//play.pokemonshowdown.com/data/pokedex-mini.js?0.6111056340867951"></script>
<script defer src="//play.pokemonshowdown.com/data/pokedex-mini-bw.js?0.3532142036491459"></script>
<script defer src="//play.pokemonshowdown.com/data/graphics.js?0.24223875632456182"></script>
<script defer src="//play.pokemonshowdown.com/data/pokedex.js?0.38839984266356864"></script>
<script defer src="//play.pokemonshowdown.com/data/moves.js?0.21866028504024015"></script>
<script defer src="//play.pokemonshowdown.com/data/abilities.js?0.2005157953846628"></script>
<script defer src="//play.pokemonshowdown.com/data/items.js?0.9894211263848525"></script>
<script defer src="//play.pokemonshowdown.com/data/teambuilder-tables.js?0.6008791140282215"></script>
<script defer src="//play.pokemonshowdown.com/js/battle-tooltips.js?0.7580118955022959"></script>
<script defer src="//play.pokemonshowdown.com/js/battle.js?0.6057722274234274"></script>

<script defer src="js/utils.js?e31f9a17"></script>
<script defer src="js/replays-battle.js?7008c182"></script>

<!-- don't scrape this data! just add .json or .log after the URL!
Full API docs: https://github.com/smogon/pokemon-showdown-client/blob/master/WEB-API.md -->
<script type="text/plain" class="log" id="replaylog-smogtours-gen3ou-803403">
|inactive|Battle timer is ON: inactive players will automatically lose when time's up.
|t:|1730252390
|gametype|singles
|player|p1|ThisGuyMuks|102|
|player|p2|Xenocles|1|
|teamsize|p1|6
|teamsize|p2|6
|gen|3
|tier|[Gen 3] OU
|rule|Sleep Clause Mod: Limit one foe put to sleep
|rule|Switch Priority Clause Mod: Faster Pokémon switch first
|rule|Species Clause: Limit one of each Pokémon
|rule|OHKO Clause: OHKO moves are banned
|rule|Evasion Items Clause: Evasion items are banned
|rule|Evasion Moves Clause: Evasion moves are banned
|rule|Endless Battle Clause: Forcing endless battles is banned
|rule|HP Percentage Mod: HP is shown in percentages
|rule|One Boost Passer Clause: Limit one Baton Passer that has a way to boost its stats
|rule|Freeze Clause Mod: Limit one foe frozen
|
|t:|1730252390
|start
|switch|p1a: Salamence|Salamence, F|100/100
|switch|p2a: Salamence|Salamence, M|100/100
|-ability|p1a: Salamence|Intimidate|boost
|-unboost|p2a: Salamence|atk|1
|-ability|p2a: Salamence|Intimidate|boost
|-unboost|p1a: Salamence|atk|1
|turn|1
|inactive|Xenocles also wants the timer to be on.
|c|☆Xenocles|gl hf
|c|☆ThisGuyMuks|u2
|inactive|Xenocles has 270 seconds left.
|
|t:|1730252425
|switch|p1a: Swampert|Swampert, F|100/100
|switch|p2a: Suicune|Suicune|100/100
|
|upkeep
|turn|2
|
|t:|1730252446
|switch|p1a: Snorlax|Snorlax, F|100/100
|move|p2a: Suicune|Surf|p1a: Snorlax
|-damage|p1a: Snorlax|78/100
|
|-heal|p1a: Snorlax|84/100|[from] item: Leftovers
|upkeep
|turn|3
|
|t:|1730252452
|switch|p2a: Tyranitar|Tyranitar, F|100/100
|-weather|Sandstorm|[from] ability: Sand Stream|[of] p2a: Tyranitar
|move|p1a: Snorlax|Body Slam|p2a: Tyranitar
|-resisted|p2a: Tyranitar
|-damage|p2a: Tyranitar|86/100
|
|-weather|Sandstorm|[upkeep]
|-damage|p1a: Snorlax|78/100|[from] Sandstorm
|-heal|p2a: Tyranitar|93/100|[from] item: Leftovers
|-heal|p1a: Snorlax|84/100|[from] item: Leftovers
|upkeep
|turn|4
|
|t:|1730252481
|switch|p1a: Swampert|Swampert, F|100/100
|move|p2a: Tyranitar|Crunch|p1a: Swampert
|-damage|p1a: Swampert|74/100
|
|-weather|Sandstorm|[upkeep]
|-heal|p2a: Tyranitar|99/100|[from] item: Leftovers
|-heal|p1a: Swampert|80/100|[from] item: Leftovers
|upkeep
|turn|5
|
|t:|1730252497
|switch|p2a: Suicune|Suicune|100/100
|move|p1a: Swampert|Earthquake|p2a: Suicune
|-damage|p2a: Suicune|70/100
|
|-weather|Sandstorm|[upkeep]
|-damage|p2a: Suicune|64/100|[from] Sandstorm
|-heal|p2a: Suicune|70/100|[from] item: Leftovers
|-heal|p1a: Swampert|86/100|[from] item: Leftovers
|upkeep
|turn|6
|inactive|Xenocles has 270 seconds left.
|inactive|ThisGuyMuks has 270 seconds left.
|inactive|ThisGuyMuks has 240 seconds left.
|inactive|ThisGuyMuks has 210 seconds left.
|inactive|Xenocles has 240 seconds left.
|
|t:|1730252597
|switch|p2a: Snorlax|Snorlax, F|100/100
|switch|p1a: Cloyster|Cloyster, M|100/100
|
|-weather|Sandstorm|[upkeep]
|-damage|p1a: Cloyster|94/100|[from] Sandstorm
|-damage|p2a: Snorlax|94/100|[from] Sandstorm
|-heal|p1a: Cloyster|100/100|[from] item: Leftovers
|-heal|p2a: Snorlax|100/100|[from] item: Leftovers
|upkeep
|turn|7
|inactive|Xenocles has 240 seconds left.
|
|t:|1730252607
|move|p1a: Cloyster|Spikes|p2a: Snorlax
|-sidestart|p2: Xenocles|Spikes
|move|p2a: Snorlax|Curse|p2a: Snorlax
|-unboost|p2a: Snorlax|spe|1
|-boost|p2a: Snorlax|atk|1
|-boost|p2a: Snorlax|def|1
|
|-weather|Sandstorm|[upkeep]
|-damage|p1a: Cloyster|94/100|[from] Sandstorm
|-damage|p2a: Snorlax|94/100|[from] Sandstorm
|-heal|p1a: Cloyster|100/100|[from] item: Leftovers
|-heal|p2a: Snorlax|100/100|[from] item: Leftovers
|upkeep
|turn|8
|inactive|ThisGuyMuks has 210 seconds left.
|inactive|Xenocles has 240 seconds left.
|
|t:|1730252645
|move|p1a: Cloyster|Explosion|p2a: Snorlax
|-damage|p2a: Snorlax|37/100
|faint|p1a: Cloyster
|inactive|ThisGuyMuks has 180 seconds left.
|
|t:|1730252657
|switch|p1a: Salamence|Salamence, F|100/100
|-ability|p1a: Salamence|Intimidate|boost
|-unboost|p2a: Snorlax|atk|1
|
|-weather|Sandstorm|[upkeep]
|-damage|p1a: Salamence|94/100|[from] Sandstorm
|-damage|p2a: Snorlax|30/100|[from] Sandstorm
|-heal|p2a: Snorlax|37/100|[from] item: Leftovers
|upkeep
|turn|9
|
|t:|1730252661
|switch|p2a: Claydol|Claydol|100/100
|move|p1a: Salamence|Brick Break|p2a: Claydol
|-resisted|p2a: Claydol
|-damage|p2a: Claydol|82/100
|
|-weather|Sandstorm|[upkeep]
|-damage|p1a: Salamence|88/100|[from] Sandstorm
|-heal|p2a: Claydol|88/100|[from] item: Leftovers
|upkeep
|turn|10
|inactive|Xenocles has 240 seconds left.
|
|t:|1730252679
|switch|p1a: Snorlax|Snorlax, F|84/100
|move|p2a: Claydol|Rapid Spin|p1a: Snorlax
|-damage|p1a: Snorlax|81/100
|-sideend|p2: Xenocles|Spikes|[from] move: Rapid Spin|[of] p2a: Claydol
|
|-weather|Sandstorm|[upkeep]
|-damage|p1a: Snorlax|75/100|[from] Sandstorm
|-heal|p2a: Claydol|95/100|[from] item: Leftovers
|-heal|p1a: Snorlax|81/100|[from] item: Leftovers
|upkeep
|turn|11
|inactive|Xenocles has 240 seconds left.
|
|t:|1730252699
|move|p2a: Claydol|Earthquake|p1a: Snorlax
|-damage|p1a: Snorlax|53/100
|move|p1a: Snorlax|Body Slam|p2a: Claydol
|-damage|p2a: Claydol|63/100
|-status|p2a: Claydol|par
|
|-weather|Sandstorm|[upkeep]
|-damage|p1a: Snorlax|47/100|[from] Sandstorm
|-heal|p1a: Snorlax|53/100|[from] item: Leftovers
|-heal|p2a: Claydol|70/100 par|[from] item: Leftovers
|upkeep
|turn|12
|inactive|ThisGuyMuks has 180 seconds left.
|inactive|ThisGuyMuks has 150 seconds left.
|inactive|Xenocles has 210 seconds left.
|
|t:|1730252763
|move|p1a: Snorlax|Shadow Ball|p2a: Claydol
|-supereffective|p2a: Claydol
|-damage|p2a: Claydol|33/100 par
|move|p2a: Claydol|Explosion|p1a: Snorlax
|-damage|p1a: Snorlax|0 fnt
|faint|p2a: Claydol
|faint|p1a: Snorlax
|inactive|ThisGuyMuks has 150 seconds left.
|
|t:|1730252777
|switch|p2a: Salamence|Salamence, M|100/100
|switch|p1a: Magneton|Magneton|100/100
|-ability|p2a: Salamence|Intimidate|boost
|-unboost|p1a: Magneton|atk|1
|
|-weather|Sandstorm|[upkeep]
|-damage|p2a: Salamence|94/100|[from] Sandstorm
|-heal|p2a: Salamence|100/100|[from] item: Leftovers
|upkeep
|turn|13
|inactive|Xenocles has 210 seconds left.
|
|t:|1730252802
|switch|p1a: Swampert|Swampert, F|86/100
|move|p2a: Salamence|Fire Blast|p1a: Swampert
|-resisted|p1a: Swampert
|-damage|p1a: Swampert|73/100
|
|-weather|Sandstorm|[upkeep]
|-damage|p2a: Salamence|94/100|[from] Sandstorm
|-heal|p2a: Salamence|100/100|[from] item: Leftovers
|-heal|p1a: Swampert|79/100|[from] item: Leftovers
|upkeep
|turn|14
|
|t:|1730252827
|switch|p2a: Suicune|Suicune|70/100
|move|p1a: Swampert|Ice Beam|p2a: Suicune
|-resisted|p2a: Suicune
|-damage|p2a: Suicune|64/100
|-status|p2a: Suicune|frz
|
|-weather|Sandstorm|[upkeep]
|-damage|p2a: Suicune|58/100 frz|[from] Sandstorm
|-heal|p2a: Suicune|64/100 frz|[from] item: Leftovers
|-heal|p1a: Swampert|85/100|[from] item: Leftovers
|upkeep
|turn|15
|
|t:|1730252840
|switch|p2a: Jirachi|Jirachi|100/100
|move|p1a: Swampert|Curse|p1a: Swampert
|-unboost|p1a: Swampert|spe|1
|-boost|p1a: Swampert|atk|1
|-boost|p1a: Swampert|def|1
|
|-weather|Sandstorm|[upkeep]
|-heal|p1a: Swampert|91/100|[from] item: Leftovers
|upkeep
|turn|16
|
|t:|1730252849
|switch|p2a: Salamence|Salamence, M|100/100
|-ability|p2a: Salamence|Intimidate|boost
|-unboost|p1a: Swampert|atk|1
|move|p1a: Swampert|Earthquake|p2a: Salamence
|-immune|p2a: Salamence
|
|-weather|Sandstorm|[upkeep]
|-damage|p2a: Salamence|94/100|[from] Sandstorm
|-heal|p2a: Salamence|100/100|[from] item: Leftovers
|-heal|p1a: Swampert|98/100|[from] item: Leftovers
|upkeep
|turn|17
|
|t:|1730252875
|switch|p2a: Snorlax|Snorlax, F|37/100
|move|p1a: Swampert|Ice Beam|p2a: Snorlax
|-damage|p2a: Snorlax|26/100
|
|-weather|Sandstorm|[upkeep]
|-damage|p2a: Snorlax|20/100|[from] Sandstorm
|-heal|p2a: Snorlax|26/100|[from] item: Leftovers
|-heal|p1a: Swampert|100/100|[from] item: Leftovers
|upkeep
|turn|18
|inactive|ThisGuyMuks has 150 seconds left.
|inactive|Xenocles has 180 seconds left.
|inactive|ThisGuyMuks has 120 seconds left.
|inactive|ThisGuyMuks has 90 seconds left.
|
|t:|1730252958
|switch|p1a: Salamence|Salamence, F|88/100
|-ability|p1a: Salamence|Intimidate|boost
|-unboost|p2a: Snorlax|atk|1
|move|p2a: Snorlax|Self-Destruct|p1a: Salamence
|-damage|p1a: Salamence|0 fnt
|faint|p2a: Snorlax
|faint|p1a: Salamence
|inactive|ThisGuyMuks has 90 seconds left.
|
|t:|1730252975
|switch|p1a: Swampert|Swampert, F|100/100
|switch|p2a: Tyranitar|Tyranitar, F|99/100
|
|-weather|Sandstorm|[upkeep]
|-heal|p2a: Tyranitar|100/100|[from] item: Leftovers
|upkeep
|turn|19
|
|t:|1730252980
|move|p2a: Tyranitar|Crunch|p1a: Swampert
|-damage|p1a: Swampert|74/100
|move|p1a: Swampert|Earthquake|p2a: Tyranitar
|-supereffective|p2a: Tyranitar
|-damage|p2a: Tyranitar|39/100
|
|-weather|Sandstorm|[upkeep]
|-heal|p2a: Tyranitar|45/100|[from] item: Leftovers
|-heal|p1a: Swampert|80/100|[from] item: Leftovers
|upkeep
|turn|20
|
|t:|1730252983
|move|p2a: Tyranitar|Crunch|p1a: Swampert
|-damage|p1a: Swampert|51/100
|move|p1a: Swampert|Earthquake|p2a: Tyranitar
|-supereffective|p2a: Tyranitar
|-damage|p2a: Tyranitar|0 fnt
|faint|p2a: Tyranitar
|
|t:|1730252987
|switch|p2a: Salamence|Salamence, M|100/100
|-ability|p2a: Salamence|Intimidate|boost
|-unboost|p1a: Swampert|atk|1
|
|-weather|Sandstorm|[upkeep]
|-damage|p2a: Salamence|94/100|[from] Sandstorm
|-heal|p2a: Salamence|100/100|[from] item: Leftovers
|-heal|p1a: Swampert|57/100|[from] item: Leftovers
|upkeep
|turn|21
|inactive|ThisGuyMuks has 120 seconds left.
|inactive|ThisGuyMuks has 90 seconds left.
|
|t:|1730253032
|switch|p1a: Magneton|Magneton|100/100
|move|p2a: Salamence|Hidden Power|p1a: Magneton
|-resisted|p1a: Magneton
|-damage|p1a: Magneton|86/100
|
|-weather|Sandstorm|[upkeep]
|-damage|p2a: Salamence|94/100|[from] Sandstorm
|-heal|p2a: Salamence|100/100|[from] item: Leftovers
|-heal|p1a: Magneton|93/100|[from] item: Leftovers
|upkeep
|turn|22
|inactive|ThisGuyMuks has 90 seconds left.
|
|t:|1730253046
|move|p2a: Salamence|Fire Blast|p1a: Magneton
|-supereffective|p1a: Magneton
|-damage|p1a: Magneton|6/100
|move|p1a: Magneton|Thunder Wave|p2a: Salamence
|-status|p2a: Salamence|par
|
|-weather|Sandstorm|[upkeep]
|-damage|p2a: Salamence|94/100 par|[from] Sandstorm
|-heal|p1a: Magneton|12/100|[from] item: Leftovers
|-heal|p2a: Salamence|100/100 par|[from] item: Leftovers
|upkeep
|turn|23
|inactive|ThisGuyMuks has 90 seconds left.
|inactive|Xenocles has 180 seconds left.
|c|☆Xenocles|wtf is that
|
|t:|1730253079
|move|p1a: Magneton|Rain Dance|p1a: Magneton
|-weather|RainDance
|cant|p2a: Salamence|par
|
|-weather|RainDance|[upkeep]
|-heal|p1a: Magneton|19/100|[from] item: Leftovers
|upkeep
|turn|24
|inactive|ThisGuyMuks has 90 seconds left.
|
|t:|1730253086
|move|p1a: Magneton|Thunderbolt|p2a: Salamence
|-damage|p2a: Salamence|40/100 par
|cant|p2a: Salamence|par
|
|-weather|RainDance|[upkeep]
|-heal|p1a: Magneton|25/100|[from] item: Leftovers
|-heal|p2a: Salamence|46/100 par|[from] item: Leftovers
|upkeep
|turn|25
|
|t:|1730253090
|move|p1a: Magneton|Thunderbolt|p2a: Salamence
|-damage|p2a: Salamence|0 fnt
|faint|p2a: Salamence
|
|t:|1730253091
|switch|p2a: Jirachi|Jirachi|100/100
|
|-weather|RainDance|[upkeep]
|-heal|p1a: Magneton|31/100|[from] item: Leftovers
|upkeep
|turn|26
|
|t:|1730253099
|move|p1a: Magneton|Thunderbolt|p2a: Jirachi
|-damage|p2a: Jirachi|74/100
|move|p2a: Jirachi|Fire Punch|p1a: Magneton
|-supereffective|p1a: Magneton
|-damage|p1a: Magneton|8/100
|
|-weather|RainDance|[upkeep]
|-heal|p1a: Magneton|14/100|[from] item: Leftovers
|-heal|p2a: Jirachi|80/100|[from] item: Leftovers
|upkeep
|turn|27
|
|t:|1730253112
|move|p2a: Jirachi|Protect|p2a: Jirachi
|-singleturn|p2a: Jirachi|Protect
|move|p1a: Magneton|Thunder Wave|p2a: Jirachi
|-activate|p2a: Jirachi|Protect
|
|-weather|none
|-heal|p1a: Magneton|20/100|[from] item: Leftovers
|-heal|p2a: Jirachi|86/100|[from] item: Leftovers
|upkeep
|turn|28
|
|t:|1730253115
|move|p1a: Magneton|Thunder Wave|p2a: Jirachi
|-status|p2a: Jirachi|par
|move|p2a: Jirachi|Fire Punch|p1a: Magneton
|-supereffective|p1a: Magneton
|-damage|p1a: Magneton|0 fnt
|faint|p1a: Magneton
|
|t:|1730253122
|switch|p1a: Swampert|Swampert, F|57/100
|
|-heal|p1a: Swampert|64/100|[from] item: Leftovers
|-heal|p2a: Jirachi|93/100 par|[from] item: Leftovers
|upkeep
|turn|29
|
|t:|1730253127
|move|p1a: Swampert|Curse|p1a: Swampert
|-unboost|p1a: Swampert|spe|1
|-boost|p1a: Swampert|atk|1
|-boost|p1a: Swampert|def|1
|move|p2a: Jirachi|Body Slam|p1a: Swampert
|-damage|p1a: Swampert|54/100
|-status|p1a: Swampert|par
|
|-heal|p2a: Jirachi|99/100 par|[from] item: Leftovers
|-heal|p1a: Swampert|60/100 par|[from] item: Leftovers
|upkeep
|turn|30
|
|t:|1730253143
|move|p2a: Jirachi|Wish|p2a: Jirachi
|move|p1a: Swampert|Curse|p1a: Swampert
|-unboost|p1a: Swampert|spe|1
|-boost|p1a: Swampert|atk|1
|-boost|p1a: Swampert|def|1
|
|-heal|p2a: Jirachi|100/100 par|[from] item: Leftovers
|-heal|p1a: Swampert|66/100 par|[from] item: Leftovers
|upkeep
|turn|31
|
|t:|1730253152
|switch|p2a: Suicune|Suicune|64/100 frz
|move|p1a: Swampert|Earthquake|p2a: Suicune
|-damage|p2a: Suicune|4/100 frz
|
|-heal|p2a: Suicune|54/100 frz|[from] move: Wish|[wisher] Jirachi
|-heal|p2a: Suicune|60/100 frz|[from] item: Leftovers
|-heal|p1a: Swampert|72/100 par|[from] item: Leftovers
|upkeep
|turn|32
|
|t:|1730253162
|cant|p2a: Suicune|frz
|move|p1a: Swampert|Earthquake|p2a: Suicune
|-damage|p2a: Suicune|8/100 frz
|
|-heal|p2a: Suicune|14/100 frz|[from] item: Leftovers
|-heal|p1a: Swampert|79/100 par|[from] item: Leftovers
|upkeep
|turn|33
|
|t:|1730253166
|cant|p2a: Suicune|frz
|move|p1a: Swampert|Earthquake|p2a: Suicune
|-damage|p2a: Suicune|0 fnt
|faint|p2a: Suicune
|
|t:|1730253168
|switch|p2a: Jirachi|Jirachi|100/100 par
|
|-heal|p1a: Swampert|85/100 par|[from] item: Leftovers
|upkeep
|turn|34
|c|☆Xenocles|gg
|c|☆ThisGuyMuks|ggs
|
|t:|1730253179
|move|p2a: Jirachi|Body Slam|p1a: Swampert
|-damage|p1a: Swampert|77/100 par
|move|p1a: Swampert|Earthquake|p2a: Jirachi
|-supereffective|p2a: Jirachi
|-damage|p2a: Jirachi|0 fnt
|faint|p2a: Jirachi
|
|win|ThisGuyMuks
|player|p2|

</script>
<script type="application/json" class="data" id="replaydata-smogtours-gen3ou-803403">
{"id":"smogtours-gen3ou-803403","format":"[Gen 3] OU","players":["ThisGuyMuks","Xenocles"],"uploadtime":1730253179,"views":91,"formatid":"gen3ou","rating":null,"private":0,"password":null}
</script>

<script defer src="js/replays.js?9d40a366"></script>
