<!DOCTYPE html>
<meta charset="utf-8" />
<meta name="viewport" content="width=device-width" />

<title>[Gen 3] OU: kingkpak vs. RBVengeance - Replays - Pok&eacute;mon Showdown!</title>

<meta name="description" content="Watch a replay of a Pok&eacute;mon battle between kingkpak and RBVengeance! Format: [Gen 3] OU; Date: Oct 3, 2024" />
<!--

Hey, you! Looking in the source for the replay log?

You can find them in JSON format, just add `.json` at the end of a replay URL.

https://replay.pokemonshowdown.com/gen7randomdoublesbattle-865046831.json

Or, if you only need the log itself, add `.log` instead:

https://replay.pokemonshowdown.com/gen7randomdoublesbattle-865046831.log

-->

<link rel="stylesheet" href="//pokemonshowdown.com/style/global.css?0.767286132409787" />
<link rel="stylesheet" href="//play.pokemonshowdown.com/style/font-awesome.css?0.9266228007934947" />
<link rel="stylesheet" href="//play.pokemonshowdown.com/style/battle.css?0.7924700842790926" />
<link rel="stylesheet" href="//play.pokemonshowdown.com/style/utilichart.css?0.8777417872839479" />

<!-- Global site tag (gtag.js) - Google Analytics -->
<script async src="https://www.googletagmanager.com/gtag/js?id=UA-26211653-1"></script>
<script>
  window.dataLayer = window.dataLayer || [];
  function gtag(){dataLayer.push(arguments);}
  gtag('js', new Date());

  gtag('config', 'UA-26211653-1');
</script>
<!-- End Google Analytics -->
<!-- Venatus Ad Manager - Install in <HEAD> of page -->
	<script src="https://hb.vntsm.com/v3/live/ad-manager.min.js" type="text/javascript" data-site-id="642aba63ec9a7b11c3c9c1be" data-mode="scan" async></script>
<!-- / Venatus Ad Manager -->

<style>
	@media (max-width:820px) {
		.battle {
			margin: 0 auto;
		}
		.battle-log {
			margin: 7px auto 0;
			max-width: 640px;
			height: 300px;
			position: static;
		}
	}
	.optgroup {
		display: inline-block;
		line-height: 22px;
		font-size: 10pt;
	}
	.optgroup .button {
		height: 25px;
		padding-top: 0;
		padding-bottom: 0;
	}
	.optgroup button.button {
		padding-left: 12px;
		padding-right: 12px;
	}
	.linklist {
		list-style: none;
		margin: 0.5em 0;
		padding: 0;
	}
	.linklist li {
		padding: 2px 0;
	}
	.sidebar {
		float: left;
		width: 320px;
	}
	.bar-wrapper {
		max-width: 1100px;
		margin: 0 auto;
	}
	.bar-wrapper.has-sidebar {
		max-width: 1430px;
	}
	.mainbar {
		margin: 0;
		padding-right: 1px;
	}
	.mainbar.has-sidebar {
		margin-left: 330px;
	}
	@media (min-width: 1511px) {
		.sidebar {
			width: 400px;
		}
		.bar-wrapper.has-sidebar {
			max-width: 1510px;
		}
		.mainbar.has-sidebar {
			margin-left: 410px;
		}
	}
	.section.first-section {
		margin-top: 9px;
	}
	.blocklink small {
		white-space: normal;
	}
	.button {
		vertical-align: middle;
	}
	.replay-controls {
		padding-top: 10px;
	}
	.replay-controls h1 {
		font-size: 16pt;
		font-weight: normal;
		color: #CCC;
	}
	.pagelink {
		text-align: center;
	}
	.pagelink a {
		width: 150px;
	}
	.textbox, .button {
		font-size: 11pt;
		vertical-align: middle;
	}
	@media (max-width: 450px) {
		.button {
			font-size: 9pt;
		}
	}
</style>

<div>

	<header>
		<div class="nav-wrapper"><ul class="nav">
			<li><a class="button nav-first" href="//pokemonshowdown.com/"><img src="//pokemonshowdown.com/images/pokemonshowdownbeta.png" srcset="//pokemonshowdown.com/images/pokemonshowdownbeta.png 1x, //pokemonshowdown.com/images/pokemonshowdownbeta@2x.png 2x" alt="Pok&eacute;mon Showdown" width="146" height="44" /> Home</a></li>
			<li><a class="button" href="//pokemonshowdown.com/dex/">Pok&eacute;dex</a></li>
			<li><a class="button cur" href="/">Replays</a></li>
			<li><a class="button" href="//pokemonshowdown.com/ladder/">Ladder</a></li>
			<li><a class="button nav-last" href="//pokemonshowdown.com/forums/">Forum</a></li>
			<li><a class="button greenbutton nav-first nav-last" href="//play.pokemonshowdown.com/">Play</a></li>
		</ul></div>
	</header>

	<div class="main" id="main">

		<noscript><section class="section">You need to enable JavaScript to use this page; sorry!</section></noscript>

	</div>

</div>

<script defer nomodule src="//play.pokemonshowdown.com/js/lib/ps-polyfill.js"></script>
<script defer src="//play.pokemonshowdown.com/js/lib/preact.min.js"></script>

<script defer src="//play.pokemonshowdown.com/config/config.js?6dec07f6"></script>
<script defer src="//play.pokemonshowdown.com/js/lib/jquery-1.11.0.min.js"></script>
<script defer src="//play.pokemonshowdown.com/js/lib/html-sanitizer-minified.js"></script>
<script defer src="//play.pokemonshowdown.com/js/battle-sound.js"></script>
<script defer src="//play.pokemonshowdown.com/js/battledata.js?0.6315294753075389"></script>
<script defer src="//play.pokemonshowdown.com/data/pokedex-mini.js?0.7603743185311358"></script>
<script defer src="//play.pokemonshowdown.com/data/pokedex-mini-bw.js?0.030888842834281283"></script>
<script defer src="//play.pokemonshowdown.com/data/graphics.js?0.05593094747507488"></script>
<script defer src="//play.pokemonshowdown.com/data/pokedex.js?0.47064822249611904"></script>
<script defer src="//play.pokemonshowdown.com/data/moves.js?0.8583693120512459"></script>
<script defer src="//play.pokemonshowdown.com/data/abilities.js?0.16017181182386842"></script>
<script defer src="//play.pokemonshowdown.com/data/items.js?0.4163379185673943"></script>
<script defer src="//play.pokemonshowdown.com/data/teambuilder-tables.js?0.31075597372830477"></script>
<script defer src="//play.pokemonshowdown.com/js/battle-tooltips.js?0.6536193500708172"></script>
<script defer src="//play.pokemonshowdown.com/js/battle.js?0.1916591943277901"></script>

<script defer src="js/utils.js?e31f9a17"></script>
<script defer src="js/replays-battle.js?7008c182"></script>

<!-- don't scrape this data! just add .json or .log after the URL!
Full API docs: https://github.com/smogon/pokemon-showdown-client/blob/master/WEB-API.md -->
<script type="text/plain" class="log" id="replaylog-smogtours-gen3ou-794434">
|inactive|Battle timer is ON: inactive players will automatically lose when time's up.
|t:|1727997531
|gametype|singles
|player|p1|kingkpak|1|
|player|p2|RBVengeance|leaf-masters2|
|teamsize|p1|6
|teamsize|p2|6
|gen|3
|tier|[Gen 3] OU
|rule|Sleep Clause Mod: Limit one foe put to sleep
|rule|Switch Priority Clause Mod: Faster Pokémon switch first
|rule|Species Clause: Limit one of each Pokémon
|rule|OHKO Clause: OHKO moves are banned
|rule|Evasion Items Clause: Evasion items are banned
|rule|Evasion Moves Clause: Evasion moves are banned
|rule|Endless Battle Clause: Forcing endless battles is banned
|rule|HP Percentage Mod: HP is shown in percentages
|rule|One Boost Passer Clause: Limit one Baton Passer that has a way to boost its stats
|rule|Freeze Clause Mod: Limit one foe frozen
|
|t:|1727997531
|start
|switch|p1a: Mahcidem|Medicham, F|100/100
|switch|p2a: Ayra|Jirachi|100/100
|turn|1
|c|☆kingkpak|good luck 
|
|t:|1727997553
|switch|p2a: Hubert|Swampert, M|100/100
|move|p1a: Mahcidem|High Jump Kick|p2a: Hubert
|-damage|p2a: Hubert|24/100
|
|-heal|p2a: Hubert|30/100|[from] item: Leftovers
|upkeep
|turn|2
|c|☆RBVengeance|You too!
|
|t:|1727997576
|move|p2a: Hubert|Protect|p2a: Hubert
|-singleturn|p2a: Hubert|Protect
|move|p1a: Mahcidem|High Jump Kick|p2a: Hubert
|-activate|p2a: Hubert|Protect
|-damage|p1a: Mahcidem|50/100
|
|-heal|p2a: Hubert|36/100|[from] item: Leftovers
|upkeep
|turn|3
|
|t:|1727997594
|switch|p2a: Ceres|Celebi|100/100
|move|p1a: Mahcidem|High Jump Kick|p2a: Ceres
|-resisted|p2a: Ceres
|-damage|p2a: Ceres|66/100
|
|-heal|p2a: Ceres|73/100|[from] item: Leftovers
|upkeep
|turn|4
|inactive|RBVengeance has 270 seconds left.
|
|t:|1727997609
|switch|p1a: Celebi|Celebi|100/100
|move|p2a: Ceres|Leech Seed|p1a: Celebi
|-immune|p1a: Celebi
|
|-heal|p2a: Ceres|79/100|[from] item: Leftovers
|upkeep
|turn|5
|inactive|RBVengeance has 270 seconds left.
|
|t:|1727997621
|switch|p2a: Dakota|Aerodactyl, M|100/100
|move|p1a: Celebi|Swords Dance|p1a: Celebi
|-boost|p1a: Celebi|atk|2
|
|upkeep
|turn|6
|
|t:|1727997626
|move|p2a: Dakota|Hidden Power|p1a: Celebi
|-supereffective|p1a: Celebi
|-damage|p1a: Celebi|5/100
|move|p1a: Celebi|Baton Pass|p1a: Celebi
|
|t:|1727997629
|switch|p1a: no spice|Salamence, F|100/100|[from] Baton Pass
|-ability|p1a: no spice|Intimidate|boost
|-unboost|p2a: Dakota|atk|1
|
|upkeep
|turn|7
|inactive|RBVengeance has 270 seconds left.
|
|t:|1727997671
|switch|p2a: Hubert|Swampert, M|36/100
|move|p1a: no spice|Dragon Dance|p1a: no spice
|-boost|p1a: no spice|atk|1
|-boost|p1a: no spice|spe|1
|
|-heal|p2a: Hubert|42/100|[from] item: Leftovers
|upkeep
|turn|8
|
|t:|1727997680
|move|p1a: no spice|Brick Break|p2a: Hubert
|-damage|p2a: Hubert|0 fnt
|faint|p2a: Hubert
|
|t:|1727997690
|switch|p2a: Alec|Forretress, M|100/100
|
|upkeep
|turn|9
|
|t:|1727997699
|move|p1a: no spice|Rock Slide|p2a: Alec
|-damage|p2a: Alec|49/100
|move|p2a: Alec|Explosion|p1a: no spice
|-damage|p1a: no spice|0 fnt
|faint|p2a: Alec
|faint|p1a: no spice
|inactive|RBVengeance has 270 seconds left.
|
|t:|1727997712
|switch|p1a: Da Big Show|Blissey, F|100/100
|switch|p2a: Ayra|Jirachi|100/100
|
|upkeep
|turn|10
|
|t:|1727997716
|move|p2a: Ayra|Doom Desire|p1a: Da Big Show
|-start|p2a: Ayra|Doom Desire
|move|p1a: Da Big Show|Thunder Wave|p2a: Ayra
|-status|p2a: Ayra|par
|
|upkeep
|turn|11
|
|t:|1727997728
|switch|p1a: Celebi|Celebi|5/100
|switch|p2a: Ceres|Celebi|79/100
|
|-heal|p2a: Ceres|85/100|[from] item: Leftovers
|-heal|p1a: Celebi|12/100|[from] item: Leftovers
|upkeep
|turn|12
|
|t:|1727997734
|move|p2a: Ceres|Hidden Power|p1a: Celebi
|-resisted|p1a: Celebi
|-damage|p1a: Celebi|3/100
|move|p1a: Celebi|Leech Seed|p2a: Ceres
|-immune|p2a: Ceres
|
|-heal|p2a: Ceres|91/100|[from] item: Leftovers
|-heal|p1a: Celebi|9/100|[from] item: Leftovers
|-end|p1a: Celebi|move: Doom Desire
|-damage|p1a: Celebi|0 fnt
|faint|p1a: Celebi
|upkeep
|
|t:|1727997747
|switch|p1a: Overused|Charizard, M|100/100
|turn|13
|
|t:|1727997754
|switch|p2a: Ross Shady|Zapdos|100/100
|move|p1a: Overused|Overheat|p2a: Ross Shady
|-damage|p2a: Ross Shady|39/100
|-unboost|p1a: Overused|spa|2
|
|-heal|p2a: Ross Shady|46/100|[from] item: Leftovers
|upkeep
|turn|14
|
|t:|1727997764
|switch|p1a: Da Big Show|Blissey, F|100/100
|move|p2a: Ross Shady|Thunder Wave|p1a: Da Big Show
|-status|p1a: Da Big Show|par
|
|-heal|p2a: Ross Shady|52/100|[from] item: Leftovers
|upkeep
|turn|15
|
|t:|1727997771
|switch|p2a: Ayra|Jirachi|100/100 par
|move|p1a: Da Big Show|Thunder Wave|p2a: Ayra
|-fail|p2a: Ayra|par
|
|upkeep
|turn|16
|
|t:|1727997776
|cant|p2a: Ayra|par
|move|p1a: Da Big Show|Seismic Toss|p2a: Ayra
|-damage|p2a: Ayra|71/100 par
|
|upkeep
|turn|17
|
|t:|1727997789
|-curestatus|p1a: Da Big Show|par|[from] ability: Natural Cure
|switch|p1a: boring guy|Tyranitar, F|100/100
|-weather|Sandstorm|[from] ability: Sand Stream|[of] p1a: boring guy
|move|p2a: Ayra|Hidden Power|p1a: boring guy
|-supereffective|p1a: boring guy
|-damage|p1a: boring guy|0 fnt
|faint|p1a: boring guy
|
|t:|1727997796
|switch|p1a: Mahcidem|Medicham, F|50/100
|
|-weather|Sandstorm|[upkeep]
|-damage|p1a: Mahcidem|44/100|[from] Sandstorm
|upkeep
|turn|18
|
|t:|1727997814
|-singleturn|p1a: Mahcidem|move: Focus Punch
|switch|p2a: Ross Shady|Zapdos|52/100
|move|p1a: Mahcidem|Focus Punch|p2a: Ross Shady
|-resisted|p2a: Ross Shady
|-damage|p2a: Ross Shady|0 fnt
|faint|p2a: Ross Shady
|
|t:|1727997821
|switch|p2a: Dakota|Aerodactyl, M|100/100
|
|-weather|Sandstorm|[upkeep]
|-damage|p1a: Mahcidem|38/100|[from] Sandstorm
|upkeep
|turn|19
|
|t:|1727997826
|-singleturn|p1a: Mahcidem|move: Focus Punch
|move|p2a: Dakota|Double-Edge|p1a: Mahcidem
|-damage|p1a: Mahcidem|0 fnt
|faint|p1a: Mahcidem
|
|t:|1727997830
|switch|p1a: Da Big Show|Blissey, F|100/100
|
|-weather|Sandstorm|[upkeep]
|-damage|p1a: Da Big Show|94/100|[from] Sandstorm
|-heal|p1a: Da Big Show|100/100|[from] item: Leftovers
|upkeep
|turn|20
|
|t:|1727997835
|switch|p2a: Ayra|Jirachi|71/100 par
|move|p1a: Da Big Show|Counter|p2a: Ayra
|
|-weather|Sandstorm|[upkeep]
|-damage|p1a: Da Big Show|94/100|[from] Sandstorm
|-heal|p1a: Da Big Show|100/100|[from] item: Leftovers
|upkeep
|turn|21
|
|t:|1727997846
|cant|p2a: Ayra|par
|move|p1a: Da Big Show|Counter|p2a: Ayra
|
|-weather|Sandstorm|[upkeep]
|-damage|p1a: Da Big Show|94/100|[from] Sandstorm
|-heal|p1a: Da Big Show|100/100|[from] item: Leftovers
|upkeep
|turn|22
|
|t:|1727997851
|move|p1a: Da Big Show|Seismic Toss|p2a: Ayra
|-damage|p2a: Ayra|42/100 par
|cant|p2a: Ayra|par
|
|-weather|Sandstorm|[upkeep]
|-damage|p1a: Da Big Show|94/100|[from] Sandstorm
|-heal|p1a: Da Big Show|100/100|[from] item: Leftovers
|upkeep
|turn|23
|
|t:|1727997859
|move|p1a: Da Big Show|Seismic Toss|p2a: Ayra
|-damage|p2a: Ayra|13/100 par
|move|p2a: Ayra|Doom Desire|p1a: Da Big Show
|-start|p2a: Ayra|Doom Desire
|
|-weather|Sandstorm|[upkeep]
|-damage|p1a: Da Big Show|94/100|[from] Sandstorm
|-heal|p1a: Da Big Show|100/100|[from] item: Leftovers
|upkeep
|turn|24
|
|t:|1727997868
|switch|p2a: Ceres|Celebi|91/100
|move|p1a: Da Big Show|Thunder Wave|p2a: Ceres
|-status|p2a: Ceres|par
|
|-weather|Sandstorm|[upkeep]
|-damage|p1a: Da Big Show|94/100|[from] Sandstorm
|-damage|p2a: Ceres|85/100 par|[from] Sandstorm
|-heal|p1a: Da Big Show|100/100|[from] item: Leftovers
|-heal|p2a: Ceres|91/100 par|[from] item: Leftovers
|upkeep
|turn|25
|
|t:|1727997880
|switch|p1a: Overused|Charizard, M|100/100
|cant|p2a: Ceres|par
|
|-weather|Sandstorm|[upkeep]
|-damage|p1a: Overused|94/100|[from] Sandstorm
|-damage|p2a: Ceres|85/100 par|[from] Sandstorm
|-heal|p1a: Overused|100/100|[from] item: Leftovers
|-heal|p2a: Ceres|91/100 par|[from] item: Leftovers
|-end|p1a: Overused|move: Doom Desire
|-damage|p1a: Overused|0 fnt
|faint|p1a: Overused
|upkeep
|
|t:|1727997882
|switch|p1a: Da Big Show|Blissey, F|100/100
|turn|26
|
|t:|1727997892
|move|p1a: Da Big Show|Seismic Toss|p2a: Ceres
|-damage|p2a: Ceres|66/100 par
|move|p2a: Ceres|Heal Bell|p2a: Ceres
|-activate|p2a: Ceres|move: Heal Bell
|-curestatus|p2a: Ceres|par|[silent]
|-curestatus|p2: Ayra|par|[silent]
|
|-weather|Sandstorm|[upkeep]
|-damage|p2a: Ceres|60/100|[from] Sandstorm
|-damage|p1a: Da Big Show|94/100|[from] Sandstorm
|-heal|p2a: Ceres|66/100|[from] item: Leftovers
|-heal|p1a: Da Big Show|100/100|[from] item: Leftovers
|upkeep
|turn|27
|
|t:|1727997905
|move|p2a: Ceres|Leech Seed|p1a: Da Big Show
|-start|p1a: Da Big Show|move: Leech Seed
|move|p1a: Da Big Show|Seismic Toss|p2a: Ceres
|-damage|p2a: Ceres|42/100
|
|-weather|Sandstorm|[upkeep]
|-damage|p2a: Ceres|35/100|[from] Sandstorm
|-damage|p1a: Da Big Show|94/100|[from] Sandstorm
|-heal|p2a: Ceres|42/100|[from] item: Leftovers
|-heal|p1a: Da Big Show|100/100|[from] item: Leftovers
|-damage|p1a: Da Big Show|88/100|[from] Leech Seed|[of] p2a: Ceres
|-heal|p2a: Ceres|64/100|[silent]
|upkeep
|turn|28
|inactive|RBVengeance has 270 seconds left.
|
|t:|1727997935
|switch|p2a: Dakota|Aerodactyl, M|100/100
|move|p1a: Da Big Show|Seismic Toss|p2a: Dakota
|-damage|p2a: Dakota|67/100
|
|-weather|Sandstorm|[upkeep]
|-damage|p1a: Da Big Show|82/100|[from] Sandstorm
|-heal|p1a: Da Big Show|88/100|[from] item: Leftovers
|-damage|p1a: Da Big Show|76/100|[from] Leech Seed|[of] p2a: Dakota
|-heal|p2a: Dakota|97/100|[silent]
|upkeep
|turn|29
|inactive|RBVengeance has 270 seconds left.
|
|t:|1727997964
|move|p2a: Dakota|Rock Slide|p1a: Da Big Show|[miss]
|-miss|p2a: Dakota|p1a: Da Big Show
|move|p1a: Da Big Show|Counter|p2a: Dakota
|
|-weather|Sandstorm|[upkeep]
|-damage|p1a: Da Big Show|69/100|[from] Sandstorm
|-heal|p1a: Da Big Show|76/100|[from] item: Leftovers
|-damage|p1a: Da Big Show|63/100|[from] Leech Seed|[of] p2a: Dakota
|-heal|p2a: Dakota|100/100|[silent]
|upkeep
|turn|30
|
|t:|1727997974
|move|p2a: Dakota|Rock Slide|p1a: Da Big Show
|-damage|p1a: Da Big Show|22/100
|cant|p1a: Da Big Show|flinch
|
|-weather|Sandstorm|[upkeep]
|-damage|p1a: Da Big Show|15/100|[from] Sandstorm
|-heal|p1a: Da Big Show|22/100|[from] item: Leftovers
|-damage|p1a: Da Big Show|9/100|[from] Leech Seed|[of] p2a: Dakota
|upkeep
|turn|31
|
|t:|1727997982
|move|p2a: Dakota|Rock Slide|p1a: Da Big Show
|-damage|p1a: Da Big Show|0 fnt
|faint|p1a: Da Big Show
|
|win|RBVengeance
|player|p1|
|c|☆RBVengeance|Got game 1 replay for the mod
|c|☆RBVengeance|Round 2 when you're ready
|player|p1|kingkpak|1|
|player|p2|

</script>
<script type="application/json" class="data" id="replaydata-smogtours-gen3ou-794434">
{"id":"smogtours-gen3ou-794434","format":"[Gen 3] OU","players":["kingkpak","RBVengeance"],"uploadtime":1727997982,"views":123,"formatid":"gen3ou","rating":null,"private":0,"password":null}
</script>

<script defer src="js/replays.js?9d40a366"></script>
