<!DOCTYPE html>
<meta charset="utf-8" />
<meta name="viewport" content="width=device-width" />

<title>[Gen 3] OU: Milkshook♡ vs. CharBoy3000 - Replays - Pok&eacute;mon Showdown!</title>

<meta name="description" content="Watch a replay of a Pok&eacute;mon battle between Milkshook♡ and CharBoy3000! Format: [Gen 3] OU; Date: Oct 12, 2024" />
<!--

Hey, you! Looking in the source for the replay log?

You can find them in JSON format, just add `.json` at the end of a replay URL.

https://replay.pokemonshowdown.com/gen7randomdoublesbattle-865046831.json

Or, if you only need the log itself, add `.log` instead:

https://replay.pokemonshowdown.com/gen7randomdoublesbattle-865046831.log

-->

<link rel="stylesheet" href="//pokemonshowdown.com/style/global.css?0.023195364461161105" />
<link rel="stylesheet" href="//play.pokemonshowdown.com/style/font-awesome.css?0.13261647063804238" />
<link rel="stylesheet" href="//play.pokemonshowdown.com/style/battle.css?0.8753245789963631" />
<link rel="stylesheet" href="//play.pokemonshowdown.com/style/utilichart.css?0.8627959624976733" />

<!-- Global site tag (gtag.js) - Google Analytics -->
<script async src="https://www.googletagmanager.com/gtag/js?id=UA-26211653-1"></script>
<script>
  window.dataLayer = window.dataLayer || [];
  function gtag(){dataLayer.push(arguments);}
  gtag('js', new Date());

  gtag('config', 'UA-26211653-1');
</script>
<!-- End Google Analytics -->
<!-- Venatus Ad Manager - Install in <HEAD> of page -->
	<script src="https://hb.vntsm.com/v3/live/ad-manager.min.js" type="text/javascript" data-site-id="642aba63ec9a7b11c3c9c1be" data-mode="scan" async></script>
<!-- / Venatus Ad Manager -->

<style>
	@media (max-width:820px) {
		.battle {
			margin: 0 auto;
		}
		.battle-log {
			margin: 7px auto 0;
			max-width: 640px;
			height: 300px;
			position: static;
		}
	}
	.optgroup {
		display: inline-block;
		line-height: 22px;
		font-size: 10pt;
	}
	.optgroup .button {
		height: 25px;
		padding-top: 0;
		padding-bottom: 0;
	}
	.optgroup button.button {
		padding-left: 12px;
		padding-right: 12px;
	}
	.linklist {
		list-style: none;
		margin: 0.5em 0;
		padding: 0;
	}
	.linklist li {
		padding: 2px 0;
	}
	.sidebar {
		float: left;
		width: 320px;
	}
	.bar-wrapper {
		max-width: 1100px;
		margin: 0 auto;
	}
	.bar-wrapper.has-sidebar {
		max-width: 1430px;
	}
	.mainbar {
		margin: 0;
		padding-right: 1px;
	}
	.mainbar.has-sidebar {
		margin-left: 330px;
	}
	@media (min-width: 1511px) {
		.sidebar {
			width: 400px;
		}
		.bar-wrapper.has-sidebar {
			max-width: 1510px;
		}
		.mainbar.has-sidebar {
			margin-left: 410px;
		}
	}
	.section.first-section {
		margin-top: 9px;
	}
	.blocklink small {
		white-space: normal;
	}
	.button {
		vertical-align: middle;
	}
	.replay-controls {
		padding-top: 10px;
	}
	.replay-controls h1 {
		font-size: 16pt;
		font-weight: normal;
		color: #CCC;
	}
	.pagelink {
		text-align: center;
	}
	.pagelink a {
		width: 150px;
	}
	.textbox, .button {
		font-size: 11pt;
		vertical-align: middle;
	}
	@media (max-width: 450px) {
		.button {
			font-size: 9pt;
		}
	}
</style>

<div>

	<header>
		<div class="nav-wrapper"><ul class="nav">
			<li><a class="button nav-first" href="//pokemonshowdown.com/"><img src="//pokemonshowdown.com/images/pokemonshowdownbeta.png" srcset="//pokemonshowdown.com/images/pokemonshowdownbeta.png 1x, //pokemonshowdown.com/images/pokemonshowdownbeta@2x.png 2x" alt="Pok&eacute;mon Showdown" width="146" height="44" /> Home</a></li>
			<li><a class="button" href="//pokemonshowdown.com/dex/">Pok&eacute;dex</a></li>
			<li><a class="button cur" href="/">Replays</a></li>
			<li><a class="button" href="//pokemonshowdown.com/ladder/">Ladder</a></li>
			<li><a class="button nav-last" href="//pokemonshowdown.com/forums/">Forum</a></li>
			<li><a class="button greenbutton nav-first nav-last" href="//play.pokemonshowdown.com/">Play</a></li>
		</ul></div>
	</header>

	<div class="main" id="main">

		<noscript><section class="section">You need to enable JavaScript to use this page; sorry!</section></noscript>

	</div>

</div>

<script defer nomodule src="//play.pokemonshowdown.com/js/lib/ps-polyfill.js"></script>
<script defer src="//play.pokemonshowdown.com/js/lib/preact.min.js"></script>

<script defer src="//play.pokemonshowdown.com/config/config.js?2bddbc15"></script>
<script defer src="//play.pokemonshowdown.com/js/lib/jquery-1.11.0.min.js"></script>
<script defer src="//play.pokemonshowdown.com/js/lib/html-sanitizer-minified.js"></script>
<script defer src="//play.pokemonshowdown.com/js/battle-sound.js"></script>
<script defer src="//play.pokemonshowdown.com/js/battledata.js?0.7209276989879541"></script>
<script defer src="//play.pokemonshowdown.com/data/pokedex-mini.js?0.6111056340867951"></script>
<script defer src="//play.pokemonshowdown.com/data/pokedex-mini-bw.js?0.3532142036491459"></script>
<script defer src="//play.pokemonshowdown.com/data/graphics.js?0.24223875632456182"></script>
<script defer src="//play.pokemonshowdown.com/data/pokedex.js?0.38839984266356864"></script>
<script defer src="//play.pokemonshowdown.com/data/moves.js?0.21866028504024015"></script>
<script defer src="//play.pokemonshowdown.com/data/abilities.js?0.2005157953846628"></script>
<script defer src="//play.pokemonshowdown.com/data/items.js?0.9894211263848525"></script>
<script defer src="//play.pokemonshowdown.com/data/teambuilder-tables.js?0.6008791140282215"></script>
<script defer src="//play.pokemonshowdown.com/js/battle-tooltips.js?0.7580118955022959"></script>
<script defer src="//play.pokemonshowdown.com/js/battle.js?0.6057722274234274"></script>

<script defer src="js/utils.js?e31f9a17"></script>
<script defer src="js/replays-battle.js?7008c182"></script>

<!-- don't scrape this data! just add .json or .log after the URL!
Full API docs: https://github.com/smogon/pokemon-showdown-client/blob/master/WEB-API.md -->
<script type="text/plain" class="log" id="replaylog-smogtours-gen3ou-797855">
|inactive|Battle timer is ON: inactive players will automatically lose when time's up.
|t:|1728772261
|gametype|singles
|player|p1|Milkshook♡|iris-gen5bw2|
|player|p2|CharBoy3000|blaine|
|teamsize|p1|6
|teamsize|p2|6
|gen|3
|tier|[Gen 3] OU
|rule|Sleep Clause Mod: Limit one foe put to sleep
|rule|Switch Priority Clause Mod: Faster Pokémon switch first
|rule|Species Clause: Limit one of each Pokémon
|rule|OHKO Clause: OHKO moves are banned
|rule|Evasion Items Clause: Evasion items are banned
|rule|Evasion Moves Clause: Evasion moves are banned
|rule|Endless Battle Clause: Forcing endless battles is banned
|rule|HP Percentage Mod: HP is shown in percentages
|rule|One Boost Passer Clause: Limit one Baton Passer that has a way to boost its stats
|rule|Freeze Clause Mod: Limit one foe frozen
|
|t:|1728772261
|start
|switch|p1a: Tyranitar|Tyranitar, M|100/100
|switch|p2a: Tyranitar|Tyranitar, M, shiny|100/100
|-weather|Sandstorm|[from] ability: Sand Stream|[of] p1a: Tyranitar
|turn|1
|inactive|Milkshook♡ also wants the timer to be on.
|c|☆Milkshook♡|gl hf
|c|☆CharBoy3000|Hf my friend
|c|☆Milkshook♡|were u in a vid
|c|☆Milkshook♡|i swear ive seen ur name somewhere
|inactive|Milkshook♡ has 270 seconds left.
|
|t:|1728772293
|switch|p2a: Gyarados|Gyarados, M, shiny|100/100
|-ability|p2a: Gyarados|Intimidate|boost
|-unboost|p1a: Tyranitar|atk|1
|move|p1a: Tyranitar|Brick Break|p2a: Gyarados
|-resisted|p2a: Gyarados
|-damage|p2a: Gyarados|93/100
|
|-weather|Sandstorm|[upkeep]
|-damage|p2a: Gyarados|86/100|[from] Sandstorm
|-heal|p2a: Gyarados|93/100|[from] item: Leftovers
|upkeep
|turn|2
|inactive|Milkshook♡ has 270 seconds left.
|
|t:|1728772347
|switch|p1a: Skarmory|Skarmory, F|100/100
|move|p2a: Gyarados|Earthquake|p1a: Skarmory
|-immune|p1a: Skarmory
|
|-weather|Sandstorm|[upkeep]
|-damage|p2a: Gyarados|86/100|[from] Sandstorm
|-heal|p2a: Gyarados|93/100|[from] item: Leftovers
|upkeep
|turn|3
|
|t:|1728772354
|switch|p2a: Magneton|Magneton, shiny|100/100
|switch|p1a: Tyranitar|Tyranitar, M|100/100
|
|-weather|Sandstorm|[upkeep]
|upkeep
|turn|4
|inactive|Milkshook♡ has 240 seconds left.
|
|t:|1728772403
|switch|p2a: Gyarados|Gyarados, M, shiny|93/100
|-ability|p2a: Gyarados|Intimidate|boost
|-unboost|p1a: Tyranitar|atk|1
|move|p1a: Tyranitar|Flamethrower|p2a: Gyarados
|-resisted|p2a: Gyarados
|-damage|p2a: Gyarados|81/100
|
|-weather|Sandstorm|[upkeep]
|-damage|p2a: Gyarados|75/100|[from] Sandstorm
|-heal|p2a: Gyarados|81/100|[from] item: Leftovers
|upkeep
|turn|5
|inactive|Milkshook♡ has 210 seconds left.
|
|t:|1728772431
|move|p2a: Gyarados|Earthquake|p1a: Tyranitar
|-supereffective|p1a: Tyranitar
|-damage|p1a: Tyranitar|37/100
|move|p1a: Tyranitar|Rock Slide|p2a: Gyarados
|-supereffective|p2a: Gyarados
|-damage|p2a: Gyarados|32/100
|
|-weather|Sandstorm|[upkeep]
|-damage|p2a: Gyarados|25/100|[from] Sandstorm
|-heal|p2a: Gyarados|32/100|[from] item: Leftovers
|upkeep
|turn|6
|inactive|Milkshook♡ has 210 seconds left.
|inactive|Milkshook♡ has 180 seconds left.
|
|t:|1728772476
|switch|p2a: Magneton|Magneton, shiny|100/100
|switch|p1a: Celebi|Celebi|100/100
|
|-weather|Sandstorm|[upkeep]
|-damage|p1a: Celebi|94/100|[from] Sandstorm
|-heal|p1a: Celebi|100/100|[from] item: Leftovers
|upkeep
|turn|7
|inactive|Milkshook♡ has 180 seconds left.
|
|t:|1728772511
|switch|p1a: Tyranitar|Tyranitar, M|37/100
|switch|p2a: Snorlax|Snorlax, M|100/100
|
|-weather|Sandstorm|[upkeep]
|-damage|p2a: Snorlax|94/100|[from] Sandstorm
|-heal|p2a: Snorlax|100/100|[from] item: Leftovers
|upkeep
|turn|8
|inactive|Milkshook♡ has 150 seconds left.
|
|t:|1728772531
|switch|p2a: Gyarados|Gyarados, M, shiny|32/100
|-ability|p2a: Gyarados|Intimidate|boost
|-unboost|p1a: Tyranitar|atk|1
|move|p1a: Tyranitar|Brick Break|p2a: Gyarados
|-resisted|p2a: Gyarados
|-damage|p2a: Gyarados|24/100
|
|-weather|Sandstorm|[upkeep]
|-damage|p2a: Gyarados|18/100|[from] Sandstorm
|-heal|p2a: Gyarados|24/100|[from] item: Leftovers
|upkeep
|turn|9
|inactive|Milkshook♡ has 150 seconds left.
|
|t:|1728772549
|switch|p1a: Swampert|Swampert, F|100/100
|move|p2a: Gyarados|Earthquake|p1a: Swampert
|-damage|p1a: Swampert|75/100
|
|-weather|Sandstorm|[upkeep]
|-damage|p2a: Gyarados|18/100|[from] Sandstorm
|-heal|p2a: Gyarados|24/100|[from] item: Leftovers
|-heal|p1a: Swampert|81/100|[from] item: Leftovers
|upkeep
|turn|10
|
|t:|1728772554
|move|p2a: Gyarados|Rest|p2a: Gyarados
|-status|p2a: Gyarados|slp|[from] move: Rest
|-heal|p2a: Gyarados|100/100 slp|[silent]
|move|p1a: Swampert|Ice Beam|p2a: Gyarados
|-damage|p2a: Gyarados|80/100 slp
|
|-weather|Sandstorm|[upkeep]
|-damage|p2a: Gyarados|74/100 slp|[from] Sandstorm
|-heal|p2a: Gyarados|80/100 slp|[from] item: Leftovers
|-heal|p1a: Swampert|87/100|[from] item: Leftovers
|upkeep
|turn|11
|inactive|Milkshook♡ has 150 seconds left.
|
|t:|1728772578
|switch|p1a: Jolteon|Jolteon, F|100/100
|cant|p2a: Gyarados|slp
|
|-weather|Sandstorm|[upkeep]
|-damage|p1a: Jolteon|95/100|[from] Sandstorm
|-damage|p2a: Gyarados|74/100 slp|[from] Sandstorm
|-heal|p1a: Jolteon|100/100|[from] item: Leftovers
|-heal|p2a: Gyarados|80/100 slp|[from] item: Leftovers
|upkeep
|turn|12
|
|t:|1728772583
|switch|p2a: Steelix|Steelix, F, shiny|100/100
|move|p1a: Jolteon|Thunderbolt|p2a: Steelix
|-immune|p2a: Steelix
|
|-weather|Sandstorm|[upkeep]
|-damage|p1a: Jolteon|95/100|[from] Sandstorm
|-heal|p1a: Jolteon|100/100|[from] item: Leftovers
|upkeep
|turn|13
|inactive|Milkshook♡ has 150 seconds left.
|
|t:|1728772602
|move|p1a: Jolteon|Baton Pass|p1a: Jolteon
|
|t:|1728772604
|switch|p1a: Charizard|Charizard, M|100/100|[from] Baton Pass
|move|p2a: Steelix|Earthquake|p1a: Charizard
|-immune|p1a: Charizard
|
|-weather|Sandstorm|[upkeep]
|-damage|p1a: Charizard|94/100|[from] Sandstorm
|-heal|p1a: Charizard|100/100|[from] item: Leftovers
|upkeep
|turn|14
|
|t:|1728772617
|switch|p2a: Salamence|Salamence, M|100/100
|-ability|p2a: Salamence|Intimidate|boost
|-unboost|p1a: Charizard|atk|1
|move|p1a: Charizard|Substitute|p1a: Charizard
|-start|p1a: Charizard|Substitute
|-damage|p1a: Charizard|76/100
|
|-weather|Sandstorm|[upkeep]
|-damage|p1a: Charizard|70/100|[from] Sandstorm
|-damage|p2a: Salamence|94/100|[from] Sandstorm
|-heal|p1a: Charizard|76/100|[from] item: Leftovers
|-heal|p2a: Salamence|100/100|[from] item: Leftovers
|upkeep
|turn|15
|
|t:|1728772632
|move|p1a: Charizard|Flamethrower|p2a: Salamence
|-resisted|p2a: Salamence
|-damage|p2a: Salamence|71/100
|move|p2a: Salamence|Hidden Power|p1a: Charizard
|-end|p1a: Charizard|Substitute
|
|-weather|Sandstorm|[upkeep]
|-damage|p1a: Charizard|70/100|[from] Sandstorm
|-damage|p2a: Salamence|65/100|[from] Sandstorm
|-heal|p1a: Charizard|76/100|[from] item: Leftovers
|-heal|p2a: Salamence|71/100|[from] item: Leftovers
|upkeep
|turn|16
|
|t:|1728772652
|switch|p1a: Skarmory|Skarmory, F|100/100
|move|p2a: Salamence|Hidden Power|p1a: Skarmory
|-resisted|p1a: Skarmory
|-damage|p1a: Skarmory|86/100
|
|-weather|Sandstorm|[upkeep]
|-damage|p2a: Salamence|65/100|[from] Sandstorm
|-heal|p2a: Salamence|71/100|[from] item: Leftovers
|-heal|p1a: Skarmory|92/100|[from] item: Leftovers
|upkeep
|turn|17
|
|t:|1728772659
|switch|p2a: Magneton|Magneton, shiny|100/100
|move|p1a: Skarmory|Spikes|p2a: Magneton
|-sidestart|p2: CharBoy3000|Spikes
|
|-weather|Sandstorm|[upkeep]
|-heal|p1a: Skarmory|98/100|[from] item: Leftovers
|upkeep
|turn|18
|
|t:|1728772666
|move|p2a: Magneton|Thunderbolt|p1a: Skarmory
|-supereffective|p1a: Skarmory
|-damage|p1a: Skarmory|5/100
|move|p1a: Skarmory|Roar|p2a: Magneton
|drag|p2a: Tyranitar|Tyranitar, M, shiny|100/100
|-damage|p2a: Tyranitar|88/100|[from] Spikes
|
|-weather|Sandstorm|[upkeep]
|-heal|p1a: Skarmory|11/100|[from] item: Leftovers
|-heal|p2a: Tyranitar|94/100|[from] item: Leftovers
|upkeep
|turn|19
|inactive|Milkshook♡ has 180 seconds left.
|inactive|Milkshook♡ has 150 seconds left.
|
|t:|1728772716
|move|p1a: Skarmory|Taunt|p2a: Tyranitar
|-start|p2a: Tyranitar|move: Taunt
|move|p2a: Tyranitar|Pursuit|p1a: Skarmory
|-resisted|p1a: Skarmory
|-damage|p1a: Skarmory|2/100
|
|-weather|Sandstorm|[upkeep]
|-heal|p1a: Skarmory|8/100|[from] item: Leftovers
|-heal|p2a: Tyranitar|100/100|[from] item: Leftovers
|upkeep
|turn|20
|inactive|Milkshook♡ has 150 seconds left.
|
|t:|1728772743
|move|p1a: Skarmory|Spikes|p2a: Tyranitar
|-sidestart|p2: CharBoy3000|Spikes
|move|p2a: Tyranitar|Crunch|p1a: Skarmory
|-resisted|p1a: Skarmory
|-crit|p1a: Skarmory
|-damage|p1a: Skarmory|0 fnt
|faint|p1a: Skarmory
|
|t:|1728772746
|switch|p1a: Tyranitar|Tyranitar, M|37/100
|
|-weather|Sandstorm|[upkeep]
|-end|p2a: Tyranitar|move: Taunt|[silent]
|upkeep
|turn|21
|
|t:|1728772763
|switch|p2a: Magneton|Magneton, shiny|100/100
|-damage|p2a: Magneton|84/100|[from] Spikes
|move|p1a: Tyranitar|Rock Slide|p2a: Magneton|[miss]
|-miss|p1a: Tyranitar|p2a: Magneton
|
|-weather|Sandstorm|[upkeep]
|upkeep
|turn|22
|inactive|Milkshook♡ has 120 seconds left.
|
|t:|1728772799
|switch|p1a: Celebi|Celebi|100/100
|move|p2a: Magneton|Thunderbolt|p1a: Celebi
|-resisted|p1a: Celebi
|-damage|p1a: Celebi|79/100
|
|-weather|Sandstorm|[upkeep]
|-damage|p1a: Celebi|73/100|[from] Sandstorm
|-heal|p1a: Celebi|79/100|[from] item: Leftovers
|upkeep
|turn|23
|
|t:|1728772806
|switch|p2a: Gyarados|Gyarados, M, shiny|80/100 slp
|-ability|p2a: Gyarados|Intimidate|boost
|-unboost|p1a: Celebi|atk|1
|move|p1a: Celebi|Calm Mind|p1a: Celebi
|-boost|p1a: Celebi|spa|1
|-boost|p1a: Celebi|spd|1
|
|-weather|Sandstorm|[upkeep]
|-damage|p1a: Celebi|73/100|[from] Sandstorm
|-damage|p2a: Gyarados|74/100 slp|[from] Sandstorm
|-heal|p1a: Celebi|79/100|[from] item: Leftovers
|-heal|p2a: Gyarados|80/100 slp|[from] item: Leftovers
|upkeep
|turn|24
|
|t:|1728772812
|move|p1a: Celebi|Calm Mind|p1a: Celebi
|-boost|p1a: Celebi|spa|1
|-boost|p1a: Celebi|spd|1
|cant|p2a: Gyarados|slp
|
|-weather|Sandstorm|[upkeep]
|-damage|p1a: Celebi|73/100|[from] Sandstorm
|-damage|p2a: Gyarados|74/100 slp|[from] Sandstorm
|-heal|p1a: Celebi|79/100|[from] item: Leftovers
|-heal|p2a: Gyarados|80/100 slp|[from] item: Leftovers
|upkeep
|turn|25
|
|t:|1728772816
|move|p1a: Celebi|Psychic|p2a: Gyarados
|-damage|p2a: Gyarados|21/100 slp
|-curestatus|p2a: Gyarados|slp|[msg]
|move|p2a: Gyarados|Dragon Dance|p2a: Gyarados
|-boost|p2a: Gyarados|atk|1
|-boost|p2a: Gyarados|spe|1
|
|-weather|Sandstorm|[upkeep]
|-damage|p2a: Gyarados|15/100|[from] Sandstorm
|-damage|p1a: Celebi|73/100|[from] Sandstorm
|-heal|p2a: Gyarados|21/100|[from] item: Leftovers
|-heal|p1a: Celebi|79/100|[from] item: Leftovers
|upkeep
|turn|26
|
|t:|1728772835
|switch|p1a: Tyranitar|Tyranitar, M|37/100
|move|p2a: Gyarados|Hidden Power|p1a: Tyranitar
|-resisted|p1a: Tyranitar
|-damage|p1a: Tyranitar|13/100
|
|-weather|Sandstorm|[upkeep]
|-damage|p2a: Gyarados|15/100|[from] Sandstorm
|-heal|p2a: Gyarados|21/100|[from] item: Leftovers
|upkeep
|turn|27
|
|t:|1728772840
|move|p2a: Gyarados|Hidden Power|p1a: Tyranitar
|-resisted|p1a: Tyranitar
|-crit|p1a: Tyranitar
|-damage|p1a: Tyranitar|0 fnt
|faint|p1a: Tyranitar
|
|t:|1728772844
|switch|p1a: Swampert|Swampert, F|87/100
|
|-weather|Sandstorm|[upkeep]
|-damage|p2a: Gyarados|15/100|[from] Sandstorm
|-heal|p2a: Gyarados|21/100|[from] item: Leftovers
|-heal|p1a: Swampert|93/100|[from] item: Leftovers
|upkeep
|turn|28
|inactive|Milkshook♡ has 150 seconds left.
|
|t:|1728772850
|switch|p1a: Jolteon|Jolteon, F|100/100
|move|p2a: Gyarados|Rest|p2a: Gyarados
|-status|p2a: Gyarados|slp|[from] move: Rest
|-heal|p2a: Gyarados|100/100 slp|[silent]
|
|-weather|Sandstorm|[upkeep]
|-damage|p1a: Jolteon|95/100|[from] Sandstorm
|-damage|p2a: Gyarados|94/100 slp|[from] Sandstorm
|-heal|p1a: Jolteon|100/100|[from] item: Leftovers
|-heal|p2a: Gyarados|100/100 slp|[from] item: Leftovers
|upkeep
|turn|29
|
|t:|1728772853
|switch|p2a: Magneton|Magneton, shiny|84/100
|-damage|p2a: Magneton|67/100|[from] Spikes
|move|p1a: Jolteon|Roar|p2a: Magneton
|drag|p2a: Tyranitar|Tyranitar, M, shiny|100/100
|-damage|p2a: Tyranitar|84/100|[from] Spikes
|
|-weather|Sandstorm|[upkeep]
|-damage|p1a: Jolteon|95/100|[from] Sandstorm
|-heal|p1a: Jolteon|100/100|[from] item: Leftovers
|-heal|p2a: Tyranitar|90/100|[from] item: Leftovers
|upkeep
|turn|30
|
|t:|1728772862
|switch|p1a: Swampert|Swampert, F|93/100
|move|p2a: Tyranitar|Crunch|p1a: Swampert
|-damage|p1a: Swampert|60/100
|-unboost|p1a: Swampert|spd|1
|
|-weather|Sandstorm|[upkeep]
|-heal|p2a: Tyranitar|96/100|[from] item: Leftovers
|-heal|p1a: Swampert|66/100|[from] item: Leftovers
|upkeep
|turn|31
|
|t:|1728772870
|switch|p2a: Gyarados|Gyarados, M, shiny|100/100 slp
|-ability|p2a: Gyarados|Intimidate|boost
|-unboost|p1a: Swampert|atk|1
|move|p1a: Swampert|Surf|p2a: Gyarados
|-resisted|p2a: Gyarados
|-damage|p2a: Gyarados|84/100 slp
|
|-weather|Sandstorm|[upkeep]
|-damage|p2a: Gyarados|78/100 slp|[from] Sandstorm
|-heal|p2a: Gyarados|84/100 slp|[from] item: Leftovers
|-heal|p1a: Swampert|73/100|[from] item: Leftovers
|upkeep
|turn|32
|
|t:|1728772876
|switch|p1a: Jolteon|Jolteon, F|100/100
|cant|p2a: Gyarados|slp
|
|-weather|Sandstorm|[upkeep]
|-damage|p1a: Jolteon|95/100|[from] Sandstorm
|-damage|p2a: Gyarados|78/100 slp|[from] Sandstorm
|-heal|p1a: Jolteon|100/100|[from] item: Leftovers
|-heal|p2a: Gyarados|84/100 slp|[from] item: Leftovers
|upkeep
|turn|33
|
|t:|1728772879
|switch|p2a: Steelix|Steelix, F, shiny|100/100
|-damage|p2a: Steelix|84/100|[from] Spikes
|move|p1a: Jolteon|Roar|p2a: Steelix
|drag|p2a: Gyarados|Gyarados, M, shiny|84/100 slp
|-ability|p2a: Gyarados|Intimidate|boost
|-unboost|p1a: Jolteon|atk|1
|
|-weather|Sandstorm|[upkeep]
|-damage|p1a: Jolteon|95/100|[from] Sandstorm
|-damage|p2a: Gyarados|78/100 slp|[from] Sandstorm
|-heal|p1a: Jolteon|100/100|[from] item: Leftovers
|-heal|p2a: Gyarados|84/100 slp|[from] item: Leftovers
|upkeep
|turn|34
|
|t:|1728772890
|switch|p2a: Snorlax|Snorlax, M|100/100
|-damage|p2a: Snorlax|84/100|[from] Spikes
|move|p1a: Jolteon|Roar|p2a: Snorlax
|drag|p2a: Gyarados|Gyarados, M, shiny|84/100 slp
|-ability|p2a: Gyarados|Intimidate|boost
|-unboost|p1a: Jolteon|atk|1
|
|-weather|Sandstorm|[upkeep]
|-damage|p1a: Jolteon|95/100|[from] Sandstorm
|-damage|p2a: Gyarados|78/100 slp|[from] Sandstorm
|-heal|p1a: Jolteon|100/100|[from] item: Leftovers
|-heal|p2a: Gyarados|84/100 slp|[from] item: Leftovers
|upkeep
|turn|35
|
|t:|1728772902
|switch|p2a: Steelix|Steelix, F, shiny|84/100
|-damage|p2a: Steelix|67/100|[from] Spikes
|move|p1a: Jolteon|Roar|p2a: Steelix
|drag|p2a: Tyranitar|Tyranitar, M, shiny|96/100
|-damage|p2a: Tyranitar|80/100|[from] Spikes
|
|-weather|Sandstorm|[upkeep]
|-damage|p1a: Jolteon|95/100|[from] Sandstorm
|-heal|p1a: Jolteon|100/100|[from] item: Leftovers
|-heal|p2a: Tyranitar|86/100|[from] item: Leftovers
|upkeep
|turn|36
|inactive|Milkshook♡ has 210 seconds left.
|
|t:|1728772929
|move|p1a: Jolteon|Thunderbolt|p2a: Tyranitar
|-damage|p2a: Tyranitar|49/100
|move|p2a: Tyranitar|Crunch|p1a: Jolteon
|-damage|p1a: Jolteon|49/100
|
|-weather|Sandstorm|[upkeep]
|-damage|p1a: Jolteon|43/100|[from] Sandstorm
|-heal|p1a: Jolteon|49/100|[from] item: Leftovers
|-heal|p2a: Tyranitar|55/100|[from] item: Leftovers
|upkeep
|turn|37
|
|t:|1728772936
|move|p1a: Jolteon|Baton Pass|p1a: Jolteon
|
|t:|1728772942
|switch|p1a: Charizard|Charizard, M|76/100|[from] Baton Pass
|move|p2a: Tyranitar|Crunch|p1a: Charizard
|-damage|p1a: Charizard|24/100
|
|-weather|Sandstorm|[upkeep]
|-damage|p1a: Charizard|18/100|[from] Sandstorm
|-heal|p1a: Charizard|24/100|[from] item: Leftovers
|-heal|p2a: Tyranitar|61/100|[from] item: Leftovers
|upkeep
|turn|38
|
|t:|1728772950
|move|p1a: Charizard|Hidden Power|p2a: Tyranitar
|-supereffective|p2a: Tyranitar
|-damage|p2a: Tyranitar|27/100
|move|p2a: Tyranitar|Crunch|p1a: Charizard
|-damage|p1a: Charizard|0 fnt
|faint|p1a: Charizard
|
|t:|1728772958
|switch|p1a: Jolteon|Jolteon, F|49/100
|
|-weather|Sandstorm|[upkeep]
|-damage|p1a: Jolteon|43/100|[from] Sandstorm
|-heal|p1a: Jolteon|49/100|[from] item: Leftovers
|-heal|p2a: Tyranitar|34/100|[from] item: Leftovers
|upkeep
|turn|39
|
|t:|1728772970
|switch|p2a: Steelix|Steelix, F, shiny|67/100
|-damage|p2a: Steelix|50/100|[from] Spikes
|move|p1a: Jolteon|Thunderbolt|p2a: Steelix
|-immune|p2a: Steelix
|
|-weather|Sandstorm|[upkeep]
|-damage|p1a: Jolteon|43/100|[from] Sandstorm
|-heal|p1a: Jolteon|49/100|[from] item: Leftovers
|-heal|p2a: Steelix|57/100|[from] item: Leftovers
|upkeep
|turn|40
|
|t:|1728772985
|switch|p1a: Swampert|Swampert, F|73/100
|move|p2a: Steelix|Explosion|p1a: Swampert
|-damage|p1a: Swampert|0 fnt
|faint|p2a: Steelix
|faint|p1a: Swampert
|
|t:|1728772996
|switch|p1a: Celebi|Celebi|79/100
|switch|p2a: Snorlax|Snorlax, M|84/100
|-damage|p2a: Snorlax|67/100|[from] Spikes
|
|-weather|Sandstorm|[upkeep]
|-damage|p1a: Celebi|73/100|[from] Sandstorm
|-damage|p2a: Snorlax|61/100|[from] Sandstorm
|-heal|p1a: Celebi|79/100|[from] item: Leftovers
|-heal|p2a: Snorlax|67/100|[from] item: Leftovers
|upkeep
|turn|41
|
|t:|1728772999
|move|p1a: Celebi|Calm Mind|p1a: Celebi
|-boost|p1a: Celebi|spa|1
|-boost|p1a: Celebi|spd|1
|move|p2a: Snorlax|Shadow Ball|p1a: Celebi
|-supereffective|p1a: Celebi
|-damage|p1a: Celebi|24/100
|
|-weather|Sandstorm|[upkeep]
|-damage|p1a: Celebi|18/100|[from] Sandstorm
|-damage|p2a: Snorlax|61/100|[from] Sandstorm
|-heal|p1a: Celebi|24/100|[from] item: Leftovers
|-heal|p2a: Snorlax|67/100|[from] item: Leftovers
|upkeep
|turn|42
|
|t:|1728773002
|move|p1a: Celebi|Psychic|p2a: Snorlax
|-damage|p2a: Snorlax|36/100
|move|p2a: Snorlax|Shadow Ball|p1a: Celebi
|-supereffective|p1a: Celebi
|-damage|p1a: Celebi|0 fnt
|faint|p1a: Celebi
|
|t:|1728773004
|switch|p1a: Jolteon|Jolteon, F|49/100
|
|-weather|Sandstorm|[upkeep]
|-damage|p1a: Jolteon|43/100|[from] Sandstorm
|-damage|p2a: Snorlax|29/100|[from] Sandstorm
|-heal|p1a: Jolteon|49/100|[from] item: Leftovers
|-heal|p2a: Snorlax|36/100|[from] item: Leftovers
|upkeep
|turn|43
|
|t:|1728773009
|move|p1a: Jolteon|Thunderbolt|p2a: Snorlax
|-damage|p2a: Snorlax|12/100
|move|p2a: Snorlax|Body Slam|p1a: Jolteon
|-damage|p1a: Jolteon|0 fnt
|faint|p1a: Jolteon
|
|win|CharBoy3000
|c|☆Milkshook♡|gg
|c|☆CharBoy3000|Gg
|player|p2|

</script>
<script type="application/json" class="data" id="replaydata-smogtours-gen3ou-797855">
{"id":"smogtours-gen3ou-797855","format":"[Gen 3] OU","players":["Milkshook\u2661","CharBoy3000"],"uploadtime":1728773009,"views":86,"formatid":"gen3ou","rating":null,"private":0,"password":null}
</script>

<script defer src="js/replays.js?9d40a366"></script>
