<!DOCTYPE html>
<meta charset="utf-8" />
<meta name="viewport" content="width=device-width" />

<title>[Gen 3] OU: xtina xendrix vs. Dhgss - Replays - Pok&eacute;mon Showdown!</title>

<meta name="description" content="Watch a replay of a Pok&eacute;mon battle between xtina xendrix and Dhgss! Format: [Gen 3] OU; Date: Oct 10, 2024" />
<!--

Hey, you! Looking in the source for the replay log?

You can find them in JSON format, just add `.json` at the end of a replay URL.

https://replay.pokemonshowdown.com/gen7randomdoublesbattle-865046831.json

Or, if you only need the log itself, add `.log` instead:

https://replay.pokemonshowdown.com/gen7randomdoublesbattle-865046831.log

-->

<link rel="stylesheet" href="//pokemonshowdown.com/style/global.css?0.767286132409787" />
<link rel="stylesheet" href="//play.pokemonshowdown.com/style/font-awesome.css?0.9266228007934947" />
<link rel="stylesheet" href="//play.pokemonshowdown.com/style/battle.css?0.7924700842790926" />
<link rel="stylesheet" href="//play.pokemonshowdown.com/style/utilichart.css?0.8777417872839479" />

<!-- Global site tag (gtag.js) - Google Analytics -->
<script async src="https://www.googletagmanager.com/gtag/js?id=UA-26211653-1"></script>
<script>
  window.dataLayer = window.dataLayer || [];
  function gtag(){dataLayer.push(arguments);}
  gtag('js', new Date());

  gtag('config', 'UA-26211653-1');
</script>
<!-- End Google Analytics -->
<!-- Venatus Ad Manager - Install in <HEAD> of page -->
	<script src="https://hb.vntsm.com/v3/live/ad-manager.min.js" type="text/javascript" data-site-id="642aba63ec9a7b11c3c9c1be" data-mode="scan" async></script>
<!-- / Venatus Ad Manager -->

<style>
	@media (max-width:820px) {
		.battle {
			margin: 0 auto;
		}
		.battle-log {
			margin: 7px auto 0;
			max-width: 640px;
			height: 300px;
			position: static;
		}
	}
	.optgroup {
		display: inline-block;
		line-height: 22px;
		font-size: 10pt;
	}
	.optgroup .button {
		height: 25px;
		padding-top: 0;
		padding-bottom: 0;
	}
	.optgroup button.button {
		padding-left: 12px;
		padding-right: 12px;
	}
	.linklist {
		list-style: none;
		margin: 0.5em 0;
		padding: 0;
	}
	.linklist li {
		padding: 2px 0;
	}
	.sidebar {
		float: left;
		width: 320px;
	}
	.bar-wrapper {
		max-width: 1100px;
		margin: 0 auto;
	}
	.bar-wrapper.has-sidebar {
		max-width: 1430px;
	}
	.mainbar {
		margin: 0;
		padding-right: 1px;
	}
	.mainbar.has-sidebar {
		margin-left: 330px;
	}
	@media (min-width: 1511px) {
		.sidebar {
			width: 400px;
		}
		.bar-wrapper.has-sidebar {
			max-width: 1510px;
		}
		.mainbar.has-sidebar {
			margin-left: 410px;
		}
	}
	.section.first-section {
		margin-top: 9px;
	}
	.blocklink small {
		white-space: normal;
	}
	.button {
		vertical-align: middle;
	}
	.replay-controls {
		padding-top: 10px;
	}
	.replay-controls h1 {
		font-size: 16pt;
		font-weight: normal;
		color: #CCC;
	}
	.pagelink {
		text-align: center;
	}
	.pagelink a {
		width: 150px;
	}
	.textbox, .button {
		font-size: 11pt;
		vertical-align: middle;
	}
	@media (max-width: 450px) {
		.button {
			font-size: 9pt;
		}
	}
</style>

<div>

	<header>
		<div class="nav-wrapper"><ul class="nav">
			<li><a class="button nav-first" href="//pokemonshowdown.com/"><img src="//pokemonshowdown.com/images/pokemonshowdownbeta.png" srcset="//pokemonshowdown.com/images/pokemonshowdownbeta.png 1x, //pokemonshowdown.com/images/pokemonshowdownbeta@2x.png 2x" alt="Pok&eacute;mon Showdown" width="146" height="44" /> Home</a></li>
			<li><a class="button" href="//pokemonshowdown.com/dex/">Pok&eacute;dex</a></li>
			<li><a class="button cur" href="/">Replays</a></li>
			<li><a class="button" href="//pokemonshowdown.com/ladder/">Ladder</a></li>
			<li><a class="button nav-last" href="//pokemonshowdown.com/forums/">Forum</a></li>
			<li><a class="button greenbutton nav-first nav-last" href="//play.pokemonshowdown.com/">Play</a></li>
		</ul></div>
	</header>

	<div class="main" id="main">

		<noscript><section class="section">You need to enable JavaScript to use this page; sorry!</section></noscript>

	</div>

</div>

<script defer nomodule src="//play.pokemonshowdown.com/js/lib/ps-polyfill.js"></script>
<script defer src="//play.pokemonshowdown.com/js/lib/preact.min.js"></script>

<script defer src="//play.pokemonshowdown.com/config/config.js?6dec07f6"></script>
<script defer src="//play.pokemonshowdown.com/js/lib/jquery-1.11.0.min.js"></script>
<script defer src="//play.pokemonshowdown.com/js/lib/html-sanitizer-minified.js"></script>
<script defer src="//play.pokemonshowdown.com/js/battle-sound.js"></script>
<script defer src="//play.pokemonshowdown.com/js/battledata.js?0.6315294753075389"></script>
<script defer src="//play.pokemonshowdown.com/data/pokedex-mini.js?0.7603743185311358"></script>
<script defer src="//play.pokemonshowdown.com/data/pokedex-mini-bw.js?0.030888842834281283"></script>
<script defer src="//play.pokemonshowdown.com/data/graphics.js?0.05593094747507488"></script>
<script defer src="//play.pokemonshowdown.com/data/pokedex.js?0.47064822249611904"></script>
<script defer src="//play.pokemonshowdown.com/data/moves.js?0.8583693120512459"></script>
<script defer src="//play.pokemonshowdown.com/data/abilities.js?0.16017181182386842"></script>
<script defer src="//play.pokemonshowdown.com/data/items.js?0.4163379185673943"></script>
<script defer src="//play.pokemonshowdown.com/data/teambuilder-tables.js?0.31075597372830477"></script>
<script defer src="//play.pokemonshowdown.com/js/battle-tooltips.js?0.6536193500708172"></script>
<script defer src="//play.pokemonshowdown.com/js/battle.js?0.1916591943277901"></script>

<script defer src="js/utils.js?e31f9a17"></script>
<script defer src="js/replays-battle.js?7008c182"></script>

<!-- don't scrape this data! just add .json or .log after the URL!
Full API docs: https://github.com/smogon/pokemon-showdown-client/blob/master/WEB-API.md -->
<script type="text/plain" class="log" id="replaylog-smogtours-gen3ou-797020">
|inactive|Battle timer is ON: inactive players will automatically lose when time's up.
|t:|1728594531
|gametype|singles
|player|p1|xtina xendrix|lorelei-gen1|
|player|p2|Dhgss|ethan|
|teamsize|p1|6
|teamsize|p2|6
|gen|3
|tier|[Gen 3] OU
|rule|Sleep Clause Mod: Limit one foe put to sleep
|rule|Switch Priority Clause Mod: Faster Pokémon switch first
|rule|Species Clause: Limit one of each Pokémon
|rule|OHKO Clause: OHKO moves are banned
|rule|Evasion Items Clause: Evasion items are banned
|rule|Evasion Moves Clause: Evasion moves are banned
|rule|Endless Battle Clause: Forcing endless battles is banned
|rule|HP Percentage Mod: HP is shown in percentages
|rule|One Boost Passer Clause: Limit one Baton Passer that has a way to boost its stats
|rule|Freeze Clause Mod: Limit one foe frozen
|
|t:|1728594531
|start
|switch|p1a: toxoplasmosis|Jynx, F|100/100
|switch|p2a: Skarmory|Skarmory, F|100/100
|turn|1
|c|☆Dhgss|GL
|c|☆xtina xendrix|u2
|
|t:|1728594561
|move|p1a: toxoplasmosis|Lovely Kiss|p2a: Skarmory
|-status|p2a: Skarmory|slp|[from] move: Lovely Kiss
|cant|p2a: Skarmory|slp
|
|upkeep
|turn|2
|
|t:|1728594587
|switch|p2a: Jirachi|Jirachi|100/100
|move|p1a: toxoplasmosis|Calm Mind|p1a: toxoplasmosis
|-boost|p1a: toxoplasmosis|spa|1
|-boost|p1a: toxoplasmosis|spd|1
|
|upkeep
|turn|3
|
|t:|1728594594
|move|p1a: toxoplasmosis|Ice Beam|p2a: Jirachi
|-resisted|p2a: Jirachi
|-damage|p2a: Jirachi|75/100
|move|p2a: Jirachi|Calm Mind|p2a: Jirachi
|-boost|p2a: Jirachi|spa|1
|-boost|p2a: Jirachi|spd|1
|
|-heal|p2a: Jirachi|81/100|[from] item: Leftovers
|upkeep
|turn|4
|
|t:|1728594602
|move|p1a: toxoplasmosis|Ice Beam|p2a: Jirachi
|-resisted|p2a: Jirachi
|-crit|p2a: Jirachi
|-damage|p2a: Jirachi|29/100
|move|p2a: Jirachi|Thunder|p1a: toxoplasmosis
|-damage|p1a: toxoplasmosis|69/100
|-status|p1a: toxoplasmosis|par
|
|-heal|p2a: Jirachi|35/100|[from] item: Leftovers
|-heal|p1a: toxoplasmosis|75/100 par|[from] item: Leftovers
|upkeep
|turn|5
|
|t:|1728594619
|move|p2a: Jirachi|Wish|p2a: Jirachi
|move|p1a: toxoplasmosis|Ice Beam|p2a: Jirachi
|-resisted|p2a: Jirachi
|-damage|p2a: Jirachi|18/100
|
|-heal|p2a: Jirachi|25/100|[from] item: Leftovers
|-heal|p1a: toxoplasmosis|81/100 par|[from] item: Leftovers
|upkeep
|turn|6
|
|t:|1728594625
|move|p2a: Jirachi|Calm Mind|p2a: Jirachi
|-boost|p2a: Jirachi|spa|1
|-boost|p2a: Jirachi|spd|1
|move|p1a: toxoplasmosis|Calm Mind|p1a: toxoplasmosis
|-boost|p1a: toxoplasmosis|spa|1
|-boost|p1a: toxoplasmosis|spd|1
|
|-heal|p2a: Jirachi|75/100|[from] move: Wish|[wisher] Jirachi
|-heal|p2a: Jirachi|81/100|[from] item: Leftovers
|-heal|p1a: toxoplasmosis|87/100 par|[from] item: Leftovers
|upkeep
|turn|7
|
|t:|1728594634
|move|p2a: Jirachi|Calm Mind|p2a: Jirachi
|-boost|p2a: Jirachi|spa|1
|-boost|p2a: Jirachi|spd|1
|move|p1a: toxoplasmosis|Ice Beam|p2a: Jirachi
|-resisted|p2a: Jirachi
|-damage|p2a: Jirachi|66/100
|
|-heal|p2a: Jirachi|72/100|[from] item: Leftovers
|-heal|p1a: toxoplasmosis|93/100 par|[from] item: Leftovers
|upkeep
|turn|8
|
|t:|1728594640
|move|p2a: Jirachi|Thunder|p1a: toxoplasmosis
|-damage|p1a: toxoplasmosis|53/100 par
|move|p1a: toxoplasmosis|Ice Beam|p2a: Jirachi
|-resisted|p2a: Jirachi
|-damage|p2a: Jirachi|57/100
|
|-heal|p2a: Jirachi|63/100|[from] item: Leftovers
|-heal|p1a: toxoplasmosis|59/100 par|[from] item: Leftovers
|upkeep
|turn|9
|
|t:|1728594666
|move|p2a: Jirachi|Wish|p2a: Jirachi
|move|p1a: toxoplasmosis|Ice Beam|p2a: Jirachi
|-resisted|p2a: Jirachi
|-damage|p2a: Jirachi|49/100
|
|-heal|p2a: Jirachi|55/100|[from] item: Leftovers
|-heal|p1a: toxoplasmosis|65/100 par|[from] item: Leftovers
|upkeep
|turn|10
|
|t:|1728594674
|move|p2a: Jirachi|Calm Mind|p2a: Jirachi
|-boost|p2a: Jirachi|spa|1
|-boost|p2a: Jirachi|spd|1
|cant|p1a: toxoplasmosis|par
|
|-heal|p2a: Jirachi|100/100|[from] move: Wish|[wisher] Jirachi
|-heal|p1a: toxoplasmosis|71/100 par|[from] item: Leftovers
|upkeep
|turn|11
|
|t:|1728594680
|move|p2a: Jirachi|Thunder|p1a: toxoplasmosis|[miss]
|-miss|p2a: Jirachi|p1a: toxoplasmosis
|move|p1a: toxoplasmosis|Calm Mind|p1a: toxoplasmosis
|-boost|p1a: toxoplasmosis|spa|1
|-boost|p1a: toxoplasmosis|spd|1
|
|-heal|p1a: toxoplasmosis|77/100 par|[from] item: Leftovers
|upkeep
|turn|12
|
|t:|1728594686
|move|p2a: Jirachi|Thunder|p1a: toxoplasmosis
|-damage|p1a: toxoplasmosis|37/100 par
|move|p1a: toxoplasmosis|Ice Beam|p2a: Jirachi
|-resisted|p2a: Jirachi
|-damage|p2a: Jirachi|86/100
|-status|p2a: Jirachi|frz
|
|-heal|p2a: Jirachi|92/100 frz|[from] item: Leftovers
|-heal|p1a: toxoplasmosis|43/100 par|[from] item: Leftovers
|upkeep
|turn|13
|
|t:|1728594693
|switch|p1a: litterboxd|Dugtrio, F|100/100
|cant|p2a: Jirachi|frz
|
|-heal|p2a: Jirachi|98/100 frz|[from] item: Leftovers
|upkeep
|turn|14
|
|t:|1728594700
|move|p1a: litterboxd|Earthquake|p2a: Jirachi
|-supereffective|p2a: Jirachi
|-damage|p2a: Jirachi|36/100 frz
|cant|p2a: Jirachi|frz
|
|-heal|p2a: Jirachi|43/100 frz|[from] item: Leftovers
|upkeep
|turn|15
|
|t:|1728594707
|move|p1a: litterboxd|Earthquake|p2a: Jirachi
|-supereffective|p2a: Jirachi
|-damage|p2a: Jirachi|0 fnt
|faint|p2a: Jirachi
|inactive|Dhgss has 270 seconds left.
|
|t:|1728594738
|switch|p2a: Aerodactyl|Aerodactyl, M|100/100
|
|upkeep
|turn|16
|
|t:|1728594743
|switch|p1a: toxoplasmosis|Jynx, F|43/100 par
|move|p2a: Aerodactyl|Double-Edge|p1a: toxoplasmosis
|-crit|p1a: toxoplasmosis
|-damage|p1a: toxoplasmosis|0 fnt
|faint|p1a: toxoplasmosis
|inactive|xtina xendrix has 270 seconds left.
|
|t:|1728594773
|switch|p1a: doll faced persian|Suicune|100/100
|
|upkeep
|turn|17
|
|t:|1728594780
|switch|p2a: Gengar|Gengar, F, shiny|100/100
|switch|p1a: litterboxd|Dugtrio, F|100/100
|
|upkeep
|turn|18
|inactive|xtina xendrix has 270 seconds left.
|
|t:|1728594800
|move|p1a: litterboxd|Rock Slide|p2a: Gengar
|-damage|p2a: Gengar|64/100
|move|p2a: Gengar|Will-O-Wisp|p1a: litterboxd
|-status|p1a: litterboxd|brn
|
|-damage|p1a: litterboxd|88/100 brn|[from] brn
|-heal|p2a: Gengar|70/100|[from] item: Leftovers
|upkeep
|turn|19
|inactive|xtina xendrix has 270 seconds left.
|
|t:|1728594822
|switch|p1a: ragdoll|Gengar, F|100/100
|move|p2a: Gengar|Ice Punch|p1a: ragdoll
|-damage|p1a: ragdoll|73/100
|
|-heal|p2a: Gengar|77/100|[from] item: Leftovers
|-heal|p1a: ragdoll|79/100|[from] item: Leftovers
|upkeep
|turn|20
|
|t:|1728594838
|switch|p2a: Tyranitar|Tyranitar, F|100/100
|-weather|Sandstorm|[from] ability: Sand Stream|[of] p2a: Tyranitar
|move|p1a: ragdoll|Will-O-Wisp|p2a: Tyranitar
|-status|p2a: Tyranitar|brn
|
|-weather|Sandstorm|[upkeep]
|-damage|p1a: ragdoll|73/100|[from] Sandstorm
|-heal|p1a: ragdoll|79/100|[from] item: Leftovers
|-damage|p2a: Tyranitar|88/100 brn|[from] brn
|upkeep
|turn|21
|
|t:|1728594848
|switch|p1a: doll faced persian|Suicune|100/100
|move|p2a: Tyranitar|Fire Blast|p1a: doll faced persian
|-resisted|p1a: doll faced persian
|-damage|p1a: doll faced persian|86/100
|
|-weather|Sandstorm|[upkeep]
|-damage|p1a: doll faced persian|79/100|[from] Sandstorm
|-heal|p1a: doll faced persian|86/100|[from] item: Leftovers
|-heal|p2a: Tyranitar|94/100 brn|[from] item: Leftovers
|-damage|p2a: Tyranitar|82/100 brn|[from] brn
|upkeep
|turn|22
|
|t:|1728594859
|switch|p2a: Gengar|Gengar, F, shiny|77/100
|move|p1a: doll faced persian|Hydro Pump|p2a: Gengar
|-damage|p2a: Gengar|18/100
|
|-weather|Sandstorm|[upkeep]
|-damage|p2a: Gengar|11/100|[from] Sandstorm
|-damage|p1a: doll faced persian|79/100|[from] Sandstorm
|-heal|p2a: Gengar|18/100|[from] item: Leftovers
|-heal|p1a: doll faced persian|86/100|[from] item: Leftovers
|upkeep
|turn|23
|inactive|Dhgss has 270 seconds left.
|
|t:|1728594902
|switch|p1a: litterboxd|Dugtrio, F|88/100 brn
|move|p2a: Gengar|Thunderbolt|p1a: litterboxd
|-immune|p1a: litterboxd
|
|-weather|Sandstorm|[upkeep]
|-damage|p2a: Gengar|11/100|[from] Sandstorm
|-damage|p1a: litterboxd|76/100 brn|[from] brn
|-heal|p2a: Gengar|18/100|[from] item: Leftovers
|upkeep
|turn|24
|
|t:|1728594914
|switch|p2a: Skarmory|Skarmory, F|100/100 slp
|move|p1a: litterboxd|Rock Slide|p2a: Skarmory
|-damage|p2a: Skarmory|90/100 slp
|
|-weather|Sandstorm|[upkeep]
|-damage|p1a: litterboxd|64/100 brn|[from] brn
|-heal|p2a: Skarmory|96/100 slp|[from] item: Leftovers
|upkeep
|turn|25
|
|t:|1728594919
|switch|p1a: siberian|Jirachi|100/100
|-curestatus|p2a: Skarmory|slp|[msg]
|move|p2a: Skarmory|Spikes|p1a: siberian
|-sidestart|p1: xtina xendrix|Spikes
|
|-weather|Sandstorm|[upkeep]
|-heal|p2a: Skarmory|100/100|[from] item: Leftovers
|upkeep
|turn|26
|
|t:|1728594928
|switch|p2a: Tyranitar|Tyranitar, F|82/100 brn
|move|p1a: siberian|Thunderbolt|p2a: Tyranitar
|-damage|p2a: Tyranitar|58/100 brn
|
|-weather|Sandstorm|[upkeep]
|-heal|p2a: Tyranitar|64/100 brn|[from] item: Leftovers
|-damage|p2a: Tyranitar|52/100 brn|[from] brn
|upkeep
|turn|27
|inactive|Dhgss has 270 seconds left.
|inactive|xtina xendrix has 270 seconds left.
|
|t:|1728594972
|switch|p1a: doll faced persian|Suicune|86/100
|-damage|p1a: doll faced persian|73/100|[from] Spikes
|move|p2a: Tyranitar|Hidden Power|p1a: doll faced persian
|-supereffective|p1a: doll faced persian
|-damage|p1a: doll faced persian|37/100
|
|-weather|Sandstorm|[upkeep]
|-damage|p1a: doll faced persian|31/100|[from] Sandstorm
|-heal|p1a: doll faced persian|37/100|[from] item: Leftovers
|-heal|p2a: Tyranitar|58/100 brn|[from] item: Leftovers
|-damage|p2a: Tyranitar|46/100 brn|[from] brn
|upkeep
|turn|28
|inactive|Dhgss has 270 seconds left.
|inactive|Dhgss has 240 seconds left.
|
|t:|1728595028
|move|p1a: doll faced persian|Hydro Pump|p2a: Tyranitar
|-supereffective|p2a: Tyranitar
|-damage|p2a: Tyranitar|0 fnt
|faint|p2a: Tyranitar
|inactive|Dhgss has 210 seconds left.
|
|t:|1728595051
|switch|p2a: Gengar|Gengar, F, shiny|18/100
|
|-weather|Sandstorm|[upkeep]
|-damage|p2a: Gengar|11/100|[from] Sandstorm
|-damage|p1a: doll faced persian|31/100|[from] Sandstorm
|-heal|p2a: Gengar|18/100|[from] item: Leftovers
|-heal|p1a: doll faced persian|37/100|[from] item: Leftovers
|upkeep
|turn|29
|
|t:|1728595068
|switch|p1a: sphynx|Claydol|100/100
|move|p2a: Gengar|Thunderbolt|p1a: sphynx
|-immune|p1a: sphynx
|
|-weather|Sandstorm|[upkeep]
|-damage|p2a: Gengar|11/100|[from] Sandstorm
|-heal|p2a: Gengar|18/100|[from] item: Leftovers
|upkeep
|turn|30
|inactive|xtina xendrix has 240 seconds left.
|inactive|Dhgss has 210 seconds left.
|
|t:|1728595092
|switch|p2a: Skarmory|Skarmory, F|100/100
|move|p1a: sphynx|Hidden Power|p2a: Skarmory
|-supereffective|p2a: Skarmory
|-damage|p2a: Skarmory|69/100
|
|-weather|Sandstorm|[upkeep]
|-heal|p2a: Skarmory|75/100|[from] item: Leftovers
|upkeep
|turn|31
|inactive|xtina xendrix has 240 seconds left.
|
|t:|1728595099
|move|p1a: sphynx|Hidden Power|p2a: Skarmory
|-supereffective|p2a: Skarmory
|-damage|p2a: Skarmory|46/100
|move|p2a: Skarmory|Toxic|p1a: sphynx
|-status|p1a: sphynx|tox
|
|-weather|Sandstorm|[upkeep]
|-damage|p1a: sphynx|94/100 tox|[from] psn
|-heal|p2a: Skarmory|52/100|[from] item: Leftovers
|upkeep
|turn|32
|
|t:|1728595108
|move|p2a: Skarmory|Protect|p2a: Skarmory
|-singleturn|p2a: Skarmory|Protect
|move|p1a: sphynx|Hidden Power|p2a: Skarmory
|-activate|p2a: Skarmory|Protect
|
|-weather|Sandstorm|[upkeep]
|-heal|p1a: sphynx|100/100 tox|[from] item: Leftovers
|-damage|p1a: sphynx|88/100 tox|[from] psn
|-heal|p2a: Skarmory|58/100|[from] item: Leftovers
|upkeep
|turn|33
|inactive|Dhgss has 210 seconds left.
|
|t:|1728595141
|move|p1a: sphynx|Psychic|p2a: Skarmory
|-resisted|p2a: Skarmory
|-damage|p2a: Skarmory|43/100
|-unboost|p2a: Skarmory|spd|1
|move|p2a: Skarmory|Spikes|p1a: sphynx
|-sidestart|p1: xtina xendrix|Spikes
|
|-weather|Sandstorm|[upkeep]
|-heal|p1a: sphynx|94/100 tox|[from] item: Leftovers
|-damage|p1a: sphynx|76/100 tox|[from] psn
|-heal|p2a: Skarmory|49/100|[from] item: Leftovers
|upkeep
|turn|34
|
|t:|1728595151
|switch|p1a: ragdoll|Gengar, F|79/100
|move|p2a: Skarmory|Protect||[still]
|-fail|p2a: Skarmory
|
|-weather|Sandstorm|[upkeep]
|-damage|p1a: ragdoll|73/100|[from] Sandstorm
|-heal|p1a: ragdoll|79/100|[from] item: Leftovers
|-heal|p2a: Skarmory|55/100|[from] item: Leftovers
|upkeep
|turn|35
|inactive|Dhgss has 210 seconds left.
|
|t:|1728595159
|move|p2a: Skarmory|Protect|p2a: Skarmory
|-singleturn|p2a: Skarmory|Protect
|move|p1a: ragdoll|Thunderbolt|p2a: Skarmory
|-activate|p2a: Skarmory|Protect
|
|-weather|Sandstorm|[upkeep]
|-damage|p1a: ragdoll|73/100|[from] Sandstorm
|-heal|p1a: ragdoll|79/100|[from] item: Leftovers
|-heal|p2a: Skarmory|61/100|[from] item: Leftovers
|upkeep
|turn|36
|inactive|Dhgss has 210 seconds left.
|
|t:|1728595169
|switch|p2a: Swampert|Swampert, F|100/100
|move|p1a: ragdoll|Thunderbolt|p2a: Swampert
|-immune|p2a: Swampert
|
|-weather|Sandstorm|[upkeep]
|-damage|p1a: ragdoll|73/100|[from] Sandstorm
|-heal|p1a: ragdoll|79/100|[from] item: Leftovers
|upkeep
|turn|37
|inactive|Dhgss has 210 seconds left.
|
|t:|1728595195
|move|p1a: ragdoll|Will-O-Wisp|p2a: Swampert
|-status|p2a: Swampert|brn
|move|p2a: Swampert|Hydro Pump|p1a: ragdoll
|-damage|p1a: ragdoll|33/100
|
|-weather|Sandstorm|[upkeep]
|-damage|p1a: ragdoll|27/100|[from] Sandstorm
|-heal|p1a: ragdoll|33/100|[from] item: Leftovers
|-damage|p2a: Swampert|88/100 brn|[from] brn
|upkeep
|turn|38
|
|t:|1728595208
|switch|p1a: litterboxd|Dugtrio, F|64/100 brn
|-damage|p1a: litterboxd|47/100 brn|[from] Spikes
|move|p2a: Swampert|Hydro Pump|p1a: litterboxd
|-supereffective|p1a: litterboxd
|-damage|p1a: litterboxd|0 fnt
|faint|p1a: litterboxd
|
|t:|1728595211
|switch|p1a: doll faced persian|Suicune|37/100
|-damage|p1a: doll faced persian|21/100|[from] Spikes
|
|-weather|Sandstorm|[upkeep]
|-damage|p1a: doll faced persian|14/100|[from] Sandstorm
|-heal|p1a: doll faced persian|21/100|[from] item: Leftovers
|-heal|p2a: Swampert|94/100 brn|[from] item: Leftovers
|-damage|p2a: Swampert|82/100 brn|[from] brn
|upkeep
|turn|39
|
|t:|1728595225
|move|p1a: doll faced persian|Hidden Power|p2a: Swampert
|-supereffective|p2a: Swampert
|-damage|p2a: Swampert|17/100 brn
|move|p2a: Swampert|Earthquake|p1a: doll faced persian
|-damage|p1a: doll faced persian|3/100
|
|-weather|Sandstorm|[upkeep]
|-damage|p1a: doll faced persian|0 fnt|[from] Sandstorm
|faint|p1a: doll faced persian
|-heal|p2a: Swampert|23/100 brn|[from] item: Leftovers
|-damage|p2a: Swampert|10/100 brn|[from] brn
|upkeep
|
|t:|1728595234
|switch|p1a: sphynx|Claydol|76/100 tox
|turn|40
|inactive|Dhgss has 210 seconds left.
|
|t:|1728595242
|move|p2a: Swampert|Protect|p2a: Swampert
|-singleturn|p2a: Swampert|Protect
|move|p1a: sphynx|Psychic|p2a: Swampert
|-activate|p2a: Swampert|Protect
|
|-weather|Sandstorm|[upkeep]
|-heal|p1a: sphynx|82/100 tox|[from] item: Leftovers
|-damage|p1a: sphynx|76/100 tox|[from] psn
|-heal|p2a: Swampert|17/100 brn|[from] item: Leftovers
|-damage|p2a: Swampert|4/100 brn|[from] brn
|upkeep
|turn|41
|inactive|Dhgss has 210 seconds left.
|
|t:|1728595258
|move|p1a: sphynx|Psychic|p2a: Swampert
|-crit|p2a: Swampert
|-damage|p2a: Swampert|0 fnt
|faint|p2a: Swampert
|
|t:|1728595266
|switch|p2a: Skarmory|Skarmory, F|61/100
|
|-weather|Sandstorm|[upkeep]
|-heal|p1a: sphynx|82/100 tox|[from] item: Leftovers
|-damage|p1a: sphynx|70/100 tox|[from] psn
|-heal|p2a: Skarmory|67/100|[from] item: Leftovers
|upkeep
|turn|42
|inactive|Dhgss has 210 seconds left.
|
|t:|1728595278
|switch|p1a: ragdoll|Gengar, F|33/100
|move|p2a: Skarmory|Spikes|p1a: ragdoll
|-sidestart|p1: xtina xendrix|Spikes
|
|-weather|Sandstorm|[upkeep]
|-damage|p1a: ragdoll|27/100|[from] Sandstorm
|-heal|p1a: ragdoll|33/100|[from] item: Leftovers
|-heal|p2a: Skarmory|73/100|[from] item: Leftovers
|upkeep
|turn|43
|inactive|Dhgss has 210 seconds left.
|
|t:|1728595284
|move|p2a: Skarmory|Protect|p2a: Skarmory
|-singleturn|p2a: Skarmory|Protect
|move|p1a: ragdoll|Will-O-Wisp|p2a: Skarmory
|-activate|p2a: Skarmory|Protect
|
|-weather|Sandstorm|[upkeep]
|-damage|p1a: ragdoll|27/100|[from] Sandstorm
|-heal|p1a: ragdoll|33/100|[from] item: Leftovers
|-heal|p2a: Skarmory|79/100|[from] item: Leftovers
|upkeep
|turn|44
|inactive|Dhgss has 210 seconds left.
|
|t:|1728595294
|move|p1a: ragdoll|Thunderbolt|p2a: Skarmory
|-supereffective|p2a: Skarmory
|-damage|p2a: Skarmory|31/100
|move|p2a: Skarmory|Roar|p1a: ragdoll
|drag|p1a: siberian|Jirachi|100/100
|-damage|p1a: siberian|75/100|[from] Spikes
|
|-weather|Sandstorm|[upkeep]
|-heal|p1a: siberian|82/100|[from] item: Leftovers
|-heal|p2a: Skarmory|37/100|[from] item: Leftovers
|upkeep
|turn|45
|inactive|Dhgss has 210 seconds left.
|
|t:|1728595311
|move|p1a: siberian|Calm Mind|p1a: siberian
|-boost|p1a: siberian|spa|1
|-boost|p1a: siberian|spd|1
|move|p2a: Skarmory|Roar|p1a: siberian
|drag|p1a: sphynx|Claydol|70/100 tox
|
|-weather|Sandstorm|[upkeep]
|-heal|p1a: sphynx|76/100 tox|[from] item: Leftovers
|-damage|p1a: sphynx|70/100 tox|[from] psn
|-heal|p2a: Skarmory|43/100|[from] item: Leftovers
|upkeep
|turn|46
|inactive|Dhgss has 210 seconds left.
|
|t:|1728595324
|move|p2a: Skarmory|Protect|p2a: Skarmory
|-singleturn|p2a: Skarmory|Protect
|move|p1a: sphynx|Hidden Power|p2a: Skarmory
|-activate|p2a: Skarmory|Protect
|
|-weather|Sandstorm|[upkeep]
|-heal|p1a: sphynx|76/100 tox|[from] item: Leftovers
|-damage|p1a: sphynx|64/100 tox|[from] psn
|-heal|p2a: Skarmory|49/100|[from] item: Leftovers
|upkeep
|turn|47
|inactive|Dhgss has 210 seconds left.
|
|t:|1728595348
|switch|p2a: Aerodactyl|Aerodactyl, M|100/100
|move|p1a: sphynx|Hidden Power|p2a: Aerodactyl
|-resisted|p2a: Aerodactyl
|-damage|p2a: Aerodactyl|89/100
|
|-weather|Sandstorm|[upkeep]
|-heal|p1a: sphynx|70/100 tox|[from] item: Leftovers
|-damage|p1a: sphynx|51/100 tox|[from] psn
|upkeep
|turn|48
|inactive|Dhgss has 210 seconds left.
|inactive|Dhgss has 180 seconds left.
|
|t:|1728595407
|switch|p2a: Gengar|Gengar, F, shiny|18/100
|switch|p1a: ragdoll|Gengar, F|33/100
|
|-weather|Sandstorm|[upkeep]
|-damage|p2a: Gengar|11/100|[from] Sandstorm
|-damage|p1a: ragdoll|27/100|[from] Sandstorm
|-heal|p1a: ragdoll|33/100|[from] item: Leftovers
|-heal|p2a: Gengar|18/100|[from] item: Leftovers
|upkeep
|turn|49
|inactive|xtina xendrix has 270 seconds left.
|inactive|Dhgss has 150 seconds left.
|
|t:|1728595434
|switch|p2a: Skarmory|Skarmory, F|49/100
|move|p1a: ragdoll|Thunderbolt|p2a: Skarmory
|-supereffective|p2a: Skarmory
|-damage|p2a: Skarmory|0 fnt
|faint|p2a: Skarmory
|
|t:|1728595439
|switch|p2a: Aerodactyl|Aerodactyl, M|89/100
|
|-weather|Sandstorm|[upkeep]
|-damage|p1a: ragdoll|27/100|[from] Sandstorm
|-heal|p1a: ragdoll|33/100|[from] item: Leftovers
|upkeep
|turn|50
|inactive|xtina xendrix has 270 seconds left.
|
|t:|1728595446
|move|p2a: Aerodactyl|Hidden Power|p1a: ragdoll
|-damage|p1a: ragdoll|0 fnt
|faint|p1a: ragdoll
|
|t:|1728595450
|switch|p1a: siberian|Jirachi|82/100
|-damage|p1a: siberian|57/100|[from] Spikes
|
|-weather|Sandstorm|[upkeep]
|-heal|p1a: siberian|63/100|[from] item: Leftovers
|upkeep
|turn|51
|inactive|xtina xendrix has 270 seconds left.
|inactive|Dhgss has 150 seconds left.
|
|t:|1728595484
|move|p2a: Aerodactyl|Hidden Power|p1a: siberian
|-resisted|p1a: siberian
|-damage|p1a: siberian|43/100
|move|p1a: siberian|Thunderbolt|p2a: Aerodactyl
|-supereffective|p2a: Aerodactyl
|-damage|p2a: Aerodactyl|22/100
|
|-weather|Sandstorm|[upkeep]
|-heal|p1a: siberian|49/100|[from] item: Leftovers
|upkeep
|turn|52
|
|t:|1728595495
|move|p2a: Aerodactyl|Hidden Power|p1a: siberian
|-resisted|p1a: siberian
|-damage|p1a: siberian|29/100
|move|p1a: siberian|Thunderbolt|p2a: Aerodactyl
|-supereffective|p2a: Aerodactyl
|-damage|p2a: Aerodactyl|0 fnt
|faint|p2a: Aerodactyl
|
|t:|1728595501
|switch|p2a: Gengar|Gengar, F, shiny|18/100
|
|-weather|Sandstorm|[upkeep]
|-damage|p2a: Gengar|11/100|[from] Sandstorm
|-heal|p2a: Gengar|18/100|[from] item: Leftovers
|-heal|p1a: siberian|35/100|[from] item: Leftovers
|upkeep
|turn|53
|inactive|Dhgss has 150 seconds left.
|
|t:|1728595509
|move|p2a: Gengar|Thunderbolt|p1a: siberian
|-damage|p1a: siberian|11/100
|move|p1a: siberian|Thunderbolt|p2a: Gengar
|-damage|p2a: Gengar|0 fnt
|faint|p2a: Gengar
|
|win|xtina xendrix
|c|☆Dhgss|GG
|c|☆xtina xendrix|gg
|c|☆xtina xendrix|/log xtina xendrix made the replay of this battle unlisted.

</script>
<script type="application/json" class="data" id="replaydata-smogtours-gen3ou-797020">
{"id":"smogtours-gen3ou-797020","format":"[Gen 3] OU","players":["xtina xendrix","Dhgss"],"uploadtime":1728595509,"views":143,"formatid":"gen3ou","rating":null,"private":1,"password":null}
</script>

<script defer src="js/replays.js?9d40a366"></script>
