<!DOCTYPE html>
<meta charset="utf-8" />
<meta name="viewport" content="width=device-width" />

<title>[Gen 3] OU: Jnho vs. siummmette - Replays - Pok&eacute;mon Showdown!</title>

<meta name="description" content="Watch a replay of a Pok&eacute;mon battle between Jnho and siummmette! Format: [Gen 3] OU; Date: Oct 10, 2024" />
<!--

Hey, you! Looking in the source for the replay log?

You can find them in JSON format, just add `.json` at the end of a replay URL.

https://replay.pokemonshowdown.com/gen7randomdoublesbattle-865046831.json

Or, if you only need the log itself, add `.log` instead:

https://replay.pokemonshowdown.com/gen7randomdoublesbattle-865046831.log

-->

<link rel="stylesheet" href="//pokemonshowdown.com/style/global.css?0.767286132409787" />
<link rel="stylesheet" href="//play.pokemonshowdown.com/style/font-awesome.css?0.9266228007934947" />
<link rel="stylesheet" href="//play.pokemonshowdown.com/style/battle.css?0.7924700842790926" />
<link rel="stylesheet" href="//play.pokemonshowdown.com/style/utilichart.css?0.8777417872839479" />

<!-- Global site tag (gtag.js) - Google Analytics -->
<script async src="https://www.googletagmanager.com/gtag/js?id=UA-26211653-1"></script>
<script>
  window.dataLayer = window.dataLayer || [];
  function gtag(){dataLayer.push(arguments);}
  gtag('js', new Date());

  gtag('config', 'UA-26211653-1');
</script>
<!-- End Google Analytics -->
<!-- Venatus Ad Manager - Install in <HEAD> of page -->
	<script src="https://hb.vntsm.com/v3/live/ad-manager.min.js" type="text/javascript" data-site-id="642aba63ec9a7b11c3c9c1be" data-mode="scan" async></script>
<!-- / Venatus Ad Manager -->

<style>
	@media (max-width:820px) {
		.battle {
			margin: 0 auto;
		}
		.battle-log {
			margin: 7px auto 0;
			max-width: 640px;
			height: 300px;
			position: static;
		}
	}
	.optgroup {
		display: inline-block;
		line-height: 22px;
		font-size: 10pt;
	}
	.optgroup .button {
		height: 25px;
		padding-top: 0;
		padding-bottom: 0;
	}
	.optgroup button.button {
		padding-left: 12px;
		padding-right: 12px;
	}
	.linklist {
		list-style: none;
		margin: 0.5em 0;
		padding: 0;
	}
	.linklist li {
		padding: 2px 0;
	}
	.sidebar {
		float: left;
		width: 320px;
	}
	.bar-wrapper {
		max-width: 1100px;
		margin: 0 auto;
	}
	.bar-wrapper.has-sidebar {
		max-width: 1430px;
	}
	.mainbar {
		margin: 0;
		padding-right: 1px;
	}
	.mainbar.has-sidebar {
		margin-left: 330px;
	}
	@media (min-width: 1511px) {
		.sidebar {
			width: 400px;
		}
		.bar-wrapper.has-sidebar {
			max-width: 1510px;
		}
		.mainbar.has-sidebar {
			margin-left: 410px;
		}
	}
	.section.first-section {
		margin-top: 9px;
	}
	.blocklink small {
		white-space: normal;
	}
	.button {
		vertical-align: middle;
	}
	.replay-controls {
		padding-top: 10px;
	}
	.replay-controls h1 {
		font-size: 16pt;
		font-weight: normal;
		color: #CCC;
	}
	.pagelink {
		text-align: center;
	}
	.pagelink a {
		width: 150px;
	}
	.textbox, .button {
		font-size: 11pt;
		vertical-align: middle;
	}
	@media (max-width: 450px) {
		.button {
			font-size: 9pt;
		}
	}
</style>

<div>

	<header>
		<div class="nav-wrapper"><ul class="nav">
			<li><a class="button nav-first" href="//pokemonshowdown.com/"><img src="//pokemonshowdown.com/images/pokemonshowdownbeta.png" srcset="//pokemonshowdown.com/images/pokemonshowdownbeta.png 1x, //pokemonshowdown.com/images/pokemonshowdownbeta@2x.png 2x" alt="Pok&eacute;mon Showdown" width="146" height="44" /> Home</a></li>
			<li><a class="button" href="//pokemonshowdown.com/dex/">Pok&eacute;dex</a></li>
			<li><a class="button cur" href="/">Replays</a></li>
			<li><a class="button" href="//pokemonshowdown.com/ladder/">Ladder</a></li>
			<li><a class="button nav-last" href="//pokemonshowdown.com/forums/">Forum</a></li>
			<li><a class="button greenbutton nav-first nav-last" href="//play.pokemonshowdown.com/">Play</a></li>
		</ul></div>
	</header>

	<div class="main" id="main">

		<noscript><section class="section">You need to enable JavaScript to use this page; sorry!</section></noscript>

	</div>

</div>

<script defer nomodule src="//play.pokemonshowdown.com/js/lib/ps-polyfill.js"></script>
<script defer src="//play.pokemonshowdown.com/js/lib/preact.min.js"></script>

<script defer src="//play.pokemonshowdown.com/config/config.js?6dec07f6"></script>
<script defer src="//play.pokemonshowdown.com/js/lib/jquery-1.11.0.min.js"></script>
<script defer src="//play.pokemonshowdown.com/js/lib/html-sanitizer-minified.js"></script>
<script defer src="//play.pokemonshowdown.com/js/battle-sound.js"></script>
<script defer src="//play.pokemonshowdown.com/js/battledata.js?0.6315294753075389"></script>
<script defer src="//play.pokemonshowdown.com/data/pokedex-mini.js?0.7603743185311358"></script>
<script defer src="//play.pokemonshowdown.com/data/pokedex-mini-bw.js?0.030888842834281283"></script>
<script defer src="//play.pokemonshowdown.com/data/graphics.js?0.05593094747507488"></script>
<script defer src="//play.pokemonshowdown.com/data/pokedex.js?0.47064822249611904"></script>
<script defer src="//play.pokemonshowdown.com/data/moves.js?0.8583693120512459"></script>
<script defer src="//play.pokemonshowdown.com/data/abilities.js?0.16017181182386842"></script>
<script defer src="//play.pokemonshowdown.com/data/items.js?0.4163379185673943"></script>
<script defer src="//play.pokemonshowdown.com/data/teambuilder-tables.js?0.31075597372830477"></script>
<script defer src="//play.pokemonshowdown.com/js/battle-tooltips.js?0.6536193500708172"></script>
<script defer src="//play.pokemonshowdown.com/js/battle.js?0.1916591943277901"></script>

<script defer src="js/utils.js?e31f9a17"></script>
<script defer src="js/replays-battle.js?7008c182"></script>

<!-- don't scrape this data! just add .json or .log after the URL!
Full API docs: https://github.com/smogon/pokemon-showdown-client/blob/master/WEB-API.md -->
<script type="text/plain" class="log" id="replaylog-smogtours-gen3ou-796956">
|inactive|Battle timer is ON: inactive players will automatically lose when time's up.
|t:|1728584321
|gametype|singles
|player|p1|Jnho|caitlin|
|player|p2|siummmette|265|
|teamsize|p1|6
|teamsize|p2|6
|gen|3
|tier|[Gen 3] OU
|rule|Sleep Clause Mod: Limit one foe put to sleep
|rule|Switch Priority Clause Mod: Faster Pokémon switch first
|rule|Species Clause: Limit one of each Pokémon
|rule|OHKO Clause: OHKO moves are banned
|rule|Evasion Items Clause: Evasion items are banned
|rule|Evasion Moves Clause: Evasion moves are banned
|rule|Endless Battle Clause: Forcing endless battles is banned
|rule|HP Percentage Mod: HP is shown in percentages
|rule|One Boost Passer Clause: Limit one Baton Passer that has a way to boost its stats
|rule|Freeze Clause Mod: Limit one foe frozen
|
|t:|1728584321
|start
|switch|p1a: Tyranitar|Tyranitar, F|100/100
|switch|p2a: Hariyama|Hariyama, M|100/100
|-weather|Sandstorm|[from] ability: Sand Stream|[of] p1a: Tyranitar
|turn|1
|c|☆Jnho|glhf
|c|☆siummmette|glhf
|inactive|Jnho has 270 seconds left.
|
|t:|1728584365
|switch|p1a: Skarmory|Skarmory, M|100/100
|move|p2a: Hariyama|Knock Off|p1a: Skarmory
|-resisted|p1a: Skarmory
|-damage|p1a: Skarmory|99/100
|-enditem|p1a: Skarmory|Leftovers|[from] move: Knock Off|[of] p2a: Hariyama
|-hint|In Gens 3-4, Knock Off only makes the target's item unusable; it cannot obtain a new item.
|
|-weather|Sandstorm|[upkeep]
|-damage|p2a: Hariyama|94/100|[from] Sandstorm
|-heal|p2a: Hariyama|100/100|[from] item: Leftovers
|upkeep
|turn|2
|
|t:|1728584375
|switch|p2a: Metagross|Metagross|100/100
|move|p1a: Skarmory|Spikes|p2a: Metagross
|-sidestart|p2: siummmette|Spikes
|
|-weather|Sandstorm|[upkeep]
|upkeep
|turn|3
|
|t:|1728584381
|move|p2a: Metagross|Meteor Mash|p1a: Skarmory
|-resisted|p1a: Skarmory
|-damage|p1a: Skarmory|68/100
|move|p1a: Skarmory|Whirlwind|p2a: Metagross
|drag|p2a: Hariyama|Hariyama, M|100/100
|-damage|p2a: Hariyama|88/100|[from] Spikes
|
|-weather|Sandstorm|[upkeep]
|-damage|p2a: Hariyama|82/100|[from] Sandstorm
|-heal|p2a: Hariyama|88/100|[from] item: Leftovers
|upkeep
|turn|4
|
|t:|1728584388
|-singleturn|p2a: Hariyama|move: Focus Punch
|move|p1a: Skarmory|Spikes|p2a: Hariyama
|-sidestart|p2: siummmette|Spikes
|move|p2a: Hariyama|Focus Punch|p1a: Skarmory
|-damage|p1a: Skarmory|17/100
|
|-weather|Sandstorm|[upkeep]
|-damage|p2a: Hariyama|82/100|[from] Sandstorm
|-heal|p2a: Hariyama|88/100|[from] item: Leftovers
|upkeep
|turn|5
|
|t:|1728584395
|move|p1a: Skarmory|Spikes|p2a: Hariyama
|-sidestart|p2: siummmette|Spikes
|move|p2a: Hariyama|Cross Chop|p1a: Skarmory
|-damage|p1a: Skarmory|0 fnt
|faint|p1a: Skarmory
|
|t:|1728584400
|switch|p1a: Swampert|Swampert, F|100/100
|
|-weather|Sandstorm|[upkeep]
|-damage|p2a: Hariyama|82/100|[from] Sandstorm
|-heal|p2a: Hariyama|88/100|[from] item: Leftovers
|upkeep
|turn|6
|
|t:|1728584406
|move|p1a: Swampert|Hydro Pump|p2a: Hariyama|[miss]
|-miss|p1a: Swampert|p2a: Hariyama
|move|p2a: Hariyama|Knock Off|p1a: Swampert
|-damage|p1a: Swampert|98/100
|-enditem|p1a: Swampert|Leftovers|[from] move: Knock Off|[of] p2a: Hariyama
|
|-weather|Sandstorm|[upkeep]
|-damage|p2a: Hariyama|82/100|[from] Sandstorm
|-heal|p2a: Hariyama|88/100|[from] item: Leftovers
|upkeep
|turn|7
|
|t:|1728584412
|move|p1a: Swampert|Hydro Pump|p2a: Hariyama
|-damage|p2a: Hariyama|52/100
|move|p2a: Hariyama|Cross Chop|p1a: Swampert
|-crit|p1a: Swampert
|-damage|p1a: Swampert|34/100
|
|-weather|Sandstorm|[upkeep]
|-damage|p2a: Hariyama|46/100|[from] Sandstorm
|-heal|p2a: Hariyama|52/100|[from] item: Leftovers
|upkeep
|turn|8
|
|t:|1728584419
|move|p1a: Swampert|Earthquake|p2a: Hariyama
|-damage|p2a: Hariyama|18/100
|move|p2a: Hariyama|Cross Chop|p1a: Swampert
|-damage|p1a: Swampert|0 fnt
|faint|p1a: Swampert
|
|t:|1728584431
|switch|p1a: Tyranitar|Tyranitar, F|100/100
|
|-weather|Sandstorm|[upkeep]
|-damage|p2a: Hariyama|11/100|[from] Sandstorm
|-heal|p2a: Hariyama|18/100|[from] item: Leftovers
|upkeep
|turn|9
|
|t:|1728584434
|move|p1a: Tyranitar|Earthquake|p2a: Hariyama
|-damage|p2a: Hariyama|0 fnt
|faint|p2a: Hariyama
|
|t:|1728584442
|switch|p2a: Metagross|Metagross|100/100
|-damage|p2a: Metagross|76/100|[from] Spikes
|
|-weather|Sandstorm|[upkeep]
|upkeep
|turn|10
|
|t:|1728584447
|switch|p1a: Moltres|Moltres|100/100
|move|p2a: Metagross|Meteor Mash|p1a: Moltres
|-resisted|p1a: Moltres
|-damage|p1a: Moltres|50/100
|
|-weather|Sandstorm|[upkeep]
|-damage|p1a: Moltres|44/100|[from] Sandstorm
|-heal|p1a: Moltres|50/100|[from] item: Leftovers
|upkeep
|turn|11
|
|t:|1728584457
|switch|p2a: Salamence|Salamence, F|100/100
|-ability|p2a: Salamence|Intimidate|boost
|-unboost|p1a: Moltres|atk|1
|move|p1a: Moltres|Will-O-Wisp|p2a: Salamence|[miss]
|-miss|p1a: Moltres|p2a: Salamence
|
|-weather|Sandstorm|[upkeep]
|-damage|p2a: Salamence|94/100|[from] Sandstorm
|-damage|p1a: Moltres|44/100|[from] Sandstorm
|-heal|p2a: Salamence|100/100|[from] item: Leftovers
|-heal|p1a: Moltres|50/100|[from] item: Leftovers
|upkeep
|turn|12
|
|t:|1728584476
|move|p2a: Salamence|Dragon Claw|p1a: Moltres
|-damage|p1a: Moltres|3/100
|move|p1a: Moltres|Will-O-Wisp|p2a: Salamence
|-status|p2a: Salamence|brn
|
|-weather|Sandstorm|[upkeep]
|-damage|p2a: Salamence|94/100 brn|[from] Sandstorm
|-damage|p1a: Moltres|0 fnt|[from] Sandstorm
|faint|p1a: Moltres
|-heal|p2a: Salamence|100/100 brn|[from] item: Leftovers
|-damage|p2a: Salamence|88/100 brn|[from] brn
|upkeep
|
|t:|1728584480
|switch|p1a: Blissey|Blissey, F|100/100
|turn|13
|
|t:|1728584484
|move|p2a: Salamence|Wish|p2a: Salamence
|move|p1a: Blissey|Seismic Toss|p2a: Salamence
|-damage|p2a: Salamence|58/100 brn
|
|-weather|Sandstorm|[upkeep]
|-damage|p2a: Salamence|52/100 brn|[from] Sandstorm
|-damage|p1a: Blissey|94/100|[from] Sandstorm
|-heal|p2a: Salamence|58/100 brn|[from] item: Leftovers
|-damage|p2a: Salamence|46/100 brn|[from] brn
|-heal|p1a: Blissey|100/100|[from] item: Leftovers
|upkeep
|turn|14
|
|t:|1728584492
|switch|p1a: Gengar|Gengar, F|100/100
|move|p2a: Salamence|Protect||[still]
|-fail|p2a: Salamence
|
|-heal|p2a: Salamence|95/100 brn|[from] move: Wish|[wisher] Salamence
|-weather|Sandstorm|[upkeep]
|-damage|p1a: Gengar|94/100|[from] Sandstorm
|-damage|p2a: Salamence|89/100 brn|[from] Sandstorm
|-heal|p1a: Gengar|100/100|[from] item: Leftovers
|-heal|p2a: Salamence|95/100 brn|[from] item: Leftovers
|-damage|p2a: Salamence|83/100 brn|[from] brn
|upkeep
|turn|15
|
|t:|1728584500
|move|p1a: Gengar|Ice Punch|p2a: Salamence
|-supereffective|p2a: Salamence
|-damage|p2a: Salamence|0 fnt
|faint|p2a: Salamence
|
|t:|1728584508
|switch|p2a: Jolteon|Jolteon, F|100/100
|-damage|p2a: Jolteon|76/100|[from] Spikes
|
|-weather|Sandstorm|[upkeep]
|-damage|p2a: Jolteon|69/100|[from] Sandstorm
|-damage|p1a: Gengar|94/100|[from] Sandstorm
|-heal|p2a: Jolteon|76/100|[from] item: Leftovers
|-heal|p1a: Gengar|100/100|[from] item: Leftovers
|upkeep
|turn|16
|
|t:|1728584512
|move|p2a: Jolteon|Baton Pass|p2a: Jolteon
|
|t:|1728584517
|switch|p2a: Swampert|Swampert, M|100/100|[from] Baton Pass
|-damage|p2a: Swampert|76/100|[from] Spikes
|move|p1a: Gengar|Ice Punch|p2a: Swampert
|-damage|p2a: Swampert|57/100
|
|-weather|Sandstorm|[upkeep]
|-damage|p1a: Gengar|94/100|[from] Sandstorm
|-heal|p1a: Gengar|100/100|[from] item: Leftovers
|-heal|p2a: Swampert|63/100|[from] item: Leftovers
|upkeep
|turn|17
|
|t:|1728584522
|move|p2a: Swampert|Protect|p2a: Swampert
|-singleturn|p2a: Swampert|Protect
|move|p1a: Gengar|Will-O-Wisp|p2a: Swampert
|-activate|p2a: Swampert|Protect
|
|-weather|Sandstorm|[upkeep]
|-damage|p1a: Gengar|94/100|[from] Sandstorm
|-heal|p1a: Gengar|100/100|[from] item: Leftovers
|-heal|p2a: Swampert|69/100|[from] item: Leftovers
|upkeep
|turn|18
|
|t:|1728584527
|move|p1a: Gengar|Will-O-Wisp|p2a: Swampert
|-status|p2a: Swampert|brn
|move|p2a: Swampert|Hydro Pump|p1a: Gengar|[miss]
|-miss|p2a: Swampert|p1a: Gengar
|
|-weather|Sandstorm|[upkeep]
|-damage|p1a: Gengar|94/100|[from] Sandstorm
|-heal|p1a: Gengar|100/100|[from] item: Leftovers
|-heal|p2a: Swampert|75/100 brn|[from] item: Leftovers
|-damage|p2a: Swampert|63/100 brn|[from] brn
|upkeep
|turn|19
|
|t:|1728584534
|switch|p1a: Blissey|Blissey, F|100/100
|switch|p2a: Forretress|Forretress, F|100/100
|-damage|p2a: Forretress|76/100|[from] Spikes
|
|-weather|Sandstorm|[upkeep]
|-damage|p1a: Blissey|94/100|[from] Sandstorm
|-heal|p1a: Blissey|100/100|[from] item: Leftovers
|-heal|p2a: Forretress|82/100|[from] item: Leftovers
|upkeep
|turn|20
|
|t:|1728584542
|move|p1a: Blissey|Seismic Toss|p2a: Forretress
|-damage|p2a: Forretress|54/100
|move|p2a: Forretress|Spikes|p1a: Blissey
|-sidestart|p1: Jnho|Spikes
|
|-weather|Sandstorm|[upkeep]
|-damage|p1a: Blissey|94/100|[from] Sandstorm
|-heal|p1a: Blissey|100/100|[from] item: Leftovers
|-heal|p2a: Forretress|60/100|[from] item: Leftovers
|upkeep
|turn|21
|
|t:|1728584548
|switch|p1a: Gengar|Gengar, F|100/100
|move|p2a: Forretress|Spikes|p1a: Gengar
|-sidestart|p1: Jnho|Spikes
|
|-weather|Sandstorm|[upkeep]
|-damage|p1a: Gengar|94/100|[from] Sandstorm
|-heal|p1a: Gengar|100/100|[from] item: Leftovers
|-heal|p2a: Forretress|66/100|[from] item: Leftovers
|upkeep
|turn|22
|
|t:|1728584554
|move|p1a: Gengar|Will-O-Wisp|p2a: Forretress
|-status|p2a: Forretress|brn
|move|p2a: Forretress|Spikes|p1a: Gengar
|-sidestart|p1: Jnho|Spikes
|
|-weather|Sandstorm|[upkeep]
|-damage|p1a: Gengar|94/100|[from] Sandstorm
|-heal|p1a: Gengar|100/100|[from] item: Leftovers
|-heal|p2a: Forretress|72/100 brn|[from] item: Leftovers
|-damage|p2a: Forretress|60/100 brn|[from] brn
|upkeep
|turn|23
|
|t:|1728584564
|move|p1a: Gengar|Thunderbolt|p2a: Forretress
|-damage|p2a: Forretress|34/100 brn
|move|p2a: Forretress|Explosion|p1a: Gengar
|-immune|p1a: Gengar
|faint|p2a: Forretress
|
|t:|1728584569
|switch|p2a: Jolteon|Jolteon, F|76/100
|-damage|p2a: Jolteon|51/100|[from] Spikes
|
|-weather|Sandstorm|[upkeep]
|-damage|p2a: Jolteon|45/100|[from] Sandstorm
|-damage|p1a: Gengar|94/100|[from] Sandstorm
|-heal|p2a: Jolteon|51/100|[from] item: Leftovers
|-heal|p1a: Gengar|100/100|[from] item: Leftovers
|upkeep
|turn|24
|
|t:|1728584575
|switch|p1a: Blissey|Blissey, F|100/100
|-damage|p1a: Blissey|76/100|[from] Spikes
|move|p2a: Jolteon|Roar|p1a: Blissey
|drag|p1a: Gengar|Gengar, F|100/100
|
|-weather|Sandstorm|[upkeep]
|-damage|p2a: Jolteon|45/100|[from] Sandstorm
|-damage|p1a: Gengar|94/100|[from] Sandstorm
|-heal|p2a: Jolteon|51/100|[from] item: Leftovers
|-heal|p1a: Gengar|100/100|[from] item: Leftovers
|upkeep
|turn|25
|
|t:|1728584585
|move|p1a: Gengar|Ice Punch|p2a: Jolteon
|-damage|p2a: Jolteon|25/100
|move|p2a: Jolteon|Roar|p1a: Gengar
|drag|p1a: Tyranitar|Tyranitar, F|100/100
|-damage|p1a: Tyranitar|75/100|[from] Spikes
|
|-weather|Sandstorm|[upkeep]
|-damage|p2a: Jolteon|18/100|[from] Sandstorm
|-heal|p2a: Jolteon|25/100|[from] item: Leftovers
|-heal|p1a: Tyranitar|82/100|[from] item: Leftovers
|upkeep
|turn|26
|
|t:|1728584592
|move|p2a: Jolteon|Thunderbolt|p1a: Tyranitar
|-damage|p1a: Tyranitar|48/100
|move|p1a: Tyranitar|Earthquake|p2a: Jolteon
|-supereffective|p2a: Jolteon
|-damage|p2a: Jolteon|0 fnt
|faint|p2a: Jolteon
|
|t:|1728584601
|switch|p2a: Metagross|Metagross|76/100
|-damage|p2a: Metagross|51/100|[from] Spikes
|
|-weather|Sandstorm|[upkeep]
|-heal|p1a: Tyranitar|54/100|[from] item: Leftovers
|upkeep
|turn|27
|
|t:|1728584605
|move|p2a: Metagross|Meteor Mash|p1a: Tyranitar
|-supereffective|p1a: Tyranitar
|-damage|p1a: Tyranitar|0 fnt
|faint|p1a: Tyranitar
|
|t:|1728584607
|switch|p1a: Gengar|Gengar, F|100/100
|
|-weather|Sandstorm|[upkeep]
|-damage|p1a: Gengar|94/100|[from] Sandstorm
|-heal|p1a: Gengar|100/100|[from] item: Leftovers
|upkeep
|turn|28
|
|t:|1728584612
|move|p1a: Gengar|Will-O-Wisp|p2a: Metagross|[miss]
|-miss|p1a: Gengar|p2a: Metagross
|move|p2a: Metagross|Meteor Mash|p1a: Gengar
|-damage|p1a: Gengar|0 fnt
|faint|p1a: Gengar
|
|t:|1728584615
|switch|p1a: Blissey|Blissey, F|76/100
|-damage|p1a: Blissey|51/100|[from] Spikes
|
|-weather|Sandstorm|[upkeep]
|-damage|p1a: Blissey|45/100|[from] Sandstorm
|-heal|p1a: Blissey|51/100|[from] item: Leftovers
|upkeep
|turn|29
|
|t:|1728584618
|move|p2a: Metagross|Meteor Mash|p1a: Blissey
|-damage|p1a: Blissey|0 fnt
|faint|p1a: Blissey
|
|win|siummmette
|c|☆Jnho|gg
|c|☆siummmette|gg
|player|p2|

</script>
<script type="application/json" class="data" id="replaydata-smogtours-gen3ou-796956">
{"id":"smogtours-gen3ou-796956","format":"[Gen 3] OU","players":["Jnho","siummmette"],"uploadtime":1728584618,"views":91,"formatid":"gen3ou","rating":null,"private":0,"password":null}
</script>

<script defer src="js/replays.js?9d40a366"></script>
