<!DOCTYPE html>
<meta charset="utf-8" />
<meta name="viewport" content="width=device-width" />

<title>[Gen 3] OU: Buzzed27 vs. jank_city.mp4 - Replays - Pok&eacute;mon Showdown!</title>

<meta name="description" content="Watch a replay of a Pok&eacute;mon battle between Buzzed27 and jank_city.mp4! Format: [Gen 3] OU; Date: Oct 30, 2024" />
<!--

Hey, you! Looking in the source for the replay log?

You can find them in JSON format, just add `.json` at the end of a replay URL.

https://replay.pokemonshowdown.com/gen7randomdoublesbattle-865046831.json

Or, if you only need the log itself, add `.log` instead:

https://replay.pokemonshowdown.com/gen7randomdoublesbattle-865046831.log

-->

<link rel="stylesheet" href="//pokemonshowdown.com/style/global.css?0.023195364461161105" />
<link rel="stylesheet" href="//play.pokemonshowdown.com/style/font-awesome.css?0.13261647063804238" />
<link rel="stylesheet" href="//play.pokemonshowdown.com/style/battle.css?0.8753245789963631" />
<link rel="stylesheet" href="//play.pokemonshowdown.com/style/utilichart.css?0.8627959624976733" />

<!-- Global site tag (gtag.js) - Google Analytics -->
<script async src="https://www.googletagmanager.com/gtag/js?id=UA-26211653-1"></script>
<script>
  window.dataLayer = window.dataLayer || [];
  function gtag(){dataLayer.push(arguments);}
  gtag('js', new Date());

  gtag('config', 'UA-26211653-1');
</script>
<!-- End Google Analytics -->
<!-- Venatus Ad Manager - Install in <HEAD> of page -->
	<script src="https://hb.vntsm.com/v3/live/ad-manager.min.js" type="text/javascript" data-site-id="642aba63ec9a7b11c3c9c1be" data-mode="scan" async></script>
<!-- / Venatus Ad Manager -->

<style>
	@media (max-width:820px) {
		.battle {
			margin: 0 auto;
		}
		.battle-log {
			margin: 7px auto 0;
			max-width: 640px;
			height: 300px;
			position: static;
		}
	}
	.optgroup {
		display: inline-block;
		line-height: 22px;
		font-size: 10pt;
	}
	.optgroup .button {
		height: 25px;
		padding-top: 0;
		padding-bottom: 0;
	}
	.optgroup button.button {
		padding-left: 12px;
		padding-right: 12px;
	}
	.linklist {
		list-style: none;
		margin: 0.5em 0;
		padding: 0;
	}
	.linklist li {
		padding: 2px 0;
	}
	.sidebar {
		float: left;
		width: 320px;
	}
	.bar-wrapper {
		max-width: 1100px;
		margin: 0 auto;
	}
	.bar-wrapper.has-sidebar {
		max-width: 1430px;
	}
	.mainbar {
		margin: 0;
		padding-right: 1px;
	}
	.mainbar.has-sidebar {
		margin-left: 330px;
	}
	@media (min-width: 1511px) {
		.sidebar {
			width: 400px;
		}
		.bar-wrapper.has-sidebar {
			max-width: 1510px;
		}
		.mainbar.has-sidebar {
			margin-left: 410px;
		}
	}
	.section.first-section {
		margin-top: 9px;
	}
	.blocklink small {
		white-space: normal;
	}
	.button {
		vertical-align: middle;
	}
	.replay-controls {
		padding-top: 10px;
	}
	.replay-controls h1 {
		font-size: 16pt;
		font-weight: normal;
		color: #CCC;
	}
	.pagelink {
		text-align: center;
	}
	.pagelink a {
		width: 150px;
	}
	.textbox, .button {
		font-size: 11pt;
		vertical-align: middle;
	}
	@media (max-width: 450px) {
		.button {
			font-size: 9pt;
		}
	}
</style>

<div>

	<header>
		<div class="nav-wrapper"><ul class="nav">
			<li><a class="button nav-first" href="//pokemonshowdown.com/"><img src="//pokemonshowdown.com/images/pokemonshowdownbeta.png" srcset="//pokemonshowdown.com/images/pokemonshowdownbeta.png 1x, //pokemonshowdown.com/images/pokemonshowdownbeta@2x.png 2x" alt="Pok&eacute;mon Showdown" width="146" height="44" /> Home</a></li>
			<li><a class="button" href="//pokemonshowdown.com/dex/">Pok&eacute;dex</a></li>
			<li><a class="button cur" href="/">Replays</a></li>
			<li><a class="button" href="//pokemonshowdown.com/ladder/">Ladder</a></li>
			<li><a class="button nav-last" href="//pokemonshowdown.com/forums/">Forum</a></li>
			<li><a class="button greenbutton nav-first nav-last" href="//play.pokemonshowdown.com/">Play</a></li>
		</ul></div>
	</header>

	<div class="main" id="main">

		<noscript><section class="section">You need to enable JavaScript to use this page; sorry!</section></noscript>

	</div>

</div>

<script defer nomodule src="//play.pokemonshowdown.com/js/lib/ps-polyfill.js"></script>
<script defer src="//play.pokemonshowdown.com/js/lib/preact.min.js"></script>

<script defer src="//play.pokemonshowdown.com/config/config.js?2bddbc15"></script>
<script defer src="//play.pokemonshowdown.com/js/lib/jquery-1.11.0.min.js"></script>
<script defer src="//play.pokemonshowdown.com/js/lib/html-sanitizer-minified.js"></script>
<script defer src="//play.pokemonshowdown.com/js/battle-sound.js"></script>
<script defer src="//play.pokemonshowdown.com/js/battledata.js?0.7209276989879541"></script>
<script defer src="//play.pokemonshowdown.com/data/pokedex-mini.js?0.6111056340867951"></script>
<script defer src="//play.pokemonshowdown.com/data/pokedex-mini-bw.js?0.3532142036491459"></script>
<script defer src="//play.pokemonshowdown.com/data/graphics.js?0.24223875632456182"></script>
<script defer src="//play.pokemonshowdown.com/data/pokedex.js?0.38839984266356864"></script>
<script defer src="//play.pokemonshowdown.com/data/moves.js?0.21866028504024015"></script>
<script defer src="//play.pokemonshowdown.com/data/abilities.js?0.2005157953846628"></script>
<script defer src="//play.pokemonshowdown.com/data/items.js?0.9894211263848525"></script>
<script defer src="//play.pokemonshowdown.com/data/teambuilder-tables.js?0.6008791140282215"></script>
<script defer src="//play.pokemonshowdown.com/js/battle-tooltips.js?0.7580118955022959"></script>
<script defer src="//play.pokemonshowdown.com/js/battle.js?0.6057722274234274"></script>

<script defer src="js/utils.js?e31f9a17"></script>
<script defer src="js/replays-battle.js?7008c182"></script>

<!-- don't scrape this data! just add .json or .log after the URL!
Full API docs: https://github.com/smogon/pokemon-showdown-client/blob/master/WEB-API.md -->
<script type="text/plain" class="log" id="replaylog-smogtours-gen3ou-803400">
|inactive|Battle timer is ON: inactive players will automatically lose when time's up.
|t:|1730250966
|gametype|singles
|player|p1|Buzzed27|clay|
|player|p2|jank_city.mp4|workerice|
|teamsize|p1|6
|teamsize|p2|6
|gen|3
|tier|[Gen 3] OU
|rule|Sleep Clause Mod: Limit one foe put to sleep
|rule|Switch Priority Clause Mod: Faster Pokémon switch first
|rule|Species Clause: Limit one of each Pokémon
|rule|OHKO Clause: OHKO moves are banned
|rule|Evasion Items Clause: Evasion items are banned
|rule|Evasion Moves Clause: Evasion moves are banned
|rule|Endless Battle Clause: Forcing endless battles is banned
|rule|HP Percentage Mod: HP is shown in percentages
|rule|One Boost Passer Clause: Limit one Baton Passer that has a way to boost its stats
|rule|Freeze Clause Mod: Limit one foe frozen
|
|t:|1730250966
|start
|switch|p1a: Tyranitar|Tyranitar, F|100/100
|switch|p2a: Tyranitar|Tyranitar, F|100/100
|-weather|Sandstorm|[from] ability: Sand Stream|[of] p2a: Tyranitar
|turn|1
|
|t:|1730250979
|move|p2a: Tyranitar|Brick Break|p1a: Tyranitar
|-supereffective|p1a: Tyranitar
|-damage|p1a: Tyranitar|31/100
|move|p1a: Tyranitar|Counter|p2a: Tyranitar
|-damage|p2a: Tyranitar|0 fnt
|faint|p2a: Tyranitar
|c|☆jank_city.mp4|my b
|
|t:|1730251000
|switch|p2a: Moltres|Moltres|100/100
|
|-weather|Sandstorm|[upkeep]
|-damage|p2a: Moltres|94/100|[from] Sandstorm
|-heal|p2a: Moltres|100/100|[from] item: Leftovers
|-heal|p1a: Tyranitar|38/100|[from] item: Leftovers
|upkeep
|turn|2
|
|t:|1730251009
|switch|p1a: Blissey|Blissey, F|100/100
|move|p2a: Moltres|Will-O-Wisp|p1a: Blissey|[miss]
|-miss|p2a: Moltres|p1a: Blissey
|
|-weather|Sandstorm|[upkeep]
|-damage|p2a: Moltres|94/100|[from] Sandstorm
|-damage|p1a: Blissey|94/100|[from] Sandstorm
|-heal|p2a: Moltres|100/100|[from] item: Leftovers
|-heal|p1a: Blissey|100/100|[from] item: Leftovers
|upkeep
|turn|3
|
|t:|1730251015
|switch|p2a: Skarmory|Skarmory, M|100/100
|move|p1a: Blissey|Thunderbolt|p2a: Skarmory
|-supereffective|p2a: Skarmory
|-damage|p2a: Skarmory|52/100
|
|-weather|Sandstorm|[upkeep]
|-damage|p1a: Blissey|94/100|[from] Sandstorm
|-heal|p2a: Skarmory|58/100|[from] item: Leftovers
|-heal|p1a: Blissey|100/100|[from] item: Leftovers
|upkeep
|turn|4
|
|t:|1730251027
|move|p2a: Skarmory|Protect|p2a: Skarmory
|-singleturn|p2a: Skarmory|Protect
|move|p1a: Blissey|Calm Mind|p1a: Blissey
|-boost|p1a: Blissey|spa|1
|-boost|p1a: Blissey|spd|1
|
|-weather|Sandstorm|[upkeep]
|-damage|p1a: Blissey|94/100|[from] Sandstorm
|-heal|p2a: Skarmory|64/100|[from] item: Leftovers
|-heal|p1a: Blissey|100/100|[from] item: Leftovers
|upkeep
|turn|5
|
|t:|1730251031
|switch|p2a: Swampert|Swampert, F|100/100
|move|p1a: Blissey|Thunderbolt|p2a: Swampert
|-immune|p2a: Swampert
|
|-weather|Sandstorm|[upkeep]
|-damage|p1a: Blissey|94/100|[from] Sandstorm
|-heal|p1a: Blissey|100/100|[from] item: Leftovers
|upkeep
|turn|6
|inactive|Buzzed27 has 270 seconds left.
|
|t:|1730251066
|move|p2a: Swampert|Curse|p2a: Swampert
|-unboost|p2a: Swampert|spe|1
|-boost|p2a: Swampert|atk|1
|-boost|p2a: Swampert|def|1
|move|p1a: Blissey|Ice Beam|p2a: Swampert
|-damage|p2a: Swampert|70/100
|
|-weather|Sandstorm|[upkeep]
|-damage|p1a: Blissey|94/100|[from] Sandstorm
|-heal|p1a: Blissey|100/100|[from] item: Leftovers
|-heal|p2a: Swampert|76/100|[from] item: Leftovers
|upkeep
|turn|7
|inactive|Buzzed27 has 270 seconds left.
|
|t:|1730251076
|switch|p1a: Moltres|Moltres|100/100
|move|p2a: Swampert|Earthquake|p1a: Moltres
|-immune|p1a: Moltres
|
|-weather|Sandstorm|[upkeep]
|-damage|p1a: Moltres|94/100|[from] Sandstorm
|-heal|p1a: Moltres|100/100|[from] item: Leftovers
|-heal|p2a: Swampert|83/100|[from] item: Leftovers
|upkeep
|turn|8
|
|t:|1730251079
|move|p2a: Swampert|Protect|p2a: Swampert
|-singleturn|p2a: Swampert|Protect
|move|p1a: Moltres|Hidden Power|p2a: Swampert
|-activate|p2a: Swampert|Protect
|
|-weather|Sandstorm|[upkeep]
|-damage|p1a: Moltres|94/100|[from] Sandstorm
|-heal|p1a: Moltres|100/100|[from] item: Leftovers
|-heal|p2a: Swampert|89/100|[from] item: Leftovers
|upkeep
|turn|9
|
|t:|1730251083
|move|p1a: Moltres|Hidden Power|p2a: Swampert
|-supereffective|p2a: Swampert
|-damage|p2a: Swampert|22/100
|move|p2a: Swampert|Hidden Power|p1a: Moltres
|-supereffective|p1a: Moltres
|-damage|p1a: Moltres|0 fnt
|faint|p1a: Moltres
|inactive|Buzzed27 has 270 seconds left.
|inactive|Buzzed27 has 240 seconds left.
|inactive|Buzzed27 has 210 seconds left.
|
|t:|1730251169
|switch|p1a: Tyranitar|Tyranitar, F|38/100
|
|-weather|Sandstorm|[upkeep]
|-heal|p1a: Tyranitar|44/100|[from] item: Leftovers
|-heal|p2a: Swampert|29/100|[from] item: Leftovers
|upkeep
|turn|10
|
|t:|1730251176
|move|p2a: Swampert|Protect|p2a: Swampert
|-singleturn|p2a: Swampert|Protect
|move|p1a: Tyranitar|Crunch|p2a: Swampert
|-activate|p2a: Swampert|Protect
|
|-weather|Sandstorm|[upkeep]
|-heal|p1a: Tyranitar|50/100|[from] item: Leftovers
|-heal|p2a: Swampert|35/100|[from] item: Leftovers
|upkeep
|turn|11
|
|t:|1730251180
|switch|p2a: Skarmory|Skarmory, M|64/100
|move|p1a: Tyranitar|Crunch|p2a: Skarmory
|-resisted|p2a: Skarmory
|-damage|p2a: Skarmory|48/100
|
|-weather|Sandstorm|[upkeep]
|-heal|p2a: Skarmory|53/100|[from] item: Leftovers
|-heal|p1a: Tyranitar|56/100|[from] item: Leftovers
|upkeep
|turn|12
|
|t:|1730251186
|switch|p2a: Blissey|Blissey, F|100/100
|move|p1a: Tyranitar|Crunch|p2a: Blissey
|-damage|p2a: Blissey|85/100
|
|-weather|Sandstorm|[upkeep]
|-damage|p2a: Blissey|79/100|[from] Sandstorm
|-heal|p1a: Tyranitar|62/100|[from] item: Leftovers
|-heal|p2a: Blissey|85/100|[from] item: Leftovers
|upkeep
|turn|13
|inactive|Buzzed27 has 240 seconds left.
|c|☆Buzzed27|That's a super specially bulky Pert
|inactive|Buzzed27 has 210 seconds left.
|
|t:|1730251230
|switch|p1a: Forretress|Forretress, M|100/100
|move|p2a: Blissey|Wish|p2a: Blissey
|
|-weather|Sandstorm|[upkeep]
|-damage|p2a: Blissey|79/100|[from] Sandstorm
|-heal|p2a: Blissey|85/100|[from] item: Leftovers
|upkeep
|turn|14
|inactive|Buzzed27 has 210 seconds left.
|c|☆jank_city.mp4|aw fuck
|
|t:|1730251239
|switch|p2a: Swampert|Swampert, F|35/100
|move|p1a: Forretress|Earthquake|p2a: Swampert
|-damage|p2a: Swampert|18/100
|
|-heal|p2a: Swampert|67/100|[from] move: Wish|[wisher] Blissey
|-weather|Sandstorm|[upkeep]
|-heal|p2a: Swampert|74/100|[from] item: Leftovers
|upkeep
|turn|15
|inactive|Buzzed27 has 210 seconds left.
|
|t:|1730251256
|switch|p2a: Moltres|Moltres|100/100
|switch|p1a: Jirachi|Jirachi|100/100
|
|-weather|Sandstorm|[upkeep]
|-damage|p2a: Moltres|94/100|[from] Sandstorm
|-heal|p2a: Moltres|100/100|[from] item: Leftovers
|upkeep
|turn|16
|inactive|Buzzed27 has 210 seconds left.
|
|t:|1730251272
|switch|p2a: Blissey|Blissey, F|85/100
|move|p1a: Jirachi|Protect||[still]
|-fail|p1a: Jirachi
|
|-weather|Sandstorm|[upkeep]
|-damage|p2a: Blissey|79/100|[from] Sandstorm
|-heal|p2a: Blissey|85/100|[from] item: Leftovers
|upkeep
|turn|17
|
|t:|1730251280
|move|p1a: Jirachi|Toxic|p2a: Blissey
|-status|p2a: Blissey|tox
|move|p2a: Blissey|Wish|p2a: Blissey
|
|-weather|Sandstorm|[upkeep]
|-damage|p2a: Blissey|79/100 tox|[from] Sandstorm
|-heal|p2a: Blissey|85/100 tox|[from] item: Leftovers
|-damage|p2a: Blissey|79/100 tox|[from] psn
|upkeep
|turn|18
|
|t:|1730251286
|-curestatus|p2a: Blissey|tox|[from] ability: Natural Cure
|switch|p2a: Skarmory|Skarmory, M|53/100
|move|p1a: Jirachi|Fire Punch|p2a: Skarmory
|-supereffective|p2a: Skarmory
|-damage|p2a: Skarmory|22/100
|
|-heal|p2a: Skarmory|72/100|[from] move: Wish|[wisher] Blissey
|-weather|Sandstorm|[upkeep]
|-heal|p2a: Skarmory|78/100|[from] item: Leftovers
|upkeep
|turn|19
|
|t:|1730251293
|switch|p2a: Moltres|Moltres|100/100
|move|p1a: Jirachi|Fire Punch|p2a: Moltres
|-resisted|p2a: Moltres
|-damage|p2a: Moltres|91/100
|
|-weather|Sandstorm|[upkeep]
|-damage|p2a: Moltres|84/100|[from] Sandstorm
|-heal|p2a: Moltres|91/100|[from] item: Leftovers
|upkeep
|turn|20
|
|t:|1730251311
|switch|p1a: Blissey|Blissey, F|100/100
|move|p2a: Moltres|Flamethrower|p1a: Blissey
|-damage|p1a: Blissey|81/100
|
|-weather|Sandstorm|[upkeep]
|-damage|p2a: Moltres|84/100|[from] Sandstorm
|-damage|p1a: Blissey|75/100|[from] Sandstorm
|-heal|p2a: Moltres|91/100|[from] item: Leftovers
|-heal|p1a: Blissey|81/100|[from] item: Leftovers
|upkeep
|turn|21
|
|t:|1730251324
|switch|p2a: Jirachi|Jirachi|100/100
|move|p1a: Blissey|Calm Mind|p1a: Blissey
|-boost|p1a: Blissey|spa|1
|-boost|p1a: Blissey|spd|1
|
|-weather|Sandstorm|[upkeep]
|-damage|p1a: Blissey|75/100|[from] Sandstorm
|-heal|p1a: Blissey|81/100|[from] item: Leftovers
|upkeep
|turn|22
|
|t:|1730251333
|move|p2a: Jirachi|Calm Mind|p2a: Jirachi
|-boost|p2a: Jirachi|spa|1
|-boost|p2a: Jirachi|spd|1
|move|p1a: Blissey|Calm Mind|p1a: Blissey
|-boost|p1a: Blissey|spa|1
|-boost|p1a: Blissey|spd|1
|
|-weather|Sandstorm|[upkeep]
|-damage|p1a: Blissey|75/100|[from] Sandstorm
|-heal|p1a: Blissey|81/100|[from] item: Leftovers
|upkeep
|turn|23
|
|t:|1730251342
|move|p2a: Jirachi|Psychic|p1a: Blissey
|-damage|p1a: Blissey|70/100
|move|p1a: Blissey|Calm Mind|p1a: Blissey
|-boost|p1a: Blissey|spa|1
|-boost|p1a: Blissey|spd|1
|
|-weather|Sandstorm|[upkeep]
|-damage|p1a: Blissey|63/100|[from] Sandstorm
|-heal|p1a: Blissey|70/100|[from] item: Leftovers
|upkeep
|turn|24
|
|t:|1730251348
|move|p2a: Jirachi|Calm Mind|p2a: Jirachi
|-boost|p2a: Jirachi|spa|1
|-boost|p2a: Jirachi|spd|1
|move|p1a: Blissey|Calm Mind|p1a: Blissey
|-boost|p1a: Blissey|spa|1
|-boost|p1a: Blissey|spd|1
|
|-weather|Sandstorm|[upkeep]
|-damage|p1a: Blissey|63/100|[from] Sandstorm
|-heal|p1a: Blissey|70/100|[from] item: Leftovers
|upkeep
|turn|25
|
|t:|1730251351
|move|p2a: Jirachi|Calm Mind|p2a: Jirachi
|-boost|p2a: Jirachi|spa|1
|-boost|p2a: Jirachi|spd|1
|move|p1a: Blissey|Calm Mind|p1a: Blissey
|-boost|p1a: Blissey|spa|1
|-boost|p1a: Blissey|spd|1
|
|-weather|Sandstorm|[upkeep]
|-damage|p1a: Blissey|63/100|[from] Sandstorm
|-heal|p1a: Blissey|70/100|[from] item: Leftovers
|upkeep
|turn|26
|
|t:|1730251353
|move|p2a: Jirachi|Calm Mind|p2a: Jirachi
|-boost|p2a: Jirachi|spa|1
|-boost|p2a: Jirachi|spd|1
|move|p1a: Blissey|Calm Mind|p1a: Blissey
|-boost|p1a: Blissey|spa|1
|-boost|p1a: Blissey|spd|1
|
|-weather|Sandstorm|[upkeep]
|-damage|p1a: Blissey|63/100|[from] Sandstorm
|-heal|p1a: Blissey|70/100|[from] item: Leftovers
|upkeep
|turn|27
|
|t:|1730251355
|move|p2a: Jirachi|Calm Mind|p2a: Jirachi
|-boost|p2a: Jirachi|spa|1
|-boost|p2a: Jirachi|spd|1
|move|p1a: Blissey|Thunderbolt|p2a: Jirachi
|-damage|p2a: Jirachi|74/100
|
|-weather|Sandstorm|[upkeep]
|-damage|p1a: Blissey|63/100|[from] Sandstorm
|-heal|p2a: Jirachi|80/100|[from] item: Leftovers
|-heal|p1a: Blissey|70/100|[from] item: Leftovers
|upkeep
|turn|28
|c|☆jank_city.mp4|blunder
|inactive|Buzzed27 has 270 seconds left.
|
|t:|1730251370
|move|p2a: Jirachi|Calm Mind|p2a: Jirachi
|-boost|p2a: Jirachi|spa|1
|-boost|p2a: Jirachi|spd|1
|move|p1a: Blissey|Thunderbolt|p2a: Jirachi
|-damage|p2a: Jirachi|55/100
|
|-weather|Sandstorm|[upkeep]
|-damage|p1a: Blissey|63/100|[from] Sandstorm
|-heal|p2a: Jirachi|61/100|[from] item: Leftovers
|-heal|p1a: Blissey|70/100|[from] item: Leftovers
|upkeep
|turn|29
|inactive|Buzzed27 has 270 seconds left.
|
|t:|1730251377
|move|p2a: Jirachi|Psychic|p1a: Blissey
|-damage|p1a: Blissey|54/100
|move|p1a: Blissey|Soft-Boiled|p1a: Blissey
|-heal|p1a: Blissey|100/100
|
|-weather|Sandstorm|[upkeep]
|-damage|p1a: Blissey|94/100|[from] Sandstorm
|-heal|p2a: Jirachi|68/100|[from] item: Leftovers
|-heal|p1a: Blissey|100/100|[from] item: Leftovers
|upkeep
|turn|30
|
|t:|1730251380
|move|p2a: Jirachi|Psychic|p1a: Blissey
|-damage|p1a: Blissey|84/100
|move|p1a: Blissey|Thunderbolt|p2a: Jirachi
|-damage|p2a: Jirachi|42/100
|
|-weather|Sandstorm|[upkeep]
|-damage|p1a: Blissey|78/100|[from] Sandstorm
|-heal|p2a: Jirachi|48/100|[from] item: Leftovers
|-heal|p1a: Blissey|84/100|[from] item: Leftovers
|upkeep
|turn|31
|
|t:|1730251384
|move|p2a: Jirachi|Psychic|p1a: Blissey
|-damage|p1a: Blissey|68/100
|move|p1a: Blissey|Thunderbolt|p2a: Jirachi
|-damage|p2a: Jirachi|25/100
|
|-weather|Sandstorm|[upkeep]
|-damage|p1a: Blissey|62/100|[from] Sandstorm
|-heal|p2a: Jirachi|31/100|[from] item: Leftovers
|-heal|p1a: Blissey|68/100|[from] item: Leftovers
|upkeep
|turn|32
|
|t:|1730251386
|move|p2a: Jirachi|Psychic|p1a: Blissey
|-damage|p1a: Blissey|52/100
|-unboost|p1a: Blissey|spd|1
|move|p1a: Blissey|Soft-Boiled|p1a: Blissey
|-heal|p1a: Blissey|100/100
|
|-weather|Sandstorm|[upkeep]
|-damage|p1a: Blissey|94/100|[from] Sandstorm
|-heal|p2a: Jirachi|37/100|[from] item: Leftovers
|-heal|p1a: Blissey|100/100|[from] item: Leftovers
|upkeep
|turn|33
|
|t:|1730251388
|move|p2a: Jirachi|Psychic|p1a: Blissey
|-damage|p1a: Blissey|81/100
|move|p1a: Blissey|Thunderbolt|p2a: Jirachi
|-damage|p2a: Jirachi|14/100
|
|-weather|Sandstorm|[upkeep]
|-damage|p1a: Blissey|75/100|[from] Sandstorm
|-heal|p2a: Jirachi|20/100|[from] item: Leftovers
|-heal|p1a: Blissey|81/100|[from] item: Leftovers
|upkeep
|turn|34
|
|t:|1730251394
|move|p2a: Jirachi|Psychic|p1a: Blissey
|-crit|p1a: Blissey
|-damage|p1a: Blissey|0 fnt
|faint|p1a: Blissey
|c|☆jank_city.mp4|ok
|c|☆Buzzed27|Man
|c|☆jank_city.mp4|it's just one of those days i guess
|
|t:|1730251411
|switch|p1a: Swampert|Swampert, F|100/100
|
|-weather|Sandstorm|[upkeep]
|-heal|p2a: Jirachi|26/100|[from] item: Leftovers
|upkeep
|turn|35
|
|t:|1730251413
|move|p2a: Jirachi|Hidden Power|p1a: Swampert
|-supereffective|p1a: Swampert
|-damage|p1a: Swampert|0 fnt
|faint|p1a: Swampert
|c|☆Buzzed27|Yeah
|c|☆Buzzed27|that's it
|c|☆jank_city.mp4|sorry my friend
|
|t:|1730251425
|switch|p1a: Jirachi|Jirachi|100/100
|
|-weather|Sandstorm|[upkeep]
|-heal|p2a: Jirachi|32/100|[from] item: Leftovers
|upkeep
|turn|36
|
|t:|1730251428
|move|p2a: Jirachi|Fire Punch|p1a: Jirachi
|-supereffective|p1a: Jirachi
|-damage|p1a: Jirachi|0 fnt
|faint|p1a: Jirachi
|
|t:|1730251433
|switch|p1a: Tyranitar|Tyranitar, F|62/100
|
|-weather|Sandstorm|[upkeep]
|-heal|p2a: Jirachi|38/100|[from] item: Leftovers
|-heal|p1a: Tyranitar|69/100|[from] item: Leftovers
|upkeep
|turn|37
|
|t:|1730251435
|move|p2a: Jirachi|Hidden Power|p1a: Tyranitar
|-supereffective|p1a: Tyranitar
|-damage|p1a: Tyranitar|0 fnt
|faint|p1a: Tyranitar
|
|t:|1730251436
|switch|p1a: Forretress|Forretress, M|100/100
|
|-weather|Sandstorm|[upkeep]
|-heal|p2a: Jirachi|44/100|[from] item: Leftovers
|upkeep
|turn|38
|
|t:|1730251438
|move|p2a: Jirachi|Fire Punch|p1a: Forretress
|-supereffective|p1a: Forretress
|-damage|p1a: Forretress|0 fnt
|faint|p1a: Forretress
|
|win|jank_city.mp4
|c|☆jank_city.mp4|gg
|c|☆Buzzed27|one tbolt click away form a g3
|c|☆Buzzed27|gg

</script>
<script type="application/json" class="data" id="replaydata-smogtours-gen3ou-803400">
{"id":"smogtours-gen3ou-803400","format":"[Gen 3] OU","players":["Buzzed27","jank_city.mp4"],"uploadtime":1730251438,"views":82,"formatid":"gen3ou","rating":null,"private":0,"password":null}
</script>

<script defer src="js/replays.js?9d40a366"></script>
