<!DOCTYPE html>
<meta charset="utf-8" />
<meta name="viewport" content="width=device-width" />

<title>[Gen 3] OU: beignet2 vs. KoboldSorcerer - Replays - Pok&eacute;mon Showdown!</title>

<meta name="description" content="Watch a replay of a Pok&eacute;mon battle between beignet2 and KoboldSorcerer! Format: [Gen 3] OU; Date: Oct 29, 2024" />
<!--

Hey, you! Looking in the source for the replay log?

You can find them in JSON format, just add `.json` at the end of a replay URL.

https://replay.pokemonshowdown.com/gen7randomdoublesbattle-865046831.json

Or, if you only need the log itself, add `.log` instead:

https://replay.pokemonshowdown.com/gen7randomdoublesbattle-865046831.log

-->

<link rel="stylesheet" href="//pokemonshowdown.com/style/global.css?0.023195364461161105" />
<link rel="stylesheet" href="//play.pokemonshowdown.com/style/font-awesome.css?0.13261647063804238" />
<link rel="stylesheet" href="//play.pokemonshowdown.com/style/battle.css?0.8753245789963631" />
<link rel="stylesheet" href="//play.pokemonshowdown.com/style/utilichart.css?0.8627959624976733" />

<!-- Global site tag (gtag.js) - Google Analytics -->
<script async src="https://www.googletagmanager.com/gtag/js?id=UA-26211653-1"></script>
<script>
  window.dataLayer = window.dataLayer || [];
  function gtag(){dataLayer.push(arguments);}
  gtag('js', new Date());

  gtag('config', 'UA-26211653-1');
</script>
<!-- End Google Analytics -->
<!-- Venatus Ad Manager - Install in <HEAD> of page -->
	<script src="https://hb.vntsm.com/v3/live/ad-manager.min.js" type="text/javascript" data-site-id="642aba63ec9a7b11c3c9c1be" data-mode="scan" async></script>
<!-- / Venatus Ad Manager -->

<style>
	@media (max-width:820px) {
		.battle {
			margin: 0 auto;
		}
		.battle-log {
			margin: 7px auto 0;
			max-width: 640px;
			height: 300px;
			position: static;
		}
	}
	.optgroup {
		display: inline-block;
		line-height: 22px;
		font-size: 10pt;
	}
	.optgroup .button {
		height: 25px;
		padding-top: 0;
		padding-bottom: 0;
	}
	.optgroup button.button {
		padding-left: 12px;
		padding-right: 12px;
	}
	.linklist {
		list-style: none;
		margin: 0.5em 0;
		padding: 0;
	}
	.linklist li {
		padding: 2px 0;
	}
	.sidebar {
		float: left;
		width: 320px;
	}
	.bar-wrapper {
		max-width: 1100px;
		margin: 0 auto;
	}
	.bar-wrapper.has-sidebar {
		max-width: 1430px;
	}
	.mainbar {
		margin: 0;
		padding-right: 1px;
	}
	.mainbar.has-sidebar {
		margin-left: 330px;
	}
	@media (min-width: 1511px) {
		.sidebar {
			width: 400px;
		}
		.bar-wrapper.has-sidebar {
			max-width: 1510px;
		}
		.mainbar.has-sidebar {
			margin-left: 410px;
		}
	}
	.section.first-section {
		margin-top: 9px;
	}
	.blocklink small {
		white-space: normal;
	}
	.button {
		vertical-align: middle;
	}
	.replay-controls {
		padding-top: 10px;
	}
	.replay-controls h1 {
		font-size: 16pt;
		font-weight: normal;
		color: #CCC;
	}
	.pagelink {
		text-align: center;
	}
	.pagelink a {
		width: 150px;
	}
	.textbox, .button {
		font-size: 11pt;
		vertical-align: middle;
	}
	@media (max-width: 450px) {
		.button {
			font-size: 9pt;
		}
	}
</style>

<div>

	<header>
		<div class="nav-wrapper"><ul class="nav">
			<li><a class="button nav-first" href="//pokemonshowdown.com/"><img src="//pokemonshowdown.com/images/pokemonshowdownbeta.png" srcset="//pokemonshowdown.com/images/pokemonshowdownbeta.png 1x, //pokemonshowdown.com/images/pokemonshowdownbeta@2x.png 2x" alt="Pok&eacute;mon Showdown" width="146" height="44" /> Home</a></li>
			<li><a class="button" href="//pokemonshowdown.com/dex/">Pok&eacute;dex</a></li>
			<li><a class="button cur" href="/">Replays</a></li>
			<li><a class="button" href="//pokemonshowdown.com/ladder/">Ladder</a></li>
			<li><a class="button nav-last" href="//pokemonshowdown.com/forums/">Forum</a></li>
			<li><a class="button greenbutton nav-first nav-last" href="//play.pokemonshowdown.com/">Play</a></li>
		</ul></div>
	</header>

	<div class="main" id="main">

		<noscript><section class="section">You need to enable JavaScript to use this page; sorry!</section></noscript>

	</div>

</div>

<script defer nomodule src="//play.pokemonshowdown.com/js/lib/ps-polyfill.js"></script>
<script defer src="//play.pokemonshowdown.com/js/lib/preact.min.js"></script>

<script defer src="//play.pokemonshowdown.com/config/config.js?2bddbc15"></script>
<script defer src="//play.pokemonshowdown.com/js/lib/jquery-1.11.0.min.js"></script>
<script defer src="//play.pokemonshowdown.com/js/lib/html-sanitizer-minified.js"></script>
<script defer src="//play.pokemonshowdown.com/js/battle-sound.js"></script>
<script defer src="//play.pokemonshowdown.com/js/battledata.js?0.7209276989879541"></script>
<script defer src="//play.pokemonshowdown.com/data/pokedex-mini.js?0.6111056340867951"></script>
<script defer src="//play.pokemonshowdown.com/data/pokedex-mini-bw.js?0.3532142036491459"></script>
<script defer src="//play.pokemonshowdown.com/data/graphics.js?0.24223875632456182"></script>
<script defer src="//play.pokemonshowdown.com/data/pokedex.js?0.38839984266356864"></script>
<script defer src="//play.pokemonshowdown.com/data/moves.js?0.21866028504024015"></script>
<script defer src="//play.pokemonshowdown.com/data/abilities.js?0.2005157953846628"></script>
<script defer src="//play.pokemonshowdown.com/data/items.js?0.9894211263848525"></script>
<script defer src="//play.pokemonshowdown.com/data/teambuilder-tables.js?0.6008791140282215"></script>
<script defer src="//play.pokemonshowdown.com/js/battle-tooltips.js?0.7580118955022959"></script>
<script defer src="//play.pokemonshowdown.com/js/battle.js?0.6057722274234274"></script>

<script defer src="js/utils.js?e31f9a17"></script>
<script defer src="js/replays-battle.js?7008c182"></script>

<!-- don't scrape this data! just add .json or .log after the URL!
Full API docs: https://github.com/smogon/pokemon-showdown-client/blob/master/WEB-API.md -->
<script type="text/plain" class="log" id="replaylog-smogtours-gen3ou-803290">
|inactive|Battle timer is ON: inactive players will automatically lose when time's up.
|t:|1730232314
|gametype|singles
|player|p1|beignet2|blue-gen3two|
|player|p2|KoboldSorcerer|102|
|teamsize|p1|6
|teamsize|p2|6
|gen|3
|tier|[Gen 3] OU
|rule|Sleep Clause Mod: Limit one foe put to sleep
|rule|Switch Priority Clause Mod: Faster Pokémon switch first
|rule|Species Clause: Limit one of each Pokémon
|rule|OHKO Clause: OHKO moves are banned
|rule|Evasion Items Clause: Evasion items are banned
|rule|Evasion Moves Clause: Evasion moves are banned
|rule|Endless Battle Clause: Forcing endless battles is banned
|rule|HP Percentage Mod: HP is shown in percentages
|rule|One Boost Passer Clause: Limit one Baton Passer that has a way to boost its stats
|rule|Freeze Clause Mod: Limit one foe frozen
|
|t:|1730232314
|start
|switch|p1a: ButtonClickerJones|Metagross|100/100
|switch|p2a: Salamence|Salamence, F|100/100
|-ability|p2a: Salamence|Intimidate|boost
|-fail|p1a: ButtonClickerJones|unboost|[from] ability: Clear Body|[of] p1a: ButtonClickerJones
|turn|1
|
|t:|1730232324
|move|p2a: Salamence|Fire Blast|p1a: ButtonClickerJones|[miss]
|-miss|p2a: Salamence|p1a: ButtonClickerJones
|move|p1a: ButtonClickerJones|Meteor Mash|p2a: Salamence
|-damage|p2a: Salamence|12/100
|-boost|p1a: ButtonClickerJones|atk|1
|
|-heal|p2a: Salamence|18/100|[from] item: Leftovers
|upkeep
|turn|2
|
|t:|1730232333
|switch|p1a: Bad Dog|Houndoom, M|100/100
|move|p2a: Salamence|Fire Blast|p1a: Bad Dog
|-start|p1a: Bad Dog|ability: Flash Fire
|
|-heal|p2a: Salamence|24/100|[from] item: Leftovers
|upkeep
|turn|3
|
|t:|1730232342
|move|p1a: Bad Dog|Fire Blast|p2a: Salamence
|-resisted|p2a: Salamence
|-damage|p2a: Salamence|0 fnt
|faint|p2a: Salamence
|c|☆KoboldSorcerer|glhf
|inactive|KoboldSorcerer has 270 seconds left.
|
|t:|1730232376
|switch|p2a: Aerodactyl|Aerodactyl, M|100/100
|
|upkeep
|turn|4
|c|☆beignet2|you too
|
|t:|1730232383
|-end|p1a: Bad Dog|ability: Flash Fire|[silent]
|switch|p1a: Harmory|Skarmory, M|100/100
|move|p2a: Aerodactyl|Hidden Power|p1a: Harmory
|-damage|p1a: Harmory|77/100
|
|-heal|p1a: Harmory|83/100|[from] item: Leftovers
|upkeep
|turn|5
|
|t:|1730232387
|switch|p2a: Forretress|Forretress, M|100/100
|move|p1a: Harmory|Spikes|p2a: Forretress
|-sidestart|p2: KoboldSorcerer|Spikes
|
|-heal|p1a: Harmory|89/100|[from] item: Leftovers
|upkeep
|turn|6
|
|t:|1730232391
|switch|p1a: Clever Nickname|Gengar, F|100/100
|move|p2a: Forretress|Spikes|p1a: Clever Nickname
|-sidestart|p1: beignet2|Spikes
|
|upkeep
|turn|7
|
|t:|1730232397
|switch|p2a: Tyranitar|Tyranitar, F|100/100
|-damage|p2a: Tyranitar|88/100|[from] Spikes
|-weather|Sandstorm|[from] ability: Sand Stream|[of] p2a: Tyranitar
|move|p1a: Clever Nickname|Fire Punch|p2a: Tyranitar
|-resisted|p2a: Tyranitar
|-damage|p2a: Tyranitar|78/100
|
|-weather|Sandstorm|[upkeep]
|-damage|p1a: Clever Nickname|94/100|[from] Sandstorm
|-heal|p1a: Clever Nickname|100/100|[from] item: Leftovers
|-heal|p2a: Tyranitar|84/100|[from] item: Leftovers
|upkeep
|turn|8
|
|t:|1730232406
|move|p1a: Clever Nickname|Hidden Power|p2a: Tyranitar
|-supereffective|p2a: Tyranitar
|-damage|p2a: Tyranitar|39/100
|move|p2a: Tyranitar|Pursuit|p1a: Clever Nickname
|-supereffective|p1a: Clever Nickname
|-damage|p1a: Clever Nickname|45/100
|
|-weather|Sandstorm|[upkeep]
|-damage|p1a: Clever Nickname|38/100|[from] Sandstorm
|-heal|p1a: Clever Nickname|45/100|[from] item: Leftovers
|-heal|p2a: Tyranitar|45/100|[from] item: Leftovers
|upkeep
|turn|9
|
|t:|1730232416
|switch|p2a: Aerodactyl|Aerodactyl, M|100/100
|move|p1a: Clever Nickname|Hidden Power|p2a: Aerodactyl
|-damage|p2a: Aerodactyl|71/100
|
|-weather|Sandstorm|[upkeep]
|-damage|p1a: Clever Nickname|38/100|[from] Sandstorm
|-heal|p1a: Clever Nickname|45/100|[from] item: Leftovers
|upkeep
|turn|10
|
|t:|1730232423
|switch|p1a: Harmory|Skarmory, M|89/100
|move|p2a: Aerodactyl|Rock Slide|p1a: Harmory
|-damage|p1a: Harmory|51/100
|
|-weather|Sandstorm|[upkeep]
|-heal|p1a: Harmory|57/100|[from] item: Leftovers
|upkeep
|turn|11
|
|t:|1730232431
|switch|p2a: Forretress|Forretress, M|100/100
|-damage|p2a: Forretress|88/100|[from] Spikes
|move|p1a: Harmory|Protect||[still]
|-fail|p1a: Harmory
|
|-weather|Sandstorm|[upkeep]
|-heal|p1a: Harmory|63/100|[from] item: Leftovers
|-heal|p2a: Forretress|94/100|[from] item: Leftovers
|upkeep
|turn|12
|
|t:|1730232442
|move|p2a: Forretress|Spikes|p1a: Harmory
|-sidestart|p1: beignet2|Spikes
|move|p1a: Harmory|Roar|p2a: Forretress
|drag|p2a: Jirachi|Jirachi|100/100
|-damage|p2a: Jirachi|88/100|[from] Spikes
|
|-weather|Sandstorm|[upkeep]
|-heal|p2a: Jirachi|94/100|[from] item: Leftovers
|-heal|p1a: Harmory|69/100|[from] item: Leftovers
|upkeep
|turn|13
|
|t:|1730232448
|move|p2a: Jirachi|Wish|p2a: Jirachi
|move|p1a: Harmory|Spikes|p2a: Jirachi
|-sidestart|p2: KoboldSorcerer|Spikes
|
|-weather|Sandstorm|[upkeep]
|-heal|p2a: Jirachi|100/100|[from] item: Leftovers
|-heal|p1a: Harmory|75/100|[from] item: Leftovers
|upkeep
|turn|14
|
|t:|1730232452
|switch|p2a: Tyranitar|Tyranitar, F|45/100
|-damage|p2a: Tyranitar|29/100|[from] Spikes
|move|p1a: Harmory|Roar|p2a: Tyranitar
|drag|p2a: Forretress|Forretress, M|94/100
|-damage|p2a: Forretress|78/100|[from] Spikes
|
|-heal|p2a: Forretress|100/100|[from] move: Wish|[wisher] Jirachi
|-weather|Sandstorm|[upkeep]
|-heal|p1a: Harmory|81/100|[from] item: Leftovers
|upkeep
|turn|15
|
|t:|1730232461
|switch|p1a: Clever Nickname|Gengar, F|45/100
|move|p2a: Forretress|Rapid Spin|p1a: Clever Nickname
|-immune|p1a: Clever Nickname
|
|-weather|Sandstorm|[upkeep]
|-damage|p1a: Clever Nickname|38/100|[from] Sandstorm
|-heal|p1a: Clever Nickname|45/100|[from] item: Leftovers
|upkeep
|turn|16
|
|t:|1730232473
|switch|p2a: Blissey|Blissey, F|100/100
|-damage|p2a: Blissey|84/100|[from] Spikes
|move|p1a: Clever Nickname|Thunderbolt|p2a: Blissey
|-damage|p2a: Blissey|73/100
|-status|p2a: Blissey|par
|
|-weather|Sandstorm|[upkeep]
|-damage|p1a: Clever Nickname|38/100|[from] Sandstorm
|-damage|p2a: Blissey|66/100 par|[from] Sandstorm
|-heal|p1a: Clever Nickname|45/100|[from] item: Leftovers
|-heal|p2a: Blissey|73/100 par|[from] item: Leftovers
|upkeep
|turn|17
|
|t:|1730232483
|switch|p1a: Over Easy|Blissey, F|100/100
|-damage|p1a: Over Easy|84/100|[from] Spikes
|move|p2a: Blissey|Ice Beam|p1a: Over Easy
|-damage|p1a: Over Easy|73/100
|
|-weather|Sandstorm|[upkeep]
|-damage|p1a: Over Easy|67/100|[from] Sandstorm
|-damage|p2a: Blissey|66/100 par|[from] Sandstorm
|-heal|p1a: Over Easy|73/100|[from] item: Leftovers
|-heal|p2a: Blissey|73/100 par|[from] item: Leftovers
|upkeep
|turn|18
|
|t:|1730232491
|-curestatus|p2a: Blissey|par|[from] ability: Natural Cure
|switch|p2a: Jirachi|Jirachi|100/100
|-damage|p2a: Jirachi|84/100|[from] Spikes
|move|p1a: Over Easy|Thunderbolt|p2a: Jirachi
|-damage|p2a: Jirachi|61/100
|-status|p2a: Jirachi|par
|
|-weather|Sandstorm|[upkeep]
|-damage|p1a: Over Easy|67/100|[from] Sandstorm
|-heal|p1a: Over Easy|73/100|[from] item: Leftovers
|-heal|p2a: Jirachi|67/100 par|[from] item: Leftovers
|upkeep
|turn|19
|
|t:|1730232505
|switch|p1a: Bad Dog|Houndoom, M|100/100
|-damage|p1a: Bad Dog|84/100|[from] Spikes
|cant|p2a: Jirachi|par
|
|-weather|Sandstorm|[upkeep]
|-damage|p1a: Bad Dog|78/100|[from] Sandstorm
|-heal|p1a: Bad Dog|84/100|[from] item: Leftovers
|-heal|p2a: Jirachi|73/100 par|[from] item: Leftovers
|upkeep
|turn|20
|
|t:|1730232513
|move|p1a: Bad Dog|Will-O-Wisp|p2a: Jirachi|[miss]
|-miss|p1a: Bad Dog|p2a: Jirachi
|move|p2a: Jirachi|Toxic|p1a: Bad Dog
|-status|p1a: Bad Dog|tox
|
|-weather|Sandstorm|[upkeep]
|-damage|p1a: Bad Dog|78/100 tox|[from] Sandstorm
|-heal|p1a: Bad Dog|84/100 tox|[from] item: Leftovers
|-damage|p1a: Bad Dog|78/100 tox|[from] psn
|-heal|p2a: Jirachi|79/100 par|[from] item: Leftovers
|upkeep
|turn|21
|
|t:|1730232526
|move|p2a: Jirachi|Protect|p2a: Jirachi
|-singleturn|p2a: Jirachi|Protect
|move|p1a: Bad Dog|Fire Blast|p2a: Jirachi
|-activate|p2a: Jirachi|Protect
|
|-weather|Sandstorm|[upkeep]
|-damage|p1a: Bad Dog|72/100 tox|[from] Sandstorm
|-heal|p1a: Bad Dog|78/100 tox|[from] item: Leftovers
|-damage|p1a: Bad Dog|65/100 tox|[from] psn
|-heal|p2a: Jirachi|85/100 par|[from] item: Leftovers
|upkeep
|turn|22
|
|t:|1730232543
|switch|p2a: Blissey|Blissey, F|73/100
|-damage|p2a: Blissey|56/100|[from] Spikes
|move|p1a: Bad Dog|Will-O-Wisp|p2a: Blissey|[miss]
|-miss|p1a: Bad Dog|p2a: Blissey
|
|-weather|Sandstorm|[upkeep]
|-damage|p1a: Bad Dog|59/100 tox|[from] Sandstorm
|-damage|p2a: Blissey|50/100|[from] Sandstorm
|-heal|p1a: Bad Dog|65/100 tox|[from] item: Leftovers
|-damage|p1a: Bad Dog|47/100 tox|[from] psn
|-heal|p2a: Blissey|56/100|[from] item: Leftovers
|upkeep
|turn|23
|
|t:|1730232550
|switch|p1a: ButtonClickerJones|Metagross|100/100
|-damage|p1a: ButtonClickerJones|84/100|[from] Spikes
|move|p2a: Blissey|Soft-Boiled|p2a: Blissey
|-heal|p2a: Blissey|100/100
|
|-weather|Sandstorm|[upkeep]
|-damage|p2a: Blissey|94/100|[from] Sandstorm
|-heal|p2a: Blissey|100/100|[from] item: Leftovers
|upkeep
|turn|24
|
|t:|1730232557
|switch|p2a: Tyranitar|Tyranitar, F|29/100
|-damage|p2a: Tyranitar|12/100|[from] Spikes
|move|p1a: ButtonClickerJones|Explosion|p2a: Tyranitar
|-resisted|p2a: Tyranitar
|-damage|p2a: Tyranitar|0 fnt
|faint|p1a: ButtonClickerJones
|faint|p2a: Tyranitar
|
|t:|1730232577
|switch|p1a: Harmory|Skarmory, M|81/100
|switch|p2a: Aerodactyl|Aerodactyl, M|71/100
|
|-weather|Sandstorm|[upkeep]
|-heal|p1a: Harmory|87/100|[from] item: Leftovers
|upkeep
|turn|25
|
|t:|1730232580
|move|p2a: Aerodactyl|Rock Slide|p1a: Harmory
|-damage|p1a: Harmory|50/100
|move|p1a: Harmory|Toxic|p2a: Aerodactyl
|-status|p2a: Aerodactyl|tox
|
|-weather|Sandstorm|[upkeep]
|-damage|p2a: Aerodactyl|65/100 tox|[from] psn
|-heal|p1a: Harmory|56/100|[from] item: Leftovers
|upkeep
|turn|26
|
|t:|1730232589
|switch|p2a: Blissey|Blissey, F|100/100
|-damage|p2a: Blissey|84/100|[from] Spikes
|move|p1a: Harmory|Protect||[still]
|-fail|p1a: Harmory
|
|-weather|Sandstorm|[upkeep]
|-damage|p2a: Blissey|78/100|[from] Sandstorm
|-heal|p1a: Harmory|62/100|[from] item: Leftovers
|-heal|p2a: Blissey|84/100|[from] item: Leftovers
|upkeep
|turn|27
|
|t:|1730232594
|move|p2a: Blissey|Heal Bell|p2a: Blissey
|-activate|p2a: Blissey|move: Heal Bell
|-curestatus|p2: Jirachi|par|[silent]
|-curestatus|p2: Aerodactyl|tox|[silent]
|move|p1a: Harmory|Roar|p2a: Blissey
|drag|p2a: Forretress|Forretress, M|100/100
|-damage|p2a: Forretress|84/100|[from] Spikes
|
|-weather|Sandstorm|[upkeep]
|-heal|p1a: Harmory|68/100|[from] item: Leftovers
|-heal|p2a: Forretress|90/100|[from] item: Leftovers
|upkeep
|turn|28
|
|t:|1730232602
|switch|p1a: Clever Nickname|Gengar, F|45/100
|move|p2a: Forretress|Rapid Spin|p1a: Clever Nickname
|-immune|p1a: Clever Nickname
|
|-weather|Sandstorm|[upkeep]
|-damage|p1a: Clever Nickname|38/100|[from] Sandstorm
|-heal|p1a: Clever Nickname|45/100|[from] item: Leftovers
|-heal|p2a: Forretress|96/100|[from] item: Leftovers
|upkeep
|turn|29
|
|t:|1730232608
|switch|p2a: Blissey|Blissey, F|84/100
|-damage|p2a: Blissey|67/100|[from] Spikes
|move|p1a: Clever Nickname|Fire Punch|p2a: Blissey
|-damage|p2a: Blissey|58/100
|
|-weather|Sandstorm|[upkeep]
|-damage|p1a: Clever Nickname|38/100|[from] Sandstorm
|-damage|p2a: Blissey|52/100|[from] Sandstorm
|-heal|p1a: Clever Nickname|45/100|[from] item: Leftovers
|-heal|p2a: Blissey|58/100|[from] item: Leftovers
|upkeep
|turn|30
|
|t:|1730232615
|switch|p1a: Over Easy|Blissey, F|73/100
|-damage|p1a: Over Easy|57/100|[from] Spikes
|move|p2a: Blissey|Ice Beam|p1a: Over Easy
|-damage|p1a: Over Easy|47/100
|
|-weather|Sandstorm|[upkeep]
|-damage|p1a: Over Easy|41/100|[from] Sandstorm
|-damage|p2a: Blissey|52/100|[from] Sandstorm
|-heal|p1a: Over Easy|47/100|[from] item: Leftovers
|-heal|p2a: Blissey|58/100|[from] item: Leftovers
|upkeep
|turn|31
|
|t:|1730232619
|move|p1a: Over Easy|Soft-Boiled|p1a: Over Easy
|-heal|p1a: Over Easy|97/100
|move|p2a: Blissey|Soft-Boiled|p2a: Blissey
|-heal|p2a: Blissey|100/100
|
|-weather|Sandstorm|[upkeep]
|-damage|p1a: Over Easy|91/100|[from] Sandstorm
|-damage|p2a: Blissey|94/100|[from] Sandstorm
|-heal|p1a: Over Easy|97/100|[from] item: Leftovers
|-heal|p2a: Blissey|100/100|[from] item: Leftovers
|upkeep
|turn|32
|
|t:|1730232624
|switch|p2a: Forretress|Forretress, M|96/100
|-damage|p2a: Forretress|80/100|[from] Spikes
|move|p1a: Over Easy|Ice Beam|p2a: Forretress
|-resisted|p2a: Forretress
|-damage|p2a: Forretress|67/100
|
|-weather|Sandstorm|[upkeep]
|-damage|p1a: Over Easy|91/100|[from] Sandstorm
|-heal|p1a: Over Easy|97/100|[from] item: Leftovers
|-heal|p2a: Forretress|73/100|[from] item: Leftovers
|upkeep
|turn|33
|
|t:|1730232635
|move|p1a: Over Easy|Thunderbolt|p2a: Forretress
|-crit|p2a: Forretress
|-damage|p2a: Forretress|27/100
|-status|p2a: Forretress|par
|move|p2a: Forretress|Spikes|p1a: Over Easy
|-sidestart|p1: beignet2|Spikes
|
|-weather|Sandstorm|[upkeep]
|-damage|p1a: Over Easy|91/100|[from] Sandstorm
|-heal|p1a: Over Easy|97/100|[from] item: Leftovers
|-heal|p2a: Forretress|33/100 par|[from] item: Leftovers
|upkeep
|turn|34
|
|t:|1730232641
|switch|p2a: Blissey|Blissey, F|100/100
|-damage|p2a: Blissey|84/100|[from] Spikes
|move|p1a: Over Easy|Thunderbolt|p2a: Blissey
|-damage|p2a: Blissey|74/100
|
|-weather|Sandstorm|[upkeep]
|-damage|p1a: Over Easy|91/100|[from] Sandstorm
|-damage|p2a: Blissey|68/100|[from] Sandstorm
|-heal|p1a: Over Easy|97/100|[from] item: Leftovers
|-heal|p2a: Blissey|74/100|[from] item: Leftovers
|upkeep
|turn|35
|
|t:|1730232651
|move|p1a: Over Easy|Ice Beam|p2a: Blissey
|-crit|p2a: Blissey
|-damage|p2a: Blissey|55/100
|move|p2a: Blissey|Heal Bell|p2a: Blissey
|-activate|p2a: Blissey|move: Heal Bell
|-curestatus|p2: Forretress|par|[silent]
|
|-weather|Sandstorm|[upkeep]
|-damage|p1a: Over Easy|91/100|[from] Sandstorm
|-damage|p2a: Blissey|49/100|[from] Sandstorm
|-heal|p1a: Over Easy|97/100|[from] item: Leftovers
|-heal|p2a: Blissey|55/100|[from] item: Leftovers
|upkeep
|turn|36
|
|t:|1730232656
|move|p1a: Over Easy|Thunderbolt|p2a: Blissey
|-damage|p2a: Blissey|46/100
|move|p2a: Blissey|Soft-Boiled|p2a: Blissey
|-heal|p2a: Blissey|96/100
|
|-weather|Sandstorm|[upkeep]
|-damage|p1a: Over Easy|91/100|[from] Sandstorm
|-damage|p2a: Blissey|90/100|[from] Sandstorm
|-heal|p1a: Over Easy|97/100|[from] item: Leftovers
|-heal|p2a: Blissey|96/100|[from] item: Leftovers
|upkeep
|turn|37
|
|t:|1730232673
|move|p1a: Over Easy|Thunderbolt|p2a: Blissey
|-damage|p2a: Blissey|87/100
|move|p2a: Blissey|Ice Beam|p1a: Over Easy
|-damage|p1a: Over Easy|87/100
|
|-weather|Sandstorm|[upkeep]
|-damage|p1a: Over Easy|81/100|[from] Sandstorm
|-damage|p2a: Blissey|81/100|[from] Sandstorm
|-heal|p1a: Over Easy|87/100|[from] item: Leftovers
|-heal|p2a: Blissey|87/100|[from] item: Leftovers
|upkeep
|turn|38
|
|t:|1730232682
|move|p1a: Over Easy|Ice Beam|p2a: Blissey
|-damage|p2a: Blissey|78/100
|move|p2a: Blissey|Seismic Toss|p1a: Over Easy
|-damage|p1a: Over Easy|71/100
|
|-weather|Sandstorm|[upkeep]
|-damage|p1a: Over Easy|65/100|[from] Sandstorm
|-damage|p2a: Blissey|71/100|[from] Sandstorm
|-heal|p1a: Over Easy|71/100|[from] item: Leftovers
|-heal|p2a: Blissey|78/100|[from] item: Leftovers
|upkeep
|turn|39
|
|t:|1730232698
|switch|p2a: Jirachi|Jirachi|85/100
|-damage|p2a: Jirachi|69/100|[from] Spikes
|move|p1a: Over Easy|Thunderbolt|p2a: Jirachi
|-damage|p2a: Jirachi|46/100
|
|-weather|Sandstorm|[upkeep]
|-damage|p1a: Over Easy|65/100|[from] Sandstorm
|-heal|p2a: Jirachi|52/100|[from] item: Leftovers
|-heal|p1a: Over Easy|71/100|[from] item: Leftovers
|upkeep
|turn|40
|
|t:|1730232704
|move|p2a: Jirachi|Wish|p2a: Jirachi
|move|p1a: Over Easy|Calm Mind|p1a: Over Easy
|-boost|p1a: Over Easy|spa|1
|-boost|p1a: Over Easy|spd|1
|
|-weather|Sandstorm|[upkeep]
|-damage|p1a: Over Easy|65/100|[from] Sandstorm
|-heal|p2a: Jirachi|59/100|[from] item: Leftovers
|-heal|p1a: Over Easy|71/100|[from] item: Leftovers
|upkeep
|turn|41
|
|t:|1730232707
|move|p2a: Jirachi|Toxic|p1a: Over Easy
|-status|p1a: Over Easy|tox
|move|p1a: Over Easy|Calm Mind|p1a: Over Easy
|-boost|p1a: Over Easy|spa|1
|-boost|p1a: Over Easy|spd|1
|
|-heal|p2a: Jirachi|100/100|[from] move: Wish|[wisher] Jirachi
|-weather|Sandstorm|[upkeep]
|-damage|p1a: Over Easy|65/100 tox|[from] Sandstorm
|-heal|p1a: Over Easy|71/100 tox|[from] item: Leftovers
|-damage|p1a: Over Easy|65/100 tox|[from] psn
|upkeep
|turn|42
|
|t:|1730232713
|move|p2a: Jirachi|Wish|p2a: Jirachi
|move|p1a: Over Easy|Thunderbolt|p2a: Jirachi
|-damage|p2a: Jirachi|56/100
|
|-weather|Sandstorm|[upkeep]
|-damage|p1a: Over Easy|59/100 tox|[from] Sandstorm
|-heal|p2a: Jirachi|63/100|[from] item: Leftovers
|-heal|p1a: Over Easy|65/100 tox|[from] item: Leftovers
|-damage|p1a: Over Easy|53/100 tox|[from] psn
|upkeep
|turn|43
|
|t:|1730232721
|switch|p2a: Forretress|Forretress, M|33/100
|-damage|p2a: Forretress|17/100|[from] Spikes
|-curestatus|p1a: Over Easy|tox|[from] ability: Natural Cure
|switch|p1a: Clever Nickname|Gengar, F|45/100
|
|-heal|p2a: Forretress|67/100|[from] move: Wish|[wisher] Jirachi
|-weather|Sandstorm|[upkeep]
|-damage|p1a: Clever Nickname|38/100|[from] Sandstorm
|-heal|p1a: Clever Nickname|45/100|[from] item: Leftovers
|-heal|p2a: Forretress|73/100|[from] item: Leftovers
|upkeep
|turn|44
|
|t:|1730232736
|switch|p2a: Aerodactyl|Aerodactyl, M|65/100
|move|p1a: Clever Nickname|Fire Punch|p2a: Aerodactyl
|-resisted|p2a: Aerodactyl
|-damage|p2a: Aerodactyl|49/100
|
|-weather|Sandstorm|[upkeep]
|-damage|p1a: Clever Nickname|38/100|[from] Sandstorm
|-heal|p1a: Clever Nickname|45/100|[from] item: Leftovers
|upkeep
|turn|45
|
|t:|1730232746
|switch|p1a: Bad Dog|Houndoom, M|47/100 tox
|-damage|p1a: Bad Dog|22/100 tox|[from] Spikes
|move|p2a: Aerodactyl|Rock Slide|p1a: Bad Dog
|-supereffective|p1a: Bad Dog
|-damage|p1a: Bad Dog|0 fnt
|faint|p1a: Bad Dog
|
|t:|1730232750
|switch|p1a: Harmory|Skarmory, M|68/100
|
|-weather|Sandstorm|[upkeep]
|-heal|p1a: Harmory|74/100|[from] item: Leftovers
|upkeep
|turn|46
|
|t:|1730232757
|switch|p2a: Jirachi|Jirachi|63/100
|-damage|p2a: Jirachi|46/100|[from] Spikes
|move|p1a: Harmory|Roar|p2a: Jirachi
|drag|p2a: Forretress|Forretress, M|73/100
|-damage|p2a: Forretress|56/100|[from] Spikes
|
|-weather|Sandstorm|[upkeep]
|-heal|p1a: Harmory|80/100|[from] item: Leftovers
|-heal|p2a: Forretress|62/100|[from] item: Leftovers
|upkeep
|turn|47
|
|t:|1730232769
|move|p1a: Harmory|Protect|p1a: Harmory
|-singleturn|p1a: Harmory|Protect
|move|p2a: Forretress|Rapid Spin|p1a: Harmory
|-activate|p1a: Harmory|Protect
|
|-weather|Sandstorm|[upkeep]
|-heal|p1a: Harmory|86/100|[from] item: Leftovers
|-heal|p2a: Forretress|69/100|[from] item: Leftovers
|upkeep
|turn|48
|
|t:|1730232775
|move|p2a: Forretress|Rapid Spin|p1a: Harmory
|-resisted|p1a: Harmory
|-damage|p1a: Harmory|84/100
|-sideend|p2: KoboldSorcerer|Spikes|[from] move: Rapid Spin|[of] p2a: Forretress
|move|p1a: Harmory|Roar|p2a: Forretress
|drag|p2a: Jirachi|Jirachi|46/100
|
|-weather|Sandstorm|[upkeep]
|-heal|p2a: Jirachi|52/100|[from] item: Leftovers
|-heal|p1a: Harmory|90/100|[from] item: Leftovers
|upkeep
|turn|49
|
|t:|1730232782
|move|p2a: Jirachi|Wish|p2a: Jirachi
|move|p1a: Harmory|Spikes|p2a: Jirachi
|-sidestart|p2: KoboldSorcerer|Spikes
|
|-weather|Sandstorm|[upkeep]
|-heal|p2a: Jirachi|58/100|[from] item: Leftovers
|-heal|p1a: Harmory|96/100|[from] item: Leftovers
|upkeep
|turn|50
|
|t:|1730232786
|move|p2a: Jirachi|Fire Punch|p1a: Harmory
|-supereffective|p1a: Harmory
|-damage|p1a: Harmory|63/100
|-status|p1a: Harmory|brn
|move|p1a: Harmory|Spikes|p2a: Jirachi
|-sidestart|p2: KoboldSorcerer|Spikes
|
|-heal|p2a: Jirachi|100/100|[from] move: Wish|[wisher] Jirachi
|-weather|Sandstorm|[upkeep]
|-heal|p1a: Harmory|69/100 brn|[from] item: Leftovers
|-damage|p1a: Harmory|57/100 brn|[from] brn
|upkeep
|turn|51
|
|t:|1730232797
|move|p2a: Jirachi|Wish|p2a: Jirachi
|move|p1a: Harmory|Roar|p2a: Jirachi
|drag|p2a: Blissey|Blissey, F|78/100
|-damage|p2a: Blissey|61/100|[from] Spikes
|
|-weather|Sandstorm|[upkeep]
|-damage|p2a: Blissey|55/100|[from] Sandstorm
|-heal|p1a: Harmory|63/100 brn|[from] item: Leftovers
|-damage|p1a: Harmory|51/100 brn|[from] brn
|-heal|p2a: Blissey|61/100|[from] item: Leftovers
|upkeep
|turn|52
|
|t:|1730232804
|switch|p2a: Aerodactyl|Aerodactyl, M|49/100
|move|p1a: Harmory|Toxic|p2a: Aerodactyl
|-status|p2a: Aerodactyl|tox
|
|-heal|p2a: Aerodactyl|99/100 tox|[from] move: Wish|[wisher] Jirachi
|-weather|Sandstorm|[upkeep]
|-damage|p2a: Aerodactyl|93/100 tox|[from] psn
|-heal|p1a: Harmory|57/100 brn|[from] item: Leftovers
|-damage|p1a: Harmory|45/100 brn|[from] brn
|upkeep
|turn|53
|
|t:|1730232811
|switch|p2a: Blissey|Blissey, F|61/100
|-damage|p2a: Blissey|44/100|[from] Spikes
|move|p1a: Harmory|Protect||[still]
|-fail|p1a: Harmory
|
|-weather|Sandstorm|[upkeep]
|-damage|p2a: Blissey|38/100|[from] Sandstorm
|-heal|p1a: Harmory|50/100 brn|[from] item: Leftovers
|-damage|p1a: Harmory|38/100 brn|[from] brn
|-heal|p2a: Blissey|44/100|[from] item: Leftovers
|upkeep
|turn|54
|
|t:|1730232814
|switch|p1a: Naptime|Breloom, F|100/100
|-damage|p1a: Naptime|76/100|[from] Spikes
|move|p2a: Blissey|Soft-Boiled|p2a: Blissey
|-heal|p2a: Blissey|94/100
|
|-weather|Sandstorm|[upkeep]
|-damage|p1a: Naptime|69/100|[from] Sandstorm
|-damage|p2a: Blissey|88/100|[from] Sandstorm
|-heal|p1a: Naptime|76/100|[from] item: Leftovers
|-heal|p2a: Blissey|94/100|[from] item: Leftovers
|upkeep
|turn|55
|
|t:|1730232820
|move|p1a: Naptime|Spore|p2a: Blissey
|-status|p2a: Blissey|slp|[from] move: Spore
|cant|p2a: Blissey|slp
|
|-weather|Sandstorm|[upkeep]
|-damage|p1a: Naptime|69/100|[from] Sandstorm
|-damage|p2a: Blissey|88/100 slp|[from] Sandstorm
|-heal|p1a: Naptime|76/100|[from] item: Leftovers
|-heal|p2a: Blissey|94/100 slp|[from] item: Leftovers
|upkeep
|turn|56
|
|t:|1730232828
|-singleturn|p1a: Naptime|move: Focus Punch
|cant|p2a: Blissey|slp
|move|p1a: Naptime|Focus Punch|p2a: Blissey
|-supereffective|p2a: Blissey
|-damage|p2a: Blissey|0 fnt
|faint|p2a: Blissey
|
|t:|1730232830
|switch|p2a: Aerodactyl|Aerodactyl, M|93/100 tox
|
|-weather|Sandstorm|[upkeep]
|-damage|p1a: Naptime|69/100|[from] Sandstorm
|-damage|p2a: Aerodactyl|87/100 tox|[from] psn
|-heal|p1a: Naptime|76/100|[from] item: Leftovers
|upkeep
|turn|57
|
|t:|1730232843
|switch|p1a: Harmory|Skarmory, M|38/100 brn
|move|p2a: Aerodactyl|Double-Edge|p1a: Harmory
|-resisted|p1a: Harmory
|-damage|p1a: Harmory|17/100 brn
|
|-weather|Sandstorm|[upkeep]
|-damage|p2a: Aerodactyl|75/100 tox|[from] psn
|-heal|p1a: Harmory|23/100 brn|[from] item: Leftovers
|-damage|p1a: Harmory|11/100 brn|[from] brn
|upkeep
|turn|58
|
|t:|1730232853
|switch|p2a: Forretress|Forretress, M|69/100
|-damage|p2a: Forretress|52/100|[from] Spikes
|switch|p1a: Clever Nickname|Gengar, F|45/100
|
|-weather|Sandstorm|[upkeep]
|-damage|p1a: Clever Nickname|38/100|[from] Sandstorm
|-heal|p1a: Clever Nickname|45/100|[from] item: Leftovers
|-heal|p2a: Forretress|58/100|[from] item: Leftovers
|upkeep
|turn|59
|
|t:|1730232862
|switch|p2a: Jirachi|Jirachi|100/100
|-damage|p2a: Jirachi|84/100|[from] Spikes
|move|p1a: Clever Nickname|Thunderbolt|p2a: Jirachi
|-damage|p2a: Jirachi|55/100
|
|-weather|Sandstorm|[upkeep]
|-damage|p1a: Clever Nickname|38/100|[from] Sandstorm
|-heal|p1a: Clever Nickname|45/100|[from] item: Leftovers
|-heal|p2a: Jirachi|62/100|[from] item: Leftovers
|upkeep
|turn|60
|
|t:|1730232869
|move|p1a: Clever Nickname|Fire Punch|p2a: Jirachi
|-supereffective|p2a: Jirachi
|-damage|p2a: Jirachi|20/100
|-status|p2a: Jirachi|brn
|move|p2a: Jirachi|Fire Punch|p1a: Clever Nickname
|-damage|p1a: Clever Nickname|14/100
|-status|p1a: Clever Nickname|brn
|
|-weather|Sandstorm|[upkeep]
|-damage|p1a: Clever Nickname|7/100 brn|[from] Sandstorm
|-heal|p1a: Clever Nickname|14/100 brn|[from] item: Leftovers
|-damage|p1a: Clever Nickname|1/100 brn|[from] brn
|-heal|p2a: Jirachi|26/100 brn|[from] item: Leftovers
|-damage|p2a: Jirachi|13/100 brn|[from] brn
|upkeep
|turn|61
|
|t:|1730232877
|move|p1a: Clever Nickname|Fire Punch|p2a: Jirachi
|-supereffective|p2a: Jirachi
|-damage|p2a: Jirachi|0 fnt
|faint|p2a: Jirachi
|
|t:|1730232881
|switch|p2a: Forretress|Forretress, M|58/100
|-damage|p2a: Forretress|41/100|[from] Spikes
|
|-weather|Sandstorm|[upkeep]
|-damage|p1a: Clever Nickname|0 fnt|[from] Sandstorm
|faint|p1a: Clever Nickname
|-heal|p2a: Forretress|48/100|[from] item: Leftovers
|upkeep
|
|t:|1730232884
|switch|p1a: Naptime|Breloom, F|76/100
|-damage|p1a: Naptime|51/100|[from] Spikes
|turn|62
|
|t:|1730232888
|switch|p2a: Aerodactyl|Aerodactyl, M|75/100 tox
|move|p1a: Naptime|Spore||[still]
|-fail|p1a: Naptime
|
|-weather|Sandstorm|[upkeep]
|-damage|p1a: Naptime|45/100|[from] Sandstorm
|-damage|p2a: Aerodactyl|69/100 tox|[from] psn
|-heal|p1a: Naptime|51/100|[from] item: Leftovers
|upkeep
|turn|63
|
|t:|1730232894
|switch|p1a: Harmory|Skarmory, M|11/100 brn
|move|p2a: Aerodactyl|Double-Edge|p1a: Harmory
|-resisted|p1a: Harmory
|-damage|p1a: Harmory|0 fnt
|faint|p1a: Harmory
|
|t:|1730232896
|switch|p1a: Over Easy|Blissey, F|53/100
|-damage|p1a: Over Easy|28/100|[from] Spikes
|
|-weather|Sandstorm|[upkeep]
|-damage|p1a: Over Easy|22/100|[from] Sandstorm
|-damage|p2a: Aerodactyl|57/100 tox|[from] psn
|-heal|p1a: Over Easy|28/100|[from] item: Leftovers
|upkeep
|turn|64
|
|t:|1730232899
|move|p2a: Aerodactyl|Double-Edge|p1a: Over Easy
|-damage|p1a: Over Easy|0 fnt
|faint|p1a: Over Easy
|
|t:|1730232901
|switch|p1a: Naptime|Breloom, F|51/100
|-damage|p1a: Naptime|26/100|[from] Spikes
|
|-weather|Sandstorm|[upkeep]
|-damage|p1a: Naptime|20/100|[from] Sandstorm
|-damage|p2a: Aerodactyl|39/100 tox|[from] psn
|-heal|p1a: Naptime|26/100|[from] item: Leftovers
|upkeep
|turn|65
|
|t:|1730232903
|move|p1a: Naptime|Mach Punch|p2a: Aerodactyl
|-damage|p2a: Aerodactyl|9/100 tox
|move|p2a: Aerodactyl|Double-Edge|p1a: Naptime
|-damage|p1a: Naptime|0 fnt
|faint|p1a: Naptime
|
|win|KoboldSorcerer
|c|☆KoboldSorcerer|gg
|c|☆beignet2|gg

</script>
<script type="application/json" class="data" id="replaydata-smogtours-gen3ou-803290">
{"id":"smogtours-gen3ou-803290","format":"[Gen 3] OU","players":["beignet2","KoboldSorcerer"],"uploadtime":1730232903,"views":62,"formatid":"gen3ou","rating":null,"private":0,"password":null}
</script>

<script defer src="js/replays.js?9d40a366"></script>
