<!DOCTYPE html>
<meta charset="utf-8" />
<meta name="viewport" content="width=device-width" />

<title>[Gen 3] OU: Alecss vs. herold_man - Replays - Pok&eacute;mon Showdown!</title>

<meta name="description" content="Watch a replay of a Pok&eacute;mon battle between Alecss and herold_man! Format: [Gen 3] OU; Date: Oct 16, 2024" />
<!--

Hey, you! Looking in the source for the replay log?

You can find them in JSON format, just add `.json` at the end of a replay URL.

https://replay.pokemonshowdown.com/gen7randomdoublesbattle-865046831.json

Or, if you only need the log itself, add `.log` instead:

https://replay.pokemonshowdown.com/gen7randomdoublesbattle-865046831.log

-->

<link rel="stylesheet" href="//pokemonshowdown.com/style/global.css?0.023195364461161105" />
<link rel="stylesheet" href="//play.pokemonshowdown.com/style/font-awesome.css?0.13261647063804238" />
<link rel="stylesheet" href="//play.pokemonshowdown.com/style/battle.css?0.8753245789963631" />
<link rel="stylesheet" href="//play.pokemonshowdown.com/style/utilichart.css?0.8627959624976733" />

<!-- Global site tag (gtag.js) - Google Analytics -->
<script async src="https://www.googletagmanager.com/gtag/js?id=UA-26211653-1"></script>
<script>
  window.dataLayer = window.dataLayer || [];
  function gtag(){dataLayer.push(arguments);}
  gtag('js', new Date());

  gtag('config', 'UA-26211653-1');
</script>
<!-- End Google Analytics -->
<!-- Venatus Ad Manager - Install in <HEAD> of page -->
	<script src="https://hb.vntsm.com/v3/live/ad-manager.min.js" type="text/javascript" data-site-id="642aba63ec9a7b11c3c9c1be" data-mode="scan" async></script>
<!-- / Venatus Ad Manager -->

<style>
	@media (max-width:820px) {
		.battle {
			margin: 0 auto;
		}
		.battle-log {
			margin: 7px auto 0;
			max-width: 640px;
			height: 300px;
			position: static;
		}
	}
	.optgroup {
		display: inline-block;
		line-height: 22px;
		font-size: 10pt;
	}
	.optgroup .button {
		height: 25px;
		padding-top: 0;
		padding-bottom: 0;
	}
	.optgroup button.button {
		padding-left: 12px;
		padding-right: 12px;
	}
	.linklist {
		list-style: none;
		margin: 0.5em 0;
		padding: 0;
	}
	.linklist li {
		padding: 2px 0;
	}
	.sidebar {
		float: left;
		width: 320px;
	}
	.bar-wrapper {
		max-width: 1100px;
		margin: 0 auto;
	}
	.bar-wrapper.has-sidebar {
		max-width: 1430px;
	}
	.mainbar {
		margin: 0;
		padding-right: 1px;
	}
	.mainbar.has-sidebar {
		margin-left: 330px;
	}
	@media (min-width: 1511px) {
		.sidebar {
			width: 400px;
		}
		.bar-wrapper.has-sidebar {
			max-width: 1510px;
		}
		.mainbar.has-sidebar {
			margin-left: 410px;
		}
	}
	.section.first-section {
		margin-top: 9px;
	}
	.blocklink small {
		white-space: normal;
	}
	.button {
		vertical-align: middle;
	}
	.replay-controls {
		padding-top: 10px;
	}
	.replay-controls h1 {
		font-size: 16pt;
		font-weight: normal;
		color: #CCC;
	}
	.pagelink {
		text-align: center;
	}
	.pagelink a {
		width: 150px;
	}
	.textbox, .button {
		font-size: 11pt;
		vertical-align: middle;
	}
	@media (max-width: 450px) {
		.button {
			font-size: 9pt;
		}
	}
</style>

<div>

	<header>
		<div class="nav-wrapper"><ul class="nav">
			<li><a class="button nav-first" href="//pokemonshowdown.com/"><img src="//pokemonshowdown.com/images/pokemonshowdownbeta.png" srcset="//pokemonshowdown.com/images/pokemonshowdownbeta.png 1x, //pokemonshowdown.com/images/pokemonshowdownbeta@2x.png 2x" alt="Pok&eacute;mon Showdown" width="146" height="44" /> Home</a></li>
			<li><a class="button" href="//pokemonshowdown.com/dex/">Pok&eacute;dex</a></li>
			<li><a class="button cur" href="/">Replays</a></li>
			<li><a class="button" href="//pokemonshowdown.com/ladder/">Ladder</a></li>
			<li><a class="button nav-last" href="//pokemonshowdown.com/forums/">Forum</a></li>
			<li><a class="button greenbutton nav-first nav-last" href="//play.pokemonshowdown.com/">Play</a></li>
		</ul></div>
	</header>

	<div class="main" id="main">

		<noscript><section class="section">You need to enable JavaScript to use this page; sorry!</section></noscript>

	</div>

</div>

<script defer nomodule src="//play.pokemonshowdown.com/js/lib/ps-polyfill.js"></script>
<script defer src="//play.pokemonshowdown.com/js/lib/preact.min.js"></script>

<script defer src="//play.pokemonshowdown.com/config/config.js?2bddbc15"></script>
<script defer src="//play.pokemonshowdown.com/js/lib/jquery-1.11.0.min.js"></script>
<script defer src="//play.pokemonshowdown.com/js/lib/html-sanitizer-minified.js"></script>
<script defer src="//play.pokemonshowdown.com/js/battle-sound.js"></script>
<script defer src="//play.pokemonshowdown.com/js/battledata.js?0.7209276989879541"></script>
<script defer src="//play.pokemonshowdown.com/data/pokedex-mini.js?0.6111056340867951"></script>
<script defer src="//play.pokemonshowdown.com/data/pokedex-mini-bw.js?0.3532142036491459"></script>
<script defer src="//play.pokemonshowdown.com/data/graphics.js?0.24223875632456182"></script>
<script defer src="//play.pokemonshowdown.com/data/pokedex.js?0.38839984266356864"></script>
<script defer src="//play.pokemonshowdown.com/data/moves.js?0.21866028504024015"></script>
<script defer src="//play.pokemonshowdown.com/data/abilities.js?0.2005157953846628"></script>
<script defer src="//play.pokemonshowdown.com/data/items.js?0.9894211263848525"></script>
<script defer src="//play.pokemonshowdown.com/data/teambuilder-tables.js?0.6008791140282215"></script>
<script defer src="//play.pokemonshowdown.com/js/battle-tooltips.js?0.7580118955022959"></script>
<script defer src="//play.pokemonshowdown.com/js/battle.js?0.6057722274234274"></script>

<script defer src="js/utils.js?e31f9a17"></script>
<script defer src="js/replays-battle.js?7008c182"></script>

<!-- don't scrape this data! just add .json or .log after the URL!
Full API docs: https://github.com/smogon/pokemon-showdown-client/blob/master/WEB-API.md -->
<script type="text/plain" class="log" id="replaylog-smogtours-gen3ou-799176">
|inactive|Battle timer is ON: inactive players will automatically lose when time's up.
|t:|1729115502
|gametype|singles
|player|p1|Alecss|red-gen1|
|player|p2|herold_man|janitor|
|teamsize|p1|6
|teamsize|p2|6
|gen|3
|tier|[Gen 3] OU
|rule|Sleep Clause Mod: Limit one foe put to sleep
|rule|Switch Priority Clause Mod: Faster Pokémon switch first
|rule|Species Clause: Limit one of each Pokémon
|rule|OHKO Clause: OHKO moves are banned
|rule|Evasion Items Clause: Evasion items are banned
|rule|Evasion Moves Clause: Evasion moves are banned
|rule|Endless Battle Clause: Forcing endless battles is banned
|rule|HP Percentage Mod: HP is shown in percentages
|rule|One Boost Passer Clause: Limit one Baton Passer that has a way to boost its stats
|rule|Freeze Clause Mod: Limit one foe frozen
|
|t:|1729115502
|start
|switch|p1a: Yuri|Medicham, F, shiny|100/100
|switch|p2a: Skarmory|Skarmory, F|100/100
|turn|1
|
|t:|1729115511
|switch|p1a: Charizard|Charizard, M, shiny|100/100
|move|p2a: Skarmory|Protect||[still]
|-fail|p2a: Skarmory
|
|upkeep
|turn|2
|c|☆Alecss|hf
|
|t:|1729115521
|switch|p2a: Starmie|Starmie|100/100
|move|p1a: Charizard|Fire Blast|p2a: Starmie
|-resisted|p2a: Starmie
|-damage|p2a: Starmie|59/100
|
|-heal|p2a: Starmie|65/100|[from] item: Leftovers
|upkeep
|turn|3
|
|t:|1729115529
|switch|p1a: Bonice|Regice|100/100
|move|p2a: Starmie|Hydro Pump|p1a: Bonice
|-damage|p1a: Bonice|71/100
|
|-heal|p2a: Starmie|71/100|[from] item: Leftovers
|-heal|p1a: Bonice|77/100|[from] item: Leftovers
|upkeep
|turn|4
|
|t:|1729115537
|switch|p2a: Blissey|Blissey, F, shiny|100/100
|move|p1a: Bonice|Thunder Wave|p2a: Blissey
|-status|p2a: Blissey|par
|
|-heal|p1a: Bonice|83/100|[from] item: Leftovers
|upkeep
|turn|5
|
|t:|1729115552
|switch|p1a: Russian bomb|Metagross, shiny|100/100
|move|p2a: Blissey|Toxic|p1a: Russian bomb
|-immune|p1a: Russian bomb
|
|upkeep
|turn|6
|
|t:|1729115567
|switch|p1a: Charizard|Charizard, M, shiny|100/100
|-curestatus|p2a: Blissey|par|[from] ability: Natural Cure
|switch|p2a: Skarmory|Skarmory, F|100/100
|
|upkeep
|turn|7
|
|t:|1729115574
|switch|p2a: Starmie|Starmie|71/100
|move|p1a: Charizard|Fire Blast|p2a: Starmie|[miss]
|-miss|p1a: Charizard|p2a: Starmie
|
|-heal|p2a: Starmie|78/100|[from] item: Leftovers
|upkeep
|turn|8
|
|t:|1729115582
|switch|p2a: Blissey|Blissey, F, shiny|100/100
|switch|p1a: Bonice|Regice|83/100
|
|-heal|p1a: Bonice|90/100|[from] item: Leftovers
|upkeep
|turn|9
|
|t:|1729115589
|switch|p1a: Russian bomb|Metagross, shiny|100/100
|move|p2a: Blissey|Fire Blast|p1a: Russian bomb
|-supereffective|p1a: Russian bomb
|-damage|p1a: Russian bomb|32/100
|
|upkeep
|turn|10
|
|t:|1729115602
|switch|p1a: Charizard|Charizard, M, shiny|100/100
|switch|p2a: Skarmory|Skarmory, F|100/100
|
|upkeep
|turn|11
|
|t:|1729115608
|switch|p2a: Blissey|Blissey, F, shiny|100/100
|move|p1a: Charizard|Hidden Power|p2a: Blissey
|-damage|p2a: Blissey|91/100
|
|-heal|p2a: Blissey|97/100|[from] item: Leftovers
|upkeep
|turn|12
|
|t:|1729115615
|move|p1a: Charizard|Beat Up|p2a: Blissey
|-damage|p2a: Blissey|87/100
|-damage|p2a: Blissey|73/100
|-damage|p2a: Blissey|56/100
|-damage|p2a: Blissey|50/100
|-damage|p2a: Blissey|42/100
|-damage|p2a: Blissey|27/100
|-hitcount|p2a: Blissey|6
|move|p2a: Blissey|Ice Beam|p1a: Charizard
|-crit|p1a: Charizard
|-damage|p1a: Charizard|39/100
|
|-heal|p1a: Charizard|45/100|[from] item: Leftovers
|-heal|p2a: Blissey|33/100|[from] item: Leftovers
|upkeep
|turn|13
|
|t:|1729115626
|switch|p2a: Starmie|Starmie|78/100
|move|p1a: Charizard|Fire Blast|p2a: Starmie
|-resisted|p2a: Starmie
|-damage|p2a: Starmie|39/100
|
|-heal|p2a: Starmie|45/100|[from] item: Leftovers
|-heal|p1a: Charizard|51/100|[from] item: Leftovers
|upkeep
|turn|14
|
|t:|1729115634
|switch|p1a: Bonice|Regice|90/100
|move|p2a: Starmie|Hydro Pump|p1a: Bonice
|-damage|p1a: Bonice|63/100
|
|-heal|p2a: Starmie|51/100|[from] item: Leftovers
|-heal|p1a: Bonice|69/100|[from] item: Leftovers
|upkeep
|turn|15
|
|t:|1729115641
|move|p2a: Starmie|Hydro Pump|p1a: Bonice
|-damage|p1a: Bonice|42/100
|move|p1a: Bonice|Ice Beam|p2a: Starmie
|-resisted|p2a: Starmie
|-damage|p2a: Starmie|17/100
|
|-heal|p2a: Starmie|23/100|[from] item: Leftovers
|-heal|p1a: Bonice|48/100|[from] item: Leftovers
|upkeep
|turn|16
|
|t:|1729115657
|move|p2a: Starmie|Hydro Pump|p1a: Bonice
|-damage|p1a: Bonice|21/100
|move|p1a: Bonice|Thunder Wave|p2a: Starmie
|-status|p2a: Starmie|par
|
|-heal|p1a: Bonice|27/100|[from] item: Leftovers
|-heal|p2a: Starmie|29/100 par|[from] item: Leftovers
|upkeep
|turn|17
|
|t:|1729115666
|-curestatus|p2a: Starmie|par|[from] ability: Natural Cure
|switch|p2a: Blissey|Blissey, F, shiny|33/100
|move|p1a: Bonice|Ice Beam|p2a: Blissey
|-damage|p2a: Blissey|15/100
|
|-heal|p2a: Blissey|21/100|[from] item: Leftovers
|-heal|p1a: Bonice|33/100|[from] item: Leftovers
|upkeep
|turn|18
|
|t:|1729115677
|switch|p1a: Yuri|Medicham, F, shiny|100/100
|move|p2a: Blissey|Soft-Boiled|p2a: Blissey
|-heal|p2a: Blissey|71/100
|
|-heal|p2a: Blissey|77/100|[from] item: Leftovers
|upkeep
|turn|19
|
|t:|1729115684
|switch|p2a: Skarmory|Skarmory, F|100/100
|move|p1a: Yuri|Brick Break|p2a: Skarmory
|-damage|p2a: Skarmory|64/100
|
|-heal|p2a: Skarmory|70/100|[from] item: Leftovers
|upkeep
|turn|20
|
|t:|1729115690
|-singleturn|p1a: Yuri|move: Focus Punch
|move|p2a: Skarmory|Spikes|p1a: Yuri
|-sidestart|p1: Alecss|Spikes
|move|p1a: Yuri|Focus Punch|p2a: Skarmory
|-damage|p2a: Skarmory|0 fnt
|faint|p2a: Skarmory
|
|t:|1729115710
|switch|p2a: Starmie|Starmie|29/100
|
|-heal|p2a: Starmie|35/100|[from] item: Leftovers
|upkeep
|turn|21
|
|t:|1729115718
|move|p2a: Starmie|Hydro Pump|p1a: Yuri
|-damage|p1a: Yuri|8/100
|move|p1a: Yuri|Shadow Ball|p2a: Starmie
|-supereffective|p2a: Starmie
|-damage|p2a: Starmie|0 fnt
|faint|p2a: Starmie
|
|t:|1729115725
|switch|p2a: Gengar|Gengar, F|100/100
|
|-heal|p1a: Yuri|14/100|[from] item: Leftovers
|upkeep
|turn|22
|
|t:|1729115752
|switch|p1a: Tyranitar|Tyranitar, M|100/100
|-damage|p1a: Tyranitar|88/100|[from] Spikes
|-weather|Sandstorm|[from] ability: Sand Stream|[of] p1a: Tyranitar
|move|p2a: Gengar|Thunderbolt|p1a: Tyranitar
|-damage|p1a: Tyranitar|63/100
|
|-weather|Sandstorm|[upkeep]
|-damage|p2a: Gengar|95/100|[from] Sandstorm
|-heal|p2a: Gengar|100/100|[from] item: Leftovers
|-heal|p1a: Tyranitar|69/100|[from] item: Leftovers
|upkeep
|turn|23
|
|t:|1729115767
|-activate|p2a: Gengar|move: Pursuit
|move|p1a: Tyranitar|Pursuit|p2a: Gengar|[from]Pursuit
|-supereffective|p2a: Gengar
|-damage|p2a: Gengar|21/100
|switch|p2a: Swampert|Swampert, F|100/100
|
|-weather|Sandstorm|[upkeep]
|-heal|p1a: Tyranitar|75/100|[from] item: Leftovers
|upkeep
|turn|24
|
|t:|1729115777
|switch|p1a: Yuri|Medicham, F, shiny|14/100
|-damage|p1a: Yuri|2/100|[from] Spikes
|move|p2a: Swampert|Hydro Pump|p1a: Yuri|[miss]
|-miss|p2a: Swampert|p1a: Yuri
|
|-weather|Sandstorm|[upkeep]
|-damage|p1a: Yuri|0 fnt|[from] Sandstorm
|faint|p1a: Yuri
|upkeep
|inactive|Alecss has 270 seconds left.
|
|t:|1729115797
|switch|p1a: Charizard|Charizard, M, shiny|51/100
|turn|25
|
|t:|1729115802
|move|p1a: Charizard|Hidden Power|p2a: Swampert
|-supereffective|p2a: Swampert
|-damage|p2a: Swampert|29/100
|move|p2a: Swampert|Hydro Pump|p1a: Charizard
|-supereffective|p1a: Charizard
|-damage|p1a: Charizard|0 fnt
|faint|p1a: Charizard
|
|t:|1729115807
|switch|p1a: Metagross sucks|Swampert, M|100/100
|-damage|p1a: Metagross sucks|88/100|[from] Spikes
|
|-weather|Sandstorm|[upkeep]
|-heal|p1a: Metagross sucks|94/100|[from] item: Leftovers
|-heal|p2a: Swampert|35/100|[from] item: Leftovers
|upkeep
|turn|26
|
|t:|1729115816
|move|p2a: Swampert|Protect|p2a: Swampert
|-singleturn|p2a: Swampert|Protect
|move|p1a: Metagross sucks|Hydro Pump|p2a: Swampert
|-activate|p2a: Swampert|Protect
|
|-weather|Sandstorm|[upkeep]
|-heal|p1a: Metagross sucks|100/100|[from] item: Leftovers
|-heal|p2a: Swampert|41/100|[from] item: Leftovers
|upkeep
|turn|27
|
|t:|1729115832
|switch|p2a: Blissey|Blissey, F, shiny|77/100
|move|p1a: Metagross sucks|Hydro Pump|p2a: Blissey|[miss]
|-miss|p1a: Metagross sucks|p2a: Blissey
|
|-weather|Sandstorm|[upkeep]
|-damage|p2a: Blissey|71/100|[from] Sandstorm
|-heal|p2a: Blissey|77/100|[from] item: Leftovers
|upkeep
|turn|28
|
|t:|1729115837
|move|p1a: Metagross sucks|Earthquake|p2a: Blissey
|-damage|p2a: Blissey|37/100
|move|p2a: Blissey|Toxic|p1a: Metagross sucks
|-status|p1a: Metagross sucks|tox
|
|-weather|Sandstorm|[upkeep]
|-damage|p2a: Blissey|31/100|[from] Sandstorm
|-damage|p1a: Metagross sucks|94/100 tox|[from] psn
|-heal|p2a: Blissey|37/100|[from] item: Leftovers
|upkeep
|turn|29
|
|t:|1729115845
|move|p1a: Metagross sucks|Hydro Pump|p2a: Blissey
|-damage|p2a: Blissey|21/100
|move|p2a: Blissey|Soft-Boiled|p2a: Blissey
|-heal|p2a: Blissey|71/100
|
|-weather|Sandstorm|[upkeep]
|-damage|p2a: Blissey|65/100|[from] Sandstorm
|-heal|p1a: Metagross sucks|100/100 tox|[from] item: Leftovers
|-damage|p1a: Metagross sucks|88/100 tox|[from] psn
|-heal|p2a: Blissey|71/100|[from] item: Leftovers
|upkeep
|turn|30
|
|t:|1729115849
|move|p1a: Metagross sucks|Earthquake|p2a: Blissey
|-damage|p2a: Blissey|31/100
|move|p2a: Blissey|Soft-Boiled|p2a: Blissey
|-heal|p2a: Blissey|81/100
|
|-weather|Sandstorm|[upkeep]
|-damage|p2a: Blissey|75/100|[from] Sandstorm
|-heal|p1a: Metagross sucks|94/100 tox|[from] item: Leftovers
|-damage|p1a: Metagross sucks|76/100 tox|[from] psn
|-heal|p2a: Blissey|81/100|[from] item: Leftovers
|upkeep
|turn|31
|
|t:|1729115853
|switch|p1a: Tyranitar|Tyranitar, M|75/100
|-damage|p1a: Tyranitar|63/100|[from] Spikes
|move|p2a: Blissey|Soft-Boiled|p2a: Blissey
|-heal|p2a: Blissey|100/100
|
|-weather|Sandstorm|[upkeep]
|-damage|p2a: Blissey|94/100|[from] Sandstorm
|-heal|p1a: Tyranitar|69/100|[from] item: Leftovers
|-heal|p2a: Blissey|100/100|[from] item: Leftovers
|upkeep
|turn|32
|
|t:|1729115859
|move|p1a: Tyranitar|Crunch|p2a: Blissey
|-damage|p2a: Blissey|85/100
|move|p2a: Blissey|Toxic|p1a: Tyranitar
|-status|p1a: Tyranitar|tox
|
|-weather|Sandstorm|[upkeep]
|-damage|p2a: Blissey|78/100|[from] Sandstorm
|-heal|p1a: Tyranitar|75/100 tox|[from] item: Leftovers
|-damage|p1a: Tyranitar|69/100 tox|[from] psn
|-heal|p2a: Blissey|85/100|[from] item: Leftovers
|upkeep
|turn|33
|
|t:|1729115871
|move|p1a: Tyranitar|Crunch|p2a: Blissey
|-damage|p2a: Blissey|71/100
|move|p2a: Blissey|Ice Beam|p1a: Tyranitar
|-damage|p1a: Tyranitar|47/100 tox
|
|-weather|Sandstorm|[upkeep]
|-damage|p2a: Blissey|65/100|[from] Sandstorm
|-heal|p1a: Tyranitar|53/100 tox|[from] item: Leftovers
|-damage|p1a: Tyranitar|41/100 tox|[from] psn
|-heal|p2a: Blissey|71/100|[from] item: Leftovers
|upkeep
|turn|34
|
|t:|1729115879
|move|p2a: Blissey|Fire Blast|p1a: Tyranitar
|-resisted|p1a: Tyranitar
|-damage|p1a: Tyranitar|27/100 tox
|move|p1a: Tyranitar|Roar|p2a: Blissey
|drag|p2a: Gengar|Gengar, F|21/100
|
|-weather|Sandstorm|[upkeep]
|-damage|p2a: Gengar|15/100|[from] Sandstorm
|-heal|p2a: Gengar|21/100|[from] item: Leftovers
|-heal|p1a: Tyranitar|33/100 tox|[from] item: Leftovers
|-damage|p1a: Tyranitar|15/100 tox|[from] psn
|upkeep
|turn|35
|
|t:|1729115884
|move|p2a: Gengar|Thunderbolt|p1a: Tyranitar
|-damage|p1a: Tyranitar|0 fnt
|faint|p1a: Tyranitar
|
|t:|1729115889
|switch|p1a: Bonice|Regice|33/100
|-damage|p1a: Bonice|20/100|[from] Spikes
|
|-weather|Sandstorm|[upkeep]
|-damage|p2a: Gengar|15/100|[from] Sandstorm
|-damage|p1a: Bonice|14/100|[from] Sandstorm
|-heal|p2a: Gengar|21/100|[from] item: Leftovers
|-heal|p1a: Bonice|20/100|[from] item: Leftovers
|upkeep
|turn|36
|
|t:|1729115892
|move|p2a: Gengar|Thunderbolt|p1a: Bonice
|-damage|p1a: Bonice|7/100
|move|p1a: Bonice|Explosion|p2a: Gengar
|-immune|p2a: Gengar
|faint|p1a: Bonice
|
|t:|1729115901
|switch|p1a: Metagross sucks|Swampert, M|76/100 tox
|-damage|p1a: Metagross sucks|63/100 tox|[from] Spikes
|
|-weather|Sandstorm|[upkeep]
|-damage|p2a: Gengar|15/100|[from] Sandstorm
|-heal|p2a: Gengar|21/100|[from] item: Leftovers
|-heal|p1a: Metagross sucks|70/100 tox|[from] item: Leftovers
|-damage|p1a: Metagross sucks|63/100 tox|[from] psn
|upkeep
|turn|37
|
|t:|1729115904
|move|p2a: Gengar|Explosion|p1a: Metagross sucks
|-damage|p1a: Metagross sucks|6/100 tox
|faint|p2a: Gengar
|
|t:|1729115908
|switch|p2a: Tyranitar|Tyranitar, F|100/100
|
|-weather|Sandstorm|[upkeep]
|-heal|p1a: Metagross sucks|13/100 tox|[from] item: Leftovers
|-damage|p1a: Metagross sucks|0 fnt|[from] psn
|faint|p1a: Metagross sucks
|upkeep
|
|t:|1729115911
|switch|p1a: Russian bomb|Metagross, shiny|32/100
|-damage|p1a: Russian bomb|19/100|[from] Spikes
|turn|38
|
|t:|1729115913
|move|p1a: Russian bomb|Meteor Mash|p2a: Tyranitar|[miss]
|-miss|p1a: Russian bomb|p2a: Tyranitar
|move|p2a: Tyranitar|Earthquake|p1a: Russian bomb
|-supereffective|p1a: Russian bomb
|-damage|p1a: Russian bomb|0 fnt
|faint|p1a: Russian bomb
|
|win|herold_man
|player|p2|

</script>
<script type="application/json" class="data" id="replaydata-smogtours-gen3ou-799176">
{"id":"smogtours-gen3ou-799176","format":"[Gen 3] OU","players":["Alecss","herold_man"],"uploadtime":1729115913,"views":89,"formatid":"gen3ou","rating":null,"private":0,"password":null}
</script>

<script defer src="js/replays.js?9d40a366"></script>
