<!DOCTYPE html>
<meta charset="utf-8" />
<meta name="viewport" content="width=device-width" />

<title>[Gen 3] OU: Fear vs. vbncvx - Replays - Pok&eacute;mon Showdown!</title>

<meta name="description" content="Watch a replay of a Pok&eacute;mon battle between Fear and vbncvx! Format: [Gen 3] OU; Date: Oct 14, 2024" />
<!--

Hey, you! Looking in the source for the replay log?

You can find them in JSON format, just add `.json` at the end of a replay URL.

https://replay.pokemonshowdown.com/gen7randomdoublesbattle-865046831.json

Or, if you only need the log itself, add `.log` instead:

https://replay.pokemonshowdown.com/gen7randomdoublesbattle-865046831.log

-->

<link rel="stylesheet" href="//pokemonshowdown.com/style/global.css?0.767286132409787" />
<link rel="stylesheet" href="//play.pokemonshowdown.com/style/font-awesome.css?0.9266228007934947" />
<link rel="stylesheet" href="//play.pokemonshowdown.com/style/battle.css?0.7924700842790926" />
<link rel="stylesheet" href="//play.pokemonshowdown.com/style/utilichart.css?0.8777417872839479" />

<!-- Global site tag (gtag.js) - Google Analytics -->
<script async src="https://www.googletagmanager.com/gtag/js?id=UA-26211653-1"></script>
<script>
  window.dataLayer = window.dataLayer || [];
  function gtag(){dataLayer.push(arguments);}
  gtag('js', new Date());

  gtag('config', 'UA-26211653-1');
</script>
<!-- End Google Analytics -->
<!-- Venatus Ad Manager - Install in <HEAD> of page -->
	<script src="https://hb.vntsm.com/v3/live/ad-manager.min.js" type="text/javascript" data-site-id="642aba63ec9a7b11c3c9c1be" data-mode="scan" async></script>
<!-- / Venatus Ad Manager -->

<style>
	@media (max-width:820px) {
		.battle {
			margin: 0 auto;
		}
		.battle-log {
			margin: 7px auto 0;
			max-width: 640px;
			height: 300px;
			position: static;
		}
	}
	.optgroup {
		display: inline-block;
		line-height: 22px;
		font-size: 10pt;
	}
	.optgroup .button {
		height: 25px;
		padding-top: 0;
		padding-bottom: 0;
	}
	.optgroup button.button {
		padding-left: 12px;
		padding-right: 12px;
	}
	.linklist {
		list-style: none;
		margin: 0.5em 0;
		padding: 0;
	}
	.linklist li {
		padding: 2px 0;
	}
	.sidebar {
		float: left;
		width: 320px;
	}
	.bar-wrapper {
		max-width: 1100px;
		margin: 0 auto;
	}
	.bar-wrapper.has-sidebar {
		max-width: 1430px;
	}
	.mainbar {
		margin: 0;
		padding-right: 1px;
	}
	.mainbar.has-sidebar {
		margin-left: 330px;
	}
	@media (min-width: 1511px) {
		.sidebar {
			width: 400px;
		}
		.bar-wrapper.has-sidebar {
			max-width: 1510px;
		}
		.mainbar.has-sidebar {
			margin-left: 410px;
		}
	}
	.section.first-section {
		margin-top: 9px;
	}
	.blocklink small {
		white-space: normal;
	}
	.button {
		vertical-align: middle;
	}
	.replay-controls {
		padding-top: 10px;
	}
	.replay-controls h1 {
		font-size: 16pt;
		font-weight: normal;
		color: #CCC;
	}
	.pagelink {
		text-align: center;
	}
	.pagelink a {
		width: 150px;
	}
	.textbox, .button {
		font-size: 11pt;
		vertical-align: middle;
	}
	@media (max-width: 450px) {
		.button {
			font-size: 9pt;
		}
	}
</style>

<div>

	<header>
		<div class="nav-wrapper"><ul class="nav">
			<li><a class="button nav-first" href="//pokemonshowdown.com/"><img src="//pokemonshowdown.com/images/pokemonshowdownbeta.png" srcset="//pokemonshowdown.com/images/pokemonshowdownbeta.png 1x, //pokemonshowdown.com/images/pokemonshowdownbeta@2x.png 2x" alt="Pok&eacute;mon Showdown" width="146" height="44" /> Home</a></li>
			<li><a class="button" href="//pokemonshowdown.com/dex/">Pok&eacute;dex</a></li>
			<li><a class="button cur" href="/">Replays</a></li>
			<li><a class="button" href="//pokemonshowdown.com/ladder/">Ladder</a></li>
			<li><a class="button nav-last" href="//pokemonshowdown.com/forums/">Forum</a></li>
			<li><a class="button greenbutton nav-first nav-last" href="//play.pokemonshowdown.com/">Play</a></li>
		</ul></div>
	</header>

	<div class="main" id="main">

		<noscript><section class="section">You need to enable JavaScript to use this page; sorry!</section></noscript>

	</div>

</div>

<script defer nomodule src="//play.pokemonshowdown.com/js/lib/ps-polyfill.js"></script>
<script defer src="//play.pokemonshowdown.com/js/lib/preact.min.js"></script>

<script defer src="//play.pokemonshowdown.com/config/config.js?6dec07f6"></script>
<script defer src="//play.pokemonshowdown.com/js/lib/jquery-1.11.0.min.js"></script>
<script defer src="//play.pokemonshowdown.com/js/lib/html-sanitizer-minified.js"></script>
<script defer src="//play.pokemonshowdown.com/js/battle-sound.js"></script>
<script defer src="//play.pokemonshowdown.com/js/battledata.js?0.6315294753075389"></script>
<script defer src="//play.pokemonshowdown.com/data/pokedex-mini.js?0.7603743185311358"></script>
<script defer src="//play.pokemonshowdown.com/data/pokedex-mini-bw.js?0.030888842834281283"></script>
<script defer src="//play.pokemonshowdown.com/data/graphics.js?0.05593094747507488"></script>
<script defer src="//play.pokemonshowdown.com/data/pokedex.js?0.47064822249611904"></script>
<script defer src="//play.pokemonshowdown.com/data/moves.js?0.8583693120512459"></script>
<script defer src="//play.pokemonshowdown.com/data/abilities.js?0.16017181182386842"></script>
<script defer src="//play.pokemonshowdown.com/data/items.js?0.4163379185673943"></script>
<script defer src="//play.pokemonshowdown.com/data/teambuilder-tables.js?0.31075597372830477"></script>
<script defer src="//play.pokemonshowdown.com/js/battle-tooltips.js?0.6536193500708172"></script>
<script defer src="//play.pokemonshowdown.com/js/battle.js?0.1916591943277901"></script>

<script defer src="js/utils.js?e31f9a17"></script>
<script defer src="js/replays-battle.js?7008c182"></script>

<!-- don't scrape this data! just add .json or .log after the URL!
Full API docs: https://github.com/smogon/pokemon-showdown-client/blob/master/WEB-API.md -->
<script type="text/plain" class="log" id="replaylog-smogtours-gen3ou-798704">
|inactive|Battle timer is ON: inactive players will automatically lose when time's up.
|t:|1728932234
|gametype|singles
|player|p1|Fear|#gscpl3ironmanmachamps|
|player|p2|vbncvx|1|
|teamsize|p1|6
|teamsize|p2|6
|gen|3
|tier|[Gen 3] OU
|rule|Sleep Clause Mod: Limit one foe put to sleep
|rule|Switch Priority Clause Mod: Faster Pokémon switch first
|rule|Species Clause: Limit one of each Pokémon
|rule|OHKO Clause: OHKO moves are banned
|rule|Evasion Items Clause: Evasion items are banned
|rule|Evasion Moves Clause: Evasion moves are banned
|rule|Endless Battle Clause: Forcing endless battles is banned
|rule|HP Percentage Mod: HP is shown in percentages
|rule|One Boost Passer Clause: Limit one Baton Passer that has a way to boost its stats
|rule|Freeze Clause Mod: Limit one foe frozen
|
|t:|1728932234
|start
|switch|p1a: Zapdos|Zapdos|100/100
|switch|p2a: Hariyama|Hariyama, M, shiny|100/100
|turn|1
|
|t:|1728932241
|move|p1a: Zapdos|Substitute|p1a: Zapdos
|-start|p1a: Zapdos|Substitute
|-damage|p1a: Zapdos|76/100
|move|p2a: Hariyama|Knock Off|p1a: Zapdos
|-activate|p1a: Zapdos|Substitute|[damage]
|
|-heal|p1a: Zapdos|82/100|[from] item: Leftovers
|upkeep
|turn|2
|
|t:|1728932244
|move|p1a: Zapdos|Thunderbolt|p2a: Hariyama
|-damage|p2a: Hariyama|58/100
|move|p2a: Hariyama|Whirlwind|p1a: Zapdos
|drag|p1a: Gyarados|Gyarados, M|100/100
|-ability|p1a: Gyarados|Intimidate|boost
|-unboost|p2a: Hariyama|atk|1
|
|-heal|p2a: Hariyama|64/100|[from] item: Leftovers
|upkeep
|turn|3
|
|t:|1728932252
|switch|p1a: Tyranitar|Tyranitar, M|100/100
|-weather|Sandstorm|[from] ability: Sand Stream|[of] p1a: Tyranitar
|switch|p2a: Starmie|Starmie|100/100
|
|-weather|Sandstorm|[upkeep]
|-damage|p2a: Starmie|94/100|[from] Sandstorm
|-heal|p2a: Starmie|100/100|[from] item: Leftovers
|upkeep
|turn|4
|
|t:|1728932265
|switch|p2a: Hariyama|Hariyama, M, shiny|64/100
|move|p1a: Tyranitar|Crunch|p2a: Hariyama
|-resisted|p2a: Hariyama
|-damage|p2a: Hariyama|48/100
|
|-weather|Sandstorm|[upkeep]
|-damage|p2a: Hariyama|42/100|[from] Sandstorm
|-heal|p2a: Hariyama|48/100|[from] item: Leftovers
|upkeep
|turn|5
|
|t:|1728932281
|move|p1a: Tyranitar|Fire Blast|p2a: Hariyama
|-damage|p2a: Hariyama|32/100
|move|p2a: Hariyama|Knock Off|p1a: Tyranitar
|-resisted|p1a: Tyranitar
|-damage|p1a: Tyranitar|99/100
|-enditem|p1a: Tyranitar|Leftovers|[from] move: Knock Off|[of] p2a: Hariyama
|-hint|In Gens 3-4, Knock Off only makes the target's item unusable; it cannot obtain a new item.
|
|-weather|Sandstorm|[upkeep]
|-damage|p2a: Hariyama|25/100|[from] Sandstorm
|-heal|p2a: Hariyama|32/100|[from] item: Leftovers
|upkeep
|turn|6
|
|t:|1728932297
|switch|p1a: Gyarados|Gyarados, M|100/100
|-ability|p1a: Gyarados|Intimidate|boost
|-unboost|p2a: Hariyama|atk|1
|move|p2a: Hariyama|Knock Off|p1a: Gyarados
|-damage|p1a: Gyarados|98/100
|-enditem|p1a: Gyarados|Leftovers|[from] move: Knock Off|[of] p2a: Hariyama
|
|-weather|Sandstorm|[upkeep]
|-damage|p1a: Gyarados|92/100|[from] Sandstorm
|-damage|p2a: Hariyama|25/100|[from] Sandstorm
|-heal|p2a: Hariyama|32/100|[from] item: Leftovers
|upkeep
|turn|7
|
|t:|1728932305
|switch|p2a: Starmie|Starmie|100/100
|move|p1a: Gyarados|Dragon Dance|p1a: Gyarados
|-boost|p1a: Gyarados|atk|1
|-boost|p1a: Gyarados|spe|1
|
|-weather|Sandstorm|[upkeep]
|-damage|p1a: Gyarados|86/100|[from] Sandstorm
|-damage|p2a: Starmie|94/100|[from] Sandstorm
|-heal|p2a: Starmie|100/100|[from] item: Leftovers
|upkeep
|turn|8
|
|t:|1728932309
|move|p1a: Gyarados|Hyper Beam|p2a: Starmie
|-damage|p2a: Starmie|9/100
|-mustrecharge|p1a: Gyarados
|move|p2a: Starmie|Thunder Wave|p1a: Gyarados
|-status|p1a: Gyarados|par
|
|-weather|Sandstorm|[upkeep]
|-damage|p2a: Starmie|2/100|[from] Sandstorm
|-damage|p1a: Gyarados|80/100 par|[from] Sandstorm
|-heal|p2a: Starmie|9/100|[from] item: Leftovers
|upkeep
|turn|9
|
|t:|1728932313
|move|p2a: Starmie|Recover|p2a: Starmie
|-heal|p2a: Starmie|59/100
|cant|p1a: Gyarados|recharge
|
|-weather|Sandstorm|[upkeep]
|-damage|p2a: Starmie|52/100|[from] Sandstorm
|-damage|p1a: Gyarados|74/100 par|[from] Sandstorm
|-heal|p2a: Starmie|59/100|[from] item: Leftovers
|upkeep
|turn|10
|
|t:|1728932323
|move|p2a: Starmie|Recover|p2a: Starmie
|-heal|p2a: Starmie|100/100
|cant|p1a: Gyarados|par
|
|-weather|Sandstorm|[upkeep]
|-damage|p2a: Starmie|94/100|[from] Sandstorm
|-damage|p1a: Gyarados|68/100 par|[from] Sandstorm
|-heal|p2a: Starmie|100/100|[from] item: Leftovers
|upkeep
|turn|11
|
|t:|1728932336
|switch|p2a: Tyranitar|Tyranitar, F|100/100
|move|p1a: Gyarados|Earthquake|p2a: Tyranitar
|-supereffective|p2a: Tyranitar
|-damage|p2a: Tyranitar|24/100
|
|-weather|Sandstorm|[upkeep]
|-damage|p1a: Gyarados|62/100 par|[from] Sandstorm
|-heal|p2a: Tyranitar|30/100|[from] item: Leftovers
|upkeep
|turn|12
|
|t:|1728932347
|switch|p1a: Breloom|Breloom, M, shiny|100/100
|move|p2a: Tyranitar|Crunch|p1a: Breloom
|-resisted|p1a: Breloom
|-damage|p1a: Breloom|68/100
|
|-weather|Sandstorm|[upkeep]
|-damage|p1a: Breloom|61/100|[from] Sandstorm
|-heal|p1a: Breloom|68/100|[from] item: Leftovers
|-heal|p2a: Tyranitar|36/100|[from] item: Leftovers
|upkeep
|turn|13
|
|t:|1728932353
|move|p1a: Breloom|Spore|p2a: Tyranitar
|-status|p2a: Tyranitar|slp|[from] move: Spore
|cant|p2a: Tyranitar|slp
|
|-weather|Sandstorm|[upkeep]
|-damage|p1a: Breloom|61/100|[from] Sandstorm
|-heal|p1a: Breloom|68/100|[from] item: Leftovers
|-heal|p2a: Tyranitar|42/100 slp|[from] item: Leftovers
|upkeep
|turn|14
|
|t:|1728932355
|-singleturn|p1a: Breloom|move: Focus Punch
|switch|p2a: Salamence|Salamence, F|100/100
|-ability|p2a: Salamence|Intimidate|boost
|-unboost|p1a: Breloom|atk|1
|move|p1a: Breloom|Focus Punch|p2a: Salamence
|-resisted|p2a: Salamence
|-damage|p2a: Salamence|64/100
|
|-weather|Sandstorm|[upkeep]
|-damage|p2a: Salamence|58/100|[from] Sandstorm
|-damage|p1a: Breloom|61/100|[from] Sandstorm
|-heal|p1a: Breloom|68/100|[from] item: Leftovers
|upkeep
|turn|15
|
|t:|1728932366
|switch|p1a: Gyarados|Gyarados, M|62/100 par
|-ability|p1a: Gyarados|Intimidate|boost
|-unboost|p2a: Salamence|atk|1
|move|p2a: Salamence|Brick Break|p1a: Gyarados
|-resisted|p1a: Gyarados
|-damage|p1a: Gyarados|44/100 par
|
|-weather|Sandstorm|[upkeep]
|-damage|p2a: Salamence|52/100|[from] Sandstorm
|-damage|p1a: Gyarados|38/100 par|[from] Sandstorm
|upkeep
|turn|16
|
|t:|1728932388
|switch|p2a: Metagross|Metagross|100/100
|switch|p1a: Tyranitar|Tyranitar, M|99/100
|
|-weather|Sandstorm|[upkeep]
|upkeep
|turn|17
|
|t:|1728932401
|move|p2a: Metagross|Toxic|p1a: Tyranitar
|-status|p1a: Tyranitar|tox
|move|p1a: Tyranitar|Fire Blast|p2a: Metagross|[miss]
|-miss|p1a: Tyranitar|p2a: Metagross
|
|-weather|Sandstorm|[upkeep]
|-damage|p1a: Tyranitar|94/100 tox|[from] psn
|upkeep
|turn|18
|
|t:|1728932410
|switch|p2a: Hariyama|Hariyama, M, shiny|32/100
|move|p1a: Tyranitar|Fire Blast|p2a: Hariyama|[miss]
|-miss|p1a: Tyranitar|p2a: Hariyama
|
|-weather|Sandstorm|[upkeep]
|-damage|p2a: Hariyama|25/100|[from] Sandstorm
|-damage|p1a: Tyranitar|81/100 tox|[from] psn
|-heal|p2a: Hariyama|32/100|[from] item: Leftovers
|upkeep
|turn|19
|
|t:|1728932417
|switch|p1a: Gyarados|Gyarados, M|38/100 par
|-ability|p1a: Gyarados|Intimidate|boost
|-unboost|p2a: Hariyama|atk|1
|move|p2a: Hariyama|Brick Break|p1a: Gyarados
|-resisted|p1a: Gyarados
|-damage|p1a: Gyarados|26/100 par
|
|-weather|Sandstorm|[upkeep]
|-damage|p2a: Hariyama|25/100|[from] Sandstorm
|-damage|p1a: Gyarados|20/100 par|[from] Sandstorm
|-heal|p2a: Hariyama|32/100|[from] item: Leftovers
|upkeep
|turn|20
|
|t:|1728932434
|switch|p2a: Metagross|Metagross|100/100
|switch|p1a: Zapdos|Zapdos|82/100
|
|-weather|Sandstorm|[upkeep]
|-damage|p1a: Zapdos|76/100|[from] Sandstorm
|-heal|p1a: Zapdos|82/100|[from] item: Leftovers
|upkeep
|turn|21
|
|t:|1728932445
|move|p1a: Zapdos|Baton Pass|p1a: Zapdos
|
|t:|1728932448
|switch|p1a: Jirachi|Jirachi|100/100|[from] Baton Pass
|move|p2a: Metagross|Meteor Mash|p1a: Jirachi
|-resisted|p1a: Jirachi
|-damage|p1a: Jirachi|78/100
|
|-weather|Sandstorm|[upkeep]
|-heal|p1a: Jirachi|84/100|[from] item: Leftovers
|upkeep
|turn|22
|
|t:|1728932457
|switch|p2a: Starmie|Starmie|100/100
|move|p1a: Jirachi|Thunder|p2a: Starmie
|-supereffective|p2a: Starmie
|-damage|p2a: Starmie|29/100
|-status|p2a: Starmie|par
|
|-weather|Sandstorm|[upkeep]
|-damage|p2a: Starmie|22/100 par|[from] Sandstorm
|-heal|p1a: Jirachi|91/100|[from] item: Leftovers
|-heal|p2a: Starmie|29/100 par|[from] item: Leftovers
|upkeep
|turn|23
|
|t:|1728932465
|-curestatus|p2a: Starmie|par|[from] ability: Natural Cure
|switch|p2a: Blissey|Blissey, F|100/100
|move|p1a: Jirachi|Calm Mind|p1a: Jirachi
|-boost|p1a: Jirachi|spa|1
|-boost|p1a: Jirachi|spd|1
|
|-weather|Sandstorm|[upkeep]
|-damage|p2a: Blissey|94/100|[from] Sandstorm
|-heal|p1a: Jirachi|97/100|[from] item: Leftovers
|-heal|p2a: Blissey|100/100|[from] item: Leftovers
|upkeep
|turn|24
|
|t:|1728932470
|move|p1a: Jirachi|Calm Mind|p1a: Jirachi
|-boost|p1a: Jirachi|spa|1
|-boost|p1a: Jirachi|spd|1
|move|p2a: Blissey|Thunder Wave|p1a: Jirachi
|-status|p1a: Jirachi|par
|
|-weather|Sandstorm|[upkeep]
|-damage|p2a: Blissey|94/100|[from] Sandstorm
|-heal|p2a: Blissey|100/100|[from] item: Leftovers
|-heal|p1a: Jirachi|100/100 par|[from] item: Leftovers
|upkeep
|turn|25
|
|t:|1728932479
|switch|p2a: Metagross|Metagross|100/100
|move|p1a: Jirachi|Calm Mind|p1a: Jirachi
|-boost|p1a: Jirachi|spa|1
|-boost|p1a: Jirachi|spd|1
|
|-weather|Sandstorm|[upkeep]
|upkeep
|turn|26
|
|t:|1728932482
|move|p2a: Metagross|Earthquake|p1a: Jirachi
|-supereffective|p1a: Jirachi
|-damage|p1a: Jirachi|41/100 par
|move|p1a: Jirachi|Thunder|p2a: Metagross
|-damage|p2a: Metagross|19/100
|-status|p2a: Metagross|par
|
|-weather|Sandstorm|[upkeep]
|-heal|p1a: Jirachi|47/100 par|[from] item: Leftovers
|-heal|p2a: Metagross|25/100 par|[from] item: Leftovers
|upkeep
|turn|27
|
|t:|1728932492
|switch|p1a: Zapdos|Zapdos|82/100
|move|p2a: Metagross|Earthquake|p1a: Zapdos
|-immune|p1a: Zapdos
|
|-weather|Sandstorm|[upkeep]
|-damage|p1a: Zapdos|76/100|[from] Sandstorm
|-heal|p1a: Zapdos|82/100|[from] item: Leftovers
|-heal|p2a: Metagross|31/100 par|[from] item: Leftovers
|upkeep
|turn|28
|
|t:|1728932497
|move|p1a: Zapdos|Baton Pass|p1a: Zapdos
|
|t:|1728932504
|switch|p1a: Tyranitar|Tyranitar, M|81/100 tox|[from] Baton Pass
|move|p2a: Metagross|Explosion|p1a: Tyranitar
|-resisted|p1a: Tyranitar
|-damage|p1a: Tyranitar|4/100 tox
|faint|p2a: Metagross
|inactive|vbncvx has 270 seconds left.
|inactive|vbncvx has 240 seconds left.
|inactive|vbncvx has 210 seconds left.
|inactive|vbncvx has 180 seconds left.
|
|t:|1728932631
|switch|p2a: Blissey|Blissey, F|100/100
|
|-weather|Sandstorm|[upkeep]
|-damage|p2a: Blissey|94/100|[from] Sandstorm
|-damage|p1a: Tyranitar|0 fnt|[from] psn
|faint|p1a: Tyranitar
|-heal|p2a: Blissey|100/100|[from] item: Leftovers
|upkeep
|
|t:|1728932651
|switch|p1a: Breloom|Breloom, M, shiny|68/100
|turn|29
|
|t:|1728932660
|move|p1a: Breloom|Sky Uppercut|p2a: Blissey
|-supereffective|p2a: Blissey
|-damage|p2a: Blissey|0 fnt
|faint|p2a: Blissey
|
|t:|1728932667
|switch|p2a: Starmie|Starmie|29/100
|
|-weather|Sandstorm|[upkeep]
|-damage|p2a: Starmie|22/100|[from] Sandstorm
|-damage|p1a: Breloom|61/100|[from] Sandstorm
|-heal|p2a: Starmie|29/100|[from] item: Leftovers
|-heal|p1a: Breloom|68/100|[from] item: Leftovers
|upkeep
|turn|30
|
|t:|1728932671
|-singleturn|p1a: Breloom|move: Focus Punch
|move|p2a: Starmie|Recover|p2a: Starmie
|-heal|p2a: Starmie|79/100
|move|p1a: Breloom|Focus Punch|p2a: Starmie
|-resisted|p2a: Starmie
|-damage|p2a: Starmie|29/100
|
|-weather|Sandstorm|[upkeep]
|-damage|p2a: Starmie|23/100|[from] Sandstorm
|-damage|p1a: Breloom|61/100|[from] Sandstorm
|-heal|p2a: Starmie|29/100|[from] item: Leftovers
|-heal|p1a: Breloom|68/100|[from] item: Leftovers
|upkeep
|turn|31
|
|t:|1728932684
|switch|p1a: Jirachi|Jirachi|47/100 par
|move|p2a: Starmie|Recover|p2a: Starmie
|-heal|p2a: Starmie|79/100
|
|-weather|Sandstorm|[upkeep]
|-damage|p2a: Starmie|73/100|[from] Sandstorm
|-heal|p2a: Starmie|79/100|[from] item: Leftovers
|-heal|p1a: Jirachi|53/100 par|[from] item: Leftovers
|upkeep
|turn|32
|
|t:|1728932693
|move|p2a: Starmie|Surf|p1a: Jirachi
|-damage|p1a: Jirachi|20/100 par
|move|p1a: Jirachi|Thunder|p2a: Starmie|[miss]
|-miss|p1a: Jirachi|p2a: Starmie
|
|-weather|Sandstorm|[upkeep]
|-damage|p2a: Starmie|73/100|[from] Sandstorm
|-heal|p2a: Starmie|79/100|[from] item: Leftovers
|-heal|p1a: Jirachi|27/100 par|[from] item: Leftovers
|upkeep
|turn|33
|inactive|vbncvx has 210 seconds left.
|
|t:|1728932703
|move|p2a: Starmie|Surf|p1a: Jirachi
|-damage|p1a: Jirachi|0 fnt
|faint|p1a: Jirachi
|
|t:|1728932729
|switch|p1a: Zapdos|Zapdos|82/100
|
|-weather|Sandstorm|[upkeep]
|-damage|p2a: Starmie|73/100|[from] Sandstorm
|-damage|p1a: Zapdos|76/100|[from] Sandstorm
|-heal|p2a: Starmie|79/100|[from] item: Leftovers
|-heal|p1a: Zapdos|82/100|[from] item: Leftovers
|upkeep
|turn|34
|inactive|vbncvx has 210 seconds left.
|
|t:|1728932768
|move|p2a: Starmie|Thunder Wave|p1a: Zapdos
|-status|p1a: Zapdos|par
|cant|p1a: Zapdos|par
|
|-weather|Sandstorm|[upkeep]
|-damage|p2a: Starmie|73/100|[from] Sandstorm
|-damage|p1a: Zapdos|76/100 par|[from] Sandstorm
|-heal|p2a: Starmie|79/100|[from] item: Leftovers
|-heal|p1a: Zapdos|82/100 par|[from] item: Leftovers
|upkeep
|turn|35
|
|t:|1728932779
|switch|p2a: Hariyama|Hariyama, M, shiny|32/100
|cant|p1a: Zapdos|par
|
|-weather|Sandstorm|[upkeep]
|-damage|p2a: Hariyama|25/100|[from] Sandstorm
|-damage|p1a: Zapdos|76/100 par|[from] Sandstorm
|-heal|p2a: Hariyama|32/100|[from] item: Leftovers
|-heal|p1a: Zapdos|82/100 par|[from] item: Leftovers
|upkeep
|turn|36
|
|t:|1728932785
|move|p2a: Hariyama|Knock Off|p1a: Zapdos
|-damage|p1a: Zapdos|80/100 par
|-enditem|p1a: Zapdos|Leftovers|[from] move: Knock Off|[of] p2a: Hariyama
|move|p1a: Zapdos|Thunderbolt|p2a: Hariyama
|-damage|p2a: Hariyama|0 fnt
|faint|p2a: Hariyama
|
|t:|1728932796
|switch|p2a: Salamence|Salamence, F|52/100
|-ability|p2a: Salamence|Intimidate|boost
|-unboost|p1a: Zapdos|atk|1
|
|-weather|Sandstorm|[upkeep]
|-damage|p2a: Salamence|46/100|[from] Sandstorm
|-damage|p1a: Zapdos|73/100 par|[from] Sandstorm
|upkeep
|turn|37
|
|t:|1728932805
|switch|p1a: Gyarados|Gyarados, M|20/100 par
|-ability|p1a: Gyarados|Intimidate|boost
|-unboost|p2a: Salamence|atk|1
|move|p2a: Salamence|Rock Slide|p1a: Gyarados
|-supereffective|p1a: Gyarados
|-damage|p1a: Gyarados|0 fnt
|faint|p1a: Gyarados
|
|t:|1728932811
|switch|p1a: Dugtrio|Dugtrio, M|100/100
|
|-weather|Sandstorm|[upkeep]
|-damage|p2a: Salamence|39/100|[from] Sandstorm
|upkeep
|turn|38
|
|t:|1728932822
|switch|p2a: Tyranitar|Tyranitar, F|42/100 slp
|move|p1a: Dugtrio|Hidden Power|p2a: Tyranitar
|-supereffective|p2a: Tyranitar
|-damage|p2a: Tyranitar|6/100 slp
|
|-weather|Sandstorm|[upkeep]
|-heal|p2a: Tyranitar|12/100 slp|[from] item: Leftovers
|upkeep
|turn|39
|
|t:|1728932828
|move|p1a: Dugtrio|Hidden Power|p2a: Tyranitar
|-supereffective|p2a: Tyranitar
|-damage|p2a: Tyranitar|0 fnt
|faint|p2a: Tyranitar
|
|t:|1728932829
|switch|p2a: Salamence|Salamence, F|39/100
|-ability|p2a: Salamence|Intimidate|boost
|-unboost|p1a: Dugtrio|atk|1
|
|-weather|Sandstorm|[upkeep]
|-damage|p2a: Salamence|33/100|[from] Sandstorm
|upkeep
|turn|40
|inactive|Fear has 270 seconds left.
|
|t:|1728932883
|switch|p1a: Zapdos|Zapdos|73/100 par
|move|p2a: Salamence|Hidden Power|p1a: Zapdos
|-resisted|p1a: Zapdos
|-damage|p1a: Zapdos|37/100 par
|
|-weather|Sandstorm|[upkeep]
|-damage|p2a: Salamence|27/100|[from] Sandstorm
|-damage|p1a: Zapdos|31/100 par|[from] Sandstorm
|upkeep
|turn|41
|
|t:|1728932894
|move|p2a: Salamence|Hidden Power|p1a: Zapdos
|-resisted|p1a: Zapdos
|-damage|p1a: Zapdos|0 fnt
|faint|p1a: Zapdos
|inactive|Fear has 240 seconds left.
|
|t:|1728932938
|switch|p1a: Dugtrio|Dugtrio, M|100/100
|
|-weather|Sandstorm|[upkeep]
|-damage|p2a: Salamence|21/100|[from] Sandstorm
|upkeep
|turn|42
|
|t:|1728932954
|switch|p2a: Starmie|Starmie|79/100
|move|p1a: Dugtrio|Rock Slide|p2a: Starmie
|-damage|p2a: Starmie|47/100
|
|-weather|Sandstorm|[upkeep]
|-damage|p2a: Starmie|41/100|[from] Sandstorm
|-heal|p2a: Starmie|47/100|[from] item: Leftovers
|upkeep
|turn|43
|inactive|vbncvx has 210 seconds left.
|
|t:|1728932985
|switch|p1a: Breloom|Breloom, M, shiny|68/100
|move|p2a: Starmie|Recover|p2a: Starmie
|-heal|p2a: Starmie|97/100
|
|-weather|Sandstorm|[upkeep]
|-damage|p2a: Starmie|91/100|[from] Sandstorm
|-damage|p1a: Breloom|61/100|[from] Sandstorm
|-heal|p2a: Starmie|97/100|[from] item: Leftovers
|-heal|p1a: Breloom|68/100|[from] item: Leftovers
|upkeep
|turn|44
|inactive|vbncvx has 210 seconds left.
|
|t:|1728932996
|move|p2a: Starmie|Thunder Wave|p1a: Breloom
|-status|p1a: Breloom|par
|move|p1a: Breloom|Spore|p2a: Starmie
|-status|p2a: Starmie|slp|[from] move: Spore
|
|-weather|Sandstorm|[upkeep]
|-damage|p2a: Starmie|91/100 slp|[from] Sandstorm
|-damage|p1a: Breloom|61/100 par|[from] Sandstorm
|-heal|p2a: Starmie|97/100 slp|[from] item: Leftovers
|-heal|p1a: Breloom|68/100 par|[from] item: Leftovers
|upkeep
|turn|45
|
|t:|1728933010
|-singleturn|p1a: Breloom|move: Focus Punch
|cant|p2a: Starmie|slp
|move|p1a: Breloom|Focus Punch|p2a: Starmie
|-resisted|p2a: Starmie
|-damage|p2a: Starmie|44/100 slp
|
|-weather|Sandstorm|[upkeep]
|-damage|p2a: Starmie|38/100 slp|[from] Sandstorm
|-damage|p1a: Breloom|61/100 par|[from] Sandstorm
|-heal|p2a: Starmie|44/100 slp|[from] item: Leftovers
|-heal|p1a: Breloom|68/100 par|[from] item: Leftovers
|upkeep
|turn|46
|
|t:|1728933016
|-singleturn|p1a: Breloom|move: Focus Punch
|cant|p2a: Starmie|slp
|move|p1a: Breloom|Focus Punch|p2a: Starmie
|-resisted|p2a: Starmie
|-damage|p2a: Starmie|0 fnt
|faint|p2a: Starmie
|
|t:|1728933019
|switch|p2a: Salamence|Salamence, F|21/100
|-ability|p2a: Salamence|Intimidate|boost
|-unboost|p1a: Breloom|atk|1
|
|-weather|Sandstorm|[upkeep]
|-damage|p2a: Salamence|15/100|[from] Sandstorm
|-damage|p1a: Breloom|61/100 par|[from] Sandstorm
|-heal|p1a: Breloom|68/100 par|[from] item: Leftovers
|upkeep
|turn|47
|
|t:|1728933028
|move|p1a: Breloom|Mach Punch|p2a: Salamence
|-resisted|p2a: Salamence
|-damage|p2a: Salamence|6/100
|move|p2a: Salamence|Hidden Power|p1a: Breloom
|-supereffective|p1a: Breloom
|-damage|p1a: Breloom|0 fnt
|faint|p1a: Breloom
|
|t:|1728933034
|switch|p1a: Dugtrio|Dugtrio, M|100/100
|
|-weather|Sandstorm|[upkeep]
|-damage|p2a: Salamence|0 fnt|[from] Sandstorm
|faint|p2a: Salamence
|
|win|Fear
|upkeep
|c|☆Fear|ggs
|c|☆vbncvx|ggs
|player|p2|

</script>
<script type="application/json" class="data" id="replaydata-smogtours-gen3ou-798704">
{"id":"smogtours-gen3ou-798704","format":"[Gen 3] OU","players":["Fear","vbncvx"],"uploadtime":1728933034,"views":125,"formatid":"gen3ou","rating":null,"private":0,"password":null}
</script>

<script defer src="js/replays.js?9d40a366"></script>
