<!DOCTYPE html>
<meta charset="utf-8" />
<meta name="viewport" content="width=device-width" />

<title>[Gen 3] OU: AutumnWailord vs. Sorenz - Replays - Pok&eacute;mon Showdown!</title>

<meta name="description" content="Watch a replay of a Pok&eacute;mon battle between AutumnWailord and Sorenz! Format: [Gen 3] OU; Date: Oct 20, 2024" />
<!--

Hey, you! Looking in the source for the replay log?

You can find them in JSON format, just add `.json` at the end of a replay URL.

https://replay.pokemonshowdown.com/gen7randomdoublesbattle-865046831.json

Or, if you only need the log itself, add `.log` instead:

https://replay.pokemonshowdown.com/gen7randomdoublesbattle-865046831.log

-->

<link rel="stylesheet" href="//pokemonshowdown.com/style/global.css?0.767286132409787" />
<link rel="stylesheet" href="//play.pokemonshowdown.com/style/font-awesome.css?0.9266228007934947" />
<link rel="stylesheet" href="//play.pokemonshowdown.com/style/battle.css?0.7924700842790926" />
<link rel="stylesheet" href="//play.pokemonshowdown.com/style/utilichart.css?0.8777417872839479" />

<!-- Global site tag (gtag.js) - Google Analytics -->
<script async src="https://www.googletagmanager.com/gtag/js?id=UA-26211653-1"></script>
<script>
  window.dataLayer = window.dataLayer || [];
  function gtag(){dataLayer.push(arguments);}
  gtag('js', new Date());

  gtag('config', 'UA-26211653-1');
</script>
<!-- End Google Analytics -->
<!-- Venatus Ad Manager - Install in <HEAD> of page -->
	<script src="https://hb.vntsm.com/v3/live/ad-manager.min.js" type="text/javascript" data-site-id="642aba63ec9a7b11c3c9c1be" data-mode="scan" async></script>
<!-- / Venatus Ad Manager -->

<style>
	@media (max-width:820px) {
		.battle {
			margin: 0 auto;
		}
		.battle-log {
			margin: 7px auto 0;
			max-width: 640px;
			height: 300px;
			position: static;
		}
	}
	.optgroup {
		display: inline-block;
		line-height: 22px;
		font-size: 10pt;
	}
	.optgroup .button {
		height: 25px;
		padding-top: 0;
		padding-bottom: 0;
	}
	.optgroup button.button {
		padding-left: 12px;
		padding-right: 12px;
	}
	.linklist {
		list-style: none;
		margin: 0.5em 0;
		padding: 0;
	}
	.linklist li {
		padding: 2px 0;
	}
	.sidebar {
		float: left;
		width: 320px;
	}
	.bar-wrapper {
		max-width: 1100px;
		margin: 0 auto;
	}
	.bar-wrapper.has-sidebar {
		max-width: 1430px;
	}
	.mainbar {
		margin: 0;
		padding-right: 1px;
	}
	.mainbar.has-sidebar {
		margin-left: 330px;
	}
	@media (min-width: 1511px) {
		.sidebar {
			width: 400px;
		}
		.bar-wrapper.has-sidebar {
			max-width: 1510px;
		}
		.mainbar.has-sidebar {
			margin-left: 410px;
		}
	}
	.section.first-section {
		margin-top: 9px;
	}
	.blocklink small {
		white-space: normal;
	}
	.button {
		vertical-align: middle;
	}
	.replay-controls {
		padding-top: 10px;
	}
	.replay-controls h1 {
		font-size: 16pt;
		font-weight: normal;
		color: #CCC;
	}
	.pagelink {
		text-align: center;
	}
	.pagelink a {
		width: 150px;
	}
	.textbox, .button {
		font-size: 11pt;
		vertical-align: middle;
	}
	@media (max-width: 450px) {
		.button {
			font-size: 9pt;
		}
	}
</style>

<div>

	<header>
		<div class="nav-wrapper"><ul class="nav">
			<li><a class="button nav-first" href="//pokemonshowdown.com/"><img src="//pokemonshowdown.com/images/pokemonshowdownbeta.png" srcset="//pokemonshowdown.com/images/pokemonshowdownbeta.png 1x, //pokemonshowdown.com/images/pokemonshowdownbeta@2x.png 2x" alt="Pok&eacute;mon Showdown" width="146" height="44" /> Home</a></li>
			<li><a class="button" href="//pokemonshowdown.com/dex/">Pok&eacute;dex</a></li>
			<li><a class="button cur" href="/">Replays</a></li>
			<li><a class="button" href="//pokemonshowdown.com/ladder/">Ladder</a></li>
			<li><a class="button nav-last" href="//pokemonshowdown.com/forums/">Forum</a></li>
			<li><a class="button greenbutton nav-first nav-last" href="//play.pokemonshowdown.com/">Play</a></li>
		</ul></div>
	</header>

	<div class="main" id="main">

		<noscript><section class="section">You need to enable JavaScript to use this page; sorry!</section></noscript>

	</div>

</div>

<script defer nomodule src="//play.pokemonshowdown.com/js/lib/ps-polyfill.js"></script>
<script defer src="//play.pokemonshowdown.com/js/lib/preact.min.js"></script>

<script defer src="//play.pokemonshowdown.com/config/config.js?6dec07f6"></script>
<script defer src="//play.pokemonshowdown.com/js/lib/jquery-1.11.0.min.js"></script>
<script defer src="//play.pokemonshowdown.com/js/lib/html-sanitizer-minified.js"></script>
<script defer src="//play.pokemonshowdown.com/js/battle-sound.js"></script>
<script defer src="//play.pokemonshowdown.com/js/battledata.js?0.6315294753075389"></script>
<script defer src="//play.pokemonshowdown.com/data/pokedex-mini.js?0.7603743185311358"></script>
<script defer src="//play.pokemonshowdown.com/data/pokedex-mini-bw.js?0.030888842834281283"></script>
<script defer src="//play.pokemonshowdown.com/data/graphics.js?0.05593094747507488"></script>
<script defer src="//play.pokemonshowdown.com/data/pokedex.js?0.47064822249611904"></script>
<script defer src="//play.pokemonshowdown.com/data/moves.js?0.8583693120512459"></script>
<script defer src="//play.pokemonshowdown.com/data/abilities.js?0.16017181182386842"></script>
<script defer src="//play.pokemonshowdown.com/data/items.js?0.4163379185673943"></script>
<script defer src="//play.pokemonshowdown.com/data/teambuilder-tables.js?0.31075597372830477"></script>
<script defer src="//play.pokemonshowdown.com/js/battle-tooltips.js?0.6536193500708172"></script>
<script defer src="//play.pokemonshowdown.com/js/battle.js?0.1916591943277901"></script>

<script defer src="js/utils.js?e31f9a17"></script>
<script defer src="js/replays-battle.js?7008c182"></script>

<!-- don't scrape this data! just add .json or .log after the URL!
Full API docs: https://github.com/smogon/pokemon-showdown-client/blob/master/WEB-API.md -->
<script type="text/plain" class="log" id="replaylog-smogtours-gen3ou-800189">
|inactive|Battle timer is ON: inactive players will automatically lose when time's up.
|t:|1729383847
|gametype|singles
|player|p1|AutumnWailord|skyla-masters2|
|player|p2|Sorenz|wattson|
|teamsize|p1|6
|teamsize|p2|6
|gen|3
|tier|[Gen 3] OU
|rule|Sleep Clause Mod: Limit one foe put to sleep
|rule|Switch Priority Clause Mod: Faster Pokémon switch first
|rule|Species Clause: Limit one of each Pokémon
|rule|OHKO Clause: OHKO moves are banned
|rule|Evasion Items Clause: Evasion items are banned
|rule|Evasion Moves Clause: Evasion moves are banned
|rule|Endless Battle Clause: Forcing endless battles is banned
|rule|HP Percentage Mod: HP is shown in percentages
|rule|One Boost Passer Clause: Limit one Baton Passer that has a way to boost its stats
|rule|Freeze Clause Mod: Limit one foe frozen
|
|t:|1729383847
|start
|switch|p1a: Red|Breloom, M, shiny|100/100
|switch|p2a: Metagross|Metagross|100/100
|turn|1
|
|t:|1729383859
|move|p2a: Metagross|Protect|p2a: Metagross
|-singleturn|p2a: Metagross|Protect
|move|p1a: Red|Spore|p2a: Metagross
|-activate|p2a: Metagross|Protect
|
|upkeep
|turn|2
|inactive|Sorenz has 270 seconds left.
|
|t:|1729383901
|move|p1a: Red|Spore|p2a: Metagross
|-status|p2a: Metagross|slp|[from] move: Spore
|cant|p2a: Metagross|slp
|
|upkeep
|turn|3
|
|t:|1729383904
|move|p1a: Red|Substitute|p1a: Red
|-start|p1a: Red|Substitute
|-damage|p1a: Red|76/100
|-curestatus|p2a: Metagross|slp|[msg]
|move|p2a: Metagross|Meteor Mash|p1a: Red
|-end|p1a: Red|Substitute
|
|-heal|p1a: Red|82/100|[from] item: Leftovers
|upkeep
|turn|4
|
|t:|1729383909
|move|p1a: Red|Spore|p2a: Metagross
|-status|p2a: Metagross|slp|[from] move: Spore
|cant|p2a: Metagross|slp
|
|-heal|p1a: Red|88/100|[from] item: Leftovers
|upkeep
|turn|5
|
|t:|1729383915
|switch|p2a: Skarmory|Skarmory, M|100/100
|move|p1a: Red|Substitute|p1a: Red
|-start|p1a: Red|Substitute
|-damage|p1a: Red|63/100
|
|-heal|p1a: Red|69/100|[from] item: Leftovers
|upkeep
|turn|6
|
|t:|1729383922
|-singleturn|p1a: Red|move: Focus Punch
|move|p2a: Skarmory|Drill Peck|p1a: Red
|-supereffective|p1a: Red
|-end|p1a: Red|Substitute
|move|p1a: Red|Focus Punch|p2a: Skarmory
|-damage|p2a: Skarmory|40/100
|
|-heal|p1a: Red|75/100|[from] item: Leftovers
|-heal|p2a: Skarmory|46/100|[from] item: Leftovers
|upkeep
|turn|7
|
|t:|1729383929
|switch|p1a: Orange|Charizard, F|100/100
|move|p2a: Skarmory|Spikes|p1a: Orange
|-sidestart|p1: AutumnWailord|Spikes
|
|-heal|p2a: Skarmory|52/100|[from] item: Leftovers
|upkeep
|turn|8
|
|t:|1729383932
|move|p2a: Skarmory|Protect|p2a: Skarmory
|-singleturn|p2a: Skarmory|Protect
|move|p1a: Orange|Substitute|p1a: Orange
|-start|p1a: Orange|Substitute
|-damage|p1a: Orange|76/100
|
|-heal|p1a: Orange|82/100|[from] item: Leftovers
|-heal|p2a: Skarmory|58/100|[from] item: Leftovers
|upkeep
|turn|9
|
|t:|1729383938
|switch|p2a: Suicune|Suicune|100/100
|move|p1a: Orange|Fire Blast|p2a: Suicune
|-resisted|p2a: Suicune
|-damage|p2a: Suicune|80/100
|
|-heal|p1a: Orange|88/100|[from] item: Leftovers
|-heal|p2a: Suicune|86/100|[from] item: Leftovers
|upkeep
|turn|10
|
|t:|1729383942
|-singleturn|p1a: Orange|move: Focus Punch
|move|p1a: Orange|Focus Punch|p2a: Suicune
|-damage|p2a: Suicune|68/100
|move|p2a: Suicune|Roar|p1a: Orange
|drag|p1a: Green|Tyranitar, M|100/100
|-damage|p1a: Green|88/100|[from] Spikes
|-weather|Sandstorm|[from] ability: Sand Stream|[of] p1a: Green
|
|-weather|Sandstorm|[upkeep]
|-damage|p2a: Suicune|62/100|[from] Sandstorm
|-heal|p2a: Suicune|68/100|[from] item: Leftovers
|-heal|p1a: Green|94/100|[from] item: Leftovers
|upkeep
|turn|11
|
|t:|1729383947
|switch|p1a: Violet|Swampert, F, shiny|100/100
|-damage|p1a: Violet|88/100|[from] Spikes
|move|p2a: Suicune|Surf|p1a: Violet
|-damage|p1a: Violet|64/100
|
|-weather|Sandstorm|[upkeep]
|-damage|p2a: Suicune|62/100|[from] Sandstorm
|-heal|p2a: Suicune|68/100|[from] item: Leftovers
|-heal|p1a: Violet|70/100|[from] item: Leftovers
|upkeep
|turn|12
|
|t:|1729383956
|switch|p2a: Skarmory|Skarmory, M|58/100
|move|p1a: Violet|Toxic|p2a: Skarmory|[miss]
|-miss|p1a: Violet|p2a: Skarmory
|
|-weather|Sandstorm|[upkeep]
|-heal|p2a: Skarmory|64/100|[from] item: Leftovers
|-heal|p1a: Violet|76/100|[from] item: Leftovers
|upkeep
|turn|13
|
|t:|1729383960
|switch|p1a: Yelow|Jolteon, F|100/100
|-damage|p1a: Yelow|88/100|[from] Spikes
|move|p2a: Skarmory|Spikes|p1a: Yelow
|-sidestart|p1: AutumnWailord|Spikes
|
|-weather|Sandstorm|[upkeep]
|-damage|p1a: Yelow|82/100|[from] Sandstorm
|-heal|p1a: Yelow|88/100|[from] item: Leftovers
|-heal|p2a: Skarmory|70/100|[from] item: Leftovers
|upkeep
|turn|14
|
|t:|1729383966
|switch|p2a: Blissey|Blissey, F|100/100
|move|p1a: Yelow|Thunderbolt|p2a: Blissey
|-damage|p2a: Blissey|81/100
|
|-weather|Sandstorm|[upkeep]
|-damage|p1a: Yelow|82/100|[from] Sandstorm
|-damage|p2a: Blissey|75/100|[from] Sandstorm
|-heal|p1a: Yelow|88/100|[from] item: Leftovers
|-heal|p2a: Blissey|81/100|[from] item: Leftovers
|upkeep
|turn|15
|
|t:|1729383982
|switch|p1a: Green|Tyranitar, M|94/100
|-damage|p1a: Green|78/100|[from] Spikes
|move|p2a: Blissey|Ice Beam|p1a: Green
|-damage|p1a: Green|59/100
|
|-weather|Sandstorm|[upkeep]
|-damage|p2a: Blissey|75/100|[from] Sandstorm
|-heal|p1a: Green|65/100|[from] item: Leftovers
|-heal|p2a: Blissey|81/100|[from] item: Leftovers
|upkeep
|turn|16
|
|t:|1729384001
|switch|p2a: Suicune|Suicune|68/100
|move|p1a: Green|Dragon Dance|p1a: Green
|-boost|p1a: Green|atk|1
|-boost|p1a: Green|spe|1
|
|-weather|Sandstorm|[upkeep]
|-damage|p2a: Suicune|62/100|[from] Sandstorm
|-heal|p1a: Green|71/100|[from] item: Leftovers
|-heal|p2a: Suicune|68/100|[from] item: Leftovers
|upkeep
|turn|17
|
|t:|1729384015
|move|p1a: Green|Dragon Dance|p1a: Green
|-boost|p1a: Green|atk|1
|-boost|p1a: Green|spe|1
|move|p2a: Suicune|Roar|p1a: Green
|drag|p1a: Yelow|Jolteon, F|88/100
|-damage|p1a: Yelow|72/100|[from] Spikes
|
|-weather|Sandstorm|[upkeep]
|-damage|p1a: Yelow|66/100|[from] Sandstorm
|-damage|p2a: Suicune|62/100|[from] Sandstorm
|-heal|p1a: Yelow|72/100|[from] item: Leftovers
|-heal|p2a: Suicune|68/100|[from] item: Leftovers
|upkeep
|turn|18
|
|t:|1729384020
|switch|p2a: Blissey|Blissey, F|81/100
|move|p1a: Yelow|Thunderbolt|p2a: Blissey
|-damage|p2a: Blissey|65/100
|
|-weather|Sandstorm|[upkeep]
|-damage|p1a: Yelow|66/100|[from] Sandstorm
|-damage|p2a: Blissey|59/100|[from] Sandstorm
|-heal|p1a: Yelow|72/100|[from] item: Leftovers
|-heal|p2a: Blissey|65/100|[from] item: Leftovers
|upkeep
|turn|19
|
|t:|1729384029
|switch|p1a: Green|Tyranitar, M|71/100
|-damage|p1a: Green|55/100|[from] Spikes
|move|p2a: Blissey|Soft-Boiled|p2a: Blissey
|-heal|p2a: Blissey|100/100
|
|-weather|Sandstorm|[upkeep]
|-damage|p2a: Blissey|94/100|[from] Sandstorm
|-heal|p1a: Green|61/100|[from] item: Leftovers
|-heal|p2a: Blissey|100/100|[from] item: Leftovers
|upkeep
|turn|20
|
|t:|1729384039
|switch|p2a: Suicune|Suicune|68/100
|move|p1a: Green|Dragon Dance|p1a: Green
|-boost|p1a: Green|atk|1
|-boost|p1a: Green|spe|1
|
|-weather|Sandstorm|[upkeep]
|-damage|p2a: Suicune|62/100|[from] Sandstorm
|-heal|p1a: Green|67/100|[from] item: Leftovers
|-heal|p2a: Suicune|68/100|[from] item: Leftovers
|upkeep
|turn|21
|inactive|AutumnWailord has 270 seconds left.
|
|t:|1729384074
|move|p1a: Green|Rock Slide|p2a: Suicune
|-damage|p2a: Suicune|37/100
|move|p2a: Suicune|Surf|p1a: Green
|-supereffective|p1a: Green
|-damage|p1a: Green|13/100
|
|-weather|Sandstorm|[upkeep]
|-damage|p2a: Suicune|31/100|[from] Sandstorm
|-heal|p1a: Green|20/100|[from] item: Leftovers
|-heal|p2a: Suicune|37/100|[from] item: Leftovers
|upkeep
|turn|22
|
|t:|1729384086
|move|p1a: Green|Rock Slide|p2a: Suicune|[miss]
|-miss|p1a: Green|p2a: Suicune
|move|p2a: Suicune|Surf|p1a: Green
|-supereffective|p1a: Green
|-damage|p1a: Green|0 fnt
|faint|p1a: Green
|inactive|AutumnWailord has 270 seconds left.
|
|t:|1729384102
|switch|p1a: Yelow|Jolteon, F|72/100
|-damage|p1a: Yelow|55/100|[from] Spikes
|
|-weather|Sandstorm|[upkeep]
|-damage|p1a: Yelow|49/100|[from] Sandstorm
|-damage|p2a: Suicune|31/100|[from] Sandstorm
|-heal|p1a: Yelow|55/100|[from] item: Leftovers
|-heal|p2a: Suicune|37/100|[from] item: Leftovers
|upkeep
|turn|23
|
|t:|1729384109
|switch|p2a: Blissey|Blissey, F|100/100
|move|p1a: Yelow|Thunderbolt|p2a: Blissey
|-damage|p2a: Blissey|82/100
|-status|p2a: Blissey|par
|
|-weather|Sandstorm|[upkeep]
|-damage|p1a: Yelow|49/100|[from] Sandstorm
|-damage|p2a: Blissey|76/100 par|[from] Sandstorm
|-heal|p1a: Yelow|55/100|[from] item: Leftovers
|-heal|p2a: Blissey|82/100 par|[from] item: Leftovers
|upkeep
|turn|24
|
|t:|1729384115
|switch|p1a: Red|Breloom, M, shiny|75/100
|-damage|p1a: Red|59/100|[from] Spikes
|move|p2a: Blissey|Wish|p2a: Blissey
|
|-weather|Sandstorm|[upkeep]
|-damage|p1a: Red|53/100|[from] Sandstorm
|-damage|p2a: Blissey|76/100 par|[from] Sandstorm
|-heal|p1a: Red|59/100|[from] item: Leftovers
|-heal|p2a: Blissey|82/100 par|[from] item: Leftovers
|upkeep
|turn|25
|
|t:|1729384121
|-curestatus|p2a: Blissey|par|[from] ability: Natural Cure
|switch|p2a: Skarmory|Skarmory, M|70/100
|move|p1a: Red|Substitute|p1a: Red
|-start|p1a: Red|Substitute
|-damage|p1a: Red|34/100
|
|-heal|p2a: Skarmory|100/100|[from] move: Wish|[wisher] Blissey
|-weather|Sandstorm|[upkeep]
|-damage|p1a: Red|28/100|[from] Sandstorm
|-heal|p1a: Red|34/100|[from] item: Leftovers
|upkeep
|turn|26
|
|t:|1729384126
|-singleturn|p1a: Red|move: Focus Punch
|move|p2a: Skarmory|Drill Peck|p1a: Red
|-supereffective|p1a: Red
|-end|p1a: Red|Substitute
|move|p1a: Red|Focus Punch|p2a: Skarmory
|-damage|p2a: Skarmory|45/100
|
|-weather|Sandstorm|[upkeep]
|-damage|p1a: Red|28/100|[from] Sandstorm
|-heal|p1a: Red|34/100|[from] item: Leftovers
|-heal|p2a: Skarmory|51/100|[from] item: Leftovers
|upkeep
|turn|27
|
|t:|1729384131
|switch|p1a: Orange|Charizard, F|88/100
|move|p2a: Skarmory|Drill Peck|p1a: Orange
|-crit|p1a: Orange
|-damage|p1a: Orange|9/100
|
|-weather|Sandstorm|[upkeep]
|-damage|p1a: Orange|3/100|[from] Sandstorm
|-heal|p1a: Orange|9/100|[from] item: Leftovers
|-heal|p2a: Skarmory|57/100|[from] item: Leftovers
|upkeep
|turn|28
|
|t:|1729384140
|switch|p2a: Blissey|Blissey, F|82/100
|move|p1a: Orange|Fire Blast|p2a: Blissey
|-damage|p2a: Blissey|48/100
|
|-weather|Sandstorm|[upkeep]
|-damage|p1a: Orange|3/100|[from] Sandstorm
|-damage|p2a: Blissey|42/100|[from] Sandstorm
|-heal|p1a: Orange|9/100|[from] item: Leftovers
|-heal|p2a: Blissey|48/100|[from] item: Leftovers
|upkeep
|turn|29
|
|t:|1729384152
|move|p1a: Orange|Fire Blast|p2a: Blissey
|-damage|p2a: Blissey|14/100
|move|p2a: Blissey|Soft-Boiled|p2a: Blissey
|-heal|p2a: Blissey|64/100
|
|-weather|Sandstorm|[upkeep]
|-damage|p1a: Orange|3/100|[from] Sandstorm
|-damage|p2a: Blissey|58/100|[from] Sandstorm
|-heal|p1a: Orange|9/100|[from] item: Leftovers
|-heal|p2a: Blissey|64/100|[from] item: Leftovers
|upkeep
|turn|30
|
|t:|1729384155
|move|p1a: Orange|Fire Blast|p2a: Blissey|[miss]
|-miss|p1a: Orange|p2a: Blissey
|move|p2a: Blissey|Ice Beam|p1a: Orange
|-damage|p1a: Orange|0 fnt
|faint|p1a: Orange
|
|t:|1729384158
|switch|p1a: Blue|Salamence, M|100/100
|-ability|p1a: Blue|Intimidate|boost
|-unboost|p2a: Blissey|atk|1
|
|-weather|Sandstorm|[upkeep]
|-damage|p1a: Blue|94/100|[from] Sandstorm
|-damage|p2a: Blissey|58/100|[from] Sandstorm
|-heal|p2a: Blissey|64/100|[from] item: Leftovers
|upkeep
|turn|31
|
|t:|1729384162
|move|p1a: Blue|Brick Break|p2a: Blissey
|-supereffective|p2a: Blissey
|-damage|p2a: Blissey|0 fnt
|faint|p2a: Blissey
|
|t:|1729384181
|switch|p2a: Claydol|Claydol|100/100
|
|-weather|Sandstorm|[upkeep]
|-damage|p1a: Blue|88/100|[from] Sandstorm
|upkeep
|turn|32
|
|t:|1729384191
|switch|p1a: Violet|Swampert, F, shiny|76/100
|-damage|p1a: Violet|60/100|[from] Spikes
|move|p2a: Claydol|Explosion|p1a: Violet
|-damage|p1a: Violet|4/100
|faint|p2a: Claydol
|
|t:|1729384196
|switch|p2a: Suicune|Suicune|37/100
|
|-weather|Sandstorm|[upkeep]
|-damage|p2a: Suicune|31/100|[from] Sandstorm
|-heal|p2a: Suicune|37/100|[from] item: Leftovers
|-heal|p1a: Violet|10/100|[from] item: Leftovers
|upkeep
|turn|33
|
|t:|1729384199
|move|p2a: Suicune|Surf|p1a: Violet
|-damage|p1a: Violet|0 fnt
|faint|p1a: Violet
|
|t:|1729384201
|switch|p1a: Yelow|Jolteon, F|55/100
|-damage|p1a: Yelow|39/100|[from] Spikes
|
|-weather|Sandstorm|[upkeep]
|-damage|p1a: Yelow|33/100|[from] Sandstorm
|-damage|p2a: Suicune|31/100|[from] Sandstorm
|-heal|p1a: Yelow|39/100|[from] item: Leftovers
|-heal|p2a: Suicune|37/100|[from] item: Leftovers
|upkeep
|turn|34
|
|t:|1729384207
|switch|p2a: Magneton|Magneton|100/100
|move|p1a: Yelow|Thunderbolt|p2a: Magneton
|-resisted|p2a: Magneton
|-damage|p2a: Magneton|62/100
|
|-weather|Sandstorm|[upkeep]
|-damage|p1a: Yelow|33/100|[from] Sandstorm
|-heal|p1a: Yelow|39/100|[from] item: Leftovers
|-heal|p2a: Magneton|68/100|[from] item: Leftovers
|upkeep
|turn|35
|
|t:|1729384213
|switch|p1a: Red|Breloom, M, shiny|34/100
|-damage|p1a: Red|17/100|[from] Spikes
|move|p2a: Magneton|Toxic|p1a: Red
|-status|p1a: Red|tox
|
|-weather|Sandstorm|[upkeep]
|-damage|p1a: Red|11/100 tox|[from] Sandstorm
|-heal|p1a: Red|17/100 tox|[from] item: Leftovers
|-damage|p1a: Red|11/100 tox|[from] psn
|-heal|p2a: Magneton|74/100|[from] item: Leftovers
|upkeep
|turn|36
|
|t:|1729384226
|move|p1a: Red|Hidden Power|p2a: Magneton
|-resisted|p2a: Magneton
|-damage|p2a: Magneton|59/100
|move|p2a: Magneton|Hidden Power|p1a: Red
|-supereffective|p1a: Red
|-damage|p1a: Red|0 fnt
|faint|p1a: Red
|
|t:|1729384229
|switch|p1a: Blue|Salamence, M|88/100
|-ability|p1a: Blue|Intimidate|boost
|-unboost|p2a: Magneton|atk|1
|
|-weather|Sandstorm|[upkeep]
|-damage|p1a: Blue|82/100|[from] Sandstorm
|-heal|p2a: Magneton|65/100|[from] item: Leftovers
|upkeep
|turn|37
|
|t:|1729384242
|move|p1a: Blue|Brick Break|p2a: Magneton
|-supereffective|p2a: Magneton
|-damage|p2a: Magneton|0 fnt
|faint|p2a: Magneton
|
|t:|1729384252
|switch|p2a: Skarmory|Skarmory, M|57/100
|
|-weather|Sandstorm|[upkeep]
|-damage|p1a: Blue|76/100|[from] Sandstorm
|-heal|p2a: Skarmory|63/100|[from] item: Leftovers
|upkeep
|turn|38
|
|t:|1729384257
|move|p1a: Blue|Brick Break|p2a: Skarmory
|-damage|p2a: Skarmory|30/100
|move|p2a: Skarmory|Drill Peck|p1a: Blue
|-damage|p1a: Blue|47/100
|
|-weather|Sandstorm|[upkeep]
|-damage|p1a: Blue|41/100|[from] Sandstorm
|-heal|p2a: Skarmory|36/100|[from] item: Leftovers
|upkeep
|turn|39
|
|t:|1729384262
|move|p1a: Blue|Brick Break|p2a: Skarmory
|-crit|p2a: Skarmory
|-damage|p2a: Skarmory|0 fnt
|faint|p2a: Skarmory
|
|t:|1729384265
|switch|p2a: Suicune|Suicune|37/100
|
|-weather|Sandstorm|[upkeep]
|-damage|p1a: Blue|35/100|[from] Sandstorm
|-damage|p2a: Suicune|31/100|[from] Sandstorm
|-heal|p2a: Suicune|37/100|[from] item: Leftovers
|upkeep
|turn|40
|
|t:|1729384270
|move|p1a: Blue|Brick Break|p2a: Suicune
|-damage|p2a: Suicune|11/100
|move|p2a: Suicune|Rest|p2a: Suicune
|-status|p2a: Suicune|slp|[from] move: Rest
|-heal|p2a: Suicune|100/100 slp|[silent]
|
|-weather|Sandstorm|[upkeep]
|-damage|p1a: Blue|29/100|[from] Sandstorm
|-damage|p2a: Suicune|94/100 slp|[from] Sandstorm
|-heal|p2a: Suicune|100/100 slp|[from] item: Leftovers
|upkeep
|turn|41
|
|t:|1729384273
|switch|p1a: Yelow|Jolteon, F|39/100
|-damage|p1a: Yelow|22/100|[from] Spikes
|cant|p2a: Suicune|slp
|
|-weather|Sandstorm|[upkeep]
|-damage|p1a: Yelow|16/100|[from] Sandstorm
|-damage|p2a: Suicune|94/100 slp|[from] Sandstorm
|-heal|p1a: Yelow|22/100|[from] item: Leftovers
|-heal|p2a: Suicune|100/100 slp|[from] item: Leftovers
|upkeep
|turn|42
|
|t:|1729384282
|move|p1a: Yelow|Thunderbolt|p2a: Suicune
|-supereffective|p2a: Suicune
|-damage|p2a: Suicune|37/100 slp
|cant|p2a: Suicune|slp
|
|-weather|Sandstorm|[upkeep]
|-damage|p1a: Yelow|16/100|[from] Sandstorm
|-damage|p2a: Suicune|30/100 slp|[from] Sandstorm
|-heal|p1a: Yelow|22/100|[from] item: Leftovers
|-heal|p2a: Suicune|37/100 slp|[from] item: Leftovers
|upkeep
|turn|43
|
|t:|1729384287
|move|p1a: Yelow|Thunderbolt|p2a: Suicune
|-supereffective|p2a: Suicune
|-damage|p2a: Suicune|0 fnt
|faint|p2a: Suicune
|
|t:|1729384289
|switch|p2a: Metagross|Metagross|100/100 slp
|
|-weather|Sandstorm|[upkeep]
|-damage|p1a: Yelow|16/100|[from] Sandstorm
|-heal|p1a: Yelow|22/100|[from] item: Leftovers
|upkeep
|turn|44
|
|t:|1729384291
|move|p1a: Yelow|Thunderbolt|p2a: Metagross
|-damage|p2a: Metagross|59/100 slp
|-curestatus|p2a: Metagross|slp|[msg]
|move|p2a: Metagross|Earthquake|p1a: Yelow
|-supereffective|p1a: Yelow
|-damage|p1a: Yelow|0 fnt
|faint|p1a: Yelow
|
|t:|1729384295
|switch|p1a: Blue|Salamence, M|29/100
|-ability|p1a: Blue|Intimidate|boost
|-fail|p2a: Metagross|unboost|[from] ability: Clear Body|[of] p2a: Metagross
|
|-weather|Sandstorm|[upkeep]
|-damage|p1a: Blue|23/100|[from] Sandstorm
|-heal|p2a: Metagross|65/100|[from] item: Leftovers
|upkeep
|turn|45
|
|t:|1729384301
|move|p2a: Metagross|Protect|p2a: Metagross
|-singleturn|p2a: Metagross|Protect
|move|p1a: Blue|Earthquake|p2a: Metagross
|-activate|p2a: Metagross|Protect
|
|-weather|Sandstorm|[upkeep]
|-damage|p1a: Blue|17/100|[from] Sandstorm
|-heal|p2a: Metagross|71/100|[from] item: Leftovers
|upkeep
|turn|46
|
|t:|1729384304
|move|p1a: Blue|Earthquake|p2a: Metagross
|-supereffective|p2a: Metagross
|-crit|p2a: Metagross
|-damage|p2a: Metagross|0 fnt
|faint|p2a: Metagross
|
|win|AutumnWailord
|c|☆Sorenz|Ggs
|c|☆AutumnWailord|wp
|c|☆Sorenz|U2

</script>
<script type="application/json" class="data" id="replaydata-smogtours-gen3ou-800189">
{"id":"smogtours-gen3ou-800189","format":"[Gen 3] OU","players":["AutumnWailord","Sorenz"],"uploadtime":1729384304,"views":114,"formatid":"gen3ou","rating":null,"private":0,"password":null}
</script>

<script defer src="js/replays.js?9d40a366"></script>
