<!DOCTYPE html>
<meta charset="utf-8" />
<meta name="viewport" content="width=device-width" />

<title>[Gen 3] OU: Texas Cloverleaf vs. cd56 - Replays - Pok&eacute;mon Showdown!</title>

<meta name="description" content="Watch a replay of a Pok&eacute;mon battle between Texas Cloverleaf and cd56! Format: [Gen 3] OU; Date: Oct 20, 2024" />
<!--

Hey, you! Looking in the source for the replay log?

You can find them in JSON format, just add `.json` at the end of a replay URL.

https://replay.pokemonshowdown.com/gen7randomdoublesbattle-865046831.json

Or, if you only need the log itself, add `.log` instead:

https://replay.pokemonshowdown.com/gen7randomdoublesbattle-865046831.log

-->

<link rel="stylesheet" href="//pokemonshowdown.com/style/global.css?0.767286132409787" />
<link rel="stylesheet" href="//play.pokemonshowdown.com/style/font-awesome.css?0.9266228007934947" />
<link rel="stylesheet" href="//play.pokemonshowdown.com/style/battle.css?0.7924700842790926" />
<link rel="stylesheet" href="//play.pokemonshowdown.com/style/utilichart.css?0.8777417872839479" />

<!-- Global site tag (gtag.js) - Google Analytics -->
<script async src="https://www.googletagmanager.com/gtag/js?id=UA-26211653-1"></script>
<script>
  window.dataLayer = window.dataLayer || [];
  function gtag(){dataLayer.push(arguments);}
  gtag('js', new Date());

  gtag('config', 'UA-26211653-1');
</script>
<!-- End Google Analytics -->
<!-- Venatus Ad Manager - Install in <HEAD> of page -->
	<script src="https://hb.vntsm.com/v3/live/ad-manager.min.js" type="text/javascript" data-site-id="642aba63ec9a7b11c3c9c1be" data-mode="scan" async></script>
<!-- / Venatus Ad Manager -->

<style>
	@media (max-width:820px) {
		.battle {
			margin: 0 auto;
		}
		.battle-log {
			margin: 7px auto 0;
			max-width: 640px;
			height: 300px;
			position: static;
		}
	}
	.optgroup {
		display: inline-block;
		line-height: 22px;
		font-size: 10pt;
	}
	.optgroup .button {
		height: 25px;
		padding-top: 0;
		padding-bottom: 0;
	}
	.optgroup button.button {
		padding-left: 12px;
		padding-right: 12px;
	}
	.linklist {
		list-style: none;
		margin: 0.5em 0;
		padding: 0;
	}
	.linklist li {
		padding: 2px 0;
	}
	.sidebar {
		float: left;
		width: 320px;
	}
	.bar-wrapper {
		max-width: 1100px;
		margin: 0 auto;
	}
	.bar-wrapper.has-sidebar {
		max-width: 1430px;
	}
	.mainbar {
		margin: 0;
		padding-right: 1px;
	}
	.mainbar.has-sidebar {
		margin-left: 330px;
	}
	@media (min-width: 1511px) {
		.sidebar {
			width: 400px;
		}
		.bar-wrapper.has-sidebar {
			max-width: 1510px;
		}
		.mainbar.has-sidebar {
			margin-left: 410px;
		}
	}
	.section.first-section {
		margin-top: 9px;
	}
	.blocklink small {
		white-space: normal;
	}
	.button {
		vertical-align: middle;
	}
	.replay-controls {
		padding-top: 10px;
	}
	.replay-controls h1 {
		font-size: 16pt;
		font-weight: normal;
		color: #CCC;
	}
	.pagelink {
		text-align: center;
	}
	.pagelink a {
		width: 150px;
	}
	.textbox, .button {
		font-size: 11pt;
		vertical-align: middle;
	}
	@media (max-width: 450px) {
		.button {
			font-size: 9pt;
		}
	}
</style>

<div>

	<header>
		<div class="nav-wrapper"><ul class="nav">
			<li><a class="button nav-first" href="//pokemonshowdown.com/"><img src="//pokemonshowdown.com/images/pokemonshowdownbeta.png" srcset="//pokemonshowdown.com/images/pokemonshowdownbeta.png 1x, //pokemonshowdown.com/images/pokemonshowdownbeta@2x.png 2x" alt="Pok&eacute;mon Showdown" width="146" height="44" /> Home</a></li>
			<li><a class="button" href="//pokemonshowdown.com/dex/">Pok&eacute;dex</a></li>
			<li><a class="button cur" href="/">Replays</a></li>
			<li><a class="button" href="//pokemonshowdown.com/ladder/">Ladder</a></li>
			<li><a class="button nav-last" href="//pokemonshowdown.com/forums/">Forum</a></li>
			<li><a class="button greenbutton nav-first nav-last" href="//play.pokemonshowdown.com/">Play</a></li>
		</ul></div>
	</header>

	<div class="main" id="main">

		<noscript><section class="section">You need to enable JavaScript to use this page; sorry!</section></noscript>

	</div>

</div>

<script defer nomodule src="//play.pokemonshowdown.com/js/lib/ps-polyfill.js"></script>
<script defer src="//play.pokemonshowdown.com/js/lib/preact.min.js"></script>

<script defer src="//play.pokemonshowdown.com/config/config.js?6dec07f6"></script>
<script defer src="//play.pokemonshowdown.com/js/lib/jquery-1.11.0.min.js"></script>
<script defer src="//play.pokemonshowdown.com/js/lib/html-sanitizer-minified.js"></script>
<script defer src="//play.pokemonshowdown.com/js/battle-sound.js"></script>
<script defer src="//play.pokemonshowdown.com/js/battledata.js?0.6315294753075389"></script>
<script defer src="//play.pokemonshowdown.com/data/pokedex-mini.js?0.7603743185311358"></script>
<script defer src="//play.pokemonshowdown.com/data/pokedex-mini-bw.js?0.030888842834281283"></script>
<script defer src="//play.pokemonshowdown.com/data/graphics.js?0.05593094747507488"></script>
<script defer src="//play.pokemonshowdown.com/data/pokedex.js?0.47064822249611904"></script>
<script defer src="//play.pokemonshowdown.com/data/moves.js?0.8583693120512459"></script>
<script defer src="//play.pokemonshowdown.com/data/abilities.js?0.16017181182386842"></script>
<script defer src="//play.pokemonshowdown.com/data/items.js?0.4163379185673943"></script>
<script defer src="//play.pokemonshowdown.com/data/teambuilder-tables.js?0.31075597372830477"></script>
<script defer src="//play.pokemonshowdown.com/js/battle-tooltips.js?0.6536193500708172"></script>
<script defer src="//play.pokemonshowdown.com/js/battle.js?0.1916591943277901"></script>

<script defer src="js/utils.js?e31f9a17"></script>
<script defer src="js/replays-battle.js?7008c182"></script>

<!-- don't scrape this data! just add .json or .log after the URL!
Full API docs: https://github.com/smogon/pokemon-showdown-client/blob/master/WEB-API.md -->
<script type="text/plain" class="log" id="replaylog-smogtours-gen3ou-800907">
|inactive|Battle timer is ON: inactive players will automatically lose when time's up.
|t:|1729463198
|gametype|singles
|player|p1|Texas Cloverleaf|#texascloverleaf|
|player|p2|cd56|2|
|teamsize|p1|6
|teamsize|p2|6
|gen|3
|tier|[Gen 3] OU
|rule|Sleep Clause Mod: Limit one foe put to sleep
|rule|Switch Priority Clause Mod: Faster Pokémon switch first
|rule|Species Clause: Limit one of each Pokémon
|rule|OHKO Clause: OHKO moves are banned
|rule|Evasion Items Clause: Evasion items are banned
|rule|Evasion Moves Clause: Evasion moves are banned
|rule|Endless Battle Clause: Forcing endless battles is banned
|rule|HP Percentage Mod: HP is shown in percentages
|rule|One Boost Passer Clause: Limit one Baton Passer that has a way to boost its stats
|rule|Freeze Clause Mod: Limit one foe frozen
|
|t:|1729463198
|start
|switch|p1a: Tyranitar|Tyranitar, M|100/100
|switch|p2a: Tyranitar|Tyranitar, F|100/100
|-weather|Sandstorm|[from] ability: Sand Stream|[of] p1a: Tyranitar
|turn|1
|
|t:|1729463211
|switch|p2a: Swampert|Swampert, F|100/100
|move|p1a: Tyranitar|Brick Break|p2a: Swampert
|-damage|p2a: Swampert|87/100
|
|-weather|Sandstorm|[upkeep]
|-heal|p2a: Swampert|93/100|[from] item: Leftovers
|upkeep
|turn|2
|
|t:|1729463220
|move|p2a: Swampert|Protect|p2a: Swampert
|-singleturn|p2a: Swampert|Protect
|move|p1a: Tyranitar|Hidden Power|p2a: Swampert
|-activate|p2a: Swampert|Protect
|
|-weather|Sandstorm|[upkeep]
|-heal|p2a: Swampert|99/100|[from] item: Leftovers
|upkeep
|turn|3
|
|t:|1729463227
|switch|p2a: Hariyama|Hariyama, F|100/100
|move|p1a: Tyranitar|Ancient Power|p2a: Hariyama
|-resisted|p2a: Hariyama
|-damage|p2a: Hariyama|89/100
|
|-weather|Sandstorm|[upkeep]
|-damage|p2a: Hariyama|83/100|[from] Sandstorm
|-heal|p2a: Hariyama|89/100|[from] item: Leftovers
|upkeep
|turn|4
|
|t:|1729463238
|switch|p1a: Zapdos|Zapdos|100/100
|move|p2a: Hariyama|Knock Off|p1a: Zapdos
|-crit|p1a: Zapdos
|-damage|p1a: Zapdos|97/100
|-enditem|p1a: Zapdos|Leftovers|[from] move: Knock Off|[of] p2a: Hariyama
|-hint|In Gens 3-4, Knock Off only makes the target's item unusable; it cannot obtain a new item.
|
|-weather|Sandstorm|[upkeep]
|-damage|p1a: Zapdos|90/100|[from] Sandstorm
|-damage|p2a: Hariyama|83/100|[from] Sandstorm
|-heal|p2a: Hariyama|89/100|[from] item: Leftovers
|upkeep
|turn|5
|
|t:|1729463245
|switch|p2a: Blissey|Blissey, F|100/100
|move|p1a: Zapdos|Thunderbolt|p2a: Blissey
|-damage|p2a: Blissey|82/100
|
|-weather|Sandstorm|[upkeep]
|-damage|p1a: Zapdos|84/100|[from] Sandstorm
|-damage|p2a: Blissey|76/100|[from] Sandstorm
|-heal|p2a: Blissey|82/100|[from] item: Leftovers
|upkeep
|turn|6
|
|t:|1729463256
|switch|p1a: Tyranitar|Tyranitar, M|100/100
|move|p2a: Blissey|Ice Beam|p1a: Tyranitar
|-damage|p1a: Tyranitar|78/100
|
|-weather|Sandstorm|[upkeep]
|-damage|p2a: Blissey|76/100|[from] Sandstorm
|-heal|p2a: Blissey|82/100|[from] item: Leftovers
|upkeep
|turn|7
|
|t:|1729463262
|switch|p2a: Hariyama|Hariyama, F|89/100
|move|p1a: Tyranitar|Brick Break|p2a: Hariyama
|-damage|p2a: Hariyama|67/100
|
|-weather|Sandstorm|[upkeep]
|-damage|p2a: Hariyama|61/100|[from] Sandstorm
|-heal|p2a: Hariyama|67/100|[from] item: Leftovers
|upkeep
|turn|8
|
|t:|1729463267
|switch|p1a: Zapdos|Zapdos|84/100
|move|p2a: Hariyama|Brick Break|p1a: Zapdos
|-resisted|p1a: Zapdos
|-damage|p1a: Zapdos|67/100
|
|-weather|Sandstorm|[upkeep]
|-damage|p1a: Zapdos|61/100|[from] Sandstorm
|-damage|p2a: Hariyama|61/100|[from] Sandstorm
|-heal|p2a: Hariyama|67/100|[from] item: Leftovers
|upkeep
|turn|9
|
|t:|1729463270
|switch|p2a: Blissey|Blissey, F|82/100
|move|p1a: Zapdos|Baton Pass|p1a: Zapdos
|
|t:|1729463276
|switch|p1a: Dugtrio|Dugtrio, M|100/100|[from] Baton Pass
|
|-weather|Sandstorm|[upkeep]
|-damage|p2a: Blissey|76/100|[from] Sandstorm
|-heal|p2a: Blissey|82/100|[from] item: Leftovers
|upkeep
|turn|10
|
|t:|1729463281
|move|p1a: Dugtrio|Earthquake|p2a: Blissey
|-damage|p2a: Blissey|25/100
|move|p2a: Blissey|Ice Beam|p1a: Dugtrio
|-supereffective|p1a: Dugtrio
|-damage|p1a: Dugtrio|0 fnt
|faint|p1a: Dugtrio
|
|t:|1729463284
|switch|p1a: Tyranitar|Tyranitar, M|78/100
|
|-weather|Sandstorm|[upkeep]
|-damage|p2a: Blissey|18/100|[from] Sandstorm
|-heal|p2a: Blissey|25/100|[from] item: Leftovers
|upkeep
|turn|11
|
|t:|1729463289
|switch|p2a: Hariyama|Hariyama, F|67/100
|move|p1a: Tyranitar|Brick Break|p2a: Hariyama
|-damage|p2a: Hariyama|46/100
|
|-weather|Sandstorm|[upkeep]
|-damage|p2a: Hariyama|40/100|[from] Sandstorm
|-heal|p2a: Hariyama|46/100|[from] item: Leftovers
|upkeep
|turn|12
|
|t:|1729463297
|switch|p2a: Blissey|Blissey, F|25/100
|move|p1a: Tyranitar|Brick Break|p2a: Blissey
|-supereffective|p2a: Blissey
|-damage|p2a: Blissey|0 fnt
|faint|p2a: Blissey
|
|t:|1729463308
|switch|p2a: Hariyama|Hariyama, F|46/100
|
|-weather|Sandstorm|[upkeep]
|-damage|p2a: Hariyama|40/100|[from] Sandstorm
|-heal|p2a: Hariyama|46/100|[from] item: Leftovers
|upkeep
|turn|13
|
|t:|1729463317
|move|p1a: Tyranitar|Brick Break|p2a: Hariyama
|-damage|p2a: Hariyama|27/100
|move|p2a: Hariyama|Rock Slide|p1a: Tyranitar
|-damage|p1a: Tyranitar|58/100
|
|-weather|Sandstorm|[upkeep]
|-damage|p2a: Hariyama|21/100|[from] Sandstorm
|-heal|p2a: Hariyama|27/100|[from] item: Leftovers
|upkeep
|turn|14
|
|t:|1729463321
|switch|p1a: Zapdos|Zapdos|61/100
|move|p2a: Hariyama|Brick Break|p1a: Zapdos
|-resisted|p1a: Zapdos
|-damage|p1a: Zapdos|42/100
|
|-weather|Sandstorm|[upkeep]
|-damage|p1a: Zapdos|36/100|[from] Sandstorm
|-damage|p2a: Hariyama|21/100|[from] Sandstorm
|-heal|p2a: Hariyama|27/100|[from] item: Leftovers
|upkeep
|turn|15
|
|t:|1729463328
|switch|p2a: Tyranitar|Tyranitar, F|100/100
|move|p1a: Zapdos|Thunderbolt|p2a: Tyranitar
|-damage|p2a: Tyranitar|62/100
|-status|p2a: Tyranitar|par
|
|-weather|Sandstorm|[upkeep]
|-damage|p1a: Zapdos|29/100|[from] Sandstorm
|-heal|p2a: Tyranitar|68/100 par|[from] item: Leftovers
|upkeep
|turn|16
|
|t:|1729463332
|move|p1a: Zapdos|Thunderbolt|p2a: Tyranitar
|-damage|p2a: Tyranitar|31/100 par
|move|p2a: Tyranitar|Rock Slide|p1a: Zapdos
|-supereffective|p1a: Zapdos
|-damage|p1a: Zapdos|0 fnt
|faint|p1a: Zapdos
|
|t:|1729463341
|switch|p1a: Tyranitar|Tyranitar, M|58/100
|
|-weather|Sandstorm|[upkeep]
|-heal|p2a: Tyranitar|37/100 par|[from] item: Leftovers
|upkeep
|turn|17
|
|t:|1729463346
|switch|p2a: Starmie|Starmie|100/100
|move|p1a: Tyranitar|Brick Break|p2a: Starmie
|-resisted|p2a: Starmie
|-damage|p2a: Starmie|89/100
|
|-weather|Sandstorm|[upkeep]
|-damage|p2a: Starmie|83/100|[from] Sandstorm
|-heal|p2a: Starmie|89/100|[from] item: Leftovers
|upkeep
|turn|18
|
|t:|1729463358
|move|p2a: Starmie|Surf|p1a: Tyranitar
|-supereffective|p1a: Tyranitar
|-damage|p1a: Tyranitar|0 fnt
|faint|p1a: Tyranitar
|
|t:|1729463368
|switch|p1a: Gengar|Gengar, F|100/100
|
|-weather|Sandstorm|[upkeep]
|-damage|p1a: Gengar|94/100|[from] Sandstorm
|-damage|p2a: Starmie|83/100|[from] Sandstorm
|-heal|p2a: Starmie|89/100|[from] item: Leftovers
|-heal|p1a: Gengar|100/100|[from] item: Leftovers
|upkeep
|turn|19
|
|t:|1729463374
|move|p1a: Gengar|Thunderbolt|p2a: Starmie
|-supereffective|p2a: Starmie
|-damage|p2a: Starmie|14/100
|move|p2a: Starmie|Thunder Wave|p1a: Gengar
|-status|p1a: Gengar|par
|
|-weather|Sandstorm|[upkeep]
|-damage|p2a: Starmie|8/100|[from] Sandstorm
|-damage|p1a: Gengar|94/100 par|[from] Sandstorm
|-heal|p2a: Starmie|14/100|[from] item: Leftovers
|-heal|p1a: Gengar|100/100 par|[from] item: Leftovers
|upkeep
|turn|20
|
|t:|1729463390
|switch|p2a: Swampert|Swampert, F|99/100
|move|p1a: Gengar|Thunderbolt|p2a: Swampert
|-immune|p2a: Swampert
|
|-weather|Sandstorm|[upkeep]
|-damage|p1a: Gengar|94/100 par|[from] Sandstorm
|-heal|p2a: Swampert|100/100|[from] item: Leftovers
|-heal|p1a: Gengar|100/100 par|[from] item: Leftovers
|upkeep
|turn|21
|
|t:|1729463396
|switch|p1a: Swampert|Swampert, F|100/100
|move|p2a: Swampert|Surf|p1a: Swampert
|-damage|p1a: Swampert|78/100
|
|-weather|Sandstorm|[upkeep]
|-heal|p1a: Swampert|84/100|[from] item: Leftovers
|upkeep
|turn|22
|
|t:|1729463402
|switch|p2a: Skarmory|Skarmory, M|100/100
|move|p1a: Swampert|Earthquake|p2a: Skarmory
|-immune|p2a: Skarmory
|
|-weather|Sandstorm|[upkeep]
|-heal|p1a: Swampert|91/100|[from] item: Leftovers
|upkeep
|turn|23
|
|t:|1729463406
|switch|p1a: Gengar|Gengar, F|100/100 par
|move|p2a: Skarmory|Spikes|p1a: Gengar
|-sidestart|p1: Texas Cloverleaf|Spikes
|
|-weather|Sandstorm|[upkeep]
|-damage|p1a: Gengar|94/100 par|[from] Sandstorm
|-heal|p1a: Gengar|100/100 par|[from] item: Leftovers
|upkeep
|turn|24
|
|t:|1729463413
|move|p1a: Gengar|Will-O-Wisp|p2a: Skarmory
|-status|p2a: Skarmory|brn
|move|p2a: Skarmory|Roar|p1a: Gengar
|drag|p1a: Swampert|Swampert, F|91/100
|-damage|p1a: Swampert|78/100|[from] Spikes
|
|-weather|Sandstorm|[upkeep]
|-damage|p2a: Skarmory|88/100 brn|[from] brn
|-heal|p1a: Swampert|84/100|[from] item: Leftovers
|upkeep
|turn|25
|
|t:|1729463423
|move|p2a: Skarmory|Toxic|p1a: Swampert
|-status|p1a: Swampert|tox
|move|p1a: Swampert|Ice Beam|p2a: Skarmory
|-damage|p2a: Skarmory|71/100 brn
|
|-weather|Sandstorm|[upkeep]
|-heal|p2a: Skarmory|77/100 brn|[from] item: Leftovers
|-damage|p2a: Skarmory|65/100 brn|[from] brn
|-heal|p1a: Swampert|91/100 tox|[from] item: Leftovers
|-damage|p1a: Swampert|84/100 tox|[from] psn
|upkeep
|turn|26
|
|t:|1729463431
|move|p2a: Skarmory|Spikes|p1a: Swampert
|-sidestart|p1: Texas Cloverleaf|Spikes
|move|p1a: Swampert|Ice Beam|p2a: Skarmory
|-damage|p2a: Skarmory|47/100 brn
|
|-weather|Sandstorm|[upkeep]
|-heal|p2a: Skarmory|53/100 brn|[from] item: Leftovers
|-damage|p2a: Skarmory|41/100 brn|[from] brn
|-heal|p1a: Swampert|91/100 tox|[from] item: Leftovers
|-damage|p1a: Swampert|78/100 tox|[from] psn
|upkeep
|turn|27
|
|t:|1729463436
|switch|p1a: Gengar|Gengar, F|100/100 par
|move|p2a: Skarmory|Spikes|p1a: Gengar
|-sidestart|p1: Texas Cloverleaf|Spikes
|
|-weather|Sandstorm|[upkeep]
|-damage|p1a: Gengar|94/100 par|[from] Sandstorm
|-heal|p2a: Skarmory|47/100 brn|[from] item: Leftovers
|-damage|p2a: Skarmory|34/100 brn|[from] brn
|-heal|p1a: Gengar|100/100 par|[from] item: Leftovers
|upkeep
|turn|28
|
|t:|1729463445
|move|p1a: Gengar|Ice Punch|p2a: Skarmory
|-damage|p2a: Skarmory|13/100 brn
|move|p2a: Skarmory|Roar|p1a: Gengar
|drag|p1a: Swampert|Swampert, F|78/100 tox
|-damage|p1a: Swampert|53/100 tox|[from] Spikes
|
|-weather|Sandstorm|[upkeep]
|-heal|p2a: Skarmory|19/100 brn|[from] item: Leftovers
|-damage|p2a: Skarmory|7/100 brn|[from] brn
|-heal|p1a: Swampert|59/100 tox|[from] item: Leftovers
|-damage|p1a: Swampert|53/100 tox|[from] psn
|upkeep
|turn|29
|
|t:|1729463451
|move|p1a: Swampert|Ice Beam|p2a: Skarmory
|-damage|p2a: Skarmory|0 fnt
|faint|p2a: Skarmory
|
|t:|1729463455
|switch|p2a: Starmie|Starmie|14/100
|
|-weather|Sandstorm|[upkeep]
|-damage|p2a: Starmie|8/100|[from] Sandstorm
|-heal|p2a: Starmie|14/100|[from] item: Leftovers
|-heal|p1a: Swampert|59/100 tox|[from] item: Leftovers
|-damage|p1a: Swampert|47/100 tox|[from] psn
|upkeep
|turn|30
|
|t:|1729463458
|move|p2a: Starmie|Recover|p2a: Starmie
|-heal|p2a: Starmie|64/100
|move|p1a: Swampert|Earthquake|p2a: Starmie
|-damage|p2a: Starmie|24/100
|
|-weather|Sandstorm|[upkeep]
|-damage|p2a: Starmie|18/100|[from] Sandstorm
|-heal|p2a: Starmie|24/100|[from] item: Leftovers
|-heal|p1a: Swampert|53/100 tox|[from] item: Leftovers
|-damage|p1a: Swampert|35/100 tox|[from] psn
|upkeep
|turn|31
|
|t:|1729463463
|move|p2a: Starmie|Recover|p2a: Starmie
|-heal|p2a: Starmie|74/100
|move|p1a: Swampert|Earthquake|p2a: Starmie
|-damage|p2a: Starmie|34/100
|
|-weather|Sandstorm|[upkeep]
|-damage|p2a: Starmie|28/100|[from] Sandstorm
|-heal|p2a: Starmie|34/100|[from] item: Leftovers
|-heal|p1a: Swampert|41/100 tox|[from] item: Leftovers
|-damage|p1a: Swampert|16/100 tox|[from] psn
|upkeep
|turn|32
|
|t:|1729463468
|move|p2a: Starmie|Recover|p2a: Starmie
|-heal|p2a: Starmie|84/100
|move|p1a: Swampert|Earthquake|p2a: Starmie
|-damage|p2a: Starmie|45/100
|
|-weather|Sandstorm|[upkeep]
|-damage|p2a: Starmie|39/100|[from] Sandstorm
|-heal|p2a: Starmie|45/100|[from] item: Leftovers
|-heal|p1a: Swampert|22/100 tox|[from] item: Leftovers
|-damage|p1a: Swampert|0 fnt|[from] psn
|faint|p1a: Swampert
|upkeep
|
|t:|1729463470
|switch|p1a: Aerodactyl|Aerodactyl, M|100/100
|turn|33
|
|t:|1729463474
|switch|p2a: Swampert|Swampert, F|100/100
|move|p1a: Aerodactyl|Double-Edge|p2a: Swampert
|-damage|p2a: Swampert|63/100
|
|-weather|Sandstorm|[upkeep]
|-heal|p2a: Swampert|69/100|[from] item: Leftovers
|upkeep
|turn|34
|
|t:|1729463481
|switch|p1a: Gengar|Gengar, F|100/100 par
|move|p2a: Swampert|Surf|p1a: Gengar
|-damage|p1a: Gengar|66/100 par
|
|-weather|Sandstorm|[upkeep]
|-damage|p1a: Gengar|59/100 par|[from] Sandstorm
|-heal|p2a: Swampert|75/100|[from] item: Leftovers
|-heal|p1a: Gengar|66/100 par|[from] item: Leftovers
|upkeep
|turn|35
|
|t:|1729463490
|switch|p2a: Hariyama|Hariyama, F|27/100
|move|p1a: Gengar|Ice Punch|p2a: Hariyama
|-damage|p2a: Hariyama|5/100
|
|-weather|Sandstorm|[upkeep]
|-damage|p2a: Hariyama|0 fnt|[from] Sandstorm
|-damage|p1a: Gengar|59/100 par|[from] Sandstorm
|faint|p2a: Hariyama
|-heal|p1a: Gengar|66/100 par|[from] item: Leftovers
|upkeep
|
|t:|1729463497
|switch|p2a: Tyranitar|Tyranitar, F|37/100 par
|turn|36
|
|t:|1729463501
|move|p1a: Gengar|Thunderbolt|p2a: Tyranitar
|-damage|p2a: Tyranitar|14/100 par
|move|p2a: Tyranitar|Rock Slide|p1a: Gengar
|-damage|p1a: Gengar|8/100 par
|
|-weather|Sandstorm|[upkeep]
|-damage|p1a: Gengar|2/100 par|[from] Sandstorm
|-heal|p1a: Gengar|8/100 par|[from] item: Leftovers
|-heal|p2a: Tyranitar|20/100 par|[from] item: Leftovers
|upkeep
|turn|37
|
|t:|1729463508
|move|p1a: Gengar|Thunderbolt|p2a: Tyranitar
|-crit|p2a: Tyranitar
|-damage|p2a: Tyranitar|0 fnt
|faint|p2a: Tyranitar
|
|t:|1729463512
|switch|p2a: Starmie|Starmie|45/100
|
|-weather|Sandstorm|[upkeep]
|-damage|p2a: Starmie|39/100|[from] Sandstorm
|-damage|p1a: Gengar|2/100 par|[from] Sandstorm
|-heal|p2a: Starmie|45/100|[from] item: Leftovers
|-heal|p1a: Gengar|8/100 par|[from] item: Leftovers
|upkeep
|turn|38
|
|t:|1729463514
|move|p2a: Starmie|Surf|p1a: Gengar
|-damage|p1a: Gengar|0 fnt
|faint|p1a: Gengar
|
|t:|1729463517
|switch|p1a: Aerodactyl|Aerodactyl, M|100/100
|
|-weather|Sandstorm|[upkeep]
|-damage|p2a: Starmie|39/100|[from] Sandstorm
|-heal|p2a: Starmie|45/100|[from] item: Leftovers
|upkeep
|turn|39
|
|t:|1729463521
|move|p1a: Aerodactyl|Double-Edge|p2a: Starmie
|-damage|p2a: Starmie|0 fnt
|faint|p2a: Starmie
|
|t:|1729463524
|switch|p2a: Swampert|Swampert, F|75/100
|
|-weather|Sandstorm|[upkeep]
|-heal|p2a: Swampert|81/100|[from] item: Leftovers
|upkeep
|turn|40
|
|t:|1729463526
|move|p2a: Swampert|Protect|p2a: Swampert
|-singleturn|p2a: Swampert|Protect
|move|p1a: Aerodactyl|Double-Edge|p2a: Swampert
|-activate|p2a: Swampert|Protect
|
|-weather|Sandstorm|[upkeep]
|-heal|p2a: Swampert|87/100|[from] item: Leftovers
|upkeep
|turn|41
|
|t:|1729463528
|move|p1a: Aerodactyl|Double-Edge|p2a: Swampert
|-damage|p2a: Swampert|50/100
|move|p2a: Swampert|Surf|p1a: Aerodactyl
|-supereffective|p1a: Aerodactyl
|-damage|p1a: Aerodactyl|30/100
|
|-weather|Sandstorm|[upkeep]
|-heal|p2a: Swampert|57/100|[from] item: Leftovers
|upkeep
|turn|42
|
|t:|1729463531
|move|p2a: Swampert|Protect|p2a: Swampert
|-singleturn|p2a: Swampert|Protect
|move|p1a: Aerodactyl|Double-Edge|p2a: Swampert
|-activate|p2a: Swampert|Protect
|
|-weather|Sandstorm|[upkeep]
|-heal|p2a: Swampert|63/100|[from] item: Leftovers
|upkeep
|turn|43
|
|t:|1729463532
|move|p1a: Aerodactyl|Double-Edge|p2a: Swampert
|-damage|p2a: Swampert|27/100
|move|p2a: Swampert|Surf|p1a: Aerodactyl
|-supereffective|p1a: Aerodactyl
|-damage|p1a: Aerodactyl|0 fnt
|faint|p1a: Aerodactyl
|
|win|cd56
|player|p1|

</script>
<script type="application/json" class="data" id="replaydata-smogtours-gen3ou-800907">
{"id":"smogtours-gen3ou-800907","format":"[Gen 3] OU","players":["Texas Cloverleaf","cd56"],"uploadtime":1729463532,"views":95,"formatid":"gen3ou","rating":null,"private":0,"password":null}
</script>

<script defer src="js/replays.js?9d40a366"></script>
