<!DOCTYPE html>
<meta charset="utf-8" />
<meta name="viewport" content="width=device-width" />

<title>[Gen 3] OU: Vholtninja vs. prestonalewis - Replays - Pok&eacute;mon Showdown!</title>

<meta name="description" content="Watch a replay of a Pok&eacute;mon battle between Vholtninja and prestonalewis! Format: [Gen 3] OU; Date: Oct 20, 2024" />
<!--

Hey, you! Looking in the source for the replay log?

You can find them in JSON format, just add `.json` at the end of a replay URL.

https://replay.pokemonshowdown.com/gen7randomdoublesbattle-865046831.json

Or, if you only need the log itself, add `.log` instead:

https://replay.pokemonshowdown.com/gen7randomdoublesbattle-865046831.log

-->

<link rel="stylesheet" href="//pokemonshowdown.com/style/global.css?0.767286132409787" />
<link rel="stylesheet" href="//play.pokemonshowdown.com/style/font-awesome.css?0.9266228007934947" />
<link rel="stylesheet" href="//play.pokemonshowdown.com/style/battle.css?0.7924700842790926" />
<link rel="stylesheet" href="//play.pokemonshowdown.com/style/utilichart.css?0.8777417872839479" />

<!-- Global site tag (gtag.js) - Google Analytics -->
<script async src="https://www.googletagmanager.com/gtag/js?id=UA-26211653-1"></script>
<script>
  window.dataLayer = window.dataLayer || [];
  function gtag(){dataLayer.push(arguments);}
  gtag('js', new Date());

  gtag('config', 'UA-26211653-1');
</script>
<!-- End Google Analytics -->
<!-- Venatus Ad Manager - Install in <HEAD> of page -->
	<script src="https://hb.vntsm.com/v3/live/ad-manager.min.js" type="text/javascript" data-site-id="642aba63ec9a7b11c3c9c1be" data-mode="scan" async></script>
<!-- / Venatus Ad Manager -->

<style>
	@media (max-width:820px) {
		.battle {
			margin: 0 auto;
		}
		.battle-log {
			margin: 7px auto 0;
			max-width: 640px;
			height: 300px;
			position: static;
		}
	}
	.optgroup {
		display: inline-block;
		line-height: 22px;
		font-size: 10pt;
	}
	.optgroup .button {
		height: 25px;
		padding-top: 0;
		padding-bottom: 0;
	}
	.optgroup button.button {
		padding-left: 12px;
		padding-right: 12px;
	}
	.linklist {
		list-style: none;
		margin: 0.5em 0;
		padding: 0;
	}
	.linklist li {
		padding: 2px 0;
	}
	.sidebar {
		float: left;
		width: 320px;
	}
	.bar-wrapper {
		max-width: 1100px;
		margin: 0 auto;
	}
	.bar-wrapper.has-sidebar {
		max-width: 1430px;
	}
	.mainbar {
		margin: 0;
		padding-right: 1px;
	}
	.mainbar.has-sidebar {
		margin-left: 330px;
	}
	@media (min-width: 1511px) {
		.sidebar {
			width: 400px;
		}
		.bar-wrapper.has-sidebar {
			max-width: 1510px;
		}
		.mainbar.has-sidebar {
			margin-left: 410px;
		}
	}
	.section.first-section {
		margin-top: 9px;
	}
	.blocklink small {
		white-space: normal;
	}
	.button {
		vertical-align: middle;
	}
	.replay-controls {
		padding-top: 10px;
	}
	.replay-controls h1 {
		font-size: 16pt;
		font-weight: normal;
		color: #CCC;
	}
	.pagelink {
		text-align: center;
	}
	.pagelink a {
		width: 150px;
	}
	.textbox, .button {
		font-size: 11pt;
		vertical-align: middle;
	}
	@media (max-width: 450px) {
		.button {
			font-size: 9pt;
		}
	}
</style>

<div>

	<header>
		<div class="nav-wrapper"><ul class="nav">
			<li><a class="button nav-first" href="//pokemonshowdown.com/"><img src="//pokemonshowdown.com/images/pokemonshowdownbeta.png" srcset="//pokemonshowdown.com/images/pokemonshowdownbeta.png 1x, //pokemonshowdown.com/images/pokemonshowdownbeta@2x.png 2x" alt="Pok&eacute;mon Showdown" width="146" height="44" /> Home</a></li>
			<li><a class="button" href="//pokemonshowdown.com/dex/">Pok&eacute;dex</a></li>
			<li><a class="button cur" href="/">Replays</a></li>
			<li><a class="button" href="//pokemonshowdown.com/ladder/">Ladder</a></li>
			<li><a class="button nav-last" href="//pokemonshowdown.com/forums/">Forum</a></li>
			<li><a class="button greenbutton nav-first nav-last" href="//play.pokemonshowdown.com/">Play</a></li>
		</ul></div>
	</header>

	<div class="main" id="main">

		<noscript><section class="section">You need to enable JavaScript to use this page; sorry!</section></noscript>

	</div>

</div>

<script defer nomodule src="//play.pokemonshowdown.com/js/lib/ps-polyfill.js"></script>
<script defer src="//play.pokemonshowdown.com/js/lib/preact.min.js"></script>

<script defer src="//play.pokemonshowdown.com/config/config.js?6dec07f6"></script>
<script defer src="//play.pokemonshowdown.com/js/lib/jquery-1.11.0.min.js"></script>
<script defer src="//play.pokemonshowdown.com/js/lib/html-sanitizer-minified.js"></script>
<script defer src="//play.pokemonshowdown.com/js/battle-sound.js"></script>
<script defer src="//play.pokemonshowdown.com/js/battledata.js?0.6315294753075389"></script>
<script defer src="//play.pokemonshowdown.com/data/pokedex-mini.js?0.7603743185311358"></script>
<script defer src="//play.pokemonshowdown.com/data/pokedex-mini-bw.js?0.030888842834281283"></script>
<script defer src="//play.pokemonshowdown.com/data/graphics.js?0.05593094747507488"></script>
<script defer src="//play.pokemonshowdown.com/data/pokedex.js?0.47064822249611904"></script>
<script defer src="//play.pokemonshowdown.com/data/moves.js?0.8583693120512459"></script>
<script defer src="//play.pokemonshowdown.com/data/abilities.js?0.16017181182386842"></script>
<script defer src="//play.pokemonshowdown.com/data/items.js?0.4163379185673943"></script>
<script defer src="//play.pokemonshowdown.com/data/teambuilder-tables.js?0.31075597372830477"></script>
<script defer src="//play.pokemonshowdown.com/js/battle-tooltips.js?0.6536193500708172"></script>
<script defer src="//play.pokemonshowdown.com/js/battle.js?0.1916591943277901"></script>

<script defer src="js/utils.js?e31f9a17"></script>
<script defer src="js/replays-battle.js?7008c182"></script>

<!-- don't scrape this data! just add .json or .log after the URL!
Full API docs: https://github.com/smogon/pokemon-showdown-client/blob/master/WEB-API.md -->
<script type="text/plain" class="log" id="replaylog-smogtours-gen3ou-800251">
|inactive|Battle timer is ON: inactive players will automatically lose when time's up.
|t:|1729391651
|gametype|singles
|player|p1|Vholtninja|serena-masters2|
|player|p2|prestonalewis|169|
|teamsize|p1|6
|teamsize|p2|6
|gen|3
|tier|[Gen 3] OU
|rule|Sleep Clause Mod: Limit one foe put to sleep
|rule|Switch Priority Clause Mod: Faster Pokémon switch first
|rule|Species Clause: Limit one of each Pokémon
|rule|OHKO Clause: OHKO moves are banned
|rule|Evasion Items Clause: Evasion items are banned
|rule|Evasion Moves Clause: Evasion moves are banned
|rule|Endless Battle Clause: Forcing endless battles is banned
|rule|HP Percentage Mod: HP is shown in percentages
|rule|One Boost Passer Clause: Limit one Baton Passer that has a way to boost its stats
|rule|Freeze Clause Mod: Limit one foe frozen
|
|t:|1729391651
|start
|switch|p1a: Zapdos|Zapdos|100/100
|switch|p2a: Snorlax|Snorlax, M|100/100
|turn|1
|
|t:|1729391659
|switch|p1a: Metagross|Metagross|100/100
|move|p2a: Snorlax|Body Slam|p1a: Metagross
|-resisted|p1a: Metagross
|-damage|p1a: Metagross|86/100
|
|-heal|p1a: Metagross|92/100|[from] item: Leftovers
|upkeep
|turn|2
|
|t:|1729391664
|switch|p2a: Magneton|Magneton|100/100
|move|p1a: Metagross|Meteor Mash|p2a: Magneton|[miss]
|-miss|p1a: Metagross|p2a: Magneton
|
|-heal|p1a: Metagross|98/100|[from] item: Leftovers
|upkeep
|turn|3
|
|t:|1729391669
|move|p2a: Magneton|Hidden Power|p1a: Metagross
|-supereffective|p1a: Metagross
|-damage|p1a: Metagross|43/100
|move|p1a: Metagross|Hidden Power|p2a: Magneton
|-supereffective|p2a: Magneton
|-damage|p2a: Magneton|24/100
|
|-heal|p1a: Metagross|49/100|[from] item: Leftovers
|upkeep
|turn|4
|
|t:|1729391675
|move|p2a: Magneton|Hidden Power|p1a: Metagross
|-supereffective|p1a: Metagross
|-damage|p1a: Metagross|0 fnt
|faint|p1a: Metagross
|
|t:|1729391681
|switch|p1a: Zapdos|Zapdos|100/100
|
|upkeep
|turn|5
|
|t:|1729391690
|switch|p2a: Snorlax|Snorlax, M|100/100
|move|p1a: Zapdos|Thunderbolt|p2a: Snorlax
|-damage|p2a: Snorlax|76/100
|-status|p2a: Snorlax|par
|
|-heal|p2a: Snorlax|82/100 par|[from] item: Leftovers
|upkeep
|turn|6
|
|t:|1729391700
|move|p1a: Zapdos|Thunderbolt|p2a: Snorlax
|-damage|p2a: Snorlax|59/100 par
|move|p2a: Snorlax|Body Slam|p1a: Zapdos
|-damage|p1a: Zapdos|59/100
|
|-heal|p1a: Zapdos|66/100|[from] item: Leftovers
|-heal|p2a: Snorlax|65/100 par|[from] item: Leftovers
|upkeep
|turn|7
|
|t:|1729391706
|switch|p1a: Tyranitar|Tyranitar, M|100/100
|-weather|Sandstorm|[from] ability: Sand Stream|[of] p1a: Tyranitar
|move|p2a: Snorlax|Body Slam|p1a: Tyranitar
|-resisted|p1a: Tyranitar
|-damage|p1a: Tyranitar|86/100
|-status|p1a: Tyranitar|par
|
|-weather|Sandstorm|[upkeep]
|-damage|p2a: Snorlax|59/100 par|[from] Sandstorm
|-heal|p1a: Tyranitar|92/100 par|[from] item: Leftovers
|-heal|p2a: Snorlax|65/100 par|[from] item: Leftovers
|upkeep
|turn|8
|
|t:|1729391711
|-singleturn|p2a: Snorlax|move: Focus Punch
|cant|p1a: Tyranitar|par
|cant|p2a: Snorlax|par
|
|-weather|Sandstorm|[upkeep]
|-damage|p2a: Snorlax|59/100 par|[from] Sandstorm
|-heal|p1a: Tyranitar|98/100 par|[from] item: Leftovers
|-heal|p2a: Snorlax|65/100 par|[from] item: Leftovers
|upkeep
|turn|9
|
|t:|1729391720
|-singleturn|p2a: Snorlax|move: Focus Punch
|move|p1a: Tyranitar|Rock Slide|p2a: Snorlax
|-damage|p2a: Snorlax|29/100 par
|move|p2a: Snorlax|Focus Punch||[still]
|cant|p2a: Snorlax|Focus Punch|Focus Punch
|
|-weather|Sandstorm|[upkeep]
|-damage|p2a: Snorlax|23/100 par|[from] Sandstorm
|-heal|p1a: Tyranitar|100/100 par|[from] item: Leftovers
|-heal|p2a: Snorlax|29/100 par|[from] item: Leftovers
|upkeep
|turn|10
|
|t:|1729391728
|-singleturn|p1a: Tyranitar|move: Focus Punch
|switch|p2a: Dugtrio|Dugtrio, M|100/100
|cant|p1a: Tyranitar|par
|
|-weather|Sandstorm|[upkeep]
|upkeep
|turn|11
|
|t:|1729391736
|move|p2a: Dugtrio|Earthquake|p1a: Tyranitar
|-supereffective|p1a: Tyranitar
|-damage|p1a: Tyranitar|10/100 par
|move|p1a: Tyranitar|Earthquake|p2a: Dugtrio
|-damage|p2a: Dugtrio|0 fnt
|faint|p2a: Dugtrio
|
|t:|1729391744
|switch|p2a: Magneton|Magneton|24/100
|
|-weather|Sandstorm|[upkeep]
|-heal|p1a: Tyranitar|16/100 par|[from] item: Leftovers
|upkeep
|turn|12
|
|t:|1729391749
|switch|p1a: Swampert|Swampert, F|100/100
|move|p2a: Magneton|Thunderbolt|p1a: Swampert
|-immune|p1a: Swampert
|
|-weather|Sandstorm|[upkeep]
|upkeep
|turn|13
|
|t:|1729391755
|switch|p2a: Suicune|Suicune|100/100
|move|p1a: Swampert|Substitute|p1a: Swampert
|-start|p1a: Swampert|Substitute
|-damage|p1a: Swampert|76/100
|
|-weather|Sandstorm|[upkeep]
|-damage|p2a: Suicune|94/100|[from] Sandstorm
|-heal|p2a: Suicune|100/100|[from] item: Leftovers
|upkeep
|turn|14
|
|t:|1729391768
|move|p2a: Suicune|Calm Mind|p2a: Suicune
|-boost|p2a: Suicune|spa|1
|-boost|p2a: Suicune|spd|1
|move|p1a: Swampert|Roar|p2a: Suicune
|drag|p2a: Snorlax|Snorlax, M|29/100 par
|
|-weather|Sandstorm|[upkeep]
|-damage|p2a: Snorlax|23/100 par|[from] Sandstorm
|-heal|p2a: Snorlax|29/100 par|[from] item: Leftovers
|upkeep
|turn|15
|
|t:|1729391779
|move|p1a: Swampert|Hydro Pump|p2a: Snorlax
|-crit|p2a: Snorlax
|-damage|p2a: Snorlax|0 fnt
|faint|p2a: Snorlax
|
|t:|1729391785
|switch|p2a: Magneton|Magneton|24/100
|
|-weather|Sandstorm|[upkeep]
|upkeep
|turn|16
|
|t:|1729391788
|move|p1a: Swampert|Hydro Pump|p2a: Magneton
|-damage|p2a: Magneton|0 fnt
|faint|p2a: Magneton
|
|t:|1729391800
|switch|p2a: Claydol|Claydol|100/100
|
|-weather|Sandstorm|[upkeep]
|upkeep
|turn|17
|
|t:|1729391804
|move|p1a: Swampert|Hydro Pump|p2a: Claydol
|-supereffective|p2a: Claydol
|-damage|p2a: Claydol|37/100
|move|p2a: Claydol|Rain Dance|p2a: Claydol
|-weather|RainDance
|
|-weather|RainDance|[upkeep]
|-heal|p2a: Claydol|43/100|[from] item: Leftovers
|upkeep
|turn|18
|
|t:|1729391812
|switch|p2a: Suicune|Suicune|100/100
|move|p1a: Swampert|Hydro Pump|p2a: Suicune
|-resisted|p2a: Suicune
|-damage|p2a: Suicune|73/100
|
|-weather|RainDance|[upkeep]
|-heal|p2a: Suicune|79/100|[from] item: Leftovers
|upkeep
|turn|19
|
|t:|1729391821
|move|p2a: Suicune|Surf|p1a: Swampert
|-end|p1a: Swampert|Substitute
|move|p1a: Swampert|Roar|p2a: Suicune
|drag|p2a: Claydol|Claydol|43/100
|
|-weather|RainDance|[upkeep]
|-heal|p2a: Claydol|49/100|[from] item: Leftovers
|upkeep
|turn|20
|
|t:|1729391832
|switch|p2a: Suicune|Suicune|79/100
|move|p1a: Swampert|Substitute|p1a: Swampert
|-start|p1a: Swampert|Substitute
|-damage|p1a: Swampert|51/100
|
|-weather|RainDance|[upkeep]
|-heal|p2a: Suicune|85/100|[from] item: Leftovers
|upkeep
|turn|21
|
|t:|1729391837
|move|p1a: Swampert|Substitute|p1a: Swampert
|-fail|p1a: Swampert|move: Substitute
|move|p2a: Suicune|Surf|p1a: Swampert
|-end|p1a: Swampert|Substitute
|
|-weather|none
|-heal|p2a: Suicune|92/100|[from] item: Leftovers
|upkeep
|turn|22
|
|t:|1729391847
|move|p1a: Swampert|Substitute|p1a: Swampert
|-start|p1a: Swampert|Substitute
|-damage|p1a: Swampert|26/100
|move|p2a: Suicune|Surf|p1a: Swampert
|-end|p1a: Swampert|Substitute
|
|-heal|p2a: Suicune|98/100|[from] item: Leftovers
|upkeep
|turn|23
|
|t:|1729391853
|move|p1a: Swampert|Endeavor|p2a: Suicune
|-damage|p2a: Suicune|22/100
|move|p2a: Suicune|Surf|p1a: Swampert
|-damage|p1a: Swampert|0 fnt
|faint|p1a: Swampert
|
|t:|1729391858
|switch|p1a: Zapdos|Zapdos|66/100
|
|-heal|p1a: Zapdos|72/100|[from] item: Leftovers
|-heal|p2a: Suicune|28/100|[from] item: Leftovers
|upkeep
|turn|24
|
|t:|1729391872
|switch|p2a: Shedinja|Shedinja|100/100
|move|p1a: Zapdos|Thunderbolt|p2a: Shedinja
|-immune|p2a: Shedinja|[from] ability: Wonder Guard
|
|-heal|p1a: Zapdos|78/100|[from] item: Leftovers
|upkeep
|turn|25
|
|t:|1729391880
|move|p1a: Zapdos|Toxic|p2a: Shedinja
|-status|p2a: Shedinja|tox
|-enditem|p2a: Shedinja|Lum Berry|[eat]
|-curestatus|p2a: Shedinja|tox|[msg]
|move|p2a: Shedinja|Silver Wind|p1a: Zapdos
|-resisted|p1a: Zapdos
|-damage|p1a: Zapdos|64/100
|
|-heal|p1a: Zapdos|70/100|[from] item: Leftovers
|upkeep
|turn|26
|
|t:|1729391888
|switch|p2a: Claydol|Claydol|49/100
|move|p1a: Zapdos|Toxic|p2a: Claydol
|-status|p2a: Claydol|tox
|
|-heal|p1a: Zapdos|76/100|[from] item: Leftovers
|-heal|p2a: Claydol|55/100 tox|[from] item: Leftovers
|-damage|p2a: Claydol|49/100 tox|[from] psn
|upkeep
|turn|27
|
|t:|1729391898
|move|p2a: Claydol|Refresh|p2a: Claydol
|-curestatus|p2a: Claydol|tox|[msg]
|move|p1a: Zapdos|Roar|p2a: Claydol
|drag|p2a: Shedinja|Shedinja|100/100
|
|-heal|p1a: Zapdos|83/100|[from] item: Leftovers
|upkeep
|turn|28
|
|t:|1729391906
|switch|p2a: Suicune|Suicune|28/100
|move|p1a: Zapdos|Toxic|p2a: Suicune|[miss]
|-miss|p1a: Zapdos|p2a: Suicune
|
|-heal|p1a: Zapdos|89/100|[from] item: Leftovers
|-heal|p2a: Suicune|34/100|[from] item: Leftovers
|upkeep
|turn|29
|
|t:|1729391910
|switch|p2a: Claydol|Claydol|49/100
|move|p1a: Zapdos|Thunderbolt|p2a: Claydol
|-immune|p2a: Claydol
|
|-heal|p1a: Zapdos|95/100|[from] item: Leftovers
|-heal|p2a: Claydol|55/100|[from] item: Leftovers
|upkeep
|turn|30
|
|t:|1729391915
|switch|p1a: Skarmory|Skarmory, F|100/100
|move|p2a: Claydol|Psychic|p1a: Skarmory
|-resisted|p1a: Skarmory
|-damage|p1a: Skarmory|90/100
|
|-heal|p2a: Claydol|62/100|[from] item: Leftovers
|-heal|p1a: Skarmory|96/100|[from] item: Leftovers
|upkeep
|turn|31
|
|t:|1729391925
|switch|p2a: Suicune|Suicune|34/100
|move|p1a: Skarmory|Spikes|p2a: Suicune
|-sidestart|p2: prestonalewis|Spikes
|
|-heal|p2a: Suicune|41/100|[from] item: Leftovers
|-heal|p1a: Skarmory|100/100|[from] item: Leftovers
|upkeep
|turn|32
|
|t:|1729391931
|move|p2a: Suicune|Surf|p1a: Skarmory
|-damage|p1a: Skarmory|58/100
|move|p1a: Skarmory|Toxic|p2a: Suicune
|-status|p2a: Suicune|tox
|
|-heal|p2a: Suicune|47/100 tox|[from] item: Leftovers
|-damage|p2a: Suicune|41/100 tox|[from] psn
|-heal|p1a: Skarmory|64/100|[from] item: Leftovers
|upkeep
|turn|33
|
|t:|1729391937
|move|p2a: Suicune|Rest|p2a: Suicune
|-status|p2a: Suicune|slp|[from] move: Rest
|-heal|p2a: Suicune|100/100 slp|[silent]
|move|p1a: Skarmory|Spikes|p2a: Suicune
|-sidestart|p2: prestonalewis|Spikes
|
|-heal|p1a: Skarmory|70/100|[from] item: Leftovers
|upkeep
|turn|34
|
|t:|1729391942
|switch|p1a: Zapdos|Zapdos|95/100
|cant|p2a: Suicune|slp
|move|p2a: Suicune|Sleep Talk|p2a: Suicune
|move|p2a: Suicune|Calm Mind|p2a: Suicune|[from]Sleep Talk
|-boost|p2a: Suicune|spa|1
|-boost|p2a: Suicune|spd|1
|
|-heal|p1a: Zapdos|100/100|[from] item: Leftovers
|upkeep
|turn|35
|
|t:|1729391947
|cant|p2a: Suicune|slp
|move|p2a: Suicune|Sleep Talk|p2a: Suicune
|move|p2a: Suicune|Rest|p2a: Suicune|[from]Sleep Talk
|move|p1a: Zapdos|Roar|p2a: Suicune
|drag|p2a: Claydol|Claydol|62/100
|
|-heal|p2a: Claydol|68/100|[from] item: Leftovers
|upkeep
|turn|36
|
|t:|1729391955
|move|p1a: Zapdos|Toxic|p2a: Claydol
|-status|p2a: Claydol|tox
|move|p2a: Claydol|Rapid Spin|p1a: Zapdos
|-damage|p1a: Zapdos|98/100
|-sideend|p2: prestonalewis|Spikes|[from] move: Rapid Spin|[of] p2a: Claydol
|
|-heal|p1a: Zapdos|100/100|[from] item: Leftovers
|-heal|p2a: Claydol|74/100 tox|[from] item: Leftovers
|-damage|p2a: Claydol|68/100 tox|[from] psn
|upkeep
|turn|37
|
|t:|1729391961
|move|p2a: Claydol|Refresh|p2a: Claydol
|-curestatus|p2a: Claydol|tox|[msg]
|move|p1a: Zapdos|Roar|p2a: Claydol
|drag|p2a: Suicune|Suicune|100/100 slp
|
|upkeep
|turn|38
|
|t:|1729391968
|move|p1a: Zapdos|Thunderbolt|p2a: Suicune
|-supereffective|p2a: Suicune
|-damage|p2a: Suicune|38/100 slp
|cant|p2a: Suicune|slp
|
|-heal|p2a: Suicune|45/100 slp|[from] item: Leftovers
|upkeep
|turn|39
|
|t:|1729391975
|switch|p2a: Claydol|Claydol|68/100
|move|p1a: Zapdos|Toxic|p2a: Claydol
|-status|p2a: Claydol|tox
|
|-heal|p2a: Claydol|74/100 tox|[from] item: Leftovers
|-damage|p2a: Claydol|68/100 tox|[from] psn
|upkeep
|turn|40
|
|t:|1729391980
|switch|p1a: Skarmory|Skarmory, F|70/100
|move|p2a: Claydol|Refresh|p2a: Claydol
|-curestatus|p2a: Claydol|tox|[msg]
|
|-heal|p2a: Claydol|74/100|[from] item: Leftovers
|-heal|p1a: Skarmory|76/100|[from] item: Leftovers
|upkeep
|turn|41
|
|t:|1729391990
|move|p1a: Skarmory|Protect|p1a: Skarmory
|-singleturn|p1a: Skarmory|Protect
|move|p2a: Claydol|Rapid Spin|p1a: Skarmory
|-activate|p1a: Skarmory|Protect
|
|-heal|p2a: Claydol|80/100|[from] item: Leftovers
|-heal|p1a: Skarmory|82/100|[from] item: Leftovers
|upkeep
|turn|42
|inactive|prestonalewis has 270 seconds left.
|
|t:|1729392021
|switch|p2a: Shedinja|Shedinja|100/100
|move|p1a: Skarmory|Spikes|p2a: Shedinja
|-sidestart|p2: prestonalewis|Spikes
|
|-heal|p1a: Skarmory|88/100|[from] item: Leftovers
|upkeep
|turn|43
|
|t:|1729392029
|switch|p2a: Claydol|Claydol|80/100
|move|p1a: Skarmory|Toxic|p2a: Claydol
|-status|p2a: Claydol|tox
|
|-heal|p2a: Claydol|86/100 tox|[from] item: Leftovers
|-damage|p2a: Claydol|80/100 tox|[from] psn
|-heal|p1a: Skarmory|94/100|[from] item: Leftovers
|upkeep
|turn|44
|
|t:|1729392033
|move|p2a: Claydol|Rapid Spin|p1a: Skarmory
|-resisted|p1a: Skarmory
|-damage|p1a: Skarmory|93/100
|-sideend|p2: prestonalewis|Spikes|[from] move: Rapid Spin|[of] p2a: Claydol
|move|p1a: Skarmory|Spikes|p2a: Claydol
|-sidestart|p2: prestonalewis|Spikes
|
|-heal|p2a: Claydol|86/100 tox|[from] item: Leftovers
|-damage|p2a: Claydol|74/100 tox|[from] psn
|-heal|p1a: Skarmory|99/100|[from] item: Leftovers
|upkeep
|turn|45
|
|t:|1729392037
|move|p2a: Claydol|Rapid Spin|p1a: Skarmory
|-resisted|p1a: Skarmory
|-damage|p1a: Skarmory|98/100
|-sideend|p2: prestonalewis|Spikes|[from] move: Rapid Spin|[of] p2a: Claydol
|move|p1a: Skarmory|Spikes|p2a: Claydol
|-sidestart|p2: prestonalewis|Spikes
|
|-heal|p2a: Claydol|80/100 tox|[from] item: Leftovers
|-damage|p2a: Claydol|62/100 tox|[from] psn
|-heal|p1a: Skarmory|100/100|[from] item: Leftovers
|upkeep
|turn|46
|
|t:|1729392042
|move|p2a: Claydol|Refresh|p2a: Claydol
|-curestatus|p2a: Claydol|tox|[msg]
|move|p1a: Skarmory|Spikes|p2a: Claydol
|-sidestart|p2: prestonalewis|Spikes
|
|-heal|p2a: Claydol|68/100|[from] item: Leftovers
|upkeep
|turn|47
|
|t:|1729392044
|move|p2a: Claydol|Rapid Spin|p1a: Skarmory
|-resisted|p1a: Skarmory
|-damage|p1a: Skarmory|99/100
|-sideend|p2: prestonalewis|Spikes|[from] move: Rapid Spin|[of] p2a: Claydol
|move|p1a: Skarmory|Spikes|p2a: Claydol
|-sidestart|p2: prestonalewis|Spikes
|
|-heal|p2a: Claydol|74/100|[from] item: Leftovers
|-heal|p1a: Skarmory|100/100|[from] item: Leftovers
|upkeep
|turn|48
|
|t:|1729392047
|move|p2a: Claydol|Rapid Spin|p1a: Skarmory
|-resisted|p1a: Skarmory
|-crit|p1a: Skarmory
|-damage|p1a: Skarmory|98/100
|-sideend|p2: prestonalewis|Spikes|[from] move: Rapid Spin|[of] p2a: Claydol
|move|p1a: Skarmory|Toxic|p2a: Claydol
|-status|p2a: Claydol|tox
|
|-heal|p2a: Claydol|80/100 tox|[from] item: Leftovers
|-damage|p2a: Claydol|74/100 tox|[from] psn
|-heal|p1a: Skarmory|100/100|[from] item: Leftovers
|upkeep
|turn|49
|
|t:|1729392051
|move|p2a: Claydol|Refresh|p2a: Claydol
|-curestatus|p2a: Claydol|tox|[msg]
|move|p1a: Skarmory|Spikes|p2a: Claydol
|-sidestart|p2: prestonalewis|Spikes
|
|-heal|p2a: Claydol|80/100|[from] item: Leftovers
|upkeep
|turn|50
|
|t:|1729392053
|move|p2a: Claydol|Rapid Spin|p1a: Skarmory
|-resisted|p1a: Skarmory
|-damage|p1a: Skarmory|99/100
|-sideend|p2: prestonalewis|Spikes|[from] move: Rapid Spin|[of] p2a: Claydol
|move|p1a: Skarmory|Toxic|p2a: Claydol
|-status|p2a: Claydol|tox
|
|-heal|p2a: Claydol|86/100 tox|[from] item: Leftovers
|-damage|p2a: Claydol|80/100 tox|[from] psn
|-heal|p1a: Skarmory|100/100|[from] item: Leftovers
|upkeep
|turn|51
|
|t:|1729392055
|move|p2a: Claydol|Refresh|p2a: Claydol
|-curestatus|p2a: Claydol|tox|[msg]
|move|p1a: Skarmory|Spikes|p2a: Claydol
|-sidestart|p2: prestonalewis|Spikes
|
|-heal|p2a: Claydol|86/100|[from] item: Leftovers
|upkeep
|turn|52
|
|t:|1729392058
|move|p1a: Skarmory|Protect|p1a: Skarmory
|-singleturn|p1a: Skarmory|Protect
|move|p2a: Claydol|Rapid Spin|p1a: Skarmory
|-activate|p1a: Skarmory|Protect
|
|-heal|p2a: Claydol|92/100|[from] item: Leftovers
|upkeep
|turn|53
|
|t:|1729392060
|move|p2a: Claydol|Rapid Spin|p1a: Skarmory
|-resisted|p1a: Skarmory
|-damage|p1a: Skarmory|99/100
|-sideend|p2: prestonalewis|Spikes|[from] move: Rapid Spin|[of] p2a: Claydol
|move|p1a: Skarmory|Toxic|p2a: Claydol
|-status|p2a: Claydol|tox
|
|-heal|p2a: Claydol|99/100 tox|[from] item: Leftovers
|-damage|p2a: Claydol|92/100 tox|[from] psn
|-heal|p1a: Skarmory|100/100|[from] item: Leftovers
|upkeep
|turn|54
|
|t:|1729392063
|move|p2a: Claydol|Refresh|p2a: Claydol
|-curestatus|p2a: Claydol|tox|[msg]
|move|p1a: Skarmory|Spikes|p2a: Claydol
|-sidestart|p2: prestonalewis|Spikes
|
|-heal|p2a: Claydol|99/100|[from] item: Leftovers
|upkeep
|turn|55
|
|t:|1729392067
|move|p1a: Skarmory|Protect|p1a: Skarmory
|-singleturn|p1a: Skarmory|Protect
|move|p2a: Claydol|Rapid Spin|p1a: Skarmory
|-activate|p1a: Skarmory|Protect
|
|-heal|p2a: Claydol|100/100|[from] item: Leftovers
|upkeep
|turn|56
|
|t:|1729392071
|move|p2a: Claydol|Rapid Spin|p1a: Skarmory
|-resisted|p1a: Skarmory
|-damage|p1a: Skarmory|99/100
|-sideend|p2: prestonalewis|Spikes|[from] move: Rapid Spin|[of] p2a: Claydol
|move|p1a: Skarmory|Toxic|p2a: Claydol
|-status|p2a: Claydol|tox
|
|-damage|p2a: Claydol|94/100 tox|[from] psn
|-heal|p1a: Skarmory|100/100|[from] item: Leftovers
|upkeep
|turn|57
|
|t:|1729392073
|move|p2a: Claydol|Refresh|p2a: Claydol
|-curestatus|p2a: Claydol|tox|[msg]
|move|p1a: Skarmory|Spikes|p2a: Claydol
|-sidestart|p2: prestonalewis|Spikes
|
|-heal|p2a: Claydol|100/100|[from] item: Leftovers
|upkeep
|turn|58
|
|t:|1729392077
|move|p1a: Skarmory|Protect|p1a: Skarmory
|-singleturn|p1a: Skarmory|Protect
|move|p2a: Claydol|Rapid Spin|p1a: Skarmory
|-activate|p1a: Skarmory|Protect
|
|upkeep
|turn|59
|
|t:|1729392093
|switch|p1a: Aerodactyl|Aerodactyl, F|100/100
|move|p2a: Claydol|Rapid Spin|p1a: Aerodactyl
|-resisted|p1a: Aerodactyl
|-damage|p1a: Aerodactyl|99/100
|-sideend|p2: prestonalewis|Spikes|[from] move: Rapid Spin|[of] p2a: Claydol
|
|upkeep
|turn|60
|
|t:|1729392104
|move|p1a: Aerodactyl|Hidden Power|p2a: Claydol
|-damage|p2a: Claydol|50/100
|move|p2a: Claydol|Psychic|p1a: Aerodactyl
|-damage|p1a: Aerodactyl|66/100
|
|-heal|p2a: Claydol|56/100|[from] item: Leftovers
|upkeep
|turn|61
|
|t:|1729392112
|switch|p2a: Shedinja|Shedinja|100/100
|move|p1a: Aerodactyl|Hidden Power|p2a: Shedinja
|-supereffective|p2a: Shedinja
|-damage|p2a: Shedinja|0 fnt
|faint|p2a: Shedinja
|
|t:|1729392131
|switch|p2a: Claydol|Claydol|56/100
|
|-heal|p2a: Claydol|62/100|[from] item: Leftovers
|upkeep
|turn|62
|
|t:|1729392135
|move|p1a: Aerodactyl|Hidden Power|p2a: Claydol
|-damage|p2a: Claydol|15/100
|move|p2a: Claydol|Rain Dance|p2a: Claydol
|-weather|RainDance
|
|-weather|RainDance|[upkeep]
|-heal|p2a: Claydol|21/100|[from] item: Leftovers
|upkeep
|turn|63
|
|t:|1729392139
|move|p1a: Aerodactyl|Hidden Power|p2a: Claydol
|-crit|p2a: Claydol
|-damage|p2a: Claydol|0 fnt
|faint|p2a: Claydol
|
|t:|1729392141
|switch|p2a: Suicune|Suicune|45/100 slp
|
|-weather|RainDance|[upkeep]
|-heal|p2a: Suicune|51/100 slp|[from] item: Leftovers
|upkeep
|turn|64
|
|t:|1729392148
|move|p1a: Aerodactyl|Hidden Power|p2a: Suicune
|-damage|p2a: Suicune|16/100 slp
|cant|p2a: Suicune|slp
|move|p2a: Suicune|Sleep Talk|p2a: Suicune
|move|p2a: Suicune|Rest|p2a: Suicune|[from]Sleep Talk
|
|-weather|RainDance|[upkeep]
|-heal|p2a: Suicune|22/100 slp|[from] item: Leftovers
|upkeep
|turn|65
|c|☆Vholtninja|gg
|
|t:|1729392154
|move|p1a: Aerodactyl|Hidden Power|p2a: Suicune
|-damage|p2a: Suicune|0 fnt
|faint|p2a: Suicune
|
|win|Vholtninja
|c|☆prestonalewis|gg
|player|p2|

</script>
<script type="application/json" class="data" id="replaydata-smogtours-gen3ou-800251">
{"id":"smogtours-gen3ou-800251","format":"[Gen 3] OU","players":["Vholtninja","prestonalewis"],"uploadtime":1729392154,"views":81,"formatid":"gen3ou","rating":null,"private":0,"password":null}
</script>

<script defer src="js/replays.js?9d40a366"></script>
