<!DOCTYPE html>
<meta charset="utf-8" />
<meta name="viewport" content="width=device-width" />

<title>[Gen 3] OU: BlazingDark vs. Big Chungus irl - Replays - Pok&eacute;mon Showdown!</title>

<meta name="description" content="Watch a replay of a Pok&eacute;mon battle between BlazingDark and Big Chungus irl! Format: [Gen 3] OU; Date: Oct 25, 2024" />
<!--

Hey, you! Looking in the source for the replay log?

You can find them in JSON format, just add `.json` at the end of a replay URL.

https://replay.pokemonshowdown.com/gen7randomdoublesbattle-865046831.json

Or, if you only need the log itself, add `.log` instead:

https://replay.pokemonshowdown.com/gen7randomdoublesbattle-865046831.log

-->

<link rel="stylesheet" href="//pokemonshowdown.com/style/global.css?0.767286132409787" />
<link rel="stylesheet" href="//play.pokemonshowdown.com/style/font-awesome.css?0.9266228007934947" />
<link rel="stylesheet" href="//play.pokemonshowdown.com/style/battle.css?0.7924700842790926" />
<link rel="stylesheet" href="//play.pokemonshowdown.com/style/utilichart.css?0.8777417872839479" />

<!-- Global site tag (gtag.js) - Google Analytics -->
<script async src="https://www.googletagmanager.com/gtag/js?id=UA-26211653-1"></script>
<script>
  window.dataLayer = window.dataLayer || [];
  function gtag(){dataLayer.push(arguments);}
  gtag('js', new Date());

  gtag('config', 'UA-26211653-1');
</script>
<!-- End Google Analytics -->
<!-- Venatus Ad Manager - Install in <HEAD> of page -->
	<script src="https://hb.vntsm.com/v3/live/ad-manager.min.js" type="text/javascript" data-site-id="642aba63ec9a7b11c3c9c1be" data-mode="scan" async></script>
<!-- / Venatus Ad Manager -->

<style>
	@media (max-width:820px) {
		.battle {
			margin: 0 auto;
		}
		.battle-log {
			margin: 7px auto 0;
			max-width: 640px;
			height: 300px;
			position: static;
		}
	}
	.optgroup {
		display: inline-block;
		line-height: 22px;
		font-size: 10pt;
	}
	.optgroup .button {
		height: 25px;
		padding-top: 0;
		padding-bottom: 0;
	}
	.optgroup button.button {
		padding-left: 12px;
		padding-right: 12px;
	}
	.linklist {
		list-style: none;
		margin: 0.5em 0;
		padding: 0;
	}
	.linklist li {
		padding: 2px 0;
	}
	.sidebar {
		float: left;
		width: 320px;
	}
	.bar-wrapper {
		max-width: 1100px;
		margin: 0 auto;
	}
	.bar-wrapper.has-sidebar {
		max-width: 1430px;
	}
	.mainbar {
		margin: 0;
		padding-right: 1px;
	}
	.mainbar.has-sidebar {
		margin-left: 330px;
	}
	@media (min-width: 1511px) {
		.sidebar {
			width: 400px;
		}
		.bar-wrapper.has-sidebar {
			max-width: 1510px;
		}
		.mainbar.has-sidebar {
			margin-left: 410px;
		}
	}
	.section.first-section {
		margin-top: 9px;
	}
	.blocklink small {
		white-space: normal;
	}
	.button {
		vertical-align: middle;
	}
	.replay-controls {
		padding-top: 10px;
	}
	.replay-controls h1 {
		font-size: 16pt;
		font-weight: normal;
		color: #CCC;
	}
	.pagelink {
		text-align: center;
	}
	.pagelink a {
		width: 150px;
	}
	.textbox, .button {
		font-size: 11pt;
		vertical-align: middle;
	}
	@media (max-width: 450px) {
		.button {
			font-size: 9pt;
		}
	}
</style>

<div>

	<header>
		<div class="nav-wrapper"><ul class="nav">
			<li><a class="button nav-first" href="//pokemonshowdown.com/"><img src="//pokemonshowdown.com/images/pokemonshowdownbeta.png" srcset="//pokemonshowdown.com/images/pokemonshowdownbeta.png 1x, //pokemonshowdown.com/images/pokemonshowdownbeta@2x.png 2x" alt="Pok&eacute;mon Showdown" width="146" height="44" /> Home</a></li>
			<li><a class="button" href="//pokemonshowdown.com/dex/">Pok&eacute;dex</a></li>
			<li><a class="button cur" href="/">Replays</a></li>
			<li><a class="button" href="//pokemonshowdown.com/ladder/">Ladder</a></li>
			<li><a class="button nav-last" href="//pokemonshowdown.com/forums/">Forum</a></li>
			<li><a class="button greenbutton nav-first nav-last" href="//play.pokemonshowdown.com/">Play</a></li>
		</ul></div>
	</header>

	<div class="main" id="main">

		<noscript><section class="section">You need to enable JavaScript to use this page; sorry!</section></noscript>

	</div>

</div>

<script defer nomodule src="//play.pokemonshowdown.com/js/lib/ps-polyfill.js"></script>
<script defer src="//play.pokemonshowdown.com/js/lib/preact.min.js"></script>

<script defer src="//play.pokemonshowdown.com/config/config.js?6dec07f6"></script>
<script defer src="//play.pokemonshowdown.com/js/lib/jquery-1.11.0.min.js"></script>
<script defer src="//play.pokemonshowdown.com/js/lib/html-sanitizer-minified.js"></script>
<script defer src="//play.pokemonshowdown.com/js/battle-sound.js"></script>
<script defer src="//play.pokemonshowdown.com/js/battledata.js?0.6315294753075389"></script>
<script defer src="//play.pokemonshowdown.com/data/pokedex-mini.js?0.7603743185311358"></script>
<script defer src="//play.pokemonshowdown.com/data/pokedex-mini-bw.js?0.030888842834281283"></script>
<script defer src="//play.pokemonshowdown.com/data/graphics.js?0.05593094747507488"></script>
<script defer src="//play.pokemonshowdown.com/data/pokedex.js?0.47064822249611904"></script>
<script defer src="//play.pokemonshowdown.com/data/moves.js?0.8583693120512459"></script>
<script defer src="//play.pokemonshowdown.com/data/abilities.js?0.16017181182386842"></script>
<script defer src="//play.pokemonshowdown.com/data/items.js?0.4163379185673943"></script>
<script defer src="//play.pokemonshowdown.com/data/teambuilder-tables.js?0.31075597372830477"></script>
<script defer src="//play.pokemonshowdown.com/js/battle-tooltips.js?0.6536193500708172"></script>
<script defer src="//play.pokemonshowdown.com/js/battle.js?0.1916591943277901"></script>

<script defer src="js/utils.js?e31f9a17"></script>
<script defer src="js/replays-battle.js?7008c182"></script>

<!-- don't scrape this data! just add .json or .log after the URL!
Full API docs: https://github.com/smogon/pokemon-showdown-client/blob/master/WEB-API.md -->
<script type="text/plain" class="log" id="replaylog-smogtours-gen3ou-801886">
|inactive|Battle timer is ON: inactive players will automatically lose when time's up.
|t:|1729885455
|gametype|singles
|player|p1|BlazingDark|blue|
|player|p2|Big Chungus irl|firebreather|
|teamsize|p1|6
|teamsize|p2|6
|gen|3
|tier|[Gen 3] OU
|rule|Sleep Clause Mod: Limit one foe put to sleep
|rule|Switch Priority Clause Mod: Faster Pokémon switch first
|rule|Species Clause: Limit one of each Pokémon
|rule|OHKO Clause: OHKO moves are banned
|rule|Evasion Items Clause: Evasion items are banned
|rule|Evasion Moves Clause: Evasion moves are banned
|rule|Endless Battle Clause: Forcing endless battles is banned
|rule|HP Percentage Mod: HP is shown in percentages
|rule|One Boost Passer Clause: Limit one Baton Passer that has a way to boost its stats
|rule|Freeze Clause Mod: Limit one foe frozen
|
|t:|1729885455
|start
|switch|p1a: Metagross|Metagross|100/100
|switch|p2a: Zapdos|Zapdos|100/100
|turn|1
|inactive|BlazingDark also wants the timer to be on.
|c|☆Big Chungus irl|gl and hd
|c|☆Big Chungus irl|*hf
|inactive|BlazingDark has 270 seconds left.
|inactive|BlazingDark has 240 seconds left.
|c|☆BlazingDark|hf
|inactive|BlazingDark has 210 seconds left.
|
|t:|1729885546
|switch|p1a: Celebi|Celebi|100/100
|move|p2a: Zapdos|Substitute|p2a: Zapdos
|-start|p2a: Zapdos|Substitute
|-damage|p2a: Zapdos|76/100
|
|-heal|p2a: Zapdos|82/100|[from] item: Leftovers
|upkeep
|turn|2
|
|t:|1729885554
|move|p2a: Zapdos|Baton Pass|p2a: Zapdos
|
|t:|1729885559
|switch|p2a: Celebi|Celebi|100/100|[from] Baton Pass
|move|p1a: Celebi|Baton Pass|p1a: Celebi
|
|t:|1729885569
|switch|p1a: Snorlax|Snorlax, F|100/100|[from] Baton Pass
|
|upkeep
|turn|3
|
|t:|1729885579
|move|p2a: Celebi|Calm Mind|p2a: Celebi
|-boost|p2a: Celebi|spa|1
|-boost|p2a: Celebi|spd|1
|move|p1a: Snorlax|Body Slam|p2a: Celebi
|-end|p2a: Celebi|Substitute
|
|upkeep
|turn|4
|
|t:|1729885583
|move|p2a: Celebi|Psychic|p1a: Snorlax
|-damage|p1a: Snorlax|68/100
|move|p1a: Snorlax|Body Slam|p2a: Celebi
|-damage|p2a: Celebi|62/100
|
|-heal|p2a: Celebi|68/100|[from] item: Leftovers
|upkeep
|turn|5
|
|t:|1729885591
|move|p2a: Celebi|Psychic|p1a: Snorlax
|-damage|p1a: Snorlax|35/100
|move|p1a: Snorlax|Body Slam|p2a: Celebi
|-damage|p2a: Celebi|30/100
|
|-heal|p2a: Celebi|36/100|[from] item: Leftovers
|upkeep
|turn|6
|
|t:|1729885600
|move|p2a: Celebi|Psychic|p1a: Snorlax
|-damage|p1a: Snorlax|2/100
|move|p1a: Snorlax|Body Slam|p2a: Celebi
|-damage|p2a: Celebi|0 fnt
|faint|p2a: Celebi
|
|t:|1729885609
|switch|p2a: Zapdos|Zapdos|82/100
|
|-heal|p2a: Zapdos|88/100|[from] item: Leftovers
|upkeep
|turn|7
|
|t:|1729885613
|switch|p1a: Celebi|Celebi|100/100
|move|p2a: Zapdos|Thunderbolt|p1a: Celebi
|-resisted|p1a: Celebi
|-damage|p1a: Celebi|80/100
|
|-heal|p2a: Zapdos|94/100|[from] item: Leftovers
|-heal|p1a: Celebi|87/100|[from] item: Leftovers
|upkeep
|turn|8
|
|t:|1729885617
|move|p2a: Zapdos|Substitute|p2a: Zapdos
|-start|p2a: Zapdos|Substitute
|-damage|p2a: Zapdos|69/100
|move|p1a: Celebi|Swords Dance|p1a: Celebi
|-boost|p1a: Celebi|atk|2
|
|-heal|p2a: Zapdos|76/100|[from] item: Leftovers
|-heal|p1a: Celebi|93/100|[from] item: Leftovers
|upkeep
|turn|9
|inactive|BlazingDark has 270 seconds left.
|inactive|BlazingDark has 240 seconds left.
|
|t:|1729885679
|move|p2a: Zapdos|Baton Pass|p2a: Zapdos
|
|t:|1729885681
|switch|p2a: Suicune|Suicune|100/100|[from] Baton Pass
|move|p1a: Celebi|Hidden Power|p2a: Suicune
|-activate|p2a: Suicune|Substitute|[damage]
|
|-heal|p1a: Celebi|99/100|[from] item: Leftovers
|upkeep
|turn|10
|
|t:|1729885688
|move|p1a: Celebi|Hidden Power|p2a: Suicune
|-end|p2a: Suicune|Substitute
|move|p2a: Suicune|Calm Mind|p2a: Suicune
|-boost|p2a: Suicune|spa|1
|-boost|p2a: Suicune|spd|1
|
|-heal|p1a: Celebi|100/100|[from] item: Leftovers
|upkeep
|turn|11
|inactive|BlazingDark has 240 seconds left.
|
|t:|1729885710
|move|p1a: Celebi|Baton Pass|p1a: Celebi
|
|t:|1729885711
|switch|p1a: Gyarados|Gyarados, F|100/100|[from] Baton Pass
|-ability|p1a: Gyarados|Intimidate|boost
|-unboost|p2a: Suicune|atk|1
|move|p2a: Suicune|Roar|p1a: Gyarados
|drag|p1a: Magneton|Magneton|100/100
|
|upkeep
|turn|12
|inactive|BlazingDark has 240 seconds left.
|c|+xtina xendrix|thank god a game that isnt a stall ditto
|
|t:|1729885727
|switch|p2a: Regice|Regice|100/100
|move|p1a: Magneton|Thunder Wave|p2a: Regice
|-status|p2a: Regice|par
|
|upkeep
|turn|13
|inactive|BlazingDark has 240 seconds left.
|
|t:|1729885738
|switch|p1a: Metagross|Metagross|100/100
|move|p2a: Regice|Thunder Wave|p1a: Metagross
|-status|p1a: Metagross|par
|
|upkeep
|turn|14
|
|t:|1729885743
|switch|p2a: Suicune|Suicune|100/100
|move|p1a: Metagross|Meteor Mash|p2a: Suicune
|-resisted|p2a: Suicune
|-damage|p2a: Suicune|85/100
|
|-heal|p2a: Suicune|91/100|[from] item: Leftovers
|upkeep
|turn|15
|
|t:|1729885762
|switch|p2a: Zapdos|Zapdos|76/100
|switch|p1a: Magneton|Magneton|100/100
|
|-heal|p2a: Zapdos|82/100|[from] item: Leftovers
|upkeep
|turn|16
|
|t:|1729885770
|move|p2a: Zapdos|Baton Pass|p2a: Zapdos
|
|t:|1729885771
|switch|p2a: Dugtrio|Dugtrio, F|100/100|[from] Baton Pass
|move|p1a: Magneton|Thunderbolt|p2a: Dugtrio
|-immune|p2a: Dugtrio
|
|upkeep
|turn|17
|
|t:|1729885775
|move|p2a: Dugtrio|Earthquake|p1a: Magneton
|-supereffective|p1a: Magneton
|-damage|p1a: Magneton|0 fnt
|faint|p1a: Magneton
|
|t:|1729885782
|switch|p1a: Celebi|Celebi|100/100
|
|upkeep
|turn|18
|
|t:|1729885785
|switch|p2a: Suicune|Suicune|91/100
|move|p1a: Celebi|Swords Dance|p1a: Celebi
|-boost|p1a: Celebi|atk|2
|
|-heal|p2a: Suicune|97/100|[from] item: Leftovers
|upkeep
|turn|19
|
|t:|1729885789
|move|p1a: Celebi|Hidden Power|p2a: Suicune
|-damage|p2a: Suicune|79/100
|move|p2a: Suicune|Roar|p1a: Celebi
|drag|p1a: Metagross|Metagross|100/100 par
|
|-heal|p2a: Suicune|86/100|[from] item: Leftovers
|upkeep
|turn|20
|
|t:|1729885795
|switch|p2a: Zapdos|Zapdos|82/100
|cant|p1a: Metagross|par
|
|-heal|p2a: Zapdos|88/100|[from] item: Leftovers
|upkeep
|turn|21
|
|t:|1729885800
|switch|p1a: Celebi|Celebi|100/100
|move|p2a: Zapdos|Substitute|p2a: Zapdos
|-start|p2a: Zapdos|Substitute
|-damage|p2a: Zapdos|63/100
|
|-heal|p2a: Zapdos|69/100|[from] item: Leftovers
|upkeep
|turn|22
|
|t:|1729885815
|move|p2a: Zapdos|Baton Pass|p2a: Zapdos
|
|t:|1729885817
|switch|p2a: Dugtrio|Dugtrio, F|100/100|[from] Baton Pass
|move|p1a: Celebi|Swords Dance|p1a: Celebi
|-boost|p1a: Celebi|atk|2
|
|upkeep
|turn|23
|
|t:|1729885821
|move|p2a: Dugtrio|Hidden Power|p1a: Celebi
|-supereffective|p1a: Celebi
|-damage|p1a: Celebi|32/100
|move|p1a: Celebi|Baton Pass|p1a: Celebi
|
|t:|1729885827
|switch|p1a: Metagross|Metagross|100/100 par|[from] Baton Pass
|
|upkeep
|turn|24
|
|t:|1729885837
|switch|p2a: Zapdos|Zapdos|69/100
|move|p1a: Metagross|Meteor Mash|p2a: Zapdos
|-resisted|p2a: Zapdos
|-damage|p2a: Zapdos|5/100
|
|-heal|p2a: Zapdos|11/100|[from] item: Leftovers
|upkeep
|turn|25
|
|t:|1729885844
|move|p2a: Zapdos|Thunderbolt|p1a: Metagross
|-damage|p1a: Metagross|51/100 par
|cant|p1a: Metagross|par
|
|-heal|p2a: Zapdos|17/100|[from] item: Leftovers
|-heal|p1a: Metagross|57/100 par|[from] item: Leftovers
|upkeep
|turn|26
|c|☆BlazingDark|thats
|c|☆BlazingDark|ass
|
|t:|1729885849
|move|p2a: Zapdos|Thunderbolt|p1a: Metagross
|-damage|p1a: Metagross|6/100 par
|move|p1a: Metagross|Meteor Mash|p2a: Zapdos|[miss]
|-miss|p1a: Metagross|p2a: Zapdos
|
|-heal|p2a: Zapdos|24/100|[from] item: Leftovers
|-heal|p1a: Metagross|12/100 par|[from] item: Leftovers
|upkeep
|turn|27
|c|☆BlazingDark|xd
|c|☆Big Chungus irl|sorry for that
|c|☆Big Chungus irl|that was uncalled for by RNJesus
|c|☆Big Chungus irl|not cool
|
|t:|1729885872
|move|p2a: Zapdos|Thunderbolt|p1a: Metagross
|-damage|p1a: Metagross|0 fnt
|faint|p1a: Metagross
|
|t:|1729885881
|switch|p1a: Celebi|Celebi|32/100
|
|-heal|p2a: Zapdos|30/100|[from] item: Leftovers
|-heal|p1a: Celebi|38/100|[from] item: Leftovers
|upkeep
|turn|28
|
|t:|1729885885
|move|p2a: Zapdos|Substitute|p2a: Zapdos
|-start|p2a: Zapdos|Substitute
|-damage|p2a: Zapdos|5/100
|move|p1a: Celebi|Recover|p1a: Celebi
|-heal|p1a: Celebi|88/100
|
|-heal|p2a: Zapdos|11/100|[from] item: Leftovers
|-heal|p1a: Celebi|94/100|[from] item: Leftovers
|upkeep
|turn|29
|
|t:|1729885890
|move|p2a: Zapdos|Baton Pass|p2a: Zapdos
|
|t:|1729885892
|switch|p2a: Suicune|Suicune|86/100|[from] Baton Pass
|move|p1a: Celebi|Baton Pass|p1a: Celebi
|
|t:|1729885900
|switch|p1a: Salamence|Salamence, F|100/100|[from] Baton Pass
|
|-heal|p2a: Suicune|92/100|[from] item: Leftovers
|upkeep
|turn|30
|
|t:|1729885905
|move|p1a: Salamence|Earthquake|p2a: Suicune
|-end|p2a: Suicune|Substitute
|move|p2a: Suicune|Calm Mind|p2a: Suicune
|-boost|p2a: Suicune|spa|1
|-boost|p2a: Suicune|spd|1
|
|-heal|p2a: Suicune|98/100|[from] item: Leftovers
|upkeep
|turn|31
|
|t:|1729885921
|move|p1a: Salamence|Earthquake|p2a: Suicune
|-damage|p2a: Suicune|74/100
|move|p2a: Suicune|Surf|p1a: Salamence
|-resisted|p1a: Salamence
|-damage|p1a: Salamence|75/100
|
|-heal|p1a: Salamence|82/100|[from] item: Leftovers
|-heal|p2a: Suicune|80/100|[from] item: Leftovers
|upkeep
|turn|32
|
|t:|1729885937
|move|p1a: Salamence|Dragon Dance|p1a: Salamence
|-boost|p1a: Salamence|atk|1
|-boost|p1a: Salamence|spe|1
|move|p2a: Suicune|Surf|p1a: Salamence
|-resisted|p1a: Salamence
|-damage|p1a: Salamence|57/100
|
|-heal|p1a: Salamence|64/100|[from] item: Leftovers
|-heal|p2a: Suicune|87/100|[from] item: Leftovers
|upkeep
|turn|33
|
|t:|1729885943
|move|p1a: Salamence|Rock Slide|p2a: Suicune
|-damage|p2a: Suicune|63/100
|move|p2a: Suicune|Roar|p1a: Salamence
|drag|p1a: Celebi|Celebi|94/100
|
|-heal|p1a: Celebi|99/100|[from] item: Leftovers
|-heal|p2a: Suicune|69/100|[from] item: Leftovers
|upkeep
|turn|34
|
|t:|1729885951
|move|p1a: Celebi|Swords Dance|p1a: Celebi
|-boost|p1a: Celebi|atk|2
|move|p2a: Suicune|Calm Mind|p2a: Suicune
|-boost|p2a: Suicune|spa|1
|-boost|p2a: Suicune|spd|1
|
|-heal|p1a: Celebi|100/100|[from] item: Leftovers
|-heal|p2a: Suicune|75/100|[from] item: Leftovers
|upkeep
|turn|35
|
|t:|1729885956
|move|p1a: Celebi|Hidden Power|p2a: Suicune
|-damage|p2a: Suicune|56/100
|move|p2a: Suicune|Roar|p1a: Celebi
|drag|p1a: Salamence|Salamence, F|64/100
|-ability|p1a: Salamence|Intimidate|boost
|-unboost|p2a: Suicune|atk|1
|
|-heal|p1a: Salamence|70/100|[from] item: Leftovers
|-heal|p2a: Suicune|63/100|[from] item: Leftovers
|upkeep
|turn|36
|
|t:|1729885962
|switch|p1a: Celebi|Celebi|100/100
|move|p2a: Suicune|Surf|p1a: Celebi
|-resisted|p1a: Celebi
|-damage|p1a: Celebi|73/100
|
|-heal|p1a: Celebi|79/100|[from] item: Leftovers
|-heal|p2a: Suicune|69/100|[from] item: Leftovers
|upkeep
|turn|37
|
|t:|1729885966
|move|p1a: Celebi|Hidden Power|p2a: Suicune
|-damage|p2a: Suicune|60/100
|move|p2a: Suicune|Calm Mind|p2a: Suicune
|-boost|p2a: Suicune|spa|1
|-boost|p2a: Suicune|spd|1
|
|-heal|p1a: Celebi|85/100|[from] item: Leftovers
|-heal|p2a: Suicune|66/100|[from] item: Leftovers
|upkeep
|turn|38
|
|t:|1729885969
|move|p1a: Celebi|Hidden Power|p2a: Suicune
|-damage|p2a: Suicune|58/100
|move|p2a: Suicune|Calm Mind|p2a: Suicune
|-boost|p2a: Suicune|spa|1
|-boost|p2a: Suicune|spd|1
|
|-heal|p1a: Celebi|92/100|[from] item: Leftovers
|-heal|p2a: Suicune|64/100|[from] item: Leftovers
|upkeep
|turn|39
|
|t:|1729885972
|move|p1a: Celebi|Hidden Power|p2a: Suicune
|-damage|p2a: Suicune|55/100
|move|p2a: Suicune|Calm Mind|p2a: Suicune
|-boost|p2a: Suicune|spa|1
|-boost|p2a: Suicune|spd|1
|
|-heal|p1a: Celebi|98/100|[from] item: Leftovers
|-heal|p2a: Suicune|61/100|[from] item: Leftovers
|upkeep
|turn|40
|
|t:|1729885974
|move|p1a: Celebi|Hidden Power|p2a: Suicune
|-damage|p2a: Suicune|53/100
|move|p2a: Suicune|Calm Mind|p2a: Suicune
|-boost|p2a: Suicune|spa|1
|-boost|p2a: Suicune|spd|1
|
|-heal|p1a: Celebi|100/100|[from] item: Leftovers
|-heal|p2a: Suicune|59/100|[from] item: Leftovers
|upkeep
|turn|41
|
|t:|1729885978
|move|p1a: Celebi|Hidden Power|p2a: Suicune
|-damage|p2a: Suicune|50/100
|move|p2a: Suicune|Surf|p1a: Celebi
|-resisted|p1a: Celebi
|-crit|p1a: Celebi
|-damage|p1a: Celebi|0 fnt
|faint|p1a: Celebi
|c|☆BlazingDark|oh my hod
|c|☆BlazingDark|god
|
|t:|1729885992
|switch|p1a: Gyarados|Gyarados, F|100/100
|-ability|p1a: Gyarados|Intimidate|boost
|-unboost|p2a: Suicune|atk|1
|
|-heal|p2a: Suicune|56/100|[from] item: Leftovers
|upkeep
|turn|42
|
|t:|1729885997
|move|p1a: Gyarados|Double-Edge|p2a: Suicune
|-damage|p2a: Suicune|32/100
|-damage|p1a: Gyarados|91/100|[from] Recoil|[of] p2a: Suicune
|move|p2a: Suicune|Surf|p1a: Gyarados
|-resisted|p1a: Gyarados
|-damage|p1a: Gyarados|37/100
|
|-heal|p1a: Gyarados|43/100|[from] item: Leftovers
|-heal|p2a: Suicune|38/100|[from] item: Leftovers
|upkeep
|turn|43
|
|t:|1729886011
|move|p1a: Gyarados|Dragon Dance|p1a: Gyarados
|-boost|p1a: Gyarados|atk|1
|-boost|p1a: Gyarados|spe|1
|move|p2a: Suicune|Surf|p1a: Gyarados
|-resisted|p1a: Gyarados
|-damage|p1a: Gyarados|0 fnt
|faint|p1a: Gyarados
|
|t:|1729886014
|switch|p1a: Salamence|Salamence, F|70/100
|-ability|p1a: Salamence|Intimidate|boost
|-unboost|p2a: Suicune|atk|1
|
|-heal|p1a: Salamence|76/100|[from] item: Leftovers
|-heal|p2a: Suicune|44/100|[from] item: Leftovers
|upkeep
|turn|44
|
|t:|1729886018
|move|p1a: Salamence|Rock Slide|p2a: Suicune
|-damage|p2a: Suicune|28/100
|cant|p2a: Suicune|flinch
|
|-heal|p1a: Salamence|82/100|[from] item: Leftovers
|-heal|p2a: Suicune|35/100|[from] item: Leftovers
|upkeep
|turn|45
|
|t:|1729886021
|move|p1a: Salamence|Rock Slide|p2a: Suicune
|-damage|p2a: Suicune|19/100
|cant|p2a: Suicune|flinch
|
|-heal|p1a: Salamence|88/100|[from] item: Leftovers
|-heal|p2a: Suicune|25/100|[from] item: Leftovers
|upkeep
|turn|46
|
|t:|1729886026
|move|p1a: Salamence|Rock Slide|p2a: Suicune
|-damage|p2a: Suicune|9/100
|cant|p2a: Suicune|flinch
|
|-heal|p1a: Salamence|94/100|[from] item: Leftovers
|-heal|p2a: Suicune|15/100|[from] item: Leftovers
|upkeep
|turn|47
|c|☆Big Chungus irl|zamn
|
|t:|1729886039
|move|p1a: Salamence|Hidden Power|p2a: Suicune
|-damage|p2a: Suicune|0 fnt
|faint|p2a: Suicune
|
|t:|1729886049
|switch|p2a: Jirachi|Jirachi|100/100
|
|-heal|p1a: Salamence|99/100|[from] item: Leftovers
|upkeep
|turn|48
|
|t:|1729886052
|switch|p1a: Snorlax|Snorlax, F|2/100
|move|p2a: Jirachi|Ice Punch|p1a: Snorlax
|-damage|p1a: Snorlax|0 fnt
|faint|p1a: Snorlax
|
|t:|1729886054
|switch|p1a: Salamence|Salamence, F|99/100
|-ability|p1a: Salamence|Intimidate|boost
|-unboost|p2a: Jirachi|atk|1
|
|-heal|p1a: Salamence|100/100|[from] item: Leftovers
|upkeep
|turn|49
|
|t:|1729886056
|move|p2a: Jirachi|Ice Punch|p1a: Salamence
|-supereffective|p1a: Salamence
|-damage|p1a: Salamence|0 fnt
|faint|p1a: Salamence
|
|win|Big Chungus irl
|c|☆Big Chungus irl|gg
|c|☆BlazingDark|/log BlazingDark made the replay of this battle unlisted.
|c|☆BlazingDark|gg

</script>
<script type="application/json" class="data" id="replaydata-smogtours-gen3ou-801886">
{"id":"smogtours-gen3ou-801886","format":"[Gen 3] OU","players":["BlazingDark","Big Chungus irl"],"uploadtime":1729886056,"views":101,"formatid":"gen3ou","rating":null,"private":1,"password":null}
</script>

<script defer src="js/replays.js?9d40a366"></script>
