<!DOCTYPE html>
<meta charset="utf-8" />
<meta name="viewport" content="width=device-width" />

<title>[Gen 3] OU: cisconduct vs. Garpachi - Replays - Pok&eacute;mon Showdown!</title>

<meta name="description" content="Watch a replay of a Pok&eacute;mon battle between cisconduct and Garpachi! Format: [Gen 3] OU; Date: Oct 23, 2024" />
<!--

Hey, you! Looking in the source for the replay log?

You can find them in JSON format, just add `.json` at the end of a replay URL.

https://replay.pokemonshowdown.com/gen7randomdoublesbattle-865046831.json

Or, if you only need the log itself, add `.log` instead:

https://replay.pokemonshowdown.com/gen7randomdoublesbattle-865046831.log

-->

<link rel="stylesheet" href="//pokemonshowdown.com/style/global.css?0.023195364461161105" />
<link rel="stylesheet" href="//play.pokemonshowdown.com/style/font-awesome.css?0.13261647063804238" />
<link rel="stylesheet" href="//play.pokemonshowdown.com/style/battle.css?0.8753245789963631" />
<link rel="stylesheet" href="//play.pokemonshowdown.com/style/utilichart.css?0.8627959624976733" />

<!-- Global site tag (gtag.js) - Google Analytics -->
<script async src="https://www.googletagmanager.com/gtag/js?id=UA-26211653-1"></script>
<script>
  window.dataLayer = window.dataLayer || [];
  function gtag(){dataLayer.push(arguments);}
  gtag('js', new Date());

  gtag('config', 'UA-26211653-1');
</script>
<!-- End Google Analytics -->
<!-- Venatus Ad Manager - Install in <HEAD> of page -->
	<script src="https://hb.vntsm.com/v3/live/ad-manager.min.js" type="text/javascript" data-site-id="642aba63ec9a7b11c3c9c1be" data-mode="scan" async></script>
<!-- / Venatus Ad Manager -->

<style>
	@media (max-width:820px) {
		.battle {
			margin: 0 auto;
		}
		.battle-log {
			margin: 7px auto 0;
			max-width: 640px;
			height: 300px;
			position: static;
		}
	}
	.optgroup {
		display: inline-block;
		line-height: 22px;
		font-size: 10pt;
	}
	.optgroup .button {
		height: 25px;
		padding-top: 0;
		padding-bottom: 0;
	}
	.optgroup button.button {
		padding-left: 12px;
		padding-right: 12px;
	}
	.linklist {
		list-style: none;
		margin: 0.5em 0;
		padding: 0;
	}
	.linklist li {
		padding: 2px 0;
	}
	.sidebar {
		float: left;
		width: 320px;
	}
	.bar-wrapper {
		max-width: 1100px;
		margin: 0 auto;
	}
	.bar-wrapper.has-sidebar {
		max-width: 1430px;
	}
	.mainbar {
		margin: 0;
		padding-right: 1px;
	}
	.mainbar.has-sidebar {
		margin-left: 330px;
	}
	@media (min-width: 1511px) {
		.sidebar {
			width: 400px;
		}
		.bar-wrapper.has-sidebar {
			max-width: 1510px;
		}
		.mainbar.has-sidebar {
			margin-left: 410px;
		}
	}
	.section.first-section {
		margin-top: 9px;
	}
	.blocklink small {
		white-space: normal;
	}
	.button {
		vertical-align: middle;
	}
	.replay-controls {
		padding-top: 10px;
	}
	.replay-controls h1 {
		font-size: 16pt;
		font-weight: normal;
		color: #CCC;
	}
	.pagelink {
		text-align: center;
	}
	.pagelink a {
		width: 150px;
	}
	.textbox, .button {
		font-size: 11pt;
		vertical-align: middle;
	}
	@media (max-width: 450px) {
		.button {
			font-size: 9pt;
		}
	}
</style>

<div>

	<header>
		<div class="nav-wrapper"><ul class="nav">
			<li><a class="button nav-first" href="//pokemonshowdown.com/"><img src="//pokemonshowdown.com/images/pokemonshowdownbeta.png" srcset="//pokemonshowdown.com/images/pokemonshowdownbeta.png 1x, //pokemonshowdown.com/images/pokemonshowdownbeta@2x.png 2x" alt="Pok&eacute;mon Showdown" width="146" height="44" /> Home</a></li>
			<li><a class="button" href="//pokemonshowdown.com/dex/">Pok&eacute;dex</a></li>
			<li><a class="button cur" href="/">Replays</a></li>
			<li><a class="button" href="//pokemonshowdown.com/ladder/">Ladder</a></li>
			<li><a class="button nav-last" href="//pokemonshowdown.com/forums/">Forum</a></li>
			<li><a class="button greenbutton nav-first nav-last" href="//play.pokemonshowdown.com/">Play</a></li>
		</ul></div>
	</header>

	<div class="main" id="main">

		<noscript><section class="section">You need to enable JavaScript to use this page; sorry!</section></noscript>

	</div>

</div>

<script defer nomodule src="//play.pokemonshowdown.com/js/lib/ps-polyfill.js"></script>
<script defer src="//play.pokemonshowdown.com/js/lib/preact.min.js"></script>

<script defer src="//play.pokemonshowdown.com/config/config.js?2bddbc15"></script>
<script defer src="//play.pokemonshowdown.com/js/lib/jquery-1.11.0.min.js"></script>
<script defer src="//play.pokemonshowdown.com/js/lib/html-sanitizer-minified.js"></script>
<script defer src="//play.pokemonshowdown.com/js/battle-sound.js"></script>
<script defer src="//play.pokemonshowdown.com/js/battledata.js?0.7209276989879541"></script>
<script defer src="//play.pokemonshowdown.com/data/pokedex-mini.js?0.6111056340867951"></script>
<script defer src="//play.pokemonshowdown.com/data/pokedex-mini-bw.js?0.3532142036491459"></script>
<script defer src="//play.pokemonshowdown.com/data/graphics.js?0.24223875632456182"></script>
<script defer src="//play.pokemonshowdown.com/data/pokedex.js?0.38839984266356864"></script>
<script defer src="//play.pokemonshowdown.com/data/moves.js?0.21866028504024015"></script>
<script defer src="//play.pokemonshowdown.com/data/abilities.js?0.2005157953846628"></script>
<script defer src="//play.pokemonshowdown.com/data/items.js?0.9894211263848525"></script>
<script defer src="//play.pokemonshowdown.com/data/teambuilder-tables.js?0.6008791140282215"></script>
<script defer src="//play.pokemonshowdown.com/js/battle-tooltips.js?0.7580118955022959"></script>
<script defer src="//play.pokemonshowdown.com/js/battle.js?0.6057722274234274"></script>

<script defer src="js/utils.js?e31f9a17"></script>
<script defer src="js/replays-battle.js?7008c182"></script>

<!-- don't scrape this data! just add .json or .log after the URL!
Full API docs: https://github.com/smogon/pokemon-showdown-client/blob/master/WEB-API.md -->
<script type="text/plain" class="log" id="replaylog-smogtours-gen3ou-801341">
|inactive|Battle timer is ON: inactive players will automatically lose when time's up.
|t:|1729651035
|gametype|singles
|player|p1|cisconduct|1|
|player|p2|Garpachi|maid|
|teamsize|p1|6
|teamsize|p2|6
|gen|3
|tier|[Gen 3] OU
|rule|Sleep Clause Mod: Limit one foe put to sleep
|rule|Switch Priority Clause Mod: Faster Pokémon switch first
|rule|Species Clause: Limit one of each Pokémon
|rule|OHKO Clause: OHKO moves are banned
|rule|Evasion Items Clause: Evasion items are banned
|rule|Evasion Moves Clause: Evasion moves are banned
|rule|Endless Battle Clause: Forcing endless battles is banned
|rule|HP Percentage Mod: HP is shown in percentages
|rule|One Boost Passer Clause: Limit one Baton Passer that has a way to boost its stats
|rule|Freeze Clause Mod: Limit one foe frozen
|
|t:|1729651035
|start
|switch|p1a: Zapdos|Zapdos|100/100
|switch|p2a: Ran|Tyranitar, F|100/100
|-weather|Sandstorm|[from] ability: Sand Stream|[of] p2a: Ran
|turn|1
|c|☆Garpachi|glhf
|
|t:|1729651057
|-singleturn|p2a: Ran|move: Focus Punch
|move|p1a: Zapdos|Baton Pass|p1a: Zapdos
|c|☆cisconduct|tysm! glhf to you as well
|
|t:|1729651064
|switch|p1a: Dugtrio|Dugtrio, M|100/100|[from] Baton Pass
|move|p2a: Ran|Focus Punch|p1a: Dugtrio
|-damage|p1a: Dugtrio|0 fnt
|faint|p1a: Dugtrio
|
|t:|1729651072
|switch|p1a: Suicune|Suicune|100/100
|
|-weather|Sandstorm|[upkeep]
|-damage|p1a: Suicune|94/100|[from] Sandstorm
|-heal|p1a: Suicune|100/100|[from] item: Leftovers
|upkeep
|turn|2
|
|t:|1729651078
|switch|p2a: Dan|Zapdos|100/100
|move|p1a: Suicune|Hydro Pump|p2a: Dan
|-damage|p2a: Dan|61/100
|
|-weather|Sandstorm|[upkeep]
|-damage|p2a: Dan|54/100|[from] Sandstorm
|-damage|p1a: Suicune|94/100|[from] Sandstorm
|-heal|p2a: Dan|61/100|[from] item: Leftovers
|-heal|p1a: Suicune|100/100|[from] item: Leftovers
|upkeep
|turn|3
|inactive|cisconduct has 270 seconds left.
|
|t:|1729651127
|switch|p1a: Metagross|Metagross|100/100
|move|p2a: Dan|Thunderbolt|p1a: Metagross
|-damage|p1a: Metagross|58/100
|
|-weather|Sandstorm|[upkeep]
|-damage|p2a: Dan|54/100|[from] Sandstorm
|-heal|p2a: Dan|61/100|[from] item: Leftovers
|-heal|p1a: Metagross|64/100|[from] item: Leftovers
|upkeep
|turn|4
|
|t:|1729651136
|switch|p2a: Stan|Skarmory, M|100/100
|move|p1a: Metagross|Rock Slide|p2a: Stan
|-damage|p2a: Stan|79/100
|
|-weather|Sandstorm|[upkeep]
|-heal|p1a: Metagross|70/100|[from] item: Leftovers
|-heal|p2a: Stan|85/100|[from] item: Leftovers
|upkeep
|turn|5
|inactive|cisconduct has 240 seconds left.
|
|t:|1729651167
|move|p2a: Stan|Spikes|p1a: Metagross
|-sidestart|p1: cisconduct|Spikes
|move|p1a: Metagross|Rock Slide|p2a: Stan
|-damage|p2a: Stan|61/100
|
|-weather|Sandstorm|[upkeep]
|-heal|p2a: Stan|67/100|[from] item: Leftovers
|-heal|p1a: Metagross|76/100|[from] item: Leftovers
|upkeep
|turn|6
|
|t:|1729651177
|move|p1a: Metagross|Rock Slide|p2a: Stan
|-damage|p2a: Stan|45/100
|cant|p2a: Stan|flinch
|
|-weather|Sandstorm|[upkeep]
|-heal|p2a: Stan|51/100|[from] item: Leftovers
|-heal|p1a: Metagross|82/100|[from] item: Leftovers
|upkeep
|turn|7
|
|t:|1729651186
|move|p2a: Stan|Protect|p2a: Stan
|-singleturn|p2a: Stan|Protect
|move|p1a: Metagross|Rock Slide|p2a: Stan
|-activate|p2a: Stan|Protect
|
|-weather|Sandstorm|[upkeep]
|-heal|p1a: Metagross|88/100|[from] item: Leftovers
|-heal|p2a: Stan|57/100|[from] item: Leftovers
|upkeep
|turn|8
|
|t:|1729651207
|move|p1a: Metagross|Rock Slide|p2a: Stan
|-damage|p2a: Stan|34/100
|cant|p2a: Stan|flinch
|
|-weather|Sandstorm|[upkeep]
|-heal|p2a: Stan|40/100|[from] item: Leftovers
|-heal|p1a: Metagross|94/100|[from] item: Leftovers
|upkeep
|turn|9
|c|☆cisconduct|unlucky
|
|t:|1729651218
|move|p2a: Stan|Protect|p2a: Stan
|-singleturn|p2a: Stan|Protect
|move|p1a: Metagross|Rock Slide|p2a: Stan
|-activate|p2a: Stan|Protect
|
|-weather|Sandstorm|[upkeep]
|-heal|p2a: Stan|46/100|[from] item: Leftovers
|-heal|p1a: Metagross|99/100|[from] item: Leftovers
|upkeep
|turn|10
|c|☆Garpachi|happens
|
|t:|1729651227
|switch|p2a: Can|Swampert, M|100/100
|move|p1a: Metagross|Rock Slide|p2a: Can
|-resisted|p2a: Can
|-damage|p2a: Can|90/100
|
|-weather|Sandstorm|[upkeep]
|-heal|p1a: Metagross|100/100|[from] item: Leftovers
|-heal|p2a: Can|96/100|[from] item: Leftovers
|upkeep
|turn|11
|
|t:|1729651239
|switch|p1a: Suicune|Suicune|100/100
|-damage|p1a: Suicune|88/100|[from] Spikes
|move|p2a: Can|Toxic|p1a: Suicune
|-status|p1a: Suicune|tox
|
|-weather|Sandstorm|[upkeep]
|-damage|p1a: Suicune|82/100 tox|[from] Sandstorm
|-heal|p1a: Suicune|88/100 tox|[from] item: Leftovers
|-damage|p1a: Suicune|82/100 tox|[from] psn
|-heal|p2a: Can|100/100|[from] item: Leftovers
|upkeep
|turn|12
|
|t:|1729651251
|move|p2a: Can|Protect|p2a: Can
|-singleturn|p2a: Can|Protect
|move|p1a: Suicune|Hidden Power|p2a: Can
|-activate|p2a: Can|Protect
|
|-weather|Sandstorm|[upkeep]
|-damage|p1a: Suicune|76/100 tox|[from] Sandstorm
|-heal|p1a: Suicune|82/100 tox|[from] item: Leftovers
|-damage|p1a: Suicune|70/100 tox|[from] psn
|upkeep
|turn|13
|
|t:|1729651266
|switch|p2a: Jan|Blissey, F|100/100
|move|p1a: Suicune|Hidden Power|p2a: Jan
|-damage|p2a: Jan|92/100
|
|-weather|Sandstorm|[upkeep]
|-damage|p1a: Suicune|64/100 tox|[from] Sandstorm
|-damage|p2a: Jan|86/100|[from] Sandstorm
|-heal|p1a: Suicune|70/100 tox|[from] item: Leftovers
|-damage|p1a: Suicune|51/100 tox|[from] psn
|-heal|p2a: Jan|92/100|[from] item: Leftovers
|upkeep
|turn|14
|
|t:|1729651280
|switch|p1a: Metagross|Metagross|100/100
|-damage|p1a: Metagross|88/100|[from] Spikes
|move|p2a: Jan|Thunderbolt|p1a: Metagross
|-damage|p1a: Metagross|61/100
|
|-weather|Sandstorm|[upkeep]
|-damage|p2a: Jan|86/100|[from] Sandstorm
|-heal|p1a: Metagross|67/100|[from] item: Leftovers
|-heal|p2a: Jan|92/100|[from] item: Leftovers
|upkeep
|turn|15
|
|t:|1729651296
|switch|p2a: Stan|Skarmory, M|46/100
|move|p1a: Metagross|Explosion|p2a: Stan
|-resisted|p2a: Stan
|-damage|p2a: Stan|0 fnt
|faint|p1a: Metagross
|faint|p2a: Stan
|
|t:|1729651315
|switch|p2a: Dan|Zapdos|61/100
|switch|p1a: Suicune|Suicune|51/100 tox
|-damage|p1a: Suicune|39/100 tox|[from] Spikes
|
|-weather|Sandstorm|[upkeep]
|-damage|p2a: Dan|54/100|[from] Sandstorm
|-damage|p1a: Suicune|33/100 tox|[from] Sandstorm
|-heal|p2a: Dan|61/100|[from] item: Leftovers
|-heal|p1a: Suicune|39/100 tox|[from] item: Leftovers
|-damage|p1a: Suicune|33/100 tox|[from] psn
|upkeep
|turn|16
|inactive|cisconduct has 240 seconds left.
|
|t:|1729651340
|switch|p1a: Kingdra|Kingdra, M, shiny|100/100
|-damage|p1a: Kingdra|88/100|[from] Spikes
|move|p2a: Dan|Thunderbolt|p1a: Kingdra
|-damage|p1a: Kingdra|43/100
|
|-weather|Sandstorm|[upkeep]
|-damage|p2a: Dan|54/100|[from] Sandstorm
|-damage|p1a: Kingdra|37/100|[from] Sandstorm
|-heal|p2a: Dan|61/100|[from] item: Leftovers
|upkeep
|turn|17
|inactive|cisconduct has 240 seconds left.
|
|t:|1729651355
|move|p2a: Dan|Thunderbolt|p1a: Kingdra
|-crit|p1a: Kingdra
|-damage|p1a: Kingdra|0 fnt
|faint|p1a: Kingdra
|inactive|cisconduct has 240 seconds left.
|
|t:|1729651361
|switch|p1a: Zapdos|Zapdos|100/100
|
|-weather|Sandstorm|[upkeep]
|-damage|p1a: Zapdos|94/100|[from] Sandstorm
|-damage|p2a: Dan|54/100|[from] Sandstorm
|-heal|p1a: Zapdos|100/100|[from] item: Leftovers
|-heal|p2a: Dan|61/100|[from] item: Leftovers
|upkeep
|turn|18
|inactive|cisconduct has 240 seconds left.
|
|t:|1729651375
|switch|p2a: Jan|Blissey, F|92/100
|move|p1a: Zapdos|Thunderbolt|p2a: Jan
|-damage|p2a: Jan|73/100
|
|-weather|Sandstorm|[upkeep]
|-damage|p1a: Zapdos|94/100|[from] Sandstorm
|-damage|p2a: Jan|66/100|[from] Sandstorm
|-heal|p1a: Zapdos|100/100|[from] item: Leftovers
|-heal|p2a: Jan|73/100|[from] item: Leftovers
|upkeep
|turn|19
|inactive|cisconduct has 240 seconds left.
|
|t:|1729651389
|move|p1a: Zapdos|Baton Pass|p1a: Zapdos
|
|t:|1729651391
|switch|p1a: Heracross|Heracross, M, shiny|100/100|[from] Baton Pass
|-damage|p1a: Heracross|88/100|[from] Spikes
|move|p2a: Jan|Calm Mind|p2a: Jan
|-boost|p2a: Jan|spa|1
|-boost|p2a: Jan|spd|1
|
|-weather|Sandstorm|[upkeep]
|-damage|p1a: Heracross|82/100|[from] Sandstorm
|-damage|p2a: Jan|66/100|[from] Sandstorm
|-heal|p2a: Jan|73/100|[from] item: Leftovers
|upkeep
|turn|20
|
|t:|1729651405
|switch|p2a: Van|Flygon, F|100/100
|move|p1a: Heracross|Swords Dance|p1a: Heracross
|-boost|p1a: Heracross|atk|2
|
|-weather|Sandstorm|[upkeep]
|-damage|p1a: Heracross|76/100|[from] Sandstorm
|upkeep
|turn|21
|inactive|Garpachi has 270 seconds left.
|
|t:|1729651436
|move|p2a: Van|Protect|p2a: Van
|-singleturn|p2a: Van|Protect
|move|p1a: Heracross|Megahorn|p2a: Van
|-activate|p2a: Van|Protect
|
|-weather|Sandstorm|[upkeep]
|-damage|p1a: Heracross|70/100|[from] Sandstorm
|upkeep
|turn|22
|inactive|Garpachi has 270 seconds left.
|inactive|Garpachi has 240 seconds left.
|
|t:|1729651478
|switch|p2a: Dan|Zapdos|61/100
|move|p1a: Heracross|Megahorn|p2a: Dan
|-resisted|p2a: Dan
|-damage|p2a: Dan|0 fnt
|faint|p2a: Dan
|inactive|Garpachi has 240 seconds left.
|
|t:|1729651484
|switch|p2a: Van|Flygon, F|100/100
|
|-weather|Sandstorm|[upkeep]
|-damage|p1a: Heracross|64/100|[from] Sandstorm
|upkeep
|turn|23
|
|t:|1729651489
|move|p1a: Heracross|Megahorn|p2a: Van
|-damage|p2a: Van|0 fnt
|faint|p2a: Van
|
|t:|1729651497
|switch|p2a: Can|Swampert, M|100/100
|
|-weather|Sandstorm|[upkeep]
|-damage|p1a: Heracross|58/100|[from] Sandstorm
|upkeep
|turn|24
|
|t:|1729651502
|move|p2a: Can|Protect|p2a: Can
|-singleturn|p2a: Can|Protect
|move|p1a: Heracross|Megahorn|p2a: Can
|-activate|p2a: Can|Protect
|
|-weather|Sandstorm|[upkeep]
|-damage|p1a: Heracross|52/100|[from] Sandstorm
|upkeep
|turn|25
|
|t:|1729651512
|move|p2a: Can|Protect||[still]
|-fail|p2a: Can
|move|p1a: Heracross|Megahorn|p2a: Can
|-damage|p2a: Can|13/100
|
|-weather|Sandstorm|[upkeep]
|-damage|p1a: Heracross|47/100|[from] Sandstorm
|-heal|p2a: Can|19/100|[from] item: Leftovers
|upkeep
|turn|26
|
|t:|1729651525
|move|p2a: Can|Protect|p2a: Can
|-singleturn|p2a: Can|Protect
|move|p1a: Heracross|Megahorn|p2a: Can
|-activate|p2a: Can|Protect
|
|-weather|Sandstorm|[upkeep]
|-damage|p1a: Heracross|41/100|[from] Sandstorm
|-heal|p2a: Can|25/100|[from] item: Leftovers
|upkeep
|turn|27
|
|t:|1729651534
|move|p1a: Heracross|Megahorn|p2a: Can
|-damage|p2a: Can|0 fnt
|faint|p2a: Can
|
|t:|1729651541
|switch|p2a: Ran|Tyranitar, F|100/100
|
|-weather|Sandstorm|[upkeep]
|-damage|p1a: Heracross|35/100|[from] Sandstorm
|upkeep
|turn|28
|inactive|cisconduct has 270 seconds left.
|
|t:|1729651586
|move|p1a: Heracross|Megahorn|p2a: Ran
|-supereffective|p2a: Ran
|-damage|p2a: Ran|0 fnt
|faint|p2a: Ran
|
|t:|1729651590
|switch|p2a: Jan|Blissey, F|73/100
|
|-weather|Sandstorm|[upkeep]
|-damage|p1a: Heracross|29/100|[from] Sandstorm
|-damage|p2a: Jan|66/100|[from] Sandstorm
|-heal|p2a: Jan|73/100|[from] item: Leftovers
|upkeep
|turn|29
|inactive|Garpachi has 270 seconds left.
|
|t:|1729651595
|move|p1a: Heracross|Reversal|p2a: Jan
|-supereffective|p2a: Jan
|-damage|p2a: Jan|0 fnt
|faint|p2a: Jan
|
|win|cisconduct
|c|☆cisconduct|ggs
|c|☆Garpachi|gg

</script>
<script type="application/json" class="data" id="replaydata-smogtours-gen3ou-801341">
{"id":"smogtours-gen3ou-801341","format":"[Gen 3] OU","players":["cisconduct","Garpachi"],"uploadtime":1729651595,"views":87,"formatid":"gen3ou","rating":null,"private":0,"password":null}
</script>

<script defer src="js/replays.js?9d40a366"></script>
