<!DOCTYPE html>
<meta charset="utf-8" />
<meta name="viewport" content="width=device-width" />

<title>[Gen 3] OU: I&#039;m the Dome Ace vs. GreenCity - Replays - Pok&eacute;mon Showdown!</title>

<meta name="description" content="Watch a replay of a Pok&eacute;mon battle between I&#039;m the Dome Ace and GreenCity! Format: [Gen 3] OU; Date: Oct 20, 2024" />
<!--

Hey, you! Looking in the source for the replay log?

You can find them in JSON format, just add `.json` at the end of a replay URL.

https://replay.pokemonshowdown.com/gen7randomdoublesbattle-865046831.json

Or, if you only need the log itself, add `.log` instead:

https://replay.pokemonshowdown.com/gen7randomdoublesbattle-865046831.log

-->

<link rel="stylesheet" href="//pokemonshowdown.com/style/global.css?0.023195364461161105" />
<link rel="stylesheet" href="//play.pokemonshowdown.com/style/font-awesome.css?0.13261647063804238" />
<link rel="stylesheet" href="//play.pokemonshowdown.com/style/battle.css?0.8753245789963631" />
<link rel="stylesheet" href="//play.pokemonshowdown.com/style/utilichart.css?0.8627959624976733" />

<!-- Global site tag (gtag.js) - Google Analytics -->
<script async src="https://www.googletagmanager.com/gtag/js?id=UA-26211653-1"></script>
<script>
  window.dataLayer = window.dataLayer || [];
  function gtag(){dataLayer.push(arguments);}
  gtag('js', new Date());

  gtag('config', 'UA-26211653-1');
</script>
<!-- End Google Analytics -->
<!-- Venatus Ad Manager - Install in <HEAD> of page -->
	<script src="https://hb.vntsm.com/v3/live/ad-manager.min.js" type="text/javascript" data-site-id="642aba63ec9a7b11c3c9c1be" data-mode="scan" async></script>
<!-- / Venatus Ad Manager -->

<style>
	@media (max-width:820px) {
		.battle {
			margin: 0 auto;
		}
		.battle-log {
			margin: 7px auto 0;
			max-width: 640px;
			height: 300px;
			position: static;
		}
	}
	.optgroup {
		display: inline-block;
		line-height: 22px;
		font-size: 10pt;
	}
	.optgroup .button {
		height: 25px;
		padding-top: 0;
		padding-bottom: 0;
	}
	.optgroup button.button {
		padding-left: 12px;
		padding-right: 12px;
	}
	.linklist {
		list-style: none;
		margin: 0.5em 0;
		padding: 0;
	}
	.linklist li {
		padding: 2px 0;
	}
	.sidebar {
		float: left;
		width: 320px;
	}
	.bar-wrapper {
		max-width: 1100px;
		margin: 0 auto;
	}
	.bar-wrapper.has-sidebar {
		max-width: 1430px;
	}
	.mainbar {
		margin: 0;
		padding-right: 1px;
	}
	.mainbar.has-sidebar {
		margin-left: 330px;
	}
	@media (min-width: 1511px) {
		.sidebar {
			width: 400px;
		}
		.bar-wrapper.has-sidebar {
			max-width: 1510px;
		}
		.mainbar.has-sidebar {
			margin-left: 410px;
		}
	}
	.section.first-section {
		margin-top: 9px;
	}
	.blocklink small {
		white-space: normal;
	}
	.button {
		vertical-align: middle;
	}
	.replay-controls {
		padding-top: 10px;
	}
	.replay-controls h1 {
		font-size: 16pt;
		font-weight: normal;
		color: #CCC;
	}
	.pagelink {
		text-align: center;
	}
	.pagelink a {
		width: 150px;
	}
	.textbox, .button {
		font-size: 11pt;
		vertical-align: middle;
	}
	@media (max-width: 450px) {
		.button {
			font-size: 9pt;
		}
	}
</style>

<div>

	<header>
		<div class="nav-wrapper"><ul class="nav">
			<li><a class="button nav-first" href="//pokemonshowdown.com/"><img src="//pokemonshowdown.com/images/pokemonshowdownbeta.png" srcset="//pokemonshowdown.com/images/pokemonshowdownbeta.png 1x, //pokemonshowdown.com/images/pokemonshowdownbeta@2x.png 2x" alt="Pok&eacute;mon Showdown" width="146" height="44" /> Home</a></li>
			<li><a class="button" href="//pokemonshowdown.com/dex/">Pok&eacute;dex</a></li>
			<li><a class="button cur" href="/">Replays</a></li>
			<li><a class="button" href="//pokemonshowdown.com/ladder/">Ladder</a></li>
			<li><a class="button nav-last" href="//pokemonshowdown.com/forums/">Forum</a></li>
			<li><a class="button greenbutton nav-first nav-last" href="//play.pokemonshowdown.com/">Play</a></li>
		</ul></div>
	</header>

	<div class="main" id="main">

		<noscript><section class="section">You need to enable JavaScript to use this page; sorry!</section></noscript>

	</div>

</div>

<script defer nomodule src="//play.pokemonshowdown.com/js/lib/ps-polyfill.js"></script>
<script defer src="//play.pokemonshowdown.com/js/lib/preact.min.js"></script>

<script defer src="//play.pokemonshowdown.com/config/config.js?2bddbc15"></script>
<script defer src="//play.pokemonshowdown.com/js/lib/jquery-1.11.0.min.js"></script>
<script defer src="//play.pokemonshowdown.com/js/lib/html-sanitizer-minified.js"></script>
<script defer src="//play.pokemonshowdown.com/js/battle-sound.js"></script>
<script defer src="//play.pokemonshowdown.com/js/battledata.js?0.7209276989879541"></script>
<script defer src="//play.pokemonshowdown.com/data/pokedex-mini.js?0.6111056340867951"></script>
<script defer src="//play.pokemonshowdown.com/data/pokedex-mini-bw.js?0.3532142036491459"></script>
<script defer src="//play.pokemonshowdown.com/data/graphics.js?0.24223875632456182"></script>
<script defer src="//play.pokemonshowdown.com/data/pokedex.js?0.38839984266356864"></script>
<script defer src="//play.pokemonshowdown.com/data/moves.js?0.21866028504024015"></script>
<script defer src="//play.pokemonshowdown.com/data/abilities.js?0.2005157953846628"></script>
<script defer src="//play.pokemonshowdown.com/data/items.js?0.9894211263848525"></script>
<script defer src="//play.pokemonshowdown.com/data/teambuilder-tables.js?0.6008791140282215"></script>
<script defer src="//play.pokemonshowdown.com/js/battle-tooltips.js?0.7580118955022959"></script>
<script defer src="//play.pokemonshowdown.com/js/battle.js?0.6057722274234274"></script>

<script defer src="js/utils.js?e31f9a17"></script>
<script defer src="js/replays-battle.js?7008c182"></script>

<!-- don't scrape this data! just add .json or .log after the URL!
Full API docs: https://github.com/smogon/pokemon-showdown-client/blob/master/WEB-API.md -->
<script type="text/plain" class="log" id="replaylog-smogtours-gen3ou-800224">
|inactive|Battle timer is ON: inactive players will automatically lose when time's up.
|t:|1729387181
|gametype|singles
|player|p1|I'm the Dome Ace|265|
|player|p2|GreenCity|pokemonranger-gen4|
|teamsize|p1|6
|teamsize|p2|6
|gen|3
|tier|[Gen 3] OU
|rule|Sleep Clause Mod: Limit one foe put to sleep
|rule|Switch Priority Clause Mod: Faster Pokémon switch first
|rule|Species Clause: Limit one of each Pokémon
|rule|OHKO Clause: OHKO moves are banned
|rule|Evasion Items Clause: Evasion items are banned
|rule|Evasion Moves Clause: Evasion moves are banned
|rule|Endless Battle Clause: Forcing endless battles is banned
|rule|HP Percentage Mod: HP is shown in percentages
|rule|One Boost Passer Clause: Limit one Baton Passer that has a way to boost its stats
|rule|Freeze Clause Mod: Limit one foe frozen
|
|t:|1729387181
|start
|switch|p1a: Tyranitar|Tyranitar, M|100/100
|switch|p2a: Tyranitar|Tyranitar, F|100/100
|-weather|Sandstorm|[from] ability: Sand Stream|[of] p1a: Tyranitar
|turn|1
|inactive|GreenCity also wants the timer to be on.
|c|☆I'm the Dome Ace|glhf
|c|☆GreenCity|glhf
|
|t:|1729387194
|switch|p1a: Skarmory|Skarmory, M|100/100
|switch|p2a: Milotic|Milotic, M|100/100
|
|-weather|Sandstorm|[upkeep]
|-damage|p2a: Milotic|94/100|[from] Sandstorm
|-heal|p2a: Milotic|100/100|[from] item: Leftovers
|upkeep
|turn|2
|
|t:|1729387197
|switch|p2a: Forretress|Forretress, M|100/100
|move|p1a: Skarmory|Spikes|p2a: Forretress
|-sidestart|p2: GreenCity|Spikes
|
|-weather|Sandstorm|[upkeep]
|upkeep
|turn|3
|
|t:|1729387203
|move|p1a: Skarmory|Drill Peck|p2a: Forretress
|-damage|p2a: Forretress|85/100
|move|p2a: Forretress|Spikes|p1a: Skarmory
|-sidestart|p1: I'm the Dome Ace|Spikes
|
|-weather|Sandstorm|[upkeep]
|-heal|p2a: Forretress|91/100|[from] item: Leftovers
|upkeep
|turn|4
|
|t:|1729387206
|move|p1a: Skarmory|Drill Peck|p2a: Forretress
|-damage|p2a: Forretress|75/100
|move|p2a: Forretress|Rapid Spin|p1a: Skarmory
|-resisted|p1a: Skarmory
|-damage|p1a: Skarmory|99/100
|-sideend|p2: GreenCity|Spikes|[from] move: Rapid Spin|[of] p2a: Forretress
|
|-weather|Sandstorm|[upkeep]
|-heal|p1a: Skarmory|100/100|[from] item: Leftovers
|-heal|p2a: Forretress|81/100|[from] item: Leftovers
|upkeep
|turn|5
|
|t:|1729387209
|move|p1a: Skarmory|Drill Peck|p2a: Forretress
|-damage|p2a: Forretress|65/100
|move|p2a: Forretress|Hidden Power|p1a: Skarmory
|-supereffective|p1a: Skarmory
|-damage|p1a: Skarmory|81/100
|
|-weather|Sandstorm|[upkeep]
|-heal|p1a: Skarmory|87/100|[from] item: Leftovers
|-heal|p2a: Forretress|71/100|[from] item: Leftovers
|upkeep
|turn|6
|
|t:|1729387216
|move|p1a: Skarmory|Spikes|p2a: Forretress
|-sidestart|p2: GreenCity|Spikes
|move|p2a: Forretress|Spikes|p1a: Skarmory
|-sidestart|p1: I'm the Dome Ace|Spikes
|
|-weather|Sandstorm|[upkeep]
|-heal|p1a: Skarmory|93/100|[from] item: Leftovers
|-heal|p2a: Forretress|78/100|[from] item: Leftovers
|upkeep
|turn|7
|
|t:|1729387218
|move|p1a: Skarmory|Drill Peck|p2a: Forretress
|-damage|p2a: Forretress|60/100
|move|p2a: Forretress|Rapid Spin|p1a: Skarmory
|-resisted|p1a: Skarmory
|-damage|p1a: Skarmory|92/100
|-sideend|p2: GreenCity|Spikes|[from] move: Rapid Spin|[of] p2a: Forretress
|
|-weather|Sandstorm|[upkeep]
|-heal|p1a: Skarmory|98/100|[from] item: Leftovers
|-heal|p2a: Forretress|66/100|[from] item: Leftovers
|upkeep
|turn|8
|
|t:|1729387221
|move|p1a: Skarmory|Drill Peck|p2a: Forretress
|-damage|p2a: Forretress|50/100
|move|p2a: Forretress|Spikes|p1a: Skarmory
|-sidestart|p1: I'm the Dome Ace|Spikes
|
|-weather|Sandstorm|[upkeep]
|-heal|p1a: Skarmory|100/100|[from] item: Leftovers
|-heal|p2a: Forretress|56/100|[from] item: Leftovers
|upkeep
|turn|9
|
|t:|1729387231
|move|p1a: Skarmory|Spikes|p2a: Forretress
|-sidestart|p2: GreenCity|Spikes
|move|p2a: Forretress|Rapid Spin|p1a: Skarmory
|-resisted|p1a: Skarmory
|-damage|p1a: Skarmory|99/100
|-sideend|p2: GreenCity|Spikes|[from] move: Rapid Spin|[of] p2a: Forretress
|
|-weather|Sandstorm|[upkeep]
|-heal|p1a: Skarmory|100/100|[from] item: Leftovers
|-heal|p2a: Forretress|62/100|[from] item: Leftovers
|upkeep
|turn|10
|
|t:|1729387245
|move|p1a: Skarmory|Spikes|p2a: Forretress
|-sidestart|p2: GreenCity|Spikes
|move|p2a: Forretress|Hidden Power|p1a: Skarmory
|-supereffective|p1a: Skarmory
|-damage|p1a: Skarmory|81/100
|
|-weather|Sandstorm|[upkeep]
|-heal|p1a: Skarmory|87/100|[from] item: Leftovers
|-heal|p2a: Forretress|68/100|[from] item: Leftovers
|upkeep
|turn|11
|
|t:|1729387247
|move|p1a: Skarmory|Drill Peck|p2a: Forretress
|-damage|p2a: Forretress|50/100
|move|p2a: Forretress|Rapid Spin|p1a: Skarmory
|-resisted|p1a: Skarmory
|-damage|p1a: Skarmory|85/100
|-sideend|p2: GreenCity|Spikes|[from] move: Rapid Spin|[of] p2a: Forretress
|
|-weather|Sandstorm|[upkeep]
|-heal|p1a: Skarmory|91/100|[from] item: Leftovers
|-heal|p2a: Forretress|57/100|[from] item: Leftovers
|upkeep
|turn|12
|
|t:|1729387249
|move|p1a: Skarmory|Drill Peck|p2a: Forretress
|-damage|p2a: Forretress|39/100
|move|p2a: Forretress|Hidden Power|p1a: Skarmory
|-supereffective|p1a: Skarmory
|-damage|p1a: Skarmory|69/100
|
|-weather|Sandstorm|[upkeep]
|-heal|p1a: Skarmory|75/100|[from] item: Leftovers
|-heal|p2a: Forretress|45/100|[from] item: Leftovers
|upkeep
|turn|13
|
|t:|1729387253
|switch|p2a: Blissey|Blissey, F|100/100
|move|p1a: Skarmory|Spikes|p2a: Blissey
|-sidestart|p2: GreenCity|Spikes
|
|-weather|Sandstorm|[upkeep]
|-damage|p2a: Blissey|94/100|[from] Sandstorm
|-heal|p1a: Skarmory|81/100|[from] item: Leftovers
|-heal|p2a: Blissey|100/100|[from] item: Leftovers
|upkeep
|turn|14
|
|t:|1729387260
|move|p1a: Skarmory|Spikes|p2a: Blissey
|-sidestart|p2: GreenCity|Spikes
|move|p2a: Blissey|Thunder Wave|p1a: Skarmory
|-status|p1a: Skarmory|par
|
|-weather|Sandstorm|[upkeep]
|-damage|p2a: Blissey|94/100|[from] Sandstorm
|-heal|p2a: Blissey|100/100|[from] item: Leftovers
|-heal|p1a: Skarmory|87/100 par|[from] item: Leftovers
|upkeep
|turn|15
|
|t:|1729387271
|move|p2a: Blissey|Seismic Toss|p1a: Skarmory
|-damage|p1a: Skarmory|57/100 par
|move|p1a: Skarmory|Spikes|p2a: Blissey
|-sidestart|p2: GreenCity|Spikes
|
|-weather|Sandstorm|[upkeep]
|-damage|p2a: Blissey|94/100|[from] Sandstorm
|-heal|p2a: Blissey|100/100|[from] item: Leftovers
|-heal|p1a: Skarmory|63/100 par|[from] item: Leftovers
|upkeep
|turn|16
|
|t:|1729387288
|switch|p1a: Tyranitar|Tyranitar, M|100/100
|-damage|p1a: Tyranitar|76/100|[from] Spikes
|move|p2a: Blissey|Seismic Toss|p1a: Tyranitar
|-damage|p1a: Tyranitar|50/100
|
|-weather|Sandstorm|[upkeep]
|-damage|p2a: Blissey|94/100|[from] Sandstorm
|-heal|p1a: Tyranitar|56/100|[from] item: Leftovers
|-heal|p2a: Blissey|100/100|[from] item: Leftovers
|upkeep
|turn|17
|
|t:|1729387294
|switch|p2a: Milotic|Milotic, M|100/100
|-damage|p2a: Milotic|76/100|[from] Spikes
|move|p1a: Tyranitar|Rock Slide|p2a: Milotic
|-damage|p2a: Milotic|46/100
|
|-weather|Sandstorm|[upkeep]
|-damage|p2a: Milotic|40/100|[from] Sandstorm
|-heal|p2a: Milotic|46/100|[from] item: Leftovers
|-heal|p1a: Tyranitar|62/100|[from] item: Leftovers
|upkeep
|turn|18
|
|t:|1729387298
|switch|p1a: Celebi|Celebi|100/100
|-damage|p1a: Celebi|75/100|[from] Spikes
|move|p2a: Milotic|Recover|p2a: Milotic
|-heal|p2a: Milotic|96/100
|
|-weather|Sandstorm|[upkeep]
|-damage|p1a: Celebi|69/100|[from] Sandstorm
|-damage|p2a: Milotic|90/100|[from] Sandstorm
|-heal|p1a: Celebi|75/100|[from] item: Leftovers
|-heal|p2a: Milotic|96/100|[from] item: Leftovers
|upkeep
|turn|19
|
|t:|1729387305
|move|p1a: Celebi|Leech Seed|p2a: Milotic
|-start|p2a: Milotic|move: Leech Seed
|move|p2a: Milotic|Toxic|p1a: Celebi
|-status|p1a: Celebi|tox
|
|-weather|Sandstorm|[upkeep]
|-damage|p1a: Celebi|69/100 tox|[from] Sandstorm
|-damage|p2a: Milotic|90/100|[from] Sandstorm
|-heal|p1a: Celebi|75/100 tox|[from] item: Leftovers
|-damage|p1a: Celebi|69/100 tox|[from] psn
|-heal|p2a: Milotic|96/100|[from] item: Leftovers
|-damage|p2a: Milotic|84/100|[from] Leech Seed|[of] p1a: Celebi
|-heal|p1a: Celebi|83/100 tox|[silent]
|upkeep
|turn|20
|
|t:|1729387313
|switch|p2a: Blissey|Blissey, F|100/100
|-damage|p2a: Blissey|76/100|[from] Spikes
|move|p1a: Celebi|Leech Seed|p2a: Blissey
|-start|p2a: Blissey|move: Leech Seed
|
|-weather|Sandstorm|[upkeep]
|-damage|p1a: Celebi|77/100 tox|[from] Sandstorm
|-damage|p2a: Blissey|69/100|[from] Sandstorm
|-heal|p1a: Celebi|83/100 tox|[from] item: Leftovers
|-damage|p1a: Celebi|71/100 tox|[from] psn
|-heal|p2a: Blissey|76/100|[from] item: Leftovers
|-damage|p2a: Blissey|63/100|[from] Leech Seed|[of] p1a: Celebi
|-heal|p1a: Celebi|93/100 tox|[silent]
|upkeep
|turn|21
|
|t:|1729387319
|move|p1a: Celebi|Giga Drain|p2a: Blissey
|-damage|p2a: Blissey|52/100
|-heal|p1a: Celebi|100/100 tox|[from] drain|[of] p2a: Blissey
|move|p2a: Blissey|Soft-Boiled|p2a: Blissey
|-heal|p2a: Blissey|100/100
|
|-weather|Sandstorm|[upkeep]
|-damage|p1a: Celebi|94/100 tox|[from] Sandstorm
|-damage|p2a: Blissey|94/100|[from] Sandstorm
|-heal|p1a: Celebi|100/100 tox|[from] item: Leftovers
|-damage|p1a: Celebi|82/100 tox|[from] psn
|-heal|p2a: Blissey|100/100|[from] item: Leftovers
|-damage|p2a: Blissey|88/100|[from] Leech Seed|[of] p1a: Celebi
|-heal|p1a: Celebi|100/100 tox|[silent]
|upkeep
|turn|22
|
|t:|1729387333
|switch|p2a: Flygon|Flygon, M|100/100
|move|p1a: Celebi|Giga Drain|p2a: Flygon
|-damage|p2a: Flygon|71/100
|
|-weather|Sandstorm|[upkeep]
|-damage|p1a: Celebi|94/100 tox|[from] Sandstorm
|-heal|p1a: Celebi|100/100 tox|[from] item: Leftovers
|-damage|p1a: Celebi|76/100 tox|[from] psn
|-heal|p2a: Flygon|77/100|[from] item: Leftovers
|upkeep
|turn|23
|
|t:|1729387342
|-curestatus|p1a: Celebi|tox|[from] ability: Natural Cure
|switch|p1a: Skarmory|Skarmory, M|63/100 par
|move|p2a: Flygon|Flamethrower|p1a: Skarmory
|-supereffective|p1a: Skarmory
|-crit|p1a: Skarmory
|-damage|p1a: Skarmory|0 fnt
|faint|p1a: Skarmory
|c|☆I'm the Dome Ace|ofc
|
|t:|1729387348
|switch|p1a: Swampert|Swampert, M|100/100
|-damage|p1a: Swampert|76/100|[from] Spikes
|
|-weather|Sandstorm|[upkeep]
|-heal|p2a: Flygon|83/100|[from] item: Leftovers
|-heal|p1a: Swampert|82/100|[from] item: Leftovers
|upkeep
|turn|24
|inactive|I'm the Dome Ace has 270 seconds left.
|
|t:|1729387398
|-singleturn|p1a: Swampert|move: Focus Punch
|move|p2a: Flygon|Substitute|p2a: Flygon
|-start|p2a: Flygon|Substitute
|-damage|p2a: Flygon|58/100
|move|p1a: Swampert|Focus Punch|p2a: Flygon
|-end|p2a: Flygon|Substitute
|
|-weather|Sandstorm|[upkeep]
|-heal|p2a: Flygon|64/100|[from] item: Leftovers
|-heal|p1a: Swampert|88/100|[from] item: Leftovers
|upkeep
|turn|25
|
|t:|1729387419
|move|p2a: Flygon|Substitute|p2a: Flygon
|-start|p2a: Flygon|Substitute
|-damage|p2a: Flygon|39/100
|move|p1a: Swampert|Ice Beam|p2a: Flygon
|-supereffective|p2a: Flygon
|-end|p2a: Flygon|Substitute
|
|-weather|Sandstorm|[upkeep]
|-heal|p2a: Flygon|45/100|[from] item: Leftovers
|-heal|p1a: Swampert|94/100|[from] item: Leftovers
|upkeep
|turn|26
|
|t:|1729387427
|switch|p2a: Milotic|Milotic, M|84/100
|-damage|p2a: Milotic|59/100|[from] Spikes
|move|p1a: Swampert|Ice Beam|p2a: Milotic
|-resisted|p2a: Milotic
|-damage|p2a: Milotic|49/100
|
|-weather|Sandstorm|[upkeep]
|-damage|p2a: Milotic|43/100|[from] Sandstorm
|-heal|p1a: Swampert|99/100|[from] item: Leftovers
|-heal|p2a: Milotic|49/100|[from] item: Leftovers
|upkeep
|turn|27
|
|t:|1729387430
|switch|p1a: Celebi|Celebi|76/100
|-damage|p1a: Celebi|51/100|[from] Spikes
|move|p2a: Milotic|Recover|p2a: Milotic
|-heal|p2a: Milotic|99/100
|
|-weather|Sandstorm|[upkeep]
|-damage|p1a: Celebi|45/100|[from] Sandstorm
|-damage|p2a: Milotic|93/100|[from] Sandstorm
|-heal|p1a: Celebi|51/100|[from] item: Leftovers
|-heal|p2a: Milotic|99/100|[from] item: Leftovers
|upkeep
|turn|28
|
|t:|1729387433
|move|p1a: Celebi|Giga Drain|p2a: Milotic
|-supereffective|p2a: Milotic
|-damage|p2a: Milotic|62/100
|-heal|p1a: Celebi|72/100|[from] drain|[of] p2a: Milotic
|move|p2a: Milotic|Toxic|p1a: Celebi
|-status|p1a: Celebi|tox
|
|-weather|Sandstorm|[upkeep]
|-damage|p1a: Celebi|66/100 tox|[from] Sandstorm
|-damage|p2a: Milotic|56/100|[from] Sandstorm
|-heal|p1a: Celebi|72/100 tox|[from] item: Leftovers
|-damage|p1a: Celebi|66/100 tox|[from] psn
|-heal|p2a: Milotic|62/100|[from] item: Leftovers
|upkeep
|turn|29
|
|t:|1729387435
|move|p1a: Celebi|Leech Seed|p2a: Milotic
|-start|p2a: Milotic|move: Leech Seed
|move|p2a: Milotic|Recover|p2a: Milotic
|-heal|p2a: Milotic|100/100
|
|-weather|Sandstorm|[upkeep]
|-damage|p1a: Celebi|60/100 tox|[from] Sandstorm
|-damage|p2a: Milotic|94/100|[from] Sandstorm
|-heal|p1a: Celebi|66/100 tox|[from] item: Leftovers
|-damage|p1a: Celebi|54/100 tox|[from] psn
|-heal|p2a: Milotic|100/100|[from] item: Leftovers
|-damage|p2a: Milotic|88/100|[from] Leech Seed|[of] p1a: Celebi
|-heal|p1a: Celebi|67/100 tox|[silent]
|upkeep
|turn|30
|
|t:|1729387451
|-curestatus|p1a: Celebi|tox|[from] ability: Natural Cure
|switch|p1a: Aerodactyl|Aerodactyl, F|100/100
|switch|p2a: Flygon|Flygon, M|45/100
|
|-weather|Sandstorm|[upkeep]
|-heal|p2a: Flygon|51/100|[from] item: Leftovers
|upkeep
|turn|31
|
|t:|1729387465
|switch|p2a: Forretress|Forretress, M|45/100
|-damage|p2a: Forretress|20/100|[from] Spikes
|move|p1a: Aerodactyl|Double-Edge|p2a: Forretress
|-resisted|p2a: Forretress
|-damage|p2a: Forretress|2/100
|
|-weather|Sandstorm|[upkeep]
|-heal|p2a: Forretress|8/100|[from] item: Leftovers
|upkeep
|turn|32
|
|t:|1729387470
|move|p1a: Aerodactyl|Double-Edge|p2a: Forretress
|-resisted|p2a: Forretress
|-damage|p2a: Forretress|0 fnt
|faint|p2a: Forretress
|
|t:|1729387474
|switch|p2a: Tyranitar|Tyranitar, F|100/100
|-damage|p2a: Tyranitar|75/100|[from] Spikes
|
|-weather|Sandstorm|[upkeep]
|-heal|p2a: Tyranitar|82/100|[from] item: Leftovers
|upkeep
|turn|33
|
|t:|1729387494
|-activate|p1a: Aerodactyl|move: Pursuit
|move|p2a: Tyranitar|Pursuit|p1a: Aerodactyl|[from]Pursuit
|-damage|p1a: Aerodactyl|43/100
|switch|p1a: Swampert|Swampert, M|99/100
|-damage|p1a: Swampert|75/100|[from] Spikes
|
|-weather|Sandstorm|[upkeep]
|-heal|p1a: Swampert|81/100|[from] item: Leftovers
|-heal|p2a: Tyranitar|88/100|[from] item: Leftovers
|upkeep
|turn|34
|
|t:|1729387520
|switch|p1a: Celebi|Celebi|67/100
|-damage|p1a: Celebi|42/100|[from] Spikes
|switch|p2a: Milotic|Milotic, M|88/100
|-damage|p2a: Milotic|63/100|[from] Spikes
|
|-weather|Sandstorm|[upkeep]
|-damage|p1a: Celebi|36/100|[from] Sandstorm
|-damage|p2a: Milotic|57/100|[from] Sandstorm
|-heal|p1a: Celebi|42/100|[from] item: Leftovers
|-heal|p2a: Milotic|63/100|[from] item: Leftovers
|upkeep
|turn|35
|
|t:|1729387535
|move|p1a: Celebi|Leech Seed|p2a: Milotic
|-start|p2a: Milotic|move: Leech Seed
|move|p2a: Milotic|Recover|p2a: Milotic
|-heal|p2a: Milotic|100/100
|
|-weather|Sandstorm|[upkeep]
|-damage|p1a: Celebi|36/100|[from] Sandstorm
|-damage|p2a: Milotic|94/100|[from] Sandstorm
|-heal|p1a: Celebi|42/100|[from] item: Leftovers
|-heal|p2a: Milotic|100/100|[from] item: Leftovers
|-damage|p2a: Milotic|88/100|[from] Leech Seed|[of] p1a: Celebi
|-heal|p1a: Celebi|55/100|[silent]
|upkeep
|turn|36
|
|t:|1729387543
|switch|p2a: Blissey|Blissey, F|88/100
|-damage|p2a: Blissey|63/100|[from] Spikes
|move|p1a: Celebi|Leech Seed|p2a: Blissey
|-start|p2a: Blissey|move: Leech Seed
|
|-weather|Sandstorm|[upkeep]
|-damage|p1a: Celebi|49/100|[from] Sandstorm
|-damage|p2a: Blissey|57/100|[from] Sandstorm
|-heal|p1a: Celebi|55/100|[from] item: Leftovers
|-heal|p2a: Blissey|63/100|[from] item: Leftovers
|-damage|p2a: Blissey|51/100|[from] Leech Seed|[of] p1a: Celebi
|-heal|p1a: Celebi|78/100|[silent]
|upkeep
|turn|37
|
|t:|1729387566
|move|p1a: Celebi|Giga Drain|p2a: Blissey
|-damage|p2a: Blissey|40/100
|-heal|p1a: Celebi|87/100|[from] drain|[of] p2a: Blissey
|move|p2a: Blissey|Soft-Boiled|p2a: Blissey
|-heal|p2a: Blissey|90/100
|
|-weather|Sandstorm|[upkeep]
|-damage|p1a: Celebi|81/100|[from] Sandstorm
|-damage|p2a: Blissey|84/100|[from] Sandstorm
|-heal|p1a: Celebi|87/100|[from] item: Leftovers
|-heal|p2a: Blissey|90/100|[from] item: Leftovers
|-damage|p2a: Blissey|77/100|[from] Leech Seed|[of] p1a: Celebi
|-heal|p1a: Celebi|100/100|[silent]
|upkeep
|turn|38
|
|t:|1729387574
|move|p1a: Celebi|Psychic|p2a: Blissey
|-crit|p2a: Blissey
|-damage|p2a: Blissey|47/100
|move|p2a: Blissey|Thunder Wave|p1a: Celebi
|-status|p1a: Celebi|par
|
|-weather|Sandstorm|[upkeep]
|-damage|p2a: Blissey|41/100|[from] Sandstorm
|-damage|p1a: Celebi|94/100 par|[from] Sandstorm
|-heal|p2a: Blissey|47/100|[from] item: Leftovers
|-damage|p2a: Blissey|34/100|[from] Leech Seed|[of] p1a: Celebi
|-heal|p1a: Celebi|100/100 par|[silent]
|upkeep
|turn|39
|
|t:|1729387581
|-curestatus|p1a: Celebi|par|[from] ability: Natural Cure
|switch|p1a: Tyranitar|Tyranitar, M|62/100
|-damage|p1a: Tyranitar|37/100|[from] Spikes
|move|p2a: Blissey|Soft-Boiled|p2a: Blissey
|-heal|p2a: Blissey|84/100
|
|-weather|Sandstorm|[upkeep]
|-damage|p2a: Blissey|78/100|[from] Sandstorm
|-heal|p1a: Tyranitar|44/100|[from] item: Leftovers
|-heal|p2a: Blissey|84/100|[from] item: Leftovers
|-damage|p2a: Blissey|72/100|[from] Leech Seed|[of] p1a: Tyranitar
|-heal|p1a: Tyranitar|65/100|[silent]
|upkeep
|turn|40
|inactive|GreenCity has 270 seconds left.
|inactive|GreenCity has 240 seconds left.
|
|t:|1729387662
|-singleturn|p1a: Tyranitar|move: Focus Punch
|move|p2a: Blissey|Seismic Toss|p1a: Tyranitar
|-damage|p1a: Tyranitar|39/100
|move|p1a: Tyranitar|Focus Punch||[still]
|cant|p1a: Tyranitar|Focus Punch|Focus Punch
|
|-weather|Sandstorm|[upkeep]
|-damage|p2a: Blissey|66/100|[from] Sandstorm
|-heal|p1a: Tyranitar|45/100|[from] item: Leftovers
|-heal|p2a: Blissey|72/100|[from] item: Leftovers
|-damage|p2a: Blissey|59/100|[from] Leech Seed|[of] p1a: Tyranitar
|-heal|p1a: Tyranitar|66/100|[silent]
|upkeep
|turn|41
|
|t:|1729387666
|-singleturn|p1a: Tyranitar|move: Focus Punch
|move|p2a: Blissey|Seismic Toss|p1a: Tyranitar
|-damage|p1a: Tyranitar|40/100
|move|p1a: Tyranitar|Focus Punch||[still]
|cant|p1a: Tyranitar|Focus Punch|Focus Punch
|
|-weather|Sandstorm|[upkeep]
|-damage|p2a: Blissey|53/100|[from] Sandstorm
|-heal|p1a: Tyranitar|46/100|[from] item: Leftovers
|-heal|p2a: Blissey|59/100|[from] item: Leftovers
|-damage|p2a: Blissey|47/100|[from] Leech Seed|[of] p1a: Tyranitar
|-heal|p1a: Tyranitar|67/100|[silent]
|upkeep
|turn|42
|
|t:|1729387678
|-singleturn|p1a: Tyranitar|move: Focus Punch
|move|p2a: Blissey|Seismic Toss|p1a: Tyranitar
|-damage|p1a: Tyranitar|41/100
|move|p1a: Tyranitar|Focus Punch||[still]
|cant|p1a: Tyranitar|Focus Punch|Focus Punch
|
|-weather|Sandstorm|[upkeep]
|-damage|p2a: Blissey|41/100|[from] Sandstorm
|-heal|p1a: Tyranitar|48/100|[from] item: Leftovers
|-heal|p2a: Blissey|47/100|[from] item: Leftovers
|-damage|p2a: Blissey|34/100|[from] Leech Seed|[of] p1a: Tyranitar
|-heal|p1a: Tyranitar|68/100|[silent]
|upkeep
|turn|43
|
|t:|1729387691
|-singleturn|p1a: Tyranitar|move: Focus Punch
|move|p2a: Blissey|Seismic Toss|p1a: Tyranitar
|-damage|p1a: Tyranitar|43/100
|move|p1a: Tyranitar|Focus Punch||[still]
|cant|p1a: Tyranitar|Focus Punch|Focus Punch
|
|-weather|Sandstorm|[upkeep]
|-damage|p2a: Blissey|28/100|[from] Sandstorm
|-heal|p1a: Tyranitar|49/100|[from] item: Leftovers
|-heal|p2a: Blissey|34/100|[from] item: Leftovers
|-damage|p2a: Blissey|22/100|[from] Leech Seed|[of] p1a: Tyranitar
|-heal|p1a: Tyranitar|70/100|[silent]
|upkeep
|turn|44
|
|t:|1729387696
|-singleturn|p1a: Tyranitar|move: Focus Punch
|move|p2a: Blissey|Seismic Toss|p1a: Tyranitar
|-damage|p1a: Tyranitar|44/100
|move|p1a: Tyranitar|Focus Punch||[still]
|cant|p1a: Tyranitar|Focus Punch|Focus Punch
|
|-weather|Sandstorm|[upkeep]
|-damage|p2a: Blissey|16/100|[from] Sandstorm
|-heal|p1a: Tyranitar|50/100|[from] item: Leftovers
|-heal|p2a: Blissey|22/100|[from] item: Leftovers
|-damage|p2a: Blissey|10/100|[from] Leech Seed|[of] p1a: Tyranitar
|-heal|p1a: Tyranitar|71/100|[silent]
|upkeep
|turn|45
|
|t:|1729387698
|switch|p1a: Aerodactyl|Aerodactyl, F|43/100
|move|p2a: Blissey|Seismic Toss|p1a: Aerodactyl
|-damage|p1a: Aerodactyl|10/100
|
|-weather|Sandstorm|[upkeep]
|-damage|p2a: Blissey|3/100|[from] Sandstorm
|-heal|p2a: Blissey|10/100|[from] item: Leftovers
|-damage|p2a: Blissey|0 fnt|[from] Leech Seed|[of] p1a: Aerodactyl
|-heal|p1a: Aerodactyl|30/100|[silent]
|faint|p2a: Blissey
|upkeep
|inactive|GreenCity has 270 seconds left.
|
|t:|1729387728
|switch|p2a: Milotic|Milotic, M|88/100
|-damage|p2a: Milotic|63/100|[from] Spikes
|turn|46
|
|t:|1729387734
|move|p1a: Aerodactyl|Rock Slide|p2a: Milotic
|-crit|p2a: Milotic
|-damage|p2a: Milotic|0 fnt
|faint|p2a: Milotic
|
|t:|1729387739
|switch|p2a: Tyranitar|Tyranitar, F|88/100
|-damage|p2a: Tyranitar|63/100|[from] Spikes
|
|-weather|Sandstorm|[upkeep]
|-heal|p2a: Tyranitar|69/100|[from] item: Leftovers
|upkeep
|turn|47
|c|☆I'm the Dome Ace|mb
|
|t:|1729387744
|move|p1a: Aerodactyl|Rock Slide|p2a: Tyranitar
|-damage|p2a: Tyranitar|33/100
|cant|p2a: Tyranitar|flinch
|
|-weather|Sandstorm|[upkeep]
|-heal|p2a: Tyranitar|39/100|[from] item: Leftovers
|upkeep
|turn|48
|
|t:|1729387748
|move|p1a: Aerodactyl|Rock Slide|p2a: Tyranitar|[miss]
|-miss|p1a: Aerodactyl|p2a: Tyranitar
|move|p2a: Tyranitar|Crunch|p1a: Aerodactyl
|-damage|p1a: Aerodactyl|0 fnt
|faint|p1a: Aerodactyl
|inactive|I'm the Dome Ace has 270 seconds left.
|inactive|I'm the Dome Ace has 240 seconds left.
|
|t:|1729387808
|switch|p1a: Tyranitar|Tyranitar, M|71/100
|-damage|p1a: Tyranitar|46/100|[from] Spikes
|
|-weather|Sandstorm|[upkeep]
|-heal|p1a: Tyranitar|52/100|[from] item: Leftovers
|-heal|p2a: Tyranitar|45/100|[from] item: Leftovers
|upkeep
|turn|49
|
|t:|1729387815
|switch|p2a: Flygon|Flygon, M|51/100
|move|p1a: Tyranitar|Earthquake|p2a: Flygon
|-immune|p2a: Flygon
|
|-weather|Sandstorm|[upkeep]
|-heal|p2a: Flygon|57/100|[from] item: Leftovers
|-heal|p1a: Tyranitar|59/100|[from] item: Leftovers
|upkeep
|turn|50
|
|t:|1729387826
|move|p2a: Flygon|Earthquake|p1a: Tyranitar
|-supereffective|p1a: Tyranitar
|-damage|p1a: Tyranitar|6/100
|move|p1a: Tyranitar|Hidden Power|p2a: Flygon
|-damage|p2a: Flygon|36/100
|
|-weather|Sandstorm|[upkeep]
|-heal|p2a: Flygon|42/100|[from] item: Leftovers
|-heal|p1a: Tyranitar|13/100|[from] item: Leftovers
|upkeep
|turn|51
|
|t:|1729387830
|-singleturn|p1a: Tyranitar|move: Focus Punch
|move|p2a: Flygon|Earthquake|p1a: Tyranitar
|-supereffective|p1a: Tyranitar
|-damage|p1a: Tyranitar|0 fnt
|faint|p1a: Tyranitar
|
|t:|1729387832
|switch|p1a: Gengar|Gengar, F|100/100
|
|-weather|Sandstorm|[upkeep]
|-damage|p1a: Gengar|94/100|[from] Sandstorm
|-heal|p1a: Gengar|100/100|[from] item: Leftovers
|-heal|p2a: Flygon|48/100|[from] item: Leftovers
|upkeep
|turn|52
|
|t:|1729387851
|move|p1a: Gengar|Ice Punch|p2a: Flygon
|-supereffective|p2a: Flygon
|-damage|p2a: Flygon|0 fnt
|faint|p2a: Flygon
|
|t:|1729387853
|switch|p2a: Tyranitar|Tyranitar, F|45/100
|-damage|p2a: Tyranitar|20/100|[from] Spikes
|
|-weather|Sandstorm|[upkeep]
|-damage|p1a: Gengar|94/100|[from] Sandstorm
|-heal|p1a: Gengar|100/100|[from] item: Leftovers
|-heal|p2a: Tyranitar|26/100|[from] item: Leftovers
|upkeep
|turn|53
|
|t:|1729387856
|move|p1a: Gengar|Hidden Power|p2a: Tyranitar
|-supereffective|p2a: Tyranitar
|-damage|p2a: Tyranitar|0 fnt
|faint|p2a: Tyranitar
|-message|GreenCity forfeited.
|
|win|I'm the Dome Ace
|c|☆I'm the Dome Ace|gg
|c|☆GreenCity|gg
|c|☆I'm the Dome Ace|do i get to know last?
|player|p2|
|c|+Endill|no

</script>
<script type="application/json" class="data" id="replaydata-smogtours-gen3ou-800224">
{"id":"smogtours-gen3ou-800224","format":"[Gen 3] OU","players":["I'm the Dome Ace","GreenCity"],"uploadtime":1729387863,"views":134,"formatid":"gen3ou","rating":null,"private":0,"password":null}
</script>

<script defer src="js/replays.js?9d40a366"></script>
