<!DOCTYPE html>
<meta charset="utf-8" />
<meta name="viewport" content="width=device-width" />

<title>[Gen 3] OU: Blaniom vs. blyargh - Replays - Pok&eacute;mon Showdown!</title>

<meta name="description" content="Watch a replay of a Pok&eacute;mon battle between Blaniom and blyargh! Format: [Gen 3] OU; Date: Oct 29, 2024" />
<!--

Hey, you! Looking in the source for the replay log?

You can find them in JSON format, just add `.json` at the end of a replay URL.

https://replay.pokemonshowdown.com/gen7randomdoublesbattle-865046831.json

Or, if you only need the log itself, add `.log` instead:

https://replay.pokemonshowdown.com/gen7randomdoublesbattle-865046831.log

-->

<link rel="stylesheet" href="//pokemonshowdown.com/style/global.css?0.023195364461161105" />
<link rel="stylesheet" href="//play.pokemonshowdown.com/style/font-awesome.css?0.13261647063804238" />
<link rel="stylesheet" href="//play.pokemonshowdown.com/style/battle.css?0.8753245789963631" />
<link rel="stylesheet" href="//play.pokemonshowdown.com/style/utilichart.css?0.8627959624976733" />

<!-- Global site tag (gtag.js) - Google Analytics -->
<script async src="https://www.googletagmanager.com/gtag/js?id=UA-26211653-1"></script>
<script>
  window.dataLayer = window.dataLayer || [];
  function gtag(){dataLayer.push(arguments);}
  gtag('js', new Date());

  gtag('config', 'UA-26211653-1');
</script>
<!-- End Google Analytics -->
<!-- Venatus Ad Manager - Install in <HEAD> of page -->
	<script src="https://hb.vntsm.com/v3/live/ad-manager.min.js" type="text/javascript" data-site-id="642aba63ec9a7b11c3c9c1be" data-mode="scan" async></script>
<!-- / Venatus Ad Manager -->

<style>
	@media (max-width:820px) {
		.battle {
			margin: 0 auto;
		}
		.battle-log {
			margin: 7px auto 0;
			max-width: 640px;
			height: 300px;
			position: static;
		}
	}
	.optgroup {
		display: inline-block;
		line-height: 22px;
		font-size: 10pt;
	}
	.optgroup .button {
		height: 25px;
		padding-top: 0;
		padding-bottom: 0;
	}
	.optgroup button.button {
		padding-left: 12px;
		padding-right: 12px;
	}
	.linklist {
		list-style: none;
		margin: 0.5em 0;
		padding: 0;
	}
	.linklist li {
		padding: 2px 0;
	}
	.sidebar {
		float: left;
		width: 320px;
	}
	.bar-wrapper {
		max-width: 1100px;
		margin: 0 auto;
	}
	.bar-wrapper.has-sidebar {
		max-width: 1430px;
	}
	.mainbar {
		margin: 0;
		padding-right: 1px;
	}
	.mainbar.has-sidebar {
		margin-left: 330px;
	}
	@media (min-width: 1511px) {
		.sidebar {
			width: 400px;
		}
		.bar-wrapper.has-sidebar {
			max-width: 1510px;
		}
		.mainbar.has-sidebar {
			margin-left: 410px;
		}
	}
	.section.first-section {
		margin-top: 9px;
	}
	.blocklink small {
		white-space: normal;
	}
	.button {
		vertical-align: middle;
	}
	.replay-controls {
		padding-top: 10px;
	}
	.replay-controls h1 {
		font-size: 16pt;
		font-weight: normal;
		color: #CCC;
	}
	.pagelink {
		text-align: center;
	}
	.pagelink a {
		width: 150px;
	}
	.textbox, .button {
		font-size: 11pt;
		vertical-align: middle;
	}
	@media (max-width: 450px) {
		.button {
			font-size: 9pt;
		}
	}
</style>

<div>

	<header>
		<div class="nav-wrapper"><ul class="nav">
			<li><a class="button nav-first" href="//pokemonshowdown.com/"><img src="//pokemonshowdown.com/images/pokemonshowdownbeta.png" srcset="//pokemonshowdown.com/images/pokemonshowdownbeta.png 1x, //pokemonshowdown.com/images/pokemonshowdownbeta@2x.png 2x" alt="Pok&eacute;mon Showdown" width="146" height="44" /> Home</a></li>
			<li><a class="button" href="//pokemonshowdown.com/dex/">Pok&eacute;dex</a></li>
			<li><a class="button cur" href="/">Replays</a></li>
			<li><a class="button" href="//pokemonshowdown.com/ladder/">Ladder</a></li>
			<li><a class="button nav-last" href="//pokemonshowdown.com/forums/">Forum</a></li>
			<li><a class="button greenbutton nav-first nav-last" href="//play.pokemonshowdown.com/">Play</a></li>
		</ul></div>
	</header>

	<div class="main" id="main">

		<noscript><section class="section">You need to enable JavaScript to use this page; sorry!</section></noscript>

	</div>

</div>

<script defer nomodule src="//play.pokemonshowdown.com/js/lib/ps-polyfill.js"></script>
<script defer src="//play.pokemonshowdown.com/js/lib/preact.min.js"></script>

<script defer src="//play.pokemonshowdown.com/config/config.js?2bddbc15"></script>
<script defer src="//play.pokemonshowdown.com/js/lib/jquery-1.11.0.min.js"></script>
<script defer src="//play.pokemonshowdown.com/js/lib/html-sanitizer-minified.js"></script>
<script defer src="//play.pokemonshowdown.com/js/battle-sound.js"></script>
<script defer src="//play.pokemonshowdown.com/js/battledata.js?0.7209276989879541"></script>
<script defer src="//play.pokemonshowdown.com/data/pokedex-mini.js?0.6111056340867951"></script>
<script defer src="//play.pokemonshowdown.com/data/pokedex-mini-bw.js?0.3532142036491459"></script>
<script defer src="//play.pokemonshowdown.com/data/graphics.js?0.24223875632456182"></script>
<script defer src="//play.pokemonshowdown.com/data/pokedex.js?0.38839984266356864"></script>
<script defer src="//play.pokemonshowdown.com/data/moves.js?0.21866028504024015"></script>
<script defer src="//play.pokemonshowdown.com/data/abilities.js?0.2005157953846628"></script>
<script defer src="//play.pokemonshowdown.com/data/items.js?0.9894211263848525"></script>
<script defer src="//play.pokemonshowdown.com/data/teambuilder-tables.js?0.6008791140282215"></script>
<script defer src="//play.pokemonshowdown.com/js/battle-tooltips.js?0.7580118955022959"></script>
<script defer src="//play.pokemonshowdown.com/js/battle.js?0.6057722274234274"></script>

<script defer src="js/utils.js?e31f9a17"></script>
<script defer src="js/replays-battle.js?7008c182"></script>

<!-- don't scrape this data! just add .json or .log after the URL!
Full API docs: https://github.com/smogon/pokemon-showdown-client/blob/master/WEB-API.md -->
<script type="text/plain" class="log" id="replaylog-smogtours-gen3ou-803279">
|inactive|Battle timer is ON: inactive players will automatically lose when time's up.
|t:|1730231426
|gametype|singles
|player|p1|Blaniom|clerkf|
|player|p2|blyargh|#advpliv|
|teamsize|p1|6
|teamsize|p2|6
|gen|3
|tier|[Gen 3] OU
|rule|Sleep Clause Mod: Limit one foe put to sleep
|rule|Switch Priority Clause Mod: Faster Pokémon switch first
|rule|Species Clause: Limit one of each Pokémon
|rule|OHKO Clause: OHKO moves are banned
|rule|Evasion Items Clause: Evasion items are banned
|rule|Evasion Moves Clause: Evasion moves are banned
|rule|Endless Battle Clause: Forcing endless battles is banned
|rule|HP Percentage Mod: HP is shown in percentages
|rule|One Boost Passer Clause: Limit one Baton Passer that has a way to boost its stats
|rule|Freeze Clause Mod: Limit one foe frozen
|
|t:|1730231426
|start
|switch|p1a: Suicune|Suicune|100/100
|switch|p2a: Skarmory|Skarmory, F|100/100
|turn|1
|
|t:|1730231431
|move|p1a: Suicune|Calm Mind|p1a: Suicune
|-boost|p1a: Suicune|spa|1
|-boost|p1a: Suicune|spd|1
|move|p2a: Skarmory|Spikes|p1a: Suicune
|-sidestart|p1: Blaniom|Spikes
|
|upkeep
|turn|2
|
|t:|1730231433
|move|p1a: Suicune|Hydro Pump|p2a: Skarmory|[miss]
|-miss|p1a: Suicune|p2a: Skarmory
|move|p2a: Skarmory|Roar|p1a: Suicune
|drag|p1a: Blissey|Blissey, F|100/100
|-damage|p1a: Blissey|88/100|[from] Spikes
|
|-heal|p1a: Blissey|94/100|[from] item: Leftovers
|upkeep
|turn|3
|
|t:|1730231438
|move|p2a: Skarmory|Spikes|p1a: Blissey
|-sidestart|p1: Blaniom|Spikes
|move|p1a: Blissey|Thunder Wave|p2a: Skarmory
|-status|p2a: Skarmory|par
|
|-heal|p1a: Blissey|99/100|[from] item: Leftovers
|upkeep
|turn|4
|
|t:|1730231440
|switch|p1a: Starmie|Starmie|100/100
|-damage|p1a: Starmie|84/100|[from] Spikes
|cant|p2a: Skarmory|par
|
|-heal|p1a: Starmie|90/100|[from] item: Leftovers
|upkeep
|turn|5
|
|t:|1730231443
|switch|p2a: Zapdos|Zapdos|100/100
|move|p1a: Starmie|Rapid Spin|p2a: Zapdos
|-damage|p2a: Zapdos|97/100
|-sideend|p1: Blaniom|Spikes|[from] move: Rapid Spin|[of] p1a: Starmie
|
|-heal|p1a: Starmie|96/100|[from] item: Leftovers
|-heal|p2a: Zapdos|100/100|[from] item: Leftovers
|upkeep
|turn|6
|
|t:|1730231447
|switch|p1a: Blissey|Blissey, F|99/100
|switch|p2a: Skarmory|Skarmory, F|100/100 par
|
|-heal|p1a: Blissey|100/100|[from] item: Leftovers
|upkeep
|turn|7
|
|t:|1730231449
|switch|p1a: Magneton|Magneton|100/100
|move|p2a: Skarmory|Spikes|p1a: Magneton
|-sidestart|p1: Blaniom|Spikes
|
|upkeep
|turn|8
|
|t:|1730231452
|move|p1a: Magneton|Thunderbolt|p2a: Skarmory
|-supereffective|p2a: Skarmory
|-crit|p2a: Skarmory
|-damage|p2a: Skarmory|0 fnt
|faint|p2a: Skarmory
|
|t:|1730231454
|switch|p2a: Flygon|Flygon, M|100/100
|
|upkeep
|turn|9
|
|t:|1730231459
|switch|p1a: Swampert|Swampert, F|100/100
|-damage|p1a: Swampert|88/100|[from] Spikes
|move|p2a: Flygon|Earthquake|p1a: Swampert
|-damage|p1a: Swampert|60/100
|
|-heal|p1a: Swampert|66/100|[from] item: Leftovers
|upkeep
|turn|10
|
|t:|1730231465
|switch|p2a: Zapdos|Zapdos|100/100
|move|p1a: Swampert|Surf|p2a: Zapdos
|-damage|p2a: Zapdos|82/100
|
|-heal|p2a: Zapdos|88/100|[from] item: Leftovers
|-heal|p1a: Swampert|72/100|[from] item: Leftovers
|upkeep
|turn|11
|
|t:|1730231469
|switch|p2a: Tyranitar|Tyranitar, F|100/100
|-weather|Sandstorm|[from] ability: Sand Stream|[of] p2a: Tyranitar
|switch|p1a: Blissey|Blissey, F|100/100
|-damage|p1a: Blissey|88/100|[from] Spikes
|
|-weather|Sandstorm|[upkeep]
|-damage|p1a: Blissey|82/100|[from] Sandstorm
|-heal|p1a: Blissey|88/100|[from] item: Leftovers
|upkeep
|turn|12
|
|t:|1730231475
|move|p2a: Tyranitar|Hidden Power|p1a: Blissey
|-damage|p1a: Blissey|81/100
|move|p1a: Blissey|Thunder Wave|p2a: Tyranitar
|-status|p2a: Tyranitar|par
|
|-weather|Sandstorm|[upkeep]
|-damage|p1a: Blissey|74/100|[from] Sandstorm
|-heal|p1a: Blissey|81/100|[from] item: Leftovers
|upkeep
|turn|13
|
|t:|1730231481
|switch|p2a: Jirachi|Jirachi|100/100
|move|p1a: Blissey|Seismic Toss|p2a: Jirachi
|-damage|p2a: Jirachi|76/100
|
|-weather|Sandstorm|[upkeep]
|-damage|p1a: Blissey|74/100|[from] Sandstorm
|-heal|p2a: Jirachi|82/100|[from] item: Leftovers
|-heal|p1a: Blissey|81/100|[from] item: Leftovers
|upkeep
|turn|14
|
|t:|1730231489
|move|p2a: Jirachi|Protect|p2a: Jirachi
|-singleturn|p2a: Jirachi|Protect
|move|p1a: Blissey|Seismic Toss|p2a: Jirachi
|-activate|p2a: Jirachi|Protect
|
|-weather|Sandstorm|[upkeep]
|-damage|p1a: Blissey|74/100|[from] Sandstorm
|-heal|p2a: Jirachi|88/100|[from] item: Leftovers
|-heal|p1a: Blissey|81/100|[from] item: Leftovers
|upkeep
|turn|15
|
|t:|1730231494
|switch|p2a: Flygon|Flygon, M|100/100
|move|p1a: Blissey|Thunder Wave|p2a: Flygon
|-immune|p2a: Flygon
|
|-weather|Sandstorm|[upkeep]
|-damage|p1a: Blissey|74/100|[from] Sandstorm
|-heal|p1a: Blissey|81/100|[from] item: Leftovers
|upkeep
|turn|16
|
|t:|1730231499
|switch|p2a: Jirachi|Jirachi|88/100
|move|p1a: Blissey|Soft-Boiled|p1a: Blissey
|-heal|p1a: Blissey|100/100
|
|-weather|Sandstorm|[upkeep]
|-damage|p1a: Blissey|94/100|[from] Sandstorm
|-heal|p2a: Jirachi|94/100|[from] item: Leftovers
|-heal|p1a: Blissey|100/100|[from] item: Leftovers
|upkeep
|turn|17
|
|t:|1730231504
|switch|p2a: Flygon|Flygon, M|100/100
|move|p1a: Blissey|Thunder Wave|p2a: Flygon
|-immune|p2a: Flygon
|
|-weather|Sandstorm|[upkeep]
|-damage|p1a: Blissey|94/100|[from] Sandstorm
|-heal|p1a: Blissey|100/100|[from] item: Leftovers
|upkeep
|turn|18
|
|t:|1730231511
|move|p2a: Flygon|Toxic|p1a: Blissey
|-status|p1a: Blissey|tox
|move|p1a: Blissey|Soft-Boiled||[still]
|-fail|p1a: Blissey|heal
|
|-weather|Sandstorm|[upkeep]
|-damage|p1a: Blissey|94/100 tox|[from] Sandstorm
|-heal|p1a: Blissey|100/100 tox|[from] item: Leftovers
|-damage|p1a: Blissey|94/100 tox|[from] psn
|upkeep
|turn|19
|
|t:|1730231516
|-curestatus|p1a: Blissey|tox|[from] ability: Natural Cure
|switch|p1a: Gengar|Gengar, F|100/100
|move|p2a: Flygon|Earthquake|p1a: Gengar
|-immune|p1a: Gengar
|
|-weather|Sandstorm|[upkeep]
|-damage|p1a: Gengar|94/100|[from] Sandstorm
|-heal|p1a: Gengar|100/100|[from] item: Leftovers
|upkeep
|turn|20
|
|t:|1730231528
|switch|p1a: Blissey|Blissey, F|94/100
|-damage|p1a: Blissey|82/100|[from] Spikes
|switch|p2a: Tyranitar|Tyranitar, F|100/100 par
|
|-weather|Sandstorm|[upkeep]
|-damage|p1a: Blissey|76/100|[from] Sandstorm
|-heal|p1a: Blissey|82/100|[from] item: Leftovers
|upkeep
|turn|21
|
|t:|1730231531
|switch|p2a: Flygon|Flygon, M|100/100
|move|p1a: Blissey|Seismic Toss|p2a: Flygon
|-damage|p2a: Flygon|73/100
|
|-weather|Sandstorm|[upkeep]
|-damage|p1a: Blissey|76/100|[from] Sandstorm
|-heal|p2a: Flygon|79/100|[from] item: Leftovers
|-heal|p1a: Blissey|82/100|[from] item: Leftovers
|upkeep
|turn|22
|
|t:|1730231535
|switch|p1a: Gengar|Gengar, F|100/100
|move|p2a: Flygon|Rock Slide|p1a: Gengar
|-damage|p1a: Gengar|63/100
|
|-weather|Sandstorm|[upkeep]
|-damage|p1a: Gengar|57/100|[from] Sandstorm
|-heal|p1a: Gengar|63/100|[from] item: Leftovers
|-heal|p2a: Flygon|85/100|[from] item: Leftovers
|upkeep
|turn|23
|
|t:|1730231541
|switch|p1a: Blissey|Blissey, F|82/100
|-damage|p1a: Blissey|69/100|[from] Spikes
|move|p2a: Flygon|Protect||[still]
|-fail|p2a: Flygon
|
|-weather|Sandstorm|[upkeep]
|-damage|p1a: Blissey|63/100|[from] Sandstorm
|-heal|p2a: Flygon|91/100|[from] item: Leftovers
|-heal|p1a: Blissey|69/100|[from] item: Leftovers
|upkeep
|turn|24
|
|t:|1730231544
|move|p2a: Flygon|Earthquake|p1a: Blissey
|-damage|p1a: Blissey|38/100
|move|p1a: Blissey|Soft-Boiled|p1a: Blissey
|-heal|p1a: Blissey|88/100
|
|-weather|Sandstorm|[upkeep]
|-damage|p1a: Blissey|82/100|[from] Sandstorm
|-heal|p2a: Flygon|97/100|[from] item: Leftovers
|-heal|p1a: Blissey|88/100|[from] item: Leftovers
|upkeep
|turn|25
|
|t:|1730231548
|move|p2a: Flygon|Toxic|p1a: Blissey
|-status|p1a: Blissey|tox
|move|p1a: Blissey|Seismic Toss|p2a: Flygon
|-damage|p2a: Flygon|70/100
|
|-weather|Sandstorm|[upkeep]
|-damage|p1a: Blissey|82/100 tox|[from] Sandstorm
|-heal|p2a: Flygon|76/100|[from] item: Leftovers
|-heal|p1a: Blissey|88/100 tox|[from] item: Leftovers
|-damage|p1a: Blissey|82/100 tox|[from] psn
|upkeep
|turn|26
|
|t:|1730231552
|move|p2a: Flygon|Rock Slide|p1a: Blissey|[miss]
|-miss|p2a: Flygon|p1a: Blissey
|move|p1a: Blissey|Soft-Boiled|p1a: Blissey
|-heal|p1a: Blissey|100/100 tox
|
|-weather|Sandstorm|[upkeep]
|-damage|p1a: Blissey|94/100 tox|[from] Sandstorm
|-heal|p2a: Flygon|82/100|[from] item: Leftovers
|-heal|p1a: Blissey|100/100 tox|[from] item: Leftovers
|-damage|p1a: Blissey|88/100 tox|[from] psn
|upkeep
|turn|27
|
|t:|1730231558
|-curestatus|p1a: Blissey|tox|[from] ability: Natural Cure
|switch|p1a: Starmie|Starmie|96/100
|-damage|p1a: Starmie|84/100|[from] Spikes
|move|p2a: Flygon|Earthquake|p1a: Starmie
|-damage|p1a: Starmie|30/100
|
|-weather|Sandstorm|[upkeep]
|-damage|p1a: Starmie|23/100|[from] Sandstorm
|-heal|p1a: Starmie|30/100|[from] item: Leftovers
|-heal|p2a: Flygon|88/100|[from] item: Leftovers
|upkeep
|turn|28
|
|t:|1730231563
|switch|p2a: Tyranitar|Tyranitar, F|100/100 par
|move|p1a: Starmie|Recover|p1a: Starmie
|-heal|p1a: Starmie|79/100
|
|-weather|Sandstorm|[upkeep]
|-damage|p1a: Starmie|73/100|[from] Sandstorm
|-heal|p1a: Starmie|79/100|[from] item: Leftovers
|upkeep
|turn|29
|
|t:|1730231566
|move|p1a: Starmie|Hydro Pump|p2a: Tyranitar
|-supereffective|p2a: Tyranitar
|-damage|p2a: Tyranitar|7/100 par
|move|p2a: Tyranitar|Crunch|p1a: Starmie
|-supereffective|p1a: Starmie
|-damage|p1a: Starmie|0 fnt
|faint|p1a: Starmie
|
|t:|1730231594
|switch|p1a: Swampert|Swampert, F|72/100
|-damage|p1a: Swampert|60/100|[from] Spikes
|
|-weather|Sandstorm|[upkeep]
|-heal|p1a: Swampert|66/100|[from] item: Leftovers
|-heal|p2a: Tyranitar|13/100 par|[from] item: Leftovers
|upkeep
|turn|30
|
|t:|1730231601
|switch|p2a: Zapdos|Zapdos|88/100
|move|p1a: Swampert|Surf|p2a: Zapdos
|-damage|p2a: Zapdos|70/100
|
|-weather|Sandstorm|[upkeep]
|-damage|p2a: Zapdos|64/100|[from] Sandstorm
|-heal|p2a: Zapdos|70/100|[from] item: Leftovers
|-heal|p1a: Swampert|72/100|[from] item: Leftovers
|upkeep
|turn|31
|
|t:|1730231605
|switch|p1a: Blissey|Blissey, F|88/100
|-damage|p1a: Blissey|76/100|[from] Spikes
|move|p2a: Zapdos|Toxic|p1a: Blissey
|-status|p1a: Blissey|tox
|
|-weather|Sandstorm|[upkeep]
|-damage|p2a: Zapdos|64/100|[from] Sandstorm
|-damage|p1a: Blissey|70/100 tox|[from] Sandstorm
|-heal|p2a: Zapdos|70/100|[from] item: Leftovers
|-heal|p1a: Blissey|76/100 tox|[from] item: Leftovers
|-damage|p1a: Blissey|70/100 tox|[from] psn
|upkeep
|turn|32
|
|t:|1730231609
|switch|p2a: Flygon|Flygon, M|88/100
|move|p1a: Blissey|Seismic Toss|p2a: Flygon
|-damage|p2a: Flygon|60/100
|
|-weather|Sandstorm|[upkeep]
|-damage|p1a: Blissey|63/100 tox|[from] Sandstorm
|-heal|p2a: Flygon|66/100|[from] item: Leftovers
|-heal|p1a: Blissey|70/100 tox|[from] item: Leftovers
|-damage|p1a: Blissey|57/100 tox|[from] psn
|upkeep
|turn|33
|
|t:|1730231613
|move|p2a: Flygon|Rock Slide|p1a: Blissey|[miss]
|-miss|p2a: Flygon|p1a: Blissey
|move|p1a: Blissey|Soft-Boiled|p1a: Blissey
|-heal|p1a: Blissey|100/100 tox
|
|-weather|Sandstorm|[upkeep]
|-damage|p1a: Blissey|94/100 tox|[from] Sandstorm
|-heal|p2a: Flygon|72/100|[from] item: Leftovers
|-heal|p1a: Blissey|100/100 tox|[from] item: Leftovers
|-damage|p1a: Blissey|82/100 tox|[from] psn
|upkeep
|turn|34
|
|t:|1730231617
|-curestatus|p1a: Blissey|tox|[from] ability: Natural Cure
|switch|p1a: Swampert|Swampert, F|72/100
|-damage|p1a: Swampert|60/100|[from] Spikes
|move|p2a: Flygon|Rock Slide|p1a: Swampert|[miss]
|-miss|p2a: Flygon|p1a: Swampert
|
|-weather|Sandstorm|[upkeep]
|-heal|p2a: Flygon|79/100|[from] item: Leftovers
|-heal|p1a: Swampert|66/100|[from] item: Leftovers
|upkeep
|turn|35
|
|t:|1730231624
|switch|p1a: Gengar|Gengar, F|63/100
|move|p2a: Flygon|Protect||[still]
|-fail|p2a: Flygon
|
|-weather|Sandstorm|[upkeep]
|-damage|p1a: Gengar|57/100|[from] Sandstorm
|-heal|p1a: Gengar|63/100|[from] item: Leftovers
|-heal|p2a: Flygon|85/100|[from] item: Leftovers
|upkeep
|turn|36
|
|t:|1730231629
|move|p2a: Flygon|Protect|p2a: Flygon
|-singleturn|p2a: Flygon|Protect
|move|p1a: Gengar|Ice Punch|p2a: Flygon
|-activate|p2a: Flygon|Protect
|
|-weather|Sandstorm|[upkeep]
|-damage|p1a: Gengar|57/100|[from] Sandstorm
|-heal|p1a: Gengar|63/100|[from] item: Leftovers
|-heal|p2a: Flygon|91/100|[from] item: Leftovers
|upkeep
|turn|37
|
|t:|1730231634
|switch|p2a: Jirachi|Jirachi|94/100
|move|p1a: Gengar|Ice Punch|p2a: Jirachi
|-resisted|p2a: Jirachi
|-damage|p2a: Jirachi|86/100
|
|-weather|Sandstorm|[upkeep]
|-damage|p1a: Gengar|57/100|[from] Sandstorm
|-heal|p1a: Gengar|63/100|[from] item: Leftovers
|-heal|p2a: Jirachi|92/100|[from] item: Leftovers
|upkeep
|turn|38
|
|t:|1730231641
|switch|p2a: Tyranitar|Tyranitar, F|13/100 par
|move|p1a: Gengar|Will-O-Wisp||[still]
|-fail|p1a: Gengar
|
|-weather|Sandstorm|[upkeep]
|-damage|p1a: Gengar|57/100|[from] Sandstorm
|-heal|p1a: Gengar|63/100|[from] item: Leftovers
|-heal|p2a: Tyranitar|19/100 par|[from] item: Leftovers
|upkeep
|turn|39
|
|t:|1730231652
|switch|p2a: Zapdos|Zapdos|70/100
|move|p1a: Gengar|Ice Punch|p2a: Zapdos
|-supereffective|p2a: Zapdos
|-crit|p2a: Zapdos
|-damage|p2a: Zapdos|0 fnt
|faint|p2a: Zapdos
|
|t:|1730231657
|switch|p2a: Aerodactyl|Aerodactyl, M|100/100
|
|-weather|Sandstorm|[upkeep]
|-damage|p1a: Gengar|57/100|[from] Sandstorm
|-heal|p1a: Gengar|63/100|[from] item: Leftovers
|upkeep
|turn|40
|
|t:|1730231664
|switch|p1a: Magneton|Magneton|100/100
|-damage|p1a: Magneton|88/100|[from] Spikes
|move|p2a: Aerodactyl|Rock Slide|p1a: Magneton
|-resisted|p1a: Magneton
|-damage|p1a: Magneton|52/100
|
|-weather|Sandstorm|[upkeep]
|-heal|p1a: Magneton|58/100|[from] item: Leftovers
|upkeep
|turn|41
|
|t:|1730231677
|switch|p2a: Flygon|Flygon, M|91/100
|switch|p1a: Gengar|Gengar, F|63/100
|
|-weather|Sandstorm|[upkeep]
|-damage|p1a: Gengar|57/100|[from] Sandstorm
|-heal|p1a: Gengar|63/100|[from] item: Leftovers
|-heal|p2a: Flygon|97/100|[from] item: Leftovers
|upkeep
|turn|42
|
|t:|1730231689
|switch|p2a: Tyranitar|Tyranitar, F|19/100 par
|move|p1a: Gengar|Ice Punch|p2a: Tyranitar
|-damage|p2a: Tyranitar|0 fnt
|faint|p2a: Tyranitar
|
|t:|1730231693
|switch|p2a: Aerodactyl|Aerodactyl, M|100/100
|
|-weather|Sandstorm|[upkeep]
|-damage|p1a: Gengar|57/100|[from] Sandstorm
|-heal|p1a: Gengar|63/100|[from] item: Leftovers
|upkeep
|turn|43
|
|t:|1730231702
|switch|p1a: Magneton|Magneton|58/100
|-damage|p1a: Magneton|46/100|[from] Spikes
|move|p2a: Aerodactyl|Rock Slide|p1a: Magneton
|-resisted|p1a: Magneton
|-damage|p1a: Magneton|9/100
|
|-weather|Sandstorm|[upkeep]
|-heal|p1a: Magneton|15/100|[from] item: Leftovers
|upkeep
|turn|44
|
|t:|1730231710
|move|p2a: Aerodactyl|Rock Slide|p1a: Magneton
|-resisted|p1a: Magneton
|-damage|p1a: Magneton|0 fnt
|faint|p1a: Magneton
|
|t:|1730231716
|switch|p1a: Swampert|Swampert, F|66/100
|-damage|p1a: Swampert|53/100|[from] Spikes
|
|-weather|Sandstorm|[upkeep]
|-heal|p1a: Swampert|60/100|[from] item: Leftovers
|upkeep
|turn|45
|
|t:|1730231719
|switch|p2a: Jirachi|Jirachi|92/100
|move|p1a: Swampert|Earthquake|p2a: Jirachi
|-supereffective|p2a: Jirachi
|-damage|p2a: Jirachi|33/100
|
|-weather|Sandstorm|[upkeep]
|-heal|p2a: Jirachi|39/100|[from] item: Leftovers
|-heal|p1a: Swampert|66/100|[from] item: Leftovers
|upkeep
|turn|46
|
|t:|1730231730
|move|p2a: Jirachi|Protect|p2a: Jirachi
|-singleturn|p2a: Jirachi|Protect
|move|p1a: Swampert|Earthquake|p2a: Jirachi
|-activate|p2a: Jirachi|Protect
|
|-weather|Sandstorm|[upkeep]
|-heal|p2a: Jirachi|45/100|[from] item: Leftovers
|-heal|p1a: Swampert|72/100|[from] item: Leftovers
|upkeep
|turn|47
|
|t:|1730231733
|switch|p2a: Flygon|Flygon, M|97/100
|move|p1a: Swampert|Earthquake|p2a: Flygon
|-immune|p2a: Flygon
|
|-weather|Sandstorm|[upkeep]
|-heal|p2a: Flygon|100/100|[from] item: Leftovers
|-heal|p1a: Swampert|78/100|[from] item: Leftovers
|upkeep
|turn|48
|
|t:|1730231736
|move|p2a: Flygon|Protect|p2a: Flygon
|-singleturn|p2a: Flygon|Protect
|move|p1a: Swampert|Curse|p1a: Swampert
|-unboost|p1a: Swampert|spe|1
|-boost|p1a: Swampert|atk|1
|-boost|p1a: Swampert|def|1
|
|-weather|Sandstorm|[upkeep]
|-heal|p1a: Swampert|84/100|[from] item: Leftovers
|upkeep
|turn|49
|
|t:|1730231738
|move|p2a: Flygon|Toxic|p1a: Swampert
|-status|p1a: Swampert|tox
|move|p1a: Swampert|Surf|p2a: Flygon
|-damage|p2a: Flygon|69/100
|
|-weather|Sandstorm|[upkeep]
|-heal|p2a: Flygon|75/100|[from] item: Leftovers
|-heal|p1a: Swampert|91/100 tox|[from] item: Leftovers
|-damage|p1a: Swampert|84/100 tox|[from] psn
|upkeep
|turn|50
|
|t:|1730231744
|move|p2a: Flygon|Earthquake|p1a: Swampert
|-damage|p1a: Swampert|64/100 tox
|move|p1a: Swampert|Curse|p1a: Swampert
|-unboost|p1a: Swampert|spe|1
|-boost|p1a: Swampert|atk|1
|-boost|p1a: Swampert|def|1
|
|-weather|Sandstorm|[upkeep]
|-heal|p2a: Flygon|81/100|[from] item: Leftovers
|-heal|p1a: Swampert|70/100 tox|[from] item: Leftovers
|-damage|p1a: Swampert|58/100 tox|[from] psn
|upkeep
|turn|51
|
|t:|1730231749
|move|p2a: Flygon|Earthquake|p1a: Swampert
|-damage|p1a: Swampert|44/100 tox
|move|p1a: Swampert|Rest|p1a: Swampert
|-status|p1a: Swampert|slp|[from] move: Rest
|-heal|p1a: Swampert|100/100 slp|[silent]
|
|-weather|Sandstorm|[upkeep]
|-heal|p2a: Flygon|87/100|[from] item: Leftovers
|upkeep
|turn|52
|
|t:|1730231752
|move|p2a: Flygon|Earthquake|p1a: Swampert
|-damage|p1a: Swampert|86/100 slp
|cant|p1a: Swampert|slp
|
|-weather|Sandstorm|[upkeep]
|-heal|p2a: Flygon|93/100|[from] item: Leftovers
|-heal|p1a: Swampert|92/100 slp|[from] item: Leftovers
|upkeep
|turn|53
|
|t:|1730231754
|switch|p2a: Jirachi|Jirachi|45/100
|cant|p1a: Swampert|slp
|
|-weather|Sandstorm|[upkeep]
|-heal|p2a: Jirachi|51/100|[from] item: Leftovers
|-heal|p1a: Swampert|98/100 slp|[from] item: Leftovers
|upkeep
|turn|54
|
|t:|1730231758
|move|p2a: Jirachi|Protect|p2a: Jirachi
|-singleturn|p2a: Jirachi|Protect
|-curestatus|p1a: Swampert|slp|[msg]
|move|p1a: Swampert|Earthquake|p2a: Jirachi
|-activate|p2a: Jirachi|Protect
|
|-weather|Sandstorm|[upkeep]
|-heal|p2a: Jirachi|57/100|[from] item: Leftovers
|-heal|p1a: Swampert|100/100|[from] item: Leftovers
|upkeep
|turn|55
|
|t:|1730231760
|switch|p2a: Flygon|Flygon, M|93/100
|move|p1a: Swampert|Earthquake|p2a: Flygon
|-immune|p2a: Flygon
|
|-weather|Sandstorm|[upkeep]
|-heal|p2a: Flygon|99/100|[from] item: Leftovers
|upkeep
|turn|56
|
|t:|1730231765
|move|p2a: Flygon|Toxic|p1a: Swampert
|-status|p1a: Swampert|tox
|move|p1a: Swampert|Surf|p2a: Flygon
|-damage|p2a: Flygon|67/100
|
|-weather|Sandstorm|[upkeep]
|-heal|p2a: Flygon|73/100|[from] item: Leftovers
|-damage|p1a: Swampert|94/100 tox|[from] psn
|upkeep
|turn|57
|
|t:|1730231770
|move|p2a: Flygon|Protect|p2a: Flygon
|-singleturn|p2a: Flygon|Protect
|move|p1a: Swampert|Curse|p1a: Swampert
|-unboost|p1a: Swampert|spe|1
|-boost|p1a: Swampert|atk|1
|-boost|p1a: Swampert|def|1
|
|-weather|Sandstorm|[upkeep]
|-heal|p2a: Flygon|79/100|[from] item: Leftovers
|-heal|p1a: Swampert|100/100 tox|[from] item: Leftovers
|-damage|p1a: Swampert|88/100 tox|[from] psn
|upkeep
|turn|58
|
|t:|1730231773
|move|p2a: Flygon|Earthquake|p1a: Swampert
|-damage|p1a: Swampert|76/100 tox
|move|p1a: Swampert|Curse|p1a: Swampert
|-unboost|p1a: Swampert|spe|1
|-boost|p1a: Swampert|atk|1
|-boost|p1a: Swampert|def|1
|
|-weather|Sandstorm|[upkeep]
|-heal|p2a: Flygon|85/100|[from] item: Leftovers
|-heal|p1a: Swampert|83/100 tox|[from] item: Leftovers
|-damage|p1a: Swampert|64/100 tox|[from] psn
|upkeep
|turn|59
|
|t:|1730231779
|move|p2a: Flygon|Rock Slide|p1a: Swampert
|-resisted|p1a: Swampert
|-damage|p1a: Swampert|62/100 tox
|move|p1a: Swampert|Surf|p2a: Flygon
|-damage|p2a: Flygon|54/100
|
|-weather|Sandstorm|[upkeep]
|-heal|p2a: Flygon|60/100|[from] item: Leftovers
|-heal|p1a: Swampert|68/100 tox|[from] item: Leftovers
|-damage|p1a: Swampert|43/100 tox|[from] psn
|upkeep
|turn|60
|
|t:|1730231784
|move|p2a: Flygon|Rock Slide|p1a: Swampert
|-resisted|p1a: Swampert
|-damage|p1a: Swampert|41/100 tox
|move|p1a: Swampert|Rest|p1a: Swampert
|-status|p1a: Swampert|slp|[from] move: Rest
|-heal|p1a: Swampert|100/100 slp|[silent]
|
|-weather|Sandstorm|[upkeep]
|-heal|p2a: Flygon|66/100|[from] item: Leftovers
|upkeep
|turn|61
|
|t:|1730231789
|switch|p2a: Jirachi|Jirachi|57/100
|cant|p1a: Swampert|slp
|
|-weather|Sandstorm|[upkeep]
|-heal|p2a: Jirachi|64/100|[from] item: Leftovers
|upkeep
|turn|62
|
|t:|1730231796
|move|p2a: Jirachi|Wish|p2a: Jirachi
|cant|p1a: Swampert|slp
|
|-weather|Sandstorm|[upkeep]
|-heal|p2a: Jirachi|70/100|[from] item: Leftovers
|upkeep
|turn|63
|
|t:|1730231800
|switch|p2a: Flygon|Flygon, M|66/100
|-curestatus|p1a: Swampert|slp|[msg]
|move|p1a: Swampert|Curse|p1a: Swampert
|-unboost|p1a: Swampert|spe|1
|-boost|p1a: Swampert|atk|1
|-boost|p1a: Swampert|def|1
|
|-heal|p2a: Flygon|100/100|[from] move: Wish|[wisher] Jirachi
|-weather|Sandstorm|[upkeep]
|upkeep
|turn|64
|
|t:|1730231805
|move|p2a: Flygon|Toxic|p1a: Swampert
|-status|p1a: Swampert|tox
|move|p1a: Swampert|Curse|p1a: Swampert
|-unboost|p1a: Swampert|spe|1
|-boost|p1a: Swampert|atk|1
|-boost|p1a: Swampert|def|1
|
|-weather|Sandstorm|[upkeep]
|-damage|p1a: Swampert|94/100 tox|[from] psn
|upkeep
|turn|65
|
|t:|1730231810
|move|p2a: Flygon|Rock Slide|p1a: Swampert
|-resisted|p1a: Swampert
|-damage|p1a: Swampert|93/100 tox
|move|p1a: Swampert|Surf|p2a: Flygon
|-damage|p2a: Flygon|71/100
|
|-weather|Sandstorm|[upkeep]
|-heal|p2a: Flygon|77/100|[from] item: Leftovers
|-heal|p1a: Swampert|99/100 tox|[from] item: Leftovers
|-damage|p1a: Swampert|86/100 tox|[from] psn
|upkeep
|turn|66
|
|t:|1730231818
|move|p2a: Flygon|Rock Slide|p1a: Swampert
|-resisted|p1a: Swampert
|-damage|p1a: Swampert|85/100 tox
|move|p1a: Swampert|Surf|p2a: Flygon
|-crit|p2a: Flygon
|-damage|p2a: Flygon|15/100
|
|-weather|Sandstorm|[upkeep]
|-heal|p2a: Flygon|21/100|[from] item: Leftovers
|-heal|p1a: Swampert|91/100 tox|[from] item: Leftovers
|-damage|p1a: Swampert|72/100 tox|[from] psn
|upkeep
|turn|67
|
|t:|1730231823
|move|p2a: Flygon|Protect|p2a: Flygon
|-singleturn|p2a: Flygon|Protect
|move|p1a: Swampert|Surf|p2a: Flygon
|-activate|p2a: Flygon|Protect
|
|-weather|Sandstorm|[upkeep]
|-heal|p2a: Flygon|27/100|[from] item: Leftovers
|-heal|p1a: Swampert|78/100 tox|[from] item: Leftovers
|-damage|p1a: Swampert|54/100 tox|[from] psn
|upkeep
|turn|68
|
|t:|1730231831
|move|p2a: Flygon|Rock Slide|p1a: Swampert
|-resisted|p1a: Swampert
|-damage|p1a: Swampert|52/100 tox
|move|p1a: Swampert|Surf|p2a: Flygon
|-damage|p2a: Flygon|0 fnt
|faint|p2a: Flygon
|
|t:|1730231840
|switch|p2a: Aerodactyl|Aerodactyl, M|100/100
|
|-weather|Sandstorm|[upkeep]
|-heal|p1a: Swampert|58/100 tox|[from] item: Leftovers
|-damage|p1a: Swampert|27/100 tox|[from] psn
|upkeep
|turn|69
|
|t:|1730231846
|move|p2a: Aerodactyl|Rock Slide|p1a: Swampert|[miss]
|-miss|p2a: Aerodactyl|p1a: Swampert
|move|p1a: Swampert|Rest|p1a: Swampert
|-status|p1a: Swampert|slp|[from] move: Rest
|-heal|p1a: Swampert|100/100 slp|[silent]
|
|-weather|Sandstorm|[upkeep]
|upkeep
|turn|70
|
|t:|1730231848
|switch|p2a: Jirachi|Jirachi|70/100
|cant|p1a: Swampert|slp
|
|-weather|Sandstorm|[upkeep]
|-heal|p2a: Jirachi|76/100|[from] item: Leftovers
|upkeep
|turn|71
|
|t:|1730231851
|move|p2a: Jirachi|Fire Punch|p1a: Swampert
|-resisted|p1a: Swampert
|-damage|p1a: Swampert|95/100 slp
|cant|p1a: Swampert|slp
|
|-weather|Sandstorm|[upkeep]
|-heal|p2a: Jirachi|82/100|[from] item: Leftovers
|-heal|p1a: Swampert|100/100 slp|[from] item: Leftovers
|upkeep
|turn|72
|
|t:|1730231854
|move|p2a: Jirachi|Fire Punch|p1a: Swampert
|-resisted|p1a: Swampert
|-damage|p1a: Swampert|95/100 slp
|-curestatus|p1a: Swampert|slp|[msg]
|move|p1a: Swampert|Earthquake|p2a: Jirachi
|-supereffective|p2a: Jirachi
|-crit|p2a: Jirachi
|-damage|p2a: Jirachi|0 fnt
|faint|p2a: Jirachi
|c|☆blyargh|gg
|c|☆Blaniom|gg
|-message|blyargh forfeited.
|
|win|Blaniom

</script>
<script type="application/json" class="data" id="replaydata-smogtours-gen3ou-803279">
{"id":"smogtours-gen3ou-803279","format":"[Gen 3] OU","players":["Blaniom","blyargh"],"uploadtime":1730231859,"views":109,"formatid":"gen3ou","rating":null,"private":0,"password":null}
</script>

<script defer src="js/replays.js?9d40a366"></script>
