<!DOCTYPE html>
<meta charset="utf-8" />
<meta name="viewport" content="width=device-width" />

<title>[Gen 3] OU: beeoi vs. GShed - Replays - Pok&eacute;mon Showdown!</title>

<meta name="description" content="Watch a replay of a Pok&eacute;mon battle between beeoi and GShed! Format: [Gen 3] OU; Date: Oct 19, 2024" />
<!--

Hey, you! Looking in the source for the replay log?

You can find them in JSON format, just add `.json` at the end of a replay URL.

https://replay.pokemonshowdown.com/gen7randomdoublesbattle-865046831.json

Or, if you only need the log itself, add `.log` instead:

https://replay.pokemonshowdown.com/gen7randomdoublesbattle-865046831.log

-->

<link rel="stylesheet" href="//pokemonshowdown.com/style/global.css?0.023195364461161105" />
<link rel="stylesheet" href="//play.pokemonshowdown.com/style/font-awesome.css?0.13261647063804238" />
<link rel="stylesheet" href="//play.pokemonshowdown.com/style/battle.css?0.8753245789963631" />
<link rel="stylesheet" href="//play.pokemonshowdown.com/style/utilichart.css?0.8627959624976733" />

<!-- Global site tag (gtag.js) - Google Analytics -->
<script async src="https://www.googletagmanager.com/gtag/js?id=UA-26211653-1"></script>
<script>
  window.dataLayer = window.dataLayer || [];
  function gtag(){dataLayer.push(arguments);}
  gtag('js', new Date());

  gtag('config', 'UA-26211653-1');
</script>
<!-- End Google Analytics -->
<!-- Venatus Ad Manager - Install in <HEAD> of page -->
	<script src="https://hb.vntsm.com/v3/live/ad-manager.min.js" type="text/javascript" data-site-id="642aba63ec9a7b11c3c9c1be" data-mode="scan" async></script>
<!-- / Venatus Ad Manager -->

<style>
	@media (max-width:820px) {
		.battle {
			margin: 0 auto;
		}
		.battle-log {
			margin: 7px auto 0;
			max-width: 640px;
			height: 300px;
			position: static;
		}
	}
	.optgroup {
		display: inline-block;
		line-height: 22px;
		font-size: 10pt;
	}
	.optgroup .button {
		height: 25px;
		padding-top: 0;
		padding-bottom: 0;
	}
	.optgroup button.button {
		padding-left: 12px;
		padding-right: 12px;
	}
	.linklist {
		list-style: none;
		margin: 0.5em 0;
		padding: 0;
	}
	.linklist li {
		padding: 2px 0;
	}
	.sidebar {
		float: left;
		width: 320px;
	}
	.bar-wrapper {
		max-width: 1100px;
		margin: 0 auto;
	}
	.bar-wrapper.has-sidebar {
		max-width: 1430px;
	}
	.mainbar {
		margin: 0;
		padding-right: 1px;
	}
	.mainbar.has-sidebar {
		margin-left: 330px;
	}
	@media (min-width: 1511px) {
		.sidebar {
			width: 400px;
		}
		.bar-wrapper.has-sidebar {
			max-width: 1510px;
		}
		.mainbar.has-sidebar {
			margin-left: 410px;
		}
	}
	.section.first-section {
		margin-top: 9px;
	}
	.blocklink small {
		white-space: normal;
	}
	.button {
		vertical-align: middle;
	}
	.replay-controls {
		padding-top: 10px;
	}
	.replay-controls h1 {
		font-size: 16pt;
		font-weight: normal;
		color: #CCC;
	}
	.pagelink {
		text-align: center;
	}
	.pagelink a {
		width: 150px;
	}
	.textbox, .button {
		font-size: 11pt;
		vertical-align: middle;
	}
	@media (max-width: 450px) {
		.button {
			font-size: 9pt;
		}
	}
</style>

<div>

	<header>
		<div class="nav-wrapper"><ul class="nav">
			<li><a class="button nav-first" href="//pokemonshowdown.com/"><img src="//pokemonshowdown.com/images/pokemonshowdownbeta.png" srcset="//pokemonshowdown.com/images/pokemonshowdownbeta.png 1x, //pokemonshowdown.com/images/pokemonshowdownbeta@2x.png 2x" alt="Pok&eacute;mon Showdown" width="146" height="44" /> Home</a></li>
			<li><a class="button" href="//pokemonshowdown.com/dex/">Pok&eacute;dex</a></li>
			<li><a class="button cur" href="/">Replays</a></li>
			<li><a class="button" href="//pokemonshowdown.com/ladder/">Ladder</a></li>
			<li><a class="button nav-last" href="//pokemonshowdown.com/forums/">Forum</a></li>
			<li><a class="button greenbutton nav-first nav-last" href="//play.pokemonshowdown.com/">Play</a></li>
		</ul></div>
	</header>

	<div class="main" id="main">

		<noscript><section class="section">You need to enable JavaScript to use this page; sorry!</section></noscript>

	</div>

</div>

<script defer nomodule src="//play.pokemonshowdown.com/js/lib/ps-polyfill.js"></script>
<script defer src="//play.pokemonshowdown.com/js/lib/preact.min.js"></script>

<script defer src="//play.pokemonshowdown.com/config/config.js?2bddbc15"></script>
<script defer src="//play.pokemonshowdown.com/js/lib/jquery-1.11.0.min.js"></script>
<script defer src="//play.pokemonshowdown.com/js/lib/html-sanitizer-minified.js"></script>
<script defer src="//play.pokemonshowdown.com/js/battle-sound.js"></script>
<script defer src="//play.pokemonshowdown.com/js/battledata.js?0.7209276989879541"></script>
<script defer src="//play.pokemonshowdown.com/data/pokedex-mini.js?0.6111056340867951"></script>
<script defer src="//play.pokemonshowdown.com/data/pokedex-mini-bw.js?0.3532142036491459"></script>
<script defer src="//play.pokemonshowdown.com/data/graphics.js?0.24223875632456182"></script>
<script defer src="//play.pokemonshowdown.com/data/pokedex.js?0.38839984266356864"></script>
<script defer src="//play.pokemonshowdown.com/data/moves.js?0.21866028504024015"></script>
<script defer src="//play.pokemonshowdown.com/data/abilities.js?0.2005157953846628"></script>
<script defer src="//play.pokemonshowdown.com/data/items.js?0.9894211263848525"></script>
<script defer src="//play.pokemonshowdown.com/data/teambuilder-tables.js?0.6008791140282215"></script>
<script defer src="//play.pokemonshowdown.com/js/battle-tooltips.js?0.7580118955022959"></script>
<script defer src="//play.pokemonshowdown.com/js/battle.js?0.6057722274234274"></script>

<script defer src="js/utils.js?e31f9a17"></script>
<script defer src="js/replays-battle.js?7008c182"></script>

<!-- don't scrape this data! just add .json or .log after the URL!
Full API docs: https://github.com/smogon/pokemon-showdown-client/blob/master/WEB-API.md -->
<script type="text/plain" class="log" id="replaylog-smogtours-gen3ou-799917">
|inactive|Battle timer is ON: inactive players will automatically lose when time's up.
|t:|1729353199
|gametype|singles
|player|p1|beeoi|mustard-master|
|player|p2|GShed|169|
|teamsize|p1|6
|teamsize|p2|6
|gen|3
|tier|[Gen 3] OU
|rule|Sleep Clause Mod: Limit one foe put to sleep
|rule|Switch Priority Clause Mod: Faster Pokémon switch first
|rule|Species Clause: Limit one of each Pokémon
|rule|OHKO Clause: OHKO moves are banned
|rule|Evasion Items Clause: Evasion items are banned
|rule|Evasion Moves Clause: Evasion moves are banned
|rule|Endless Battle Clause: Forcing endless battles is banned
|rule|HP Percentage Mod: HP is shown in percentages
|rule|One Boost Passer Clause: Limit one Baton Passer that has a way to boost its stats
|rule|Freeze Clause Mod: Limit one foe frozen
|
|t:|1729353199
|start
|switch|p1a: Tyranitar|Tyranitar, M|100/100
|switch|p2a: Salamence|Salamence, F|100/100
|-ability|p2a: Salamence|Intimidate|boost
|-unboost|p1a: Tyranitar|atk|1
|-weather|Sandstorm|[from] ability: Sand Stream|[of] p1a: Tyranitar
|turn|1
|c|☆GShed|glhf
|c|☆beeoi|GLHF
|inactive|beeoi has 270 seconds left.
|
|t:|1729353238
|switch|p2a: Jirachi|Jirachi|100/100
|switch|p1a: Claydol|Claydol|100/100
|
|-weather|Sandstorm|[upkeep]
|upkeep
|turn|2
|
|t:|1729353249
|move|p2a: Jirachi|Toxic|p1a: Claydol
|-status|p1a: Claydol|tox
|move|p1a: Claydol|Earthquake|p2a: Jirachi
|-supereffective|p2a: Jirachi
|-damage|p2a: Jirachi|59/100
|
|-weather|Sandstorm|[upkeep]
|-heal|p2a: Jirachi|66/100|[from] item: Leftovers
|-damage|p1a: Claydol|94/100 tox|[from] psn
|upkeep
|turn|3
|
|t:|1729353262
|switch|p1a: Tyranitar|Tyranitar, M|100/100
|move|p2a: Jirachi|Wish|p2a: Jirachi
|
|-weather|Sandstorm|[upkeep]
|-heal|p2a: Jirachi|72/100|[from] item: Leftovers
|upkeep
|turn|4
|inactive|GShed has 270 seconds left.
|
|t:|1729353298
|switch|p2a: Salamence|Salamence, F|100/100
|-ability|p2a: Salamence|Intimidate|boost
|-unboost|p1a: Tyranitar|atk|1
|move|p1a: Tyranitar|Fire Blast|p2a: Salamence|[miss]
|-miss|p1a: Tyranitar|p2a: Salamence
|
|-weather|Sandstorm|[upkeep]
|-damage|p2a: Salamence|95/100|[from] Sandstorm
|-heal|p2a: Salamence|100/100|[from] item: Leftovers
|upkeep
|turn|5
|inactive|GShed has 270 seconds left.
|
|t:|1729353325
|switch|p2a: Forretress|Forretress, M|100/100
|move|p1a: Tyranitar|Toxic|p2a: Forretress
|-immune|p2a: Forretress
|
|-weather|Sandstorm|[upkeep]
|upkeep
|turn|6
|inactive|GShed has 270 seconds left.
|
|t:|1729353336
|switch|p2a: Blissey|Blissey, F|100/100
|move|p1a: Tyranitar|Fire Blast|p2a: Blissey
|-damage|p2a: Blissey|88/100
|-status|p2a: Blissey|brn
|
|-weather|Sandstorm|[upkeep]
|-damage|p2a: Blissey|82/100 brn|[from] Sandstorm
|-heal|p2a: Blissey|88/100 brn|[from] item: Leftovers
|-damage|p2a: Blissey|75/100 brn|[from] brn
|upkeep
|turn|7
|inactive|GShed has 270 seconds left.
|inactive|beeoi has 270 seconds left.
|
|t:|1729353369
|switch|p1a: Gengar|Gengar, F|100/100
|-curestatus|p2a: Blissey|brn|[from] ability: Natural Cure
|switch|p2a: Salamence|Salamence, F|100/100
|-ability|p2a: Salamence|Intimidate|boost
|-unboost|p1a: Gengar|atk|1
|
|-weather|Sandstorm|[upkeep]
|-damage|p1a: Gengar|94/100|[from] Sandstorm
|-damage|p2a: Salamence|95/100|[from] Sandstorm
|-heal|p1a: Gengar|100/100|[from] item: Leftovers
|-heal|p2a: Salamence|100/100|[from] item: Leftovers
|upkeep
|turn|8
|inactive|beeoi has 270 seconds left.
|inactive|GShed has 240 seconds left.
|
|t:|1729353388
|switch|p2a: Tyranitar|Tyranitar, F|100/100
|move|p1a: Gengar|Will-O-Wisp|p2a: Tyranitar
|-status|p2a: Tyranitar|brn
|
|-weather|Sandstorm|[upkeep]
|-damage|p1a: Gengar|94/100|[from] Sandstorm
|-heal|p1a: Gengar|100/100|[from] item: Leftovers
|-damage|p2a: Tyranitar|88/100 brn|[from] brn
|upkeep
|turn|9
|
|t:|1729353416
|switch|p1a: Swampert|Swampert, F|100/100
|move|p2a: Tyranitar|Crunch|p1a: Swampert
|-damage|p1a: Swampert|68/100
|
|-weather|Sandstorm|[upkeep]
|-heal|p2a: Tyranitar|94/100 brn|[from] item: Leftovers
|-damage|p2a: Tyranitar|82/100 brn|[from] brn
|-heal|p1a: Swampert|74/100|[from] item: Leftovers
|upkeep
|turn|10
|inactive|GShed has 240 seconds left.
|
|t:|1729353436
|move|p2a: Tyranitar|Hidden Power|p1a: Swampert
|-supereffective|p1a: Swampert
|-damage|p1a: Swampert|0 fnt
|faint|p1a: Swampert
|inactive|beeoi has 240 seconds left.
|
|t:|1729353457
|switch|p1a: Blissey|Blissey, F|100/100
|
|-weather|Sandstorm|[upkeep]
|-damage|p1a: Blissey|94/100|[from] Sandstorm
|-heal|p2a: Tyranitar|88/100 brn|[from] item: Leftovers
|-damage|p2a: Tyranitar|76/100 brn|[from] brn
|-heal|p1a: Blissey|100/100|[from] item: Leftovers
|upkeep
|turn|11
|
|t:|1729353469
|switch|p2a: Jirachi|Jirachi|72/100
|move|p1a: Blissey|Hidden Power|p2a: Jirachi
|-crit|p2a: Jirachi
|-damage|p2a: Jirachi|46/100
|
|-weather|Sandstorm|[upkeep]
|-damage|p1a: Blissey|94/100|[from] Sandstorm
|-heal|p2a: Jirachi|52/100|[from] item: Leftovers
|-heal|p1a: Blissey|100/100|[from] item: Leftovers
|upkeep
|turn|12
|
|t:|1729353485
|move|p2a: Jirachi|Wish|p2a: Jirachi
|move|p1a: Blissey|Thunder Wave|p2a: Jirachi
|-status|p2a: Jirachi|par
|
|-weather|Sandstorm|[upkeep]
|-damage|p1a: Blissey|94/100|[from] Sandstorm
|-heal|p1a: Blissey|100/100|[from] item: Leftovers
|-heal|p2a: Jirachi|58/100 par|[from] item: Leftovers
|upkeep
|turn|13
|
|t:|1729353499
|move|p1a: Blissey|Flamethrower|p2a: Jirachi
|-supereffective|p2a: Jirachi
|-damage|p2a: Jirachi|19/100 par
|move|p2a: Jirachi|Fire Punch|p1a: Blissey
|-damage|p1a: Blissey|94/100
|
|-heal|p2a: Jirachi|69/100 par|[from] move: Wish|[wisher] Jirachi
|-weather|Sandstorm|[upkeep]
|-damage|p1a: Blissey|88/100|[from] Sandstorm
|-heal|p1a: Blissey|94/100|[from] item: Leftovers
|-heal|p2a: Jirachi|75/100 par|[from] item: Leftovers
|upkeep
|turn|14
|inactive|GShed has 240 seconds left.
|
|t:|1729353545
|switch|p1a: Claydol|Claydol|94/100 tox
|switch|p2a: Blissey|Blissey, F|75/100
|
|-weather|Sandstorm|[upkeep]
|-damage|p2a: Blissey|69/100|[from] Sandstorm
|-heal|p1a: Claydol|100/100 tox|[from] item: Leftovers
|-damage|p1a: Claydol|94/100 tox|[from] psn
|-heal|p2a: Blissey|75/100|[from] item: Leftovers
|upkeep
|turn|15
|inactive|GShed has 210 seconds left.
|inactive|beeoi has 210 seconds left.
|
|t:|1729353576
|switch|p1a: Gengar|Gengar, F|100/100
|switch|p2a: Forretress|Forretress, M|100/100
|
|-weather|Sandstorm|[upkeep]
|-damage|p1a: Gengar|94/100|[from] Sandstorm
|-heal|p1a: Gengar|100/100|[from] item: Leftovers
|upkeep
|turn|16
|inactive|beeoi has 210 seconds left.
|
|t:|1729353591
|switch|p1a: Tyranitar|Tyranitar, M|100/100
|switch|p2a: Blissey|Blissey, F|75/100
|
|-weather|Sandstorm|[upkeep]
|-damage|p2a: Blissey|69/100|[from] Sandstorm
|-heal|p2a: Blissey|75/100|[from] item: Leftovers
|upkeep
|turn|17
|inactive|beeoi has 210 seconds left.
|
|t:|1729353605
|move|p1a: Tyranitar|Crunch|p2a: Blissey
|-damage|p2a: Blissey|62/100
|move|p2a: Blissey|Soft-Boiled|p2a: Blissey
|-heal|p2a: Blissey|100/100
|
|-weather|Sandstorm|[upkeep]
|-damage|p2a: Blissey|94/100|[from] Sandstorm
|-heal|p2a: Blissey|100/100|[from] item: Leftovers
|upkeep
|turn|18
|
|t:|1729353618
|move|p1a: Tyranitar|Toxic|p2a: Blissey
|-status|p2a: Blissey|tox
|move|p2a: Blissey|Thunder Wave|p1a: Tyranitar
|-status|p1a: Tyranitar|par
|
|-weather|Sandstorm|[upkeep]
|-damage|p2a: Blissey|94/100 tox|[from] Sandstorm
|-heal|p2a: Blissey|100/100 tox|[from] item: Leftovers
|-damage|p2a: Blissey|94/100 tox|[from] psn
|upkeep
|turn|19
|
|t:|1729353635
|move|p2a: Blissey|Thunder Wave|p1a: Tyranitar
|-fail|p1a: Tyranitar|par
|move|p1a: Tyranitar|Fire Blast|p2a: Blissey
|-damage|p2a: Blissey|80/100 tox
|
|-weather|Sandstorm|[upkeep]
|-damage|p2a: Blissey|74/100 tox|[from] Sandstorm
|-heal|p2a: Blissey|80/100 tox|[from] item: Leftovers
|-damage|p2a: Blissey|68/100 tox|[from] psn
|upkeep
|turn|20
|
|t:|1729353647
|move|p2a: Blissey|Soft-Boiled|p2a: Blissey
|-heal|p2a: Blissey|100/100 tox
|move|p1a: Tyranitar|Toxic|p2a: Blissey
|-fail|p2a: Blissey|tox
|
|-weather|Sandstorm|[upkeep]
|-damage|p2a: Blissey|94/100 tox|[from] Sandstorm
|-heal|p2a: Blissey|100/100 tox|[from] item: Leftovers
|-damage|p2a: Blissey|82/100 tox|[from] psn
|upkeep
|turn|21
|inactive|GShed has 180 seconds left.
|
|t:|1729353681
|-curestatus|p2a: Blissey|tox|[from] ability: Natural Cure
|switch|p2a: Tyranitar|Tyranitar, F|76/100 brn
|cant|p1a: Tyranitar|par
|
|-weather|Sandstorm|[upkeep]
|-heal|p2a: Tyranitar|82/100 brn|[from] item: Leftovers
|-damage|p2a: Tyranitar|69/100 brn|[from] brn
|upkeep
|turn|22
|inactive|GShed has 180 seconds left.
|inactive|beeoi has 210 seconds left.
|
|t:|1729353703
|switch|p2a: Salamence|Salamence, F|100/100
|-ability|p2a: Salamence|Intimidate|boost
|-unboost|p1a: Tyranitar|atk|1
|move|p1a: Tyranitar|Roar|p2a: Salamence
|drag|p2a: Blissey|Blissey, F|82/100
|
|-weather|Sandstorm|[upkeep]
|-damage|p2a: Blissey|76/100|[from] Sandstorm
|-heal|p2a: Blissey|82/100|[from] item: Leftovers
|upkeep
|turn|23
|inactive|beeoi has 210 seconds left.
|
|t:|1729353725
|move|p2a: Blissey|Seismic Toss|p1a: Tyranitar
|-damage|p1a: Tyranitar|76/100 par
|move|p1a: Tyranitar|Toxic|p2a: Blissey
|-status|p2a: Blissey|tox
|
|-weather|Sandstorm|[upkeep]
|-damage|p2a: Blissey|76/100 tox|[from] Sandstorm
|-heal|p2a: Blissey|82/100 tox|[from] item: Leftovers
|-damage|p2a: Blissey|76/100 tox|[from] psn
|-heal|p1a: Tyranitar|82/100 par|[from] item: Leftovers
|upkeep
|turn|24
|inactive|GShed has 180 seconds left.
|inactive|GShed has 150 seconds left.
|
|t:|1729353763
|-curestatus|p2a: Blissey|tox|[from] ability: Natural Cure
|switch|p2a: Salamence|Salamence, F|100/100
|-ability|p2a: Salamence|Intimidate|boost
|-unboost|p1a: Tyranitar|atk|1
|switch|p1a: Blissey|Blissey, F|94/100
|
|-weather|Sandstorm|[upkeep]
|-damage|p2a: Salamence|95/100|[from] Sandstorm
|-damage|p1a: Blissey|88/100|[from] Sandstorm
|-heal|p2a: Salamence|100/100|[from] item: Leftovers
|-heal|p1a: Blissey|94/100|[from] item: Leftovers
|upkeep
|turn|25
|inactive|GShed has 150 seconds left.
|
|t:|1729353779
|switch|p2a: Jirachi|Jirachi|75/100 par
|move|p1a: Blissey|Thunder Wave|p2a: Jirachi
|-fail|p2a: Jirachi|par
|
|-weather|Sandstorm|[upkeep]
|-damage|p1a: Blissey|88/100|[from] Sandstorm
|-heal|p1a: Blissey|94/100|[from] item: Leftovers
|-heal|p2a: Jirachi|82/100 par|[from] item: Leftovers
|upkeep
|turn|26
|inactive|GShed has 150 seconds left.
|
|t:|1729353798
|move|p1a: Blissey|Flamethrower|p2a: Jirachi
|-supereffective|p2a: Jirachi
|-damage|p2a: Jirachi|47/100 par
|move|p2a: Jirachi|Toxic|p1a: Blissey
|-status|p1a: Blissey|tox
|
|-weather|Sandstorm|[upkeep]
|-damage|p1a: Blissey|88/100 tox|[from] Sandstorm
|-heal|p1a: Blissey|94/100 tox|[from] item: Leftovers
|-damage|p1a: Blissey|88/100 tox|[from] psn
|-heal|p2a: Jirachi|53/100 par|[from] item: Leftovers
|upkeep
|turn|27
|inactive|GShed has 150 seconds left.
|
|t:|1729353809
|move|p1a: Blissey|Flamethrower|p2a: Jirachi
|-supereffective|p2a: Jirachi
|-damage|p2a: Jirachi|14/100 par
|move|p2a: Jirachi|Wish|p2a: Jirachi
|
|-weather|Sandstorm|[upkeep]
|-damage|p1a: Blissey|82/100 tox|[from] Sandstorm
|-heal|p1a: Blissey|88/100 tox|[from] item: Leftovers
|-damage|p1a: Blissey|76/100 tox|[from] psn
|-heal|p2a: Jirachi|20/100 par|[from] item: Leftovers
|upkeep
|turn|28
|inactive|GShed has 150 seconds left.
|
|t:|1729353822
|move|p2a: Jirachi|Protect|p2a: Jirachi
|-singleturn|p2a: Jirachi|Protect
|move|p1a: Blissey|Soft-Boiled|p1a: Blissey
|-heal|p1a: Blissey|100/100 tox
|
|-heal|p2a: Jirachi|70/100 par|[from] move: Wish|[wisher] Jirachi
|-weather|Sandstorm|[upkeep]
|-damage|p1a: Blissey|94/100 tox|[from] Sandstorm
|-heal|p1a: Blissey|100/100 tox|[from] item: Leftovers
|-damage|p1a: Blissey|82/100 tox|[from] psn
|-heal|p2a: Jirachi|76/100 par|[from] item: Leftovers
|upkeep
|turn|29
|inactive|GShed has 150 seconds left.
|
|t:|1729353835
|-curestatus|p1a: Blissey|tox|[from] ability: Natural Cure
|switch|p1a: Tyranitar|Tyranitar, M|82/100 par
|switch|p2a: Tyranitar|Tyranitar, F|69/100 brn
|
|-weather|Sandstorm|[upkeep]
|-heal|p2a: Tyranitar|75/100 brn|[from] item: Leftovers
|-damage|p2a: Tyranitar|63/100 brn|[from] brn
|-heal|p1a: Tyranitar|88/100 par|[from] item: Leftovers
|upkeep
|turn|30
|
|t:|1729353849
|move|p2a: Tyranitar|Hidden Power|p1a: Tyranitar
|-supereffective|p1a: Tyranitar
|-damage|p1a: Tyranitar|54/100 par
|cant|p1a: Tyranitar|par
|
|-weather|Sandstorm|[upkeep]
|-heal|p2a: Tyranitar|69/100 brn|[from] item: Leftovers
|-damage|p2a: Tyranitar|57/100 brn|[from] brn
|-heal|p1a: Tyranitar|60/100 par|[from] item: Leftovers
|upkeep
|turn|31
|
|t:|1729353860
|switch|p1a: Gengar|Gengar, F|100/100
|move|p2a: Tyranitar|Hidden Power|p1a: Gengar
|-resisted|p1a: Gengar
|-damage|p1a: Gengar|89/100
|
|-weather|Sandstorm|[upkeep]
|-damage|p1a: Gengar|83/100|[from] Sandstorm
|-heal|p1a: Gengar|89/100|[from] item: Leftovers
|-heal|p2a: Tyranitar|63/100 brn|[from] item: Leftovers
|-damage|p2a: Tyranitar|51/100 brn|[from] brn
|upkeep
|turn|32
|inactive|beeoi has 180 seconds left.
|
|t:|1729353879
|switch|p1a: Blissey|Blissey, F|82/100
|move|p2a: Tyranitar|Crunch|p1a: Blissey
|-damage|p1a: Blissey|68/100
|
|-weather|Sandstorm|[upkeep]
|-damage|p1a: Blissey|62/100|[from] Sandstorm
|-heal|p2a: Tyranitar|57/100 brn|[from] item: Leftovers
|-damage|p2a: Tyranitar|44/100 brn|[from] brn
|-heal|p1a: Blissey|68/100|[from] item: Leftovers
|upkeep
|turn|33
|inactive|beeoi has 180 seconds left.
|inactive|GShed has 150 seconds left.
|
|t:|1729353899
|switch|p2a: Salamence|Salamence, F|100/100
|-ability|p2a: Salamence|Intimidate|boost
|-unboost|p1a: Blissey|atk|1
|move|p1a: Blissey|Soft-Boiled|p1a: Blissey
|-heal|p1a: Blissey|100/100
|
|-weather|Sandstorm|[upkeep]
|-damage|p2a: Salamence|95/100|[from] Sandstorm
|-damage|p1a: Blissey|94/100|[from] Sandstorm
|-heal|p2a: Salamence|100/100|[from] item: Leftovers
|-heal|p1a: Blissey|100/100|[from] item: Leftovers
|upkeep
|turn|34
|inactive|GShed has 150 seconds left.
|inactive|beeoi has 180 seconds left.
|
|t:|1729353912
|switch|p2a: Jirachi|Jirachi|76/100 par
|move|p1a: Blissey|Thunder Wave|p2a: Jirachi
|-fail|p2a: Jirachi|par
|
|-weather|Sandstorm|[upkeep]
|-damage|p1a: Blissey|94/100|[from] Sandstorm
|-heal|p1a: Blissey|100/100|[from] item: Leftovers
|-heal|p2a: Jirachi|82/100 par|[from] item: Leftovers
|upkeep
|turn|35
|inactive|GShed has 150 seconds left.
|inactive|beeoi has 180 seconds left.
|
|t:|1729353927
|move|p1a: Blissey|Flamethrower|p2a: Jirachi
|-supereffective|p2a: Jirachi
|-damage|p2a: Jirachi|45/100 par
|move|p2a: Jirachi|Toxic|p1a: Blissey|[miss]
|-miss|p2a: Jirachi|p1a: Blissey
|
|-weather|Sandstorm|[upkeep]
|-damage|p1a: Blissey|94/100|[from] Sandstorm
|-heal|p1a: Blissey|100/100|[from] item: Leftovers
|-heal|p2a: Jirachi|51/100 par|[from] item: Leftovers
|upkeep
|turn|36
|inactive|beeoi has 180 seconds left.
|
|t:|1729353939
|move|p2a: Jirachi|Protect|p2a: Jirachi
|-singleturn|p2a: Jirachi|Protect
|move|p1a: Blissey|Flamethrower|p2a: Jirachi
|-activate|p2a: Jirachi|Protect
|
|-weather|Sandstorm|[upkeep]
|-damage|p1a: Blissey|94/100|[from] Sandstorm
|-heal|p1a: Blissey|100/100|[from] item: Leftovers
|-heal|p2a: Jirachi|57/100 par|[from] item: Leftovers
|upkeep
|turn|37
|inactive|beeoi has 180 seconds left.
|
|t:|1729353954
|switch|p2a: Blissey|Blissey, F|76/100
|move|p1a: Blissey|Flamethrower|p2a: Blissey
|-damage|p2a: Blissey|67/100
|
|-weather|Sandstorm|[upkeep]
|-damage|p1a: Blissey|94/100|[from] Sandstorm
|-damage|p2a: Blissey|61/100|[from] Sandstorm
|-heal|p1a: Blissey|100/100|[from] item: Leftovers
|-heal|p2a: Blissey|67/100|[from] item: Leftovers
|upkeep
|turn|38
|inactive|beeoi has 180 seconds left.
|
|t:|1729353972
|switch|p1a: Tyranitar|Tyranitar, M|60/100 par
|move|p2a: Blissey|Seismic Toss|p1a: Tyranitar
|-damage|p1a: Tyranitar|36/100 par
|
|-weather|Sandstorm|[upkeep]
|-damage|p2a: Blissey|61/100|[from] Sandstorm
|-heal|p2a: Blissey|67/100|[from] item: Leftovers
|-heal|p1a: Tyranitar|42/100 par|[from] item: Leftovers
|upkeep
|turn|39
|inactive|beeoi has 180 seconds left.
|
|t:|1729353986
|move|p2a: Blissey|Seismic Toss|p1a: Tyranitar
|-damage|p1a: Tyranitar|17/100 par
|cant|p1a: Tyranitar|par
|
|-weather|Sandstorm|[upkeep]
|-damage|p2a: Blissey|61/100|[from] Sandstorm
|-heal|p2a: Blissey|67/100|[from] item: Leftovers
|-heal|p1a: Tyranitar|23/100 par|[from] item: Leftovers
|upkeep
|turn|40
|inactive|beeoi has 180 seconds left.
|
|t:|1729353997
|switch|p1a: Claydol|Claydol|94/100 tox
|move|p2a: Blissey|Seismic Toss|p1a: Claydol
|-damage|p1a: Claydol|63/100 tox
|
|-weather|Sandstorm|[upkeep]
|-damage|p2a: Blissey|61/100|[from] Sandstorm
|-heal|p1a: Claydol|70/100 tox|[from] item: Leftovers
|-damage|p1a: Claydol|63/100 tox|[from] psn
|-heal|p2a: Blissey|67/100|[from] item: Leftovers
|upkeep
|turn|41
|inactive|beeoi has 180 seconds left.
|inactive|GShed has 150 seconds left.
|
|t:|1729354009
|switch|p2a: Forretress|Forretress, M|100/100
|move|p1a: Claydol|Explosion|p2a: Forretress
|-resisted|p2a: Forretress
|-damage|p2a: Forretress|63/100
|faint|p1a: Claydol
|
|t:|1729354019
|switch|p1a: Blissey|Blissey, F|100/100
|
|-weather|Sandstorm|[upkeep]
|-damage|p1a: Blissey|94/100|[from] Sandstorm
|-heal|p1a: Blissey|100/100|[from] item: Leftovers
|-heal|p2a: Forretress|69/100|[from] item: Leftovers
|upkeep
|turn|42
|
|t:|1729354031
|switch|p2a: Blissey|Blissey, F|67/100
|move|p1a: Blissey|Flamethrower|p2a: Blissey
|-damage|p2a: Blissey|59/100
|
|-weather|Sandstorm|[upkeep]
|-damage|p1a: Blissey|94/100|[from] Sandstorm
|-damage|p2a: Blissey|53/100|[from] Sandstorm
|-heal|p1a: Blissey|100/100|[from] item: Leftovers
|-heal|p2a: Blissey|59/100|[from] item: Leftovers
|upkeep
|turn|43
|
|t:|1729354046
|switch|p1a: Gengar|Gengar, F|89/100
|move|p2a: Blissey|Soft-Boiled|p2a: Blissey
|-heal|p2a: Blissey|100/100
|
|-weather|Sandstorm|[upkeep]
|-damage|p1a: Gengar|83/100|[from] Sandstorm
|-damage|p2a: Blissey|94/100|[from] Sandstorm
|-heal|p1a: Gengar|89/100|[from] item: Leftovers
|-heal|p2a: Blissey|100/100|[from] item: Leftovers
|upkeep
|turn|44
|
|t:|1729354057
|switch|p1a: Tyranitar|Tyranitar, M|23/100 par
|move|p2a: Blissey|Thunder Wave|p1a: Tyranitar
|-fail|p1a: Tyranitar|par
|
|-weather|Sandstorm|[upkeep]
|-damage|p2a: Blissey|94/100|[from] Sandstorm
|-heal|p2a: Blissey|100/100|[from] item: Leftovers
|-heal|p1a: Tyranitar|29/100 par|[from] item: Leftovers
|upkeep
|turn|45
|
|t:|1729354067
|switch|p1a: Blissey|Blissey, F|100/100
|move|p2a: Blissey|Seismic Toss|p1a: Blissey
|-damage|p1a: Blissey|85/100
|
|-weather|Sandstorm|[upkeep]
|-damage|p1a: Blissey|79/100|[from] Sandstorm
|-damage|p2a: Blissey|94/100|[from] Sandstorm
|-heal|p1a: Blissey|85/100|[from] item: Leftovers
|-heal|p2a: Blissey|100/100|[from] item: Leftovers
|upkeep
|turn|46
|inactive|beeoi has 180 seconds left.
|
|t:|1729354081
|move|p1a: Blissey|Thunder Wave|p2a: Blissey
|-status|p2a: Blissey|par
|cant|p2a: Blissey|par
|
|-weather|Sandstorm|[upkeep]
|-damage|p1a: Blissey|79/100|[from] Sandstorm
|-damage|p2a: Blissey|94/100 par|[from] Sandstorm
|-heal|p1a: Blissey|85/100|[from] item: Leftovers
|-heal|p2a: Blissey|100/100 par|[from] item: Leftovers
|upkeep
|turn|47
|inactive|beeoi has 180 seconds left.
|
|t:|1729354091
|switch|p1a: Tyranitar|Tyranitar, M|29/100 par
|move|p2a: Blissey|Thunder Wave|p1a: Tyranitar
|-fail|p1a: Tyranitar|par
|
|-weather|Sandstorm|[upkeep]
|-damage|p2a: Blissey|94/100 par|[from] Sandstorm
|-heal|p1a: Tyranitar|36/100 par|[from] item: Leftovers
|-heal|p2a: Blissey|100/100 par|[from] item: Leftovers
|upkeep
|turn|48
|inactive|beeoi has 180 seconds left.
|inactive|GShed has 180 seconds left.
|
|t:|1729354103
|move|p2a: Blissey|Seismic Toss|p1a: Tyranitar
|-damage|p1a: Tyranitar|11/100 par
|move|p1a: Tyranitar|Roar|p2a: Blissey
|-curestatus|p2a: Blissey|par|[from] ability: Natural Cure
|drag|p2a: Tyranitar|Tyranitar, F|44/100 brn
|
|-weather|Sandstorm|[upkeep]
|-heal|p2a: Tyranitar|50/100 brn|[from] item: Leftovers
|-damage|p2a: Tyranitar|38/100 brn|[from] brn
|-heal|p1a: Tyranitar|17/100 par|[from] item: Leftovers
|upkeep
|turn|49
|inactive|beeoi has 180 seconds left.
|inactive|GShed has 180 seconds left.
|
|t:|1729354122
|switch|p2a: Blissey|Blissey, F|100/100
|switch|p1a: Blissey|Blissey, F|85/100
|
|-weather|Sandstorm|[upkeep]
|-damage|p1a: Blissey|79/100|[from] Sandstorm
|-damage|p2a: Blissey|94/100|[from] Sandstorm
|-heal|p1a: Blissey|85/100|[from] item: Leftovers
|-heal|p2a: Blissey|100/100|[from] item: Leftovers
|upkeep
|turn|50
|inactive|GShed has 180 seconds left.
|
|t:|1729354136
|move|p1a: Blissey|Flamethrower|p2a: Blissey
|-damage|p2a: Blissey|92/100
|move|p2a: Blissey|Thunder Wave|p1a: Blissey
|-status|p1a: Blissey|par
|
|-weather|Sandstorm|[upkeep]
|-damage|p2a: Blissey|86/100|[from] Sandstorm
|-damage|p1a: Blissey|79/100 par|[from] Sandstorm
|-heal|p2a: Blissey|92/100|[from] item: Leftovers
|-heal|p1a: Blissey|85/100 par|[from] item: Leftovers
|upkeep
|turn|51
|inactive|GShed has 180 seconds left.
|
|t:|1729354158
|switch|p2a: Forretress|Forretress, M|69/100
|move|p1a: Blissey|Hidden Power|p2a: Forretress
|-damage|p2a: Forretress|54/100
|
|-weather|Sandstorm|[upkeep]
|-damage|p1a: Blissey|79/100 par|[from] Sandstorm
|-heal|p2a: Forretress|60/100|[from] item: Leftovers
|-heal|p1a: Blissey|85/100 par|[from] item: Leftovers
|upkeep
|turn|52
|
|t:|1729354170
|move|p2a: Forretress|Spikes|p1a: Blissey
|-sidestart|p1: beeoi|Spikes
|move|p1a: Blissey|Flamethrower|p2a: Forretress
|-supereffective|p2a: Forretress
|-damage|p2a: Forretress|0 fnt
|faint|p2a: Forretress
|inactive|GShed has 150 seconds left.
|
|t:|1729354198
|switch|p2a: Salamence|Salamence, F|100/100
|-ability|p2a: Salamence|Intimidate|boost
|-unboost|p1a: Blissey|atk|1
|
|-weather|Sandstorm|[upkeep]
|-damage|p2a: Salamence|95/100|[from] Sandstorm
|-damage|p1a: Blissey|79/100 par|[from] Sandstorm
|-heal|p2a: Salamence|100/100|[from] item: Leftovers
|-heal|p1a: Blissey|85/100 par|[from] item: Leftovers
|upkeep
|turn|53
|
|t:|1729354212
|move|p2a: Salamence|Brick Break|p1a: Blissey
|-supereffective|p1a: Blissey
|-damage|p1a: Blissey|42/100 par
|move|p1a: Blissey|Thunder Wave|p2a: Salamence
|-status|p2a: Salamence|par
|
|-weather|Sandstorm|[upkeep]
|-damage|p2a: Salamence|95/100 par|[from] Sandstorm
|-damage|p1a: Blissey|36/100 par|[from] Sandstorm
|-heal|p2a: Salamence|100/100 par|[from] item: Leftovers
|-heal|p1a: Blissey|42/100 par|[from] item: Leftovers
|upkeep
|turn|54
|inactive|GShed has 150 seconds left.
|
|t:|1729354231
|-curestatus|p1a: Blissey|par|[from] ability: Natural Cure
|switch|p1a: Tyranitar|Tyranitar, M|17/100 par
|-damage|p1a: Tyranitar|5/100 par|[from] Spikes
|move|p2a: Salamence|Dragon Claw|p1a: Tyranitar
|-damage|p1a: Tyranitar|0 fnt
|faint|p1a: Tyranitar
|
|t:|1729354246
|switch|p1a: Gengar|Gengar, F|89/100
|
|-weather|Sandstorm|[upkeep]
|-damage|p1a: Gengar|83/100|[from] Sandstorm
|-damage|p2a: Salamence|95/100 par|[from] Sandstorm
|-heal|p1a: Gengar|89/100|[from] item: Leftovers
|-heal|p2a: Salamence|100/100 par|[from] item: Leftovers
|upkeep
|turn|55
|
|t:|1729354259
|switch|p2a: Blissey|Blissey, F|92/100
|move|p1a: Gengar|Ice Punch|p2a: Blissey
|-damage|p2a: Blissey|84/100
|
|-weather|Sandstorm|[upkeep]
|-damage|p1a: Gengar|83/100|[from] Sandstorm
|-damage|p2a: Blissey|78/100|[from] Sandstorm
|-heal|p1a: Gengar|89/100|[from] item: Leftovers
|-heal|p2a: Blissey|84/100|[from] item: Leftovers
|upkeep
|turn|56
|
|t:|1729354272
|switch|p1a: Blissey|Blissey, F|42/100
|-damage|p1a: Blissey|29/100|[from] Spikes
|move|p2a: Blissey|Thunder Wave|p1a: Blissey
|-status|p1a: Blissey|par
|
|-weather|Sandstorm|[upkeep]
|-damage|p2a: Blissey|78/100|[from] Sandstorm
|-damage|p1a: Blissey|23/100 par|[from] Sandstorm
|-heal|p2a: Blissey|84/100|[from] item: Leftovers
|-heal|p1a: Blissey|29/100 par|[from] item: Leftovers
|upkeep
|turn|57
|
|t:|1729354286
|switch|p2a: Salamence|Salamence, F|100/100 par
|-ability|p2a: Salamence|Intimidate|boost
|-unboost|p1a: Blissey|atk|1
|move|p1a: Blissey|Soft-Boiled|p1a: Blissey
|-heal|p1a: Blissey|79/100 par
|
|-weather|Sandstorm|[upkeep]
|-damage|p2a: Salamence|95/100 par|[from] Sandstorm
|-damage|p1a: Blissey|73/100 par|[from] Sandstorm
|-heal|p2a: Salamence|100/100 par|[from] item: Leftovers
|-heal|p1a: Blissey|79/100 par|[from] item: Leftovers
|upkeep
|turn|58
|
|t:|1729354298
|-curestatus|p1a: Blissey|par|[from] ability: Natural Cure
|switch|p1a: Gengar|Gengar, F|89/100
|move|p2a: Salamence|Dragon Claw|p1a: Gengar
|-damage|p1a: Gengar|42/100
|
|-weather|Sandstorm|[upkeep]
|-damage|p1a: Gengar|35/100|[from] Sandstorm
|-damage|p2a: Salamence|95/100 par|[from] Sandstorm
|-heal|p1a: Gengar|42/100|[from] item: Leftovers
|-heal|p2a: Salamence|100/100 par|[from] item: Leftovers
|upkeep
|turn|59
|
|t:|1729354311
|switch|p2a: Blissey|Blissey, F|84/100
|move|p1a: Gengar|Ice Punch|p2a: Blissey
|-damage|p2a: Blissey|76/100
|
|-weather|Sandstorm|[upkeep]
|-damage|p1a: Gengar|35/100|[from] Sandstorm
|-damage|p2a: Blissey|69/100|[from] Sandstorm
|-heal|p1a: Gengar|42/100|[from] item: Leftovers
|-heal|p2a: Blissey|76/100|[from] item: Leftovers
|upkeep
|turn|60
|
|t:|1729354322
|move|p1a: Gengar|Will-O-Wisp|p2a: Blissey
|-status|p2a: Blissey|brn
|move|p2a: Blissey|Thunder Wave|p1a: Gengar
|-status|p1a: Gengar|par
|
|-weather|Sandstorm|[upkeep]
|-damage|p2a: Blissey|69/100 brn|[from] Sandstorm
|-damage|p1a: Gengar|35/100 par|[from] Sandstorm
|-heal|p2a: Blissey|76/100 brn|[from] item: Leftovers
|-damage|p2a: Blissey|63/100 brn|[from] brn
|-heal|p1a: Gengar|42/100 par|[from] item: Leftovers
|upkeep
|turn|61
|inactive|beeoi has 150 seconds left.
|
|t:|1729354343
|move|p2a: Blissey|Soft-Boiled|p2a: Blissey
|-heal|p2a: Blissey|100/100 brn
|move|p1a: Gengar|Ice Punch|p2a: Blissey
|-damage|p2a: Blissey|93/100 brn
|
|-weather|Sandstorm|[upkeep]
|-damage|p2a: Blissey|87/100 brn|[from] Sandstorm
|-damage|p1a: Gengar|35/100 par|[from] Sandstorm
|-heal|p2a: Blissey|93/100 brn|[from] item: Leftovers
|-damage|p2a: Blissey|81/100 brn|[from] brn
|-heal|p1a: Gengar|42/100 par|[from] item: Leftovers
|upkeep
|turn|62
|inactive|beeoi has 150 seconds left.
|
|t:|1729354359
|-curestatus|p2a: Blissey|brn|[from] ability: Natural Cure
|switch|p2a: Tyranitar|Tyranitar, F|38/100 brn
|move|p1a: Gengar|Ice Punch|p2a: Tyranitar
|-damage|p2a: Tyranitar|21/100 brn
|
|-weather|Sandstorm|[upkeep]
|-damage|p1a: Gengar|35/100 par|[from] Sandstorm
|-heal|p2a: Tyranitar|27/100 brn|[from] item: Leftovers
|-damage|p2a: Tyranitar|14/100 brn|[from] brn
|-heal|p1a: Gengar|42/100 par|[from] item: Leftovers
|upkeep
|turn|63
|inactive|beeoi has 150 seconds left.
|
|t:|1729354378
|-activate|p1a: Gengar|move: Pursuit
|move|p2a: Tyranitar|Pursuit|p1a: Gengar|[from]Pursuit
|-supereffective|p1a: Gengar
|-damage|p1a: Gengar|0 fnt
|faint|p1a: Gengar
|-hint|Previously chosen switches continue in Gen 2-4 after a Pursuit target faints.
|switch|p1a: Blissey|Blissey, F|79/100
|-damage|p1a: Blissey|67/100|[from] Spikes
|
|-weather|Sandstorm|[upkeep]
|-damage|p1a: Blissey|61/100|[from] Sandstorm
|-heal|p2a: Tyranitar|20/100 brn|[from] item: Leftovers
|-damage|p2a: Tyranitar|8/100 brn|[from] brn
|-heal|p1a: Blissey|67/100|[from] item: Leftovers
|upkeep
|turn|64
|inactive|beeoi has 150 seconds left.
|inactive|GShed has 150 seconds left.
|
|t:|1729354403
|move|p2a: Tyranitar|Crunch|p1a: Blissey
|-damage|p1a: Blissey|52/100
|-unboost|p1a: Blissey|spd|1
|move|p1a: Blissey|Soft-Boiled|p1a: Blissey
|-heal|p1a: Blissey|100/100
|
|-weather|Sandstorm|[upkeep]
|-damage|p1a: Blissey|94/100|[from] Sandstorm
|-heal|p2a: Tyranitar|14/100 brn|[from] item: Leftovers
|-damage|p2a: Tyranitar|2/100 brn|[from] brn
|-heal|p1a: Blissey|100/100|[from] item: Leftovers
|upkeep
|turn|65
|inactive|GShed has 150 seconds left.
|
|t:|1729354420
|move|p2a: Tyranitar|Crunch|p1a: Blissey
|-damage|p1a: Blissey|78/100
|move|p1a: Blissey|Soft-Boiled|p1a: Blissey
|-heal|p1a: Blissey|100/100
|
|-weather|Sandstorm|[upkeep]
|-damage|p1a: Blissey|94/100|[from] Sandstorm
|-heal|p2a: Tyranitar|8/100 brn|[from] item: Leftovers
|-damage|p2a: Tyranitar|0 fnt|[from] brn
|faint|p2a: Tyranitar
|-heal|p1a: Blissey|100/100|[from] item: Leftovers
|upkeep
|inactive|GShed has 150 seconds left.
|
|t:|1729354440
|switch|p2a: Blissey|Blissey, F|81/100
|turn|66
|inactive|beeoi has 120 seconds left.
|
|t:|1729354466
|move|p1a: Blissey|Flamethrower|p2a: Blissey
|-damage|p2a: Blissey|72/100
|move|p2a: Blissey|Thunder Wave|p1a: Blissey
|-status|p1a: Blissey|par
|
|-weather|Sandstorm|[upkeep]
|-damage|p2a: Blissey|66/100|[from] Sandstorm
|-damage|p1a: Blissey|94/100 par|[from] Sandstorm
|-heal|p2a: Blissey|72/100|[from] item: Leftovers
|-heal|p1a: Blissey|100/100 par|[from] item: Leftovers
|upkeep
|turn|67
|inactive|beeoi has 120 seconds left.
|inactive|GShed has 150 seconds left.
|
|t:|1729354479
|move|p2a: Blissey|Seismic Toss|p1a: Blissey
|-damage|p1a: Blissey|85/100 par
|move|p1a: Blissey|Flamethrower|p2a: Blissey
|-damage|p2a: Blissey|65/100
|
|-weather|Sandstorm|[upkeep]
|-damage|p2a: Blissey|58/100|[from] Sandstorm
|-damage|p1a: Blissey|79/100 par|[from] Sandstorm
|-heal|p2a: Blissey|65/100|[from] item: Leftovers
|-heal|p1a: Blissey|85/100 par|[from] item: Leftovers
|upkeep
|turn|68
|inactive|beeoi has 120 seconds left.
|inactive|GShed has 150 seconds left.
|
|t:|1729354493
|move|p2a: Blissey|Soft-Boiled|p2a: Blissey
|-heal|p2a: Blissey|100/100
|cant|p1a: Blissey|par
|
|-weather|Sandstorm|[upkeep]
|-damage|p2a: Blissey|94/100|[from] Sandstorm
|-damage|p1a: Blissey|79/100 par|[from] Sandstorm
|-heal|p2a: Blissey|100/100|[from] item: Leftovers
|-heal|p1a: Blissey|85/100 par|[from] item: Leftovers
|upkeep
|turn|69
|
|t:|1729354502
|switch|p2a: Salamence|Salamence, F|100/100 par
|-ability|p2a: Salamence|Intimidate|boost
|-unboost|p1a: Blissey|atk|1
|move|p1a: Blissey|Flamethrower|p2a: Salamence
|-resisted|p2a: Salamence
|-damage|p2a: Salamence|86/100 par
|
|-weather|Sandstorm|[upkeep]
|-damage|p2a: Salamence|80/100 par|[from] Sandstorm
|-damage|p1a: Blissey|79/100 par|[from] Sandstorm
|-heal|p2a: Salamence|86/100 par|[from] item: Leftovers
|-heal|p1a: Blissey|85/100 par|[from] item: Leftovers
|upkeep
|turn|70
|
|t:|1729354515
|-curestatus|p1a: Blissey|par|[from] ability: Natural Cure
|switch|p1a: Aerodactyl|Aerodactyl, F|100/100
|move|p2a: Salamence|Brick Break|p1a: Aerodactyl
|-damage|p1a: Aerodactyl|63/100
|
|-weather|Sandstorm|[upkeep]
|-damage|p2a: Salamence|80/100 par|[from] Sandstorm
|-heal|p2a: Salamence|86/100 par|[from] item: Leftovers
|upkeep
|turn|71
|
|t:|1729354527
|switch|p2a: Jirachi|Jirachi|57/100 par
|move|p1a: Aerodactyl|Rock Slide|p2a: Jirachi
|-resisted|p2a: Jirachi
|-damage|p2a: Jirachi|41/100 par
|
|-weather|Sandstorm|[upkeep]
|-heal|p2a: Jirachi|47/100 par|[from] item: Leftovers
|upkeep
|turn|72
|
|t:|1729354536
|move|p1a: Aerodactyl|Rock Slide|p2a: Jirachi
|-resisted|p2a: Jirachi
|-damage|p2a: Jirachi|30/100 par
|move|p2a: Jirachi|Toxic|p1a: Aerodactyl
|-status|p1a: Aerodactyl|tox
|
|-weather|Sandstorm|[upkeep]
|-damage|p1a: Aerodactyl|57/100 tox|[from] psn
|-heal|p2a: Jirachi|36/100 par|[from] item: Leftovers
|upkeep
|turn|73
|
|t:|1729354546
|switch|p1a: Blissey|Blissey, F|85/100
|-damage|p1a: Blissey|73/100|[from] Spikes
|move|p2a: Jirachi|Protect||[still]
|-fail|p2a: Jirachi
|
|-weather|Sandstorm|[upkeep]
|-damage|p1a: Blissey|67/100|[from] Sandstorm
|-heal|p1a: Blissey|73/100|[from] item: Leftovers
|-heal|p2a: Jirachi|43/100 par|[from] item: Leftovers
|upkeep
|turn|74
|
|t:|1729354557
|switch|p2a: Salamence|Salamence, F|86/100 par
|-ability|p2a: Salamence|Intimidate|boost
|-unboost|p1a: Blissey|atk|1
|move|p1a: Blissey|Flamethrower|p2a: Salamence
|-resisted|p2a: Salamence
|-damage|p2a: Salamence|73/100 par
|
|-weather|Sandstorm|[upkeep]
|-damage|p1a: Blissey|67/100|[from] Sandstorm
|-damage|p2a: Salamence|67/100 par|[from] Sandstorm
|-heal|p1a: Blissey|73/100|[from] item: Leftovers
|-heal|p2a: Salamence|73/100 par|[from] item: Leftovers
|upkeep
|turn|75
|
|t:|1729354574
|move|p1a: Blissey|Hidden Power|p2a: Salamence
|-resisted|p2a: Salamence
|-damage|p2a: Salamence|62/100 par
|move|p2a: Salamence|Brick Break|p1a: Blissey
|-supereffective|p1a: Blissey
|-damage|p1a: Blissey|28/100
|
|-weather|Sandstorm|[upkeep]
|-damage|p1a: Blissey|22/100|[from] Sandstorm
|-damage|p2a: Salamence|56/100 par|[from] Sandstorm
|-heal|p1a: Blissey|28/100|[from] item: Leftovers
|-heal|p2a: Salamence|62/100 par|[from] item: Leftovers
|upkeep
|turn|76
|
|t:|1729354586
|move|p1a: Blissey|Soft-Boiled|p1a: Blissey
|-heal|p1a: Blissey|78/100
|cant|p2a: Salamence|par
|
|-weather|Sandstorm|[upkeep]
|-damage|p1a: Blissey|72/100|[from] Sandstorm
|-damage|p2a: Salamence|56/100 par|[from] Sandstorm
|-heal|p1a: Blissey|78/100|[from] item: Leftovers
|-heal|p2a: Salamence|62/100 par|[from] item: Leftovers
|upkeep
|turn|77
|
|t:|1729354602
|move|p1a: Blissey|Flamethrower|p2a: Salamence
|-resisted|p2a: Salamence
|-damage|p2a: Salamence|48/100 par
|move|p2a: Salamence|Brick Break|p1a: Blissey
|-supereffective|p1a: Blissey
|-damage|p1a: Blissey|37/100
|
|-weather|Sandstorm|[upkeep]
|-damage|p1a: Blissey|31/100|[from] Sandstorm
|-damage|p2a: Salamence|42/100 par|[from] Sandstorm
|-heal|p1a: Blissey|37/100|[from] item: Leftovers
|-heal|p2a: Salamence|48/100 par|[from] item: Leftovers
|upkeep
|turn|78
|
|t:|1729354614
|move|p1a: Blissey|Soft-Boiled|p1a: Blissey
|-heal|p1a: Blissey|87/100
|cant|p2a: Salamence|par
|
|-weather|Sandstorm|[upkeep]
|-damage|p1a: Blissey|81/100|[from] Sandstorm
|-damage|p2a: Salamence|42/100 par|[from] Sandstorm
|-heal|p1a: Blissey|87/100|[from] item: Leftovers
|-heal|p2a: Salamence|48/100 par|[from] item: Leftovers
|upkeep
|turn|79
|inactive|GShed has 180 seconds left.
|
|t:|1729354624
|switch|p2a: Blissey|Blissey, F|100/100
|move|p1a: Blissey|Hidden Power|p2a: Blissey
|-damage|p2a: Blissey|94/100
|
|-weather|Sandstorm|[upkeep]
|-damage|p1a: Blissey|81/100|[from] Sandstorm
|-damage|p2a: Blissey|88/100|[from] Sandstorm
|-heal|p1a: Blissey|87/100|[from] item: Leftovers
|-heal|p2a: Blissey|94/100|[from] item: Leftovers
|upkeep
|turn|80
|
|t:|1729354635
|switch|p1a: Aerodactyl|Aerodactyl, F|57/100 tox
|move|p2a: Blissey|Thunder Wave||[still]
|-fail|p2a: Blissey
|
|-weather|Sandstorm|[upkeep]
|-damage|p2a: Blissey|88/100|[from] Sandstorm
|-damage|p1a: Aerodactyl|51/100 tox|[from] psn
|-heal|p2a: Blissey|94/100|[from] item: Leftovers
|upkeep
|turn|81
|inactive|GShed has 180 seconds left.
|
|t:|1729354654
|switch|p2a: Jirachi|Jirachi|43/100 par
|move|p1a: Aerodactyl|Rock Slide|p2a: Jirachi
|-resisted|p2a: Jirachi
|-damage|p2a: Jirachi|27/100 par
|
|-weather|Sandstorm|[upkeep]
|-damage|p1a: Aerodactyl|40/100 tox|[from] psn
|-heal|p2a: Jirachi|33/100 par|[from] item: Leftovers
|upkeep
|turn|82
|inactive|beeoi has 120 seconds left.
|
|t:|1729354672
|cant|p2a: Jirachi|par
|move|p1a: Aerodactyl|Rock Slide|p2a: Jirachi
|-resisted|p2a: Jirachi
|-damage|p2a: Jirachi|17/100 par
|
|-weather|Sandstorm|[upkeep]
|-damage|p1a: Aerodactyl|22/100 tox|[from] psn
|-heal|p2a: Jirachi|23/100 par|[from] item: Leftovers
|upkeep
|turn|83
|
|t:|1729354681
|switch|p1a: Blissey|Blissey, F|87/100
|-damage|p1a: Blissey|74/100|[from] Spikes
|move|p2a: Jirachi|Protect||[still]
|-fail|p2a: Jirachi
|
|-weather|Sandstorm|[upkeep]
|-damage|p1a: Blissey|68/100|[from] Sandstorm
|-heal|p1a: Blissey|74/100|[from] item: Leftovers
|-heal|p2a: Jirachi|29/100 par|[from] item: Leftovers
|upkeep
|turn|84
|
|t:|1729354692
|switch|p2a: Blissey|Blissey, F|94/100
|move|p1a: Blissey|Flamethrower|p2a: Blissey
|-damage|p2a: Blissey|86/100
|-status|p2a: Blissey|brn
|
|-weather|Sandstorm|[upkeep]
|-damage|p1a: Blissey|68/100|[from] Sandstorm
|-damage|p2a: Blissey|79/100 brn|[from] Sandstorm
|-heal|p1a: Blissey|74/100|[from] item: Leftovers
|-heal|p2a: Blissey|86/100 brn|[from] item: Leftovers
|-damage|p2a: Blissey|73/100 brn|[from] brn
|upkeep
|turn|85
|inactive|beeoi has 120 seconds left.
|
|t:|1729354709
|move|p1a: Blissey|Flamethrower|p2a: Blissey
|-damage|p2a: Blissey|65/100 brn
|move|p2a: Blissey|Thunder Wave|p1a: Blissey
|-status|p1a: Blissey|par
|
|-weather|Sandstorm|[upkeep]
|-damage|p2a: Blissey|59/100 brn|[from] Sandstorm
|-damage|p1a: Blissey|68/100 par|[from] Sandstorm
|-heal|p2a: Blissey|65/100 brn|[from] item: Leftovers
|-damage|p2a: Blissey|52/100 brn|[from] brn
|-heal|p1a: Blissey|74/100 par|[from] item: Leftovers
|upkeep
|turn|86
|inactive|beeoi has 120 seconds left.
|
|t:|1729354723
|move|p2a: Blissey|Soft-Boiled|p2a: Blissey
|-heal|p2a: Blissey|100/100 brn
|move|p1a: Blissey|Hidden Power|p2a: Blissey
|-crit|p2a: Blissey
|-damage|p2a: Blissey|89/100 brn
|
|-weather|Sandstorm|[upkeep]
|-damage|p2a: Blissey|83/100 brn|[from] Sandstorm
|-damage|p1a: Blissey|68/100 par|[from] Sandstorm
|-heal|p2a: Blissey|89/100 brn|[from] item: Leftovers
|-damage|p2a: Blissey|76/100 brn|[from] brn
|-heal|p1a: Blissey|74/100 par|[from] item: Leftovers
|upkeep
|turn|87
|inactive|beeoi has 120 seconds left.
|
|t:|1729354735
|-curestatus|p1a: Blissey|par|[from] ability: Natural Cure
|switch|p1a: Aerodactyl|Aerodactyl, F|22/100 tox
|move|p2a: Blissey|Seismic Toss|p1a: Aerodactyl
|-damage|p1a: Aerodactyl|0 fnt
|faint|p1a: Aerodactyl
|inactive|beeoi has 120 seconds left.
|c|☆beeoi|welp, GG
|c|☆GShed|GG
|-message|beeoi forfeited.
|
|win|GShed
|player|p1|
|player|p1|beeoi|mustard-master|

</script>
<script type="application/json" class="data" id="replaydata-smogtours-gen3ou-799917">
{"id":"smogtours-gen3ou-799917","format":"[Gen 3] OU","players":["beeoi","GShed"],"uploadtime":1729354752,"views":113,"formatid":"gen3ou","rating":null,"private":0,"password":null}
</script>

<script defer src="js/replays.js?9d40a366"></script>
