<!DOCTYPE html>
<meta charset="utf-8" />
<meta name="viewport" content="width=device-width" />

<title>[Gen 3] OU: CazabichosPablo vs. triangles - Replays - Pok&eacute;mon Showdown!</title>

<meta name="description" content="Watch a replay of a Pok&eacute;mon battle between CazabichosPablo and triangles! Format: [Gen 3] OU; Date: Oct 17, 2024" />
<!--

Hey, you! Looking in the source for the replay log?

You can find them in JSON format, just add `.json` at the end of a replay URL.

https://replay.pokemonshowdown.com/gen7randomdoublesbattle-865046831.json

Or, if you only need the log itself, add `.log` instead:

https://replay.pokemonshowdown.com/gen7randomdoublesbattle-865046831.log

-->

<link rel="stylesheet" href="//pokemonshowdown.com/style/global.css?0.767286132409787" />
<link rel="stylesheet" href="//play.pokemonshowdown.com/style/font-awesome.css?0.9266228007934947" />
<link rel="stylesheet" href="//play.pokemonshowdown.com/style/battle.css?0.7924700842790926" />
<link rel="stylesheet" href="//play.pokemonshowdown.com/style/utilichart.css?0.8777417872839479" />

<!-- Global site tag (gtag.js) - Google Analytics -->
<script async src="https://www.googletagmanager.com/gtag/js?id=UA-26211653-1"></script>
<script>
  window.dataLayer = window.dataLayer || [];
  function gtag(){dataLayer.push(arguments);}
  gtag('js', new Date());

  gtag('config', 'UA-26211653-1');
</script>
<!-- End Google Analytics -->
<!-- Venatus Ad Manager - Install in <HEAD> of page -->
	<script src="https://hb.vntsm.com/v3/live/ad-manager.min.js" type="text/javascript" data-site-id="642aba63ec9a7b11c3c9c1be" data-mode="scan" async></script>
<!-- / Venatus Ad Manager -->

<style>
	@media (max-width:820px) {
		.battle {
			margin: 0 auto;
		}
		.battle-log {
			margin: 7px auto 0;
			max-width: 640px;
			height: 300px;
			position: static;
		}
	}
	.optgroup {
		display: inline-block;
		line-height: 22px;
		font-size: 10pt;
	}
	.optgroup .button {
		height: 25px;
		padding-top: 0;
		padding-bottom: 0;
	}
	.optgroup button.button {
		padding-left: 12px;
		padding-right: 12px;
	}
	.linklist {
		list-style: none;
		margin: 0.5em 0;
		padding: 0;
	}
	.linklist li {
		padding: 2px 0;
	}
	.sidebar {
		float: left;
		width: 320px;
	}
	.bar-wrapper {
		max-width: 1100px;
		margin: 0 auto;
	}
	.bar-wrapper.has-sidebar {
		max-width: 1430px;
	}
	.mainbar {
		margin: 0;
		padding-right: 1px;
	}
	.mainbar.has-sidebar {
		margin-left: 330px;
	}
	@media (min-width: 1511px) {
		.sidebar {
			width: 400px;
		}
		.bar-wrapper.has-sidebar {
			max-width: 1510px;
		}
		.mainbar.has-sidebar {
			margin-left: 410px;
		}
	}
	.section.first-section {
		margin-top: 9px;
	}
	.blocklink small {
		white-space: normal;
	}
	.button {
		vertical-align: middle;
	}
	.replay-controls {
		padding-top: 10px;
	}
	.replay-controls h1 {
		font-size: 16pt;
		font-weight: normal;
		color: #CCC;
	}
	.pagelink {
		text-align: center;
	}
	.pagelink a {
		width: 150px;
	}
	.textbox, .button {
		font-size: 11pt;
		vertical-align: middle;
	}
	@media (max-width: 450px) {
		.button {
			font-size: 9pt;
		}
	}
</style>

<div>

	<header>
		<div class="nav-wrapper"><ul class="nav">
			<li><a class="button nav-first" href="//pokemonshowdown.com/"><img src="//pokemonshowdown.com/images/pokemonshowdownbeta.png" srcset="//pokemonshowdown.com/images/pokemonshowdownbeta.png 1x, //pokemonshowdown.com/images/pokemonshowdownbeta@2x.png 2x" alt="Pok&eacute;mon Showdown" width="146" height="44" /> Home</a></li>
			<li><a class="button" href="//pokemonshowdown.com/dex/">Pok&eacute;dex</a></li>
			<li><a class="button cur" href="/">Replays</a></li>
			<li><a class="button" href="//pokemonshowdown.com/ladder/">Ladder</a></li>
			<li><a class="button nav-last" href="//pokemonshowdown.com/forums/">Forum</a></li>
			<li><a class="button greenbutton nav-first nav-last" href="//play.pokemonshowdown.com/">Play</a></li>
		</ul></div>
	</header>

	<div class="main" id="main">

		<noscript><section class="section">You need to enable JavaScript to use this page; sorry!</section></noscript>

	</div>

</div>

<script defer nomodule src="//play.pokemonshowdown.com/js/lib/ps-polyfill.js"></script>
<script defer src="//play.pokemonshowdown.com/js/lib/preact.min.js"></script>

<script defer src="//play.pokemonshowdown.com/config/config.js?6dec07f6"></script>
<script defer src="//play.pokemonshowdown.com/js/lib/jquery-1.11.0.min.js"></script>
<script defer src="//play.pokemonshowdown.com/js/lib/html-sanitizer-minified.js"></script>
<script defer src="//play.pokemonshowdown.com/js/battle-sound.js"></script>
<script defer src="//play.pokemonshowdown.com/js/battledata.js?0.6315294753075389"></script>
<script defer src="//play.pokemonshowdown.com/data/pokedex-mini.js?0.7603743185311358"></script>
<script defer src="//play.pokemonshowdown.com/data/pokedex-mini-bw.js?0.030888842834281283"></script>
<script defer src="//play.pokemonshowdown.com/data/graphics.js?0.05593094747507488"></script>
<script defer src="//play.pokemonshowdown.com/data/pokedex.js?0.47064822249611904"></script>
<script defer src="//play.pokemonshowdown.com/data/moves.js?0.8583693120512459"></script>
<script defer src="//play.pokemonshowdown.com/data/abilities.js?0.16017181182386842"></script>
<script defer src="//play.pokemonshowdown.com/data/items.js?0.4163379185673943"></script>
<script defer src="//play.pokemonshowdown.com/data/teambuilder-tables.js?0.31075597372830477"></script>
<script defer src="//play.pokemonshowdown.com/js/battle-tooltips.js?0.6536193500708172"></script>
<script defer src="//play.pokemonshowdown.com/js/battle.js?0.1916591943277901"></script>

<script defer src="js/utils.js?e31f9a17"></script>
<script defer src="js/replays-battle.js?7008c182"></script>

<!-- don't scrape this data! just add .json or .log after the URL!
Full API docs: https://github.com/smogon/pokemon-showdown-client/blob/master/WEB-API.md -->
<script type="text/plain" class="log" id="replaylog-smogtours-gen3ou-799250">
|inactive|Battle timer is ON: inactive players will automatically lose when time's up.
|t:|1729162141
|gametype|singles
|player|p1|CazabichosPablo|2|
|player|p2|triangles|lucas|
|teamsize|p1|6
|teamsize|p2|6
|gen|3
|tier|[Gen 3] OU
|rule|Sleep Clause Mod: Limit one foe put to sleep
|rule|Switch Priority Clause Mod: Faster Pokémon switch first
|rule|Species Clause: Limit one of each Pokémon
|rule|OHKO Clause: OHKO moves are banned
|rule|Evasion Items Clause: Evasion items are banned
|rule|Evasion Moves Clause: Evasion moves are banned
|rule|Endless Battle Clause: Forcing endless battles is banned
|rule|HP Percentage Mod: HP is shown in percentages
|rule|One Boost Passer Clause: Limit one Baton Passer that has a way to boost its stats
|rule|Freeze Clause Mod: Limit one foe frozen
|
|t:|1729162141
|start
|switch|p1a: Tyranitar|Tyranitar, F|100/100
|switch|p2a: Zapdos|Zapdos|100/100
|-weather|Sandstorm|[from] ability: Sand Stream|[of] p1a: Tyranitar
|turn|1
|c|☆triangles|hf
|c|☆CazabichosPablo|hf
|
|t:|1729162168
|move|p2a: Zapdos|Thunder Wave|p1a: Tyranitar
|-status|p1a: Tyranitar|par
|-enditem|p1a: Tyranitar|Lum Berry|[eat]
|-curestatus|p1a: Tyranitar|par|[msg]
|move|p1a: Tyranitar|Ancient Power|p2a: Zapdos
|-supereffective|p2a: Zapdos
|-damage|p2a: Zapdos|57/100
|
|-weather|Sandstorm|[upkeep]
|-damage|p2a: Zapdos|51/100|[from] Sandstorm
|-heal|p2a: Zapdos|57/100|[from] item: Leftovers
|upkeep
|turn|2
|
|t:|1729162179
|move|p2a: Zapdos|Thunder Wave|p1a: Tyranitar
|-status|p1a: Tyranitar|par
|move|p1a: Tyranitar|Ancient Power|p2a: Zapdos
|-supereffective|p2a: Zapdos
|-damage|p2a: Zapdos|20/100
|
|-weather|Sandstorm|[upkeep]
|-damage|p2a: Zapdos|14/100|[from] Sandstorm
|-heal|p2a: Zapdos|20/100|[from] item: Leftovers
|upkeep
|turn|3
|
|t:|1729162203
|switch|p2a: Medicham|Medicham, M, shiny|100/100
|move|p1a: Tyranitar|Ancient Power|p2a: Medicham
|-resisted|p2a: Medicham
|-damage|p2a: Medicham|80/100
|
|-weather|Sandstorm|[upkeep]
|-damage|p2a: Medicham|74/100|[from] Sandstorm
|-heal|p2a: Medicham|80/100|[from] item: Leftovers
|upkeep
|turn|4
|
|t:|1729162220
|move|p2a: Medicham|Substitute|p2a: Medicham
|-start|p2a: Medicham|Substitute
|-damage|p2a: Medicham|55/100
|move|p1a: Tyranitar|Fire Blast|p2a: Medicham
|-end|p2a: Medicham|Substitute
|
|-weather|Sandstorm|[upkeep]
|-damage|p2a: Medicham|49/100|[from] Sandstorm
|-heal|p2a: Medicham|55/100|[from] item: Leftovers
|upkeep
|turn|5
|
|t:|1729162227
|move|p2a: Medicham|Substitute|p2a: Medicham
|-start|p2a: Medicham|Substitute
|-damage|p2a: Medicham|30/100
|move|p1a: Tyranitar|Fire Blast|p2a: Medicham
|-end|p2a: Medicham|Substitute
|
|-weather|Sandstorm|[upkeep]
|-damage|p2a: Medicham|24/100|[from] Sandstorm
|-heal|p2a: Medicham|30/100|[from] item: Leftovers
|upkeep
|turn|6
|
|t:|1729162253
|switch|p1a: Manin|Gengar, F|100/100
|move|p2a: Medicham|Recover|p2a: Medicham
|-heal|p2a: Medicham|80/100
|
|-weather|Sandstorm|[upkeep]
|-damage|p1a: Manin|94/100|[from] Sandstorm
|-damage|p2a: Medicham|74/100|[from] Sandstorm
|-heal|p1a: Manin|100/100|[from] item: Leftovers
|-heal|p2a: Medicham|80/100|[from] item: Leftovers
|upkeep
|turn|7
|
|t:|1729162271
|switch|p1a: Skarmory|Skarmory, F|100/100
|switch|p2a: Blissey|Blissey, F, shiny|100/100
|
|-weather|Sandstorm|[upkeep]
|-damage|p2a: Blissey|94/100|[from] Sandstorm
|-heal|p2a: Blissey|100/100|[from] item: Leftovers
|upkeep
|turn|8
|
|t:|1729162275
|move|p1a: Skarmory|Spikes|p2a: Blissey
|-sidestart|p2: triangles|Spikes
|move|p2a: Blissey|Thunder Wave|p1a: Skarmory
|-status|p1a: Skarmory|par
|
|-weather|Sandstorm|[upkeep]
|-damage|p2a: Blissey|94/100|[from] Sandstorm
|-heal|p2a: Blissey|100/100|[from] item: Leftovers
|upkeep
|turn|9
|
|t:|1729162287
|move|p2a: Blissey|Seismic Toss|p1a: Skarmory
|-damage|p1a: Skarmory|71/100 par
|move|p1a: Skarmory|Spikes|p2a: Blissey
|-sidestart|p2: triangles|Spikes
|
|-weather|Sandstorm|[upkeep]
|-damage|p2a: Blissey|94/100|[from] Sandstorm
|-heal|p2a: Blissey|100/100|[from] item: Leftovers
|-heal|p1a: Skarmory|77/100 par|[from] item: Leftovers
|upkeep
|turn|10
|
|t:|1729162292
|switch|p2a: Starmie|Starmie, shiny|100/100
|-damage|p2a: Starmie|84/100|[from] Spikes
|cant|p1a: Skarmory|par
|
|-weather|Sandstorm|[upkeep]
|-damage|p2a: Starmie|78/100|[from] Sandstorm
|-heal|p2a: Starmie|84/100|[from] item: Leftovers
|-heal|p1a: Skarmory|83/100 par|[from] item: Leftovers
|upkeep
|turn|11
|
|t:|1729162302
|move|p2a: Starmie|Thunder Wave|p1a: Skarmory
|-fail|p1a: Skarmory|par
|move|p1a: Skarmory|Toxic|p2a: Starmie
|-status|p2a: Starmie|tox
|
|-weather|Sandstorm|[upkeep]
|-damage|p2a: Starmie|78/100 tox|[from] Sandstorm
|-heal|p2a: Starmie|84/100 tox|[from] item: Leftovers
|-damage|p2a: Starmie|78/100 tox|[from] psn
|-heal|p1a: Skarmory|89/100 par|[from] item: Leftovers
|upkeep
|turn|12
|
|t:|1729162326
|-curestatus|p2a: Starmie|tox|[from] ability: Natural Cure
|switch|p2a: Zapdos|Zapdos|20/100
|move|p1a: Skarmory|Protect||[still]
|-fail|p1a: Skarmory
|
|-weather|Sandstorm|[upkeep]
|-damage|p2a: Zapdos|14/100|[from] Sandstorm
|-heal|p2a: Zapdos|20/100|[from] item: Leftovers
|-heal|p1a: Skarmory|95/100 par|[from] item: Leftovers
|upkeep
|turn|13
|
|t:|1729162332
|switch|p1a: Tyranitar|Tyranitar, F|100/100 par
|move|p2a: Zapdos|Thunderbolt|p1a: Tyranitar
|-damage|p1a: Tyranitar|64/100 par
|
|-weather|Sandstorm|[upkeep]
|-damage|p2a: Zapdos|14/100|[from] Sandstorm
|-heal|p2a: Zapdos|20/100|[from] item: Leftovers
|upkeep
|turn|14
|
|t:|1729162356
|switch|p2a: Gyarados|Gyarados, M, shiny|100/100
|-ability|p2a: Gyarados|Intimidate|boost
|-unboost|p1a: Tyranitar|atk|1
|move|p1a: Tyranitar|Ancient Power|p2a: Gyarados
|-supereffective|p2a: Gyarados
|-damage|p2a: Gyarados|58/100
|
|-weather|Sandstorm|[upkeep]
|-damage|p2a: Gyarados|52/100|[from] Sandstorm
|-heal|p2a: Gyarados|58/100|[from] item: Leftovers
|upkeep
|turn|15
|inactive|triangles has 270 seconds left.
|
|t:|1729162371
|move|p2a: Gyarados|Earthquake|p1a: Tyranitar
|-supereffective|p1a: Tyranitar
|-damage|p1a: Tyranitar|0 fnt
|faint|p1a: Tyranitar
|
|t:|1729162376
|switch|p1a: Aerodactyl|Aerodactyl, F|100/100
|
|-weather|Sandstorm|[upkeep]
|-damage|p2a: Gyarados|52/100|[from] Sandstorm
|-heal|p2a: Gyarados|58/100|[from] item: Leftovers
|upkeep
|turn|16
|
|t:|1729162381
|switch|p2a: Metagross|Metagross, shiny|100/100
|-damage|p2a: Metagross|84/100|[from] Spikes
|move|p1a: Aerodactyl|Rock Slide|p2a: Metagross
|-resisted|p2a: Metagross
|-damage|p2a: Metagross|65/100
|
|-weather|Sandstorm|[upkeep]
|-heal|p2a: Metagross|71/100|[from] item: Leftovers
|upkeep
|turn|17
|
|t:|1729162396
|switch|p1a: Flygon|Flygon, F|100/100
|move|p2a: Metagross|Meteor Mash|p1a: Flygon|[miss]
|-miss|p2a: Metagross|p1a: Flygon
|
|-weather|Sandstorm|[upkeep]
|-heal|p2a: Metagross|77/100|[from] item: Leftovers
|upkeep
|turn|18
|
|t:|1729162402
|move|p2a: Metagross|Protect|p2a: Metagross
|-singleturn|p2a: Metagross|Protect
|move|p1a: Flygon|Earthquake|p2a: Metagross
|-activate|p2a: Metagross|Protect
|
|-weather|Sandstorm|[upkeep]
|-heal|p2a: Metagross|83/100|[from] item: Leftovers
|upkeep
|turn|19
|
|t:|1729162408
|switch|p2a: Gyarados|Gyarados, M, shiny|58/100
|-ability|p2a: Gyarados|Intimidate|boost
|-unboost|p1a: Flygon|atk|1
|move|p1a: Flygon|Toxic|p2a: Gyarados
|-status|p2a: Gyarados|tox
|
|-weather|Sandstorm|[upkeep]
|-damage|p2a: Gyarados|52/100 tox|[from] Sandstorm
|-heal|p2a: Gyarados|58/100 tox|[from] item: Leftovers
|-damage|p2a: Gyarados|52/100 tox|[from] psn
|upkeep
|turn|20
|
|t:|1729162415
|switch|p2a: Starmie|Starmie, shiny|78/100
|-damage|p2a: Starmie|61/100|[from] Spikes
|move|p1a: Flygon|Rock Slide|p2a: Starmie
|-damage|p2a: Starmie|49/100
|
|-weather|Sandstorm|[upkeep]
|-damage|p2a: Starmie|43/100|[from] Sandstorm
|-heal|p2a: Starmie|49/100|[from] item: Leftovers
|upkeep
|turn|21
|
|t:|1729162419
|move|p2a: Starmie|Recover|p2a: Starmie
|-heal|p2a: Starmie|99/100
|move|p1a: Flygon|Earthquake|p2a: Starmie
|-damage|p2a: Starmie|72/100
|
|-weather|Sandstorm|[upkeep]
|-damage|p2a: Starmie|66/100|[from] Sandstorm
|-heal|p2a: Starmie|72/100|[from] item: Leftovers
|upkeep
|turn|22
|
|t:|1729162422
|switch|p1a: Manin|Gengar, F|100/100
|move|p2a: Starmie|Thunder Wave|p1a: Manin
|-status|p1a: Manin|par
|
|-weather|Sandstorm|[upkeep]
|-damage|p2a: Starmie|66/100|[from] Sandstorm
|-damage|p1a: Manin|94/100 par|[from] Sandstorm
|-heal|p2a: Starmie|72/100|[from] item: Leftovers
|-heal|p1a: Manin|100/100 par|[from] item: Leftovers
|upkeep
|turn|23
|
|t:|1729162435
|switch|p2a: Blissey|Blissey, F, shiny|100/100
|-damage|p2a: Blissey|84/100|[from] Spikes
|move|p1a: Manin|Thunderbolt|p2a: Blissey
|-damage|p2a: Blissey|71/100
|
|-weather|Sandstorm|[upkeep]
|-damage|p2a: Blissey|65/100|[from] Sandstorm
|-damage|p1a: Manin|94/100 par|[from] Sandstorm
|-heal|p2a: Blissey|71/100|[from] item: Leftovers
|-heal|p1a: Manin|100/100 par|[from] item: Leftovers
|upkeep
|turn|24
|
|t:|1729162440
|switch|p1a: Skarmory|Skarmory, F|95/100 par
|move|p2a: Blissey|Ice Beam|p1a: Skarmory
|-damage|p1a: Skarmory|74/100 par
|
|-weather|Sandstorm|[upkeep]
|-damage|p2a: Blissey|65/100|[from] Sandstorm
|-heal|p2a: Blissey|71/100|[from] item: Leftovers
|-heal|p1a: Skarmory|80/100 par|[from] item: Leftovers
|upkeep
|turn|25
|
|t:|1729162444
|move|p2a: Blissey|Seismic Toss|p1a: Skarmory
|-damage|p1a: Skarmory|50/100 par
|move|p1a: Skarmory|Toxic|p2a: Blissey
|-status|p2a: Blissey|tox
|
|-weather|Sandstorm|[upkeep]
|-damage|p2a: Blissey|65/100 tox|[from] Sandstorm
|-heal|p2a: Blissey|71/100 tox|[from] item: Leftovers
|-damage|p2a: Blissey|65/100 tox|[from] psn
|-heal|p1a: Skarmory|56/100 par|[from] item: Leftovers
|upkeep
|turn|26
|
|t:|1729162452
|-curestatus|p2a: Blissey|tox|[from] ability: Natural Cure
|switch|p2a: Starmie|Starmie, shiny|72/100
|-damage|p2a: Starmie|55/100|[from] Spikes
|move|p1a: Skarmory|Spikes|p2a: Starmie
|-sidestart|p2: triangles|Spikes
|
|-weather|Sandstorm|[upkeep]
|-damage|p2a: Starmie|49/100|[from] Sandstorm
|-heal|p2a: Starmie|55/100|[from] item: Leftovers
|-heal|p1a: Skarmory|62/100 par|[from] item: Leftovers
|upkeep
|turn|27
|
|t:|1729162456
|switch|p1a: Manin|Gengar, F|100/100 par
|move|p2a: Starmie|Recover|p2a: Starmie
|-heal|p2a: Starmie|100/100
|
|-weather|Sandstorm|[upkeep]
|-damage|p2a: Starmie|94/100|[from] Sandstorm
|-damage|p1a: Manin|94/100 par|[from] Sandstorm
|-heal|p2a: Starmie|100/100|[from] item: Leftovers
|-heal|p1a: Manin|100/100 par|[from] item: Leftovers
|upkeep
|turn|28
|
|t:|1729162459
|switch|p2a: Blissey|Blissey, F, shiny|65/100
|-damage|p2a: Blissey|40/100|[from] Spikes
|cant|p1a: Manin|par
|
|-weather|Sandstorm|[upkeep]
|-damage|p2a: Blissey|34/100|[from] Sandstorm
|-damage|p1a: Manin|94/100 par|[from] Sandstorm
|-heal|p2a: Blissey|40/100|[from] item: Leftovers
|-heal|p1a: Manin|100/100 par|[from] item: Leftovers
|upkeep
|turn|29
|
|t:|1729162469
|switch|p1a: Jirachi|Jirachi|100/100
|move|p2a: Blissey|Soft-Boiled|p2a: Blissey
|-heal|p2a: Blissey|90/100
|
|-weather|Sandstorm|[upkeep]
|-damage|p2a: Blissey|84/100|[from] Sandstorm
|-heal|p2a: Blissey|90/100|[from] item: Leftovers
|upkeep
|turn|30
|
|t:|1729162471
|move|p1a: Jirachi|Calm Mind|p1a: Jirachi
|-boost|p1a: Jirachi|spa|1
|-boost|p1a: Jirachi|spd|1
|move|p2a: Blissey|Thunder Wave|p1a: Jirachi
|-status|p1a: Jirachi|par
|
|-weather|Sandstorm|[upkeep]
|-damage|p2a: Blissey|84/100|[from] Sandstorm
|-heal|p2a: Blissey|90/100|[from] item: Leftovers
|upkeep
|turn|31
|
|t:|1729162480
|move|p2a: Blissey|Seismic Toss|p1a: Jirachi
|-damage|p1a: Jirachi|76/100 par
|move|p1a: Jirachi|Calm Mind|p1a: Jirachi
|-boost|p1a: Jirachi|spa|1
|-boost|p1a: Jirachi|spd|1
|
|-weather|Sandstorm|[upkeep]
|-damage|p2a: Blissey|84/100|[from] Sandstorm
|-heal|p2a: Blissey|90/100|[from] item: Leftovers
|-heal|p1a: Jirachi|82/100 par|[from] item: Leftovers
|upkeep
|turn|32
|
|t:|1729162484
|move|p2a: Blissey|Seismic Toss|p1a: Jirachi
|-damage|p1a: Jirachi|57/100 par
|move|p1a: Jirachi|Wish|p1a: Jirachi
|
|-weather|Sandstorm|[upkeep]
|-damage|p2a: Blissey|84/100|[from] Sandstorm
|-heal|p2a: Blissey|90/100|[from] item: Leftovers
|-heal|p1a: Jirachi|63/100 par|[from] item: Leftovers
|upkeep
|turn|33
|
|t:|1729162497
|switch|p2a: Gyarados|Gyarados, M, shiny|52/100 tox
|-ability|p2a: Gyarados|Intimidate|boost
|-unboost|p1a: Jirachi|atk|1
|move|p1a: Jirachi|Calm Mind|p1a: Jirachi
|-boost|p1a: Jirachi|spa|1
|-boost|p1a: Jirachi|spd|1
|
|-heal|p1a: Jirachi|100/100 par|[from] move: Wish|[wisher] Jirachi
|-weather|Sandstorm|[upkeep]
|-damage|p2a: Gyarados|46/100 tox|[from] Sandstorm
|-heal|p2a: Gyarados|52/100 tox|[from] item: Leftovers
|-damage|p2a: Gyarados|46/100 tox|[from] psn
|upkeep
|turn|34
|
|t:|1729162500
|move|p2a: Gyarados|Earthquake|p1a: Jirachi
|-supereffective|p1a: Jirachi
|-damage|p1a: Jirachi|35/100 par
|move|p1a: Jirachi|Thunderbolt|p2a: Gyarados
|-supereffective|p2a: Gyarados
|-damage|p2a: Gyarados|0 fnt
|faint|p2a: Gyarados
|
|t:|1729162504
|switch|p2a: Medicham|Medicham, M, shiny|80/100
|-damage|p2a: Medicham|55/100|[from] Spikes
|
|-weather|Sandstorm|[upkeep]
|-damage|p2a: Medicham|49/100|[from] Sandstorm
|-heal|p2a: Medicham|55/100|[from] item: Leftovers
|-heal|p1a: Jirachi|41/100 par|[from] item: Leftovers
|upkeep
|turn|35
|inactive|triangles has 270 seconds left.
|
|t:|1729162540
|switch|p1a: Manin|Gengar, F|100/100 par
|move|p2a: Medicham|Brick Break|p1a: Manin
|-immune|p1a: Manin
|
|-weather|Sandstorm|[upkeep]
|-damage|p2a: Medicham|49/100|[from] Sandstorm
|-damage|p1a: Manin|94/100 par|[from] Sandstorm
|-heal|p2a: Medicham|55/100|[from] item: Leftovers
|-heal|p1a: Manin|100/100 par|[from] item: Leftovers
|upkeep
|turn|36
|inactive|triangles has 270 seconds left.
|
|t:|1729162552
|move|p2a: Medicham|Shadow Ball|p1a: Manin
|-supereffective|p1a: Manin
|-damage|p1a: Manin|0 fnt
|faint|p1a: Manin
|
|t:|1729162557
|switch|p1a: Flygon|Flygon, F|100/100
|
|-weather|Sandstorm|[upkeep]
|-damage|p2a: Medicham|49/100|[from] Sandstorm
|-heal|p2a: Medicham|55/100|[from] item: Leftovers
|upkeep
|turn|37
|inactive|triangles has 270 seconds left.
|
|t:|1729162575
|switch|p2a: Zapdos|Zapdos|20/100
|move|p1a: Flygon|Toxic|p2a: Zapdos
|-status|p2a: Zapdos|tox
|
|-weather|Sandstorm|[upkeep]
|-damage|p2a: Zapdos|14/100 tox|[from] Sandstorm
|-heal|p2a: Zapdos|20/100 tox|[from] item: Leftovers
|-damage|p2a: Zapdos|14/100 tox|[from] psn
|upkeep
|turn|38
|inactive|triangles has 270 seconds left.
|
|t:|1729162581
|switch|p2a: Starmie|Starmie, shiny|100/100
|-damage|p2a: Starmie|75/100|[from] Spikes
|move|p1a: Flygon|Protect||[still]
|-fail|p1a: Flygon
|
|-weather|Sandstorm|[upkeep]
|-damage|p2a: Starmie|69/100|[from] Sandstorm
|-heal|p2a: Starmie|75/100|[from] item: Leftovers
|upkeep
|turn|39
|
|t:|1729162584
|move|p2a: Starmie|Rapid Spin|p1a: Flygon
|-damage|p1a: Flygon|98/100
|-sideend|p2: triangles|Spikes|[from] move: Rapid Spin|[of] p2a: Starmie
|move|p1a: Flygon|Toxic|p2a: Starmie
|-status|p2a: Starmie|tox
|
|-weather|Sandstorm|[upkeep]
|-damage|p2a: Starmie|69/100 tox|[from] Sandstorm
|-heal|p2a: Starmie|75/100 tox|[from] item: Leftovers
|-damage|p2a: Starmie|69/100 tox|[from] psn
|-heal|p1a: Flygon|100/100|[from] item: Leftovers
|upkeep
|turn|40
|
|t:|1729162594
|-curestatus|p2a: Starmie|tox|[from] ability: Natural Cure
|switch|p2a: Blissey|Blissey, F, shiny|90/100
|move|p1a: Flygon|Earthquake|p2a: Blissey
|-damage|p2a: Blissey|58/100
|
|-weather|Sandstorm|[upkeep]
|-damage|p2a: Blissey|52/100|[from] Sandstorm
|-heal|p2a: Blissey|58/100|[from] item: Leftovers
|upkeep
|turn|41
|
|t:|1729162608
|switch|p1a: Skarmory|Skarmory, F|62/100 par
|move|p2a: Blissey|Ice Beam|p1a: Skarmory
|-damage|p1a: Skarmory|41/100 par
|
|-weather|Sandstorm|[upkeep]
|-damage|p2a: Blissey|52/100|[from] Sandstorm
|-heal|p2a: Blissey|58/100|[from] item: Leftovers
|-heal|p1a: Skarmory|47/100 par|[from] item: Leftovers
|upkeep
|turn|42
|
|t:|1729162614
|move|p2a: Blissey|Seismic Toss|p1a: Skarmory
|-damage|p1a: Skarmory|17/100 par
|cant|p1a: Skarmory|par
|
|-weather|Sandstorm|[upkeep]
|-damage|p2a: Blissey|52/100|[from] Sandstorm
|-heal|p2a: Blissey|58/100|[from] item: Leftovers
|-heal|p1a: Skarmory|23/100 par|[from] item: Leftovers
|upkeep
|turn|43
|
|t:|1729162620
|move|p2a: Blissey|Seismic Toss|p1a: Skarmory
|-damage|p1a: Skarmory|0 fnt
|faint|p1a: Skarmory
|
|t:|1729162621
|switch|p1a: Aerodactyl|Aerodactyl, F|100/100
|
|-weather|Sandstorm|[upkeep]
|-damage|p2a: Blissey|52/100|[from] Sandstorm
|-heal|p2a: Blissey|58/100|[from] item: Leftovers
|upkeep
|turn|44
|
|t:|1729162625
|switch|p2a: Zapdos|Zapdos|14/100 tox
|move|p1a: Aerodactyl|Rock Slide|p2a: Zapdos
|-supereffective|p2a: Zapdos
|-damage|p2a: Zapdos|0 fnt
|faint|p2a: Zapdos
|
|t:|1729162632
|switch|p2a: Metagross|Metagross, shiny|83/100
|
|-weather|Sandstorm|[upkeep]
|-heal|p2a: Metagross|89/100|[from] item: Leftovers
|upkeep
|turn|45
|
|t:|1729162635
|switch|p1a: Flygon|Flygon, F|100/100
|move|p2a: Metagross|Meteor Mash|p1a: Flygon
|-damage|p1a: Flygon|54/100
|
|-weather|Sandstorm|[upkeep]
|-heal|p1a: Flygon|60/100|[from] item: Leftovers
|-heal|p2a: Metagross|95/100|[from] item: Leftovers
|upkeep
|turn|46
|
|t:|1729162646
|switch|p2a: Starmie|Starmie, shiny|69/100
|move|p1a: Flygon|Earthquake|p2a: Starmie
|-damage|p2a: Starmie|27/100
|
|-weather|Sandstorm|[upkeep]
|-damage|p2a: Starmie|21/100|[from] Sandstorm
|-heal|p2a: Starmie|27/100|[from] item: Leftovers
|-heal|p1a: Flygon|66/100|[from] item: Leftovers
|upkeep
|turn|47
|
|t:|1729162650
|move|p2a: Starmie|Recover|p2a: Starmie
|-heal|p2a: Starmie|77/100
|move|p1a: Flygon|Toxic|p2a: Starmie
|-status|p2a: Starmie|tox
|
|-weather|Sandstorm|[upkeep]
|-damage|p2a: Starmie|71/100 tox|[from] Sandstorm
|-heal|p2a: Starmie|77/100 tox|[from] item: Leftovers
|-damage|p2a: Starmie|71/100 tox|[from] psn
|-heal|p1a: Flygon|72/100|[from] item: Leftovers
|upkeep
|turn|48
|
|t:|1729162655
|move|p2a: Starmie|Surf|p1a: Flygon
|-damage|p1a: Flygon|39/100
|move|p1a: Flygon|Earthquake|p2a: Starmie
|-damage|p2a: Starmie|30/100 tox
|
|-weather|Sandstorm|[upkeep]
|-damage|p2a: Starmie|24/100 tox|[from] Sandstorm
|-heal|p2a: Starmie|30/100 tox|[from] item: Leftovers
|-damage|p2a: Starmie|18/100 tox|[from] psn
|-heal|p1a: Flygon|45/100|[from] item: Leftovers
|upkeep
|turn|49
|
|t:|1729162664
|move|p1a: Flygon|Protect|p1a: Flygon
|-singleturn|p1a: Flygon|Protect
|move|p2a: Starmie|Surf|p1a: Flygon
|-activate|p1a: Flygon|Protect
|
|-weather|Sandstorm|[upkeep]
|-damage|p2a: Starmie|12/100 tox|[from] Sandstorm
|-heal|p2a: Starmie|18/100 tox|[from] item: Leftovers
|-damage|p2a: Starmie|0 fnt|[from] psn
|faint|p2a: Starmie
|-heal|p1a: Flygon|51/100|[from] item: Leftovers
|upkeep
|
|t:|1729162673
|switch|p2a: Blissey|Blissey, F, shiny|58/100
|turn|50
|
|t:|1729162678
|switch|p1a: Aerodactyl|Aerodactyl, F|100/100
|move|p2a: Blissey|Soft-Boiled|p2a: Blissey
|-heal|p2a: Blissey|100/100
|
|-weather|Sandstorm|[upkeep]
|-damage|p2a: Blissey|94/100|[from] Sandstorm
|-heal|p2a: Blissey|100/100|[from] item: Leftovers
|upkeep
|turn|51
|
|t:|1729162685
|switch|p1a: Jirachi|Jirachi|41/100 par
|move|p2a: Blissey|Thunder Wave|p1a: Jirachi
|-fail|p1a: Jirachi|par
|
|-weather|Sandstorm|[upkeep]
|-damage|p2a: Blissey|94/100|[from] Sandstorm
|-heal|p2a: Blissey|100/100|[from] item: Leftovers
|-heal|p1a: Jirachi|47/100 par|[from] item: Leftovers
|upkeep
|turn|52
|
|t:|1729162693
|move|p2a: Blissey|Seismic Toss|p1a: Jirachi
|-damage|p1a: Jirachi|23/100 par
|move|p1a: Jirachi|Wish|p1a: Jirachi
|
|-weather|Sandstorm|[upkeep]
|-damage|p2a: Blissey|94/100|[from] Sandstorm
|-heal|p2a: Blissey|100/100|[from] item: Leftovers
|-heal|p1a: Jirachi|29/100 par|[from] item: Leftovers
|upkeep
|turn|53
|
|t:|1729162700
|move|p2a: Blissey|Seismic Toss|p1a: Jirachi
|-damage|p1a: Jirachi|4/100 par
|move|p1a: Jirachi|Thunderbolt|p2a: Blissey
|-damage|p2a: Blissey|91/100
|-status|p2a: Blissey|par
|
|-heal|p1a: Jirachi|54/100 par|[from] move: Wish|[wisher] Jirachi
|-weather|Sandstorm|[upkeep]
|-damage|p2a: Blissey|85/100 par|[from] Sandstorm
|-heal|p1a: Jirachi|60/100 par|[from] item: Leftovers
|-heal|p2a: Blissey|91/100 par|[from] item: Leftovers
|upkeep
|turn|54
|
|t:|1729162704
|-curestatus|p2a: Blissey|par|[from] ability: Natural Cure
|switch|p2a: Medicham|Medicham, M, shiny|55/100
|cant|p1a: Jirachi|par
|
|-weather|Sandstorm|[upkeep]
|-damage|p2a: Medicham|49/100|[from] Sandstorm
|-heal|p2a: Medicham|55/100|[from] item: Leftovers
|-heal|p1a: Jirachi|66/100 par|[from] item: Leftovers
|upkeep
|turn|55
|
|t:|1729162712
|switch|p1a: Aerodactyl|Aerodactyl, F|100/100
|move|p2a: Medicham|Brick Break|p1a: Aerodactyl
|-damage|p1a: Aerodactyl|15/100
|
|-weather|Sandstorm|[upkeep]
|-damage|p2a: Medicham|49/100|[from] Sandstorm
|-heal|p2a: Medicham|55/100|[from] item: Leftovers
|upkeep
|turn|56
|inactive|triangles has 270 seconds left.
|
|t:|1729162752
|switch|p2a: Blissey|Blissey, F, shiny|91/100
|move|p1a: Aerodactyl|Earthquake|p2a: Blissey
|-damage|p2a: Blissey|47/100
|
|-weather|Sandstorm|[upkeep]
|-damage|p2a: Blissey|41/100|[from] Sandstorm
|-heal|p2a: Blissey|47/100|[from] item: Leftovers
|upkeep
|turn|57
|inactive|CazabichosPablo has 270 seconds left.
|
|t:|1729162785
|move|p1a: Aerodactyl|Earthquake|p2a: Blissey
|-crit|p2a: Blissey
|-damage|p2a: Blissey|0 fnt
|faint|p2a: Blissey
|
|t:|1729162789
|switch|p2a: Metagross|Metagross, shiny|95/100
|
|-weather|Sandstorm|[upkeep]
|-heal|p2a: Metagross|100/100|[from] item: Leftovers
|upkeep
|turn|58
|
|t:|1729162803
|switch|p1a: Jirachi|Jirachi|66/100 par
|move|p2a: Metagross|Meteor Mash|p1a: Jirachi
|-resisted|p1a: Jirachi
|-damage|p1a: Jirachi|41/100 par
|
|-weather|Sandstorm|[upkeep]
|-heal|p1a: Jirachi|47/100 par|[from] item: Leftovers
|upkeep
|turn|59
|inactive|triangles has 270 seconds left.
|
|t:|1729162811
|switch|p1a: Flygon|Flygon, F|51/100
|move|p2a: Metagross|Meteor Mash|p1a: Flygon
|-damage|p1a: Flygon|6/100
|
|-weather|Sandstorm|[upkeep]
|-heal|p1a: Flygon|12/100|[from] item: Leftovers
|upkeep
|turn|60
|
|t:|1729162817
|move|p1a: Flygon|Earthquake|p2a: Metagross
|-supereffective|p2a: Metagross
|-damage|p2a: Metagross|47/100
|move|p2a: Metagross|Meteor Mash|p1a: Flygon
|-damage|p1a: Flygon|0 fnt
|faint|p1a: Flygon
|
|t:|1729162836
|switch|p1a: Aerodactyl|Aerodactyl, F|15/100
|
|-weather|Sandstorm|[upkeep]
|-heal|p2a: Metagross|53/100|[from] item: Leftovers
|upkeep
|turn|61
|
|t:|1729162840
|move|p2a: Metagross|Protect|p2a: Metagross
|-singleturn|p2a: Metagross|Protect
|move|p1a: Aerodactyl|Earthquake|p2a: Metagross
|-activate|p2a: Metagross|Protect
|
|-weather|Sandstorm|[upkeep]
|-heal|p2a: Metagross|59/100|[from] item: Leftovers
|upkeep
|turn|62
|
|t:|1729162846
|switch|p2a: Medicham|Medicham, M, shiny|55/100
|move|p1a: Aerodactyl|Earthquake|p2a: Medicham
|-damage|p2a: Medicham|0 fnt
|faint|p2a: Medicham
|
|t:|1729162849
|switch|p2a: Metagross|Metagross, shiny|59/100
|
|-weather|Sandstorm|[upkeep]
|-heal|p2a: Metagross|65/100|[from] item: Leftovers
|upkeep
|turn|63
|
|t:|1729162861
|move|p2a: Metagross|Protect|p2a: Metagross
|-singleturn|p2a: Metagross|Protect
|move|p1a: Aerodactyl|Earthquake|p2a: Metagross
|-activate|p2a: Metagross|Protect
|
|-weather|Sandstorm|[upkeep]
|-heal|p2a: Metagross|71/100|[from] item: Leftovers
|upkeep
|turn|64
|
|t:|1729162865
|move|p1a: Aerodactyl|Earthquake|p2a: Metagross
|-supereffective|p2a: Metagross
|-damage|p2a: Metagross|6/100
|move|p2a: Metagross|Meteor Mash|p1a: Aerodactyl
|-supereffective|p1a: Aerodactyl
|-damage|p1a: Aerodactyl|0 fnt
|faint|p1a: Aerodactyl
|
|t:|1729162867
|switch|p1a: Jirachi|Jirachi|47/100 par
|
|-weather|Sandstorm|[upkeep]
|-heal|p2a: Metagross|12/100|[from] item: Leftovers
|-heal|p1a: Jirachi|53/100 par|[from] item: Leftovers
|upkeep
|turn|65
|
|t:|1729162871
|move|p2a: Metagross|Earthquake|p1a: Jirachi
|-supereffective|p1a: Jirachi
|-damage|p1a: Jirachi|0 fnt
|faint|p1a: Jirachi
|
|win|triangles

</script>
<script type="application/json" class="data" id="replaydata-smogtours-gen3ou-799250">
{"id":"smogtours-gen3ou-799250","format":"[Gen 3] OU","players":["CazabichosPablo","triangles"],"uploadtime":1729162871,"views":188,"formatid":"gen3ou","rating":null,"private":0,"password":null}
</script>

<script defer src="js/replays.js?9d40a366"></script>
