<!DOCTYPE html>
<meta charset="utf-8" />
<meta name="viewport" content="width=device-width" />

<title>[Gen 3] OU: NoBottlecapsBlisy vs. MagsAndMiles - Replays - Pok&eacute;mon Showdown!</title>

<meta name="description" content="Watch a replay of a Pok&eacute;mon battle between NoBottlecapsBlisy and MagsAndMiles! Format: [Gen 3] OU; Date: Oct 2, 2024" />
<!--

Hey, you! Looking in the source for the replay log?

You can find them in JSON format, just add `.json` at the end of a replay URL.

https://replay.pokemonshowdown.com/gen7randomdoublesbattle-865046831.json

Or, if you only need the log itself, add `.log` instead:

https://replay.pokemonshowdown.com/gen7randomdoublesbattle-865046831.log

-->

<link rel="stylesheet" href="//pokemonshowdown.com/style/global.css?0.767286132409787" />
<link rel="stylesheet" href="//play.pokemonshowdown.com/style/font-awesome.css?0.9266228007934947" />
<link rel="stylesheet" href="//play.pokemonshowdown.com/style/battle.css?0.7924700842790926" />
<link rel="stylesheet" href="//play.pokemonshowdown.com/style/utilichart.css?0.8777417872839479" />

<!-- Global site tag (gtag.js) - Google Analytics -->
<script async src="https://www.googletagmanager.com/gtag/js?id=UA-26211653-1"></script>
<script>
  window.dataLayer = window.dataLayer || [];
  function gtag(){dataLayer.push(arguments);}
  gtag('js', new Date());

  gtag('config', 'UA-26211653-1');
</script>
<!-- End Google Analytics -->
<!-- Venatus Ad Manager - Install in <HEAD> of page -->
	<script src="https://hb.vntsm.com/v3/live/ad-manager.min.js" type="text/javascript" data-site-id="642aba63ec9a7b11c3c9c1be" data-mode="scan" async></script>
<!-- / Venatus Ad Manager -->

<style>
	@media (max-width:820px) {
		.battle {
			margin: 0 auto;
		}
		.battle-log {
			margin: 7px auto 0;
			max-width: 640px;
			height: 300px;
			position: static;
		}
	}
	.optgroup {
		display: inline-block;
		line-height: 22px;
		font-size: 10pt;
	}
	.optgroup .button {
		height: 25px;
		padding-top: 0;
		padding-bottom: 0;
	}
	.optgroup button.button {
		padding-left: 12px;
		padding-right: 12px;
	}
	.linklist {
		list-style: none;
		margin: 0.5em 0;
		padding: 0;
	}
	.linklist li {
		padding: 2px 0;
	}
	.sidebar {
		float: left;
		width: 320px;
	}
	.bar-wrapper {
		max-width: 1100px;
		margin: 0 auto;
	}
	.bar-wrapper.has-sidebar {
		max-width: 1430px;
	}
	.mainbar {
		margin: 0;
		padding-right: 1px;
	}
	.mainbar.has-sidebar {
		margin-left: 330px;
	}
	@media (min-width: 1511px) {
		.sidebar {
			width: 400px;
		}
		.bar-wrapper.has-sidebar {
			max-width: 1510px;
		}
		.mainbar.has-sidebar {
			margin-left: 410px;
		}
	}
	.section.first-section {
		margin-top: 9px;
	}
	.blocklink small {
		white-space: normal;
	}
	.button {
		vertical-align: middle;
	}
	.replay-controls {
		padding-top: 10px;
	}
	.replay-controls h1 {
		font-size: 16pt;
		font-weight: normal;
		color: #CCC;
	}
	.pagelink {
		text-align: center;
	}
	.pagelink a {
		width: 150px;
	}
	.textbox, .button {
		font-size: 11pt;
		vertical-align: middle;
	}
	@media (max-width: 450px) {
		.button {
			font-size: 9pt;
		}
	}
</style>

<div>

	<header>
		<div class="nav-wrapper"><ul class="nav">
			<li><a class="button nav-first" href="//pokemonshowdown.com/"><img src="//pokemonshowdown.com/images/pokemonshowdownbeta.png" srcset="//pokemonshowdown.com/images/pokemonshowdownbeta.png 1x, //pokemonshowdown.com/images/pokemonshowdownbeta@2x.png 2x" alt="Pok&eacute;mon Showdown" width="146" height="44" /> Home</a></li>
			<li><a class="button" href="//pokemonshowdown.com/dex/">Pok&eacute;dex</a></li>
			<li><a class="button cur" href="/">Replays</a></li>
			<li><a class="button" href="//pokemonshowdown.com/ladder/">Ladder</a></li>
			<li><a class="button nav-last" href="//pokemonshowdown.com/forums/">Forum</a></li>
			<li><a class="button greenbutton nav-first nav-last" href="//play.pokemonshowdown.com/">Play</a></li>
		</ul></div>
	</header>

	<div class="main" id="main">

		<noscript><section class="section">You need to enable JavaScript to use this page; sorry!</section></noscript>

	</div>

</div>

<script defer nomodule src="//play.pokemonshowdown.com/js/lib/ps-polyfill.js"></script>
<script defer src="//play.pokemonshowdown.com/js/lib/preact.min.js"></script>

<script defer src="//play.pokemonshowdown.com/config/config.js?6dec07f6"></script>
<script defer src="//play.pokemonshowdown.com/js/lib/jquery-1.11.0.min.js"></script>
<script defer src="//play.pokemonshowdown.com/js/lib/html-sanitizer-minified.js"></script>
<script defer src="//play.pokemonshowdown.com/js/battle-sound.js"></script>
<script defer src="//play.pokemonshowdown.com/js/battledata.js?0.6315294753075389"></script>
<script defer src="//play.pokemonshowdown.com/data/pokedex-mini.js?0.7603743185311358"></script>
<script defer src="//play.pokemonshowdown.com/data/pokedex-mini-bw.js?0.030888842834281283"></script>
<script defer src="//play.pokemonshowdown.com/data/graphics.js?0.05593094747507488"></script>
<script defer src="//play.pokemonshowdown.com/data/pokedex.js?0.47064822249611904"></script>
<script defer src="//play.pokemonshowdown.com/data/moves.js?0.8583693120512459"></script>
<script defer src="//play.pokemonshowdown.com/data/abilities.js?0.16017181182386842"></script>
<script defer src="//play.pokemonshowdown.com/data/items.js?0.4163379185673943"></script>
<script defer src="//play.pokemonshowdown.com/data/teambuilder-tables.js?0.31075597372830477"></script>
<script defer src="//play.pokemonshowdown.com/js/battle-tooltips.js?0.6536193500708172"></script>
<script defer src="//play.pokemonshowdown.com/js/battle.js?0.1916591943277901"></script>

<script defer src="js/utils.js?e31f9a17"></script>
<script defer src="js/replays-battle.js?7008c182"></script>

<!-- don't scrape this data! just add .json or .log after the URL!
Full API docs: https://github.com/smogon/pokemon-showdown-client/blob/master/WEB-API.md -->
<script type="text/plain" class="log" id="replaylog-smogtours-gen3ou-794118">
|inactive|Battle timer is ON: inactive players will automatically lose when time's up.
|t:|1727909534
|gametype|singles
|player|p1|NoBottlecapsBlisy|alder|
|player|p2|MagsAndMiles|2|
|teamsize|p1|6
|teamsize|p2|6
|gen|3
|tier|[Gen 3] OU
|rule|Sleep Clause Mod: Limit one foe put to sleep
|rule|Switch Priority Clause Mod: Faster Pokémon switch first
|rule|Species Clause: Limit one of each Pokémon
|rule|OHKO Clause: OHKO moves are banned
|rule|Evasion Items Clause: Evasion items are banned
|rule|Evasion Moves Clause: Evasion moves are banned
|rule|Endless Battle Clause: Forcing endless battles is banned
|rule|HP Percentage Mod: HP is shown in percentages
|rule|One Boost Passer Clause: Limit one Baton Passer that has a way to boost its stats
|rule|Freeze Clause Mod: Limit one foe frozen
|
|t:|1727909534
|start
|switch|p1a: Tyranitar|Tyranitar, M|100/100
|switch|p2a: Salamence|Salamence, M|100/100
|-ability|p2a: Salamence|Intimidate|boost
|-unboost|p1a: Tyranitar|atk|1
|-weather|Sandstorm|[from] ability: Sand Stream|[of] p1a: Tyranitar
|turn|1
|
|t:|1727909554
|switch|p1a: Salamence|Salamence, F|100/100
|-ability|p1a: Salamence|Intimidate|boost
|-unboost|p2a: Salamence|atk|1
|move|p2a: Salamence|Brick Break|p1a: Salamence
|-resisted|p1a: Salamence
|-damage|p1a: Salamence|79/100
|
|-weather|Sandstorm|[upkeep]
|-damage|p2a: Salamence|94/100|[from] Sandstorm
|-damage|p1a: Salamence|73/100|[from] Sandstorm
|-heal|p1a: Salamence|79/100|[from] item: Leftovers
|upkeep
|turn|2
|
|t:|1727909568
|switch|p2a: Suicune|Suicune|100/100
|move|p1a: Salamence|Dragon Claw|p2a: Suicune
|-damage|p2a: Suicune|66/100
|
|-weather|Sandstorm|[upkeep]
|-damage|p1a: Salamence|73/100|[from] Sandstorm
|-damage|p2a: Suicune|60/100|[from] Sandstorm
|-heal|p1a: Salamence|79/100|[from] item: Leftovers
|-heal|p2a: Suicune|66/100|[from] item: Leftovers
|upkeep
|turn|3
|inactive|NoBottlecapsBlisy has 270 seconds left.
|
|t:|1727909606
|switch|p1a: Celebi|Celebi|100/100
|move|p2a: Suicune|Ice Beam|p1a: Celebi
|-supereffective|p1a: Celebi
|-damage|p1a: Celebi|53/100
|
|-weather|Sandstorm|[upkeep]
|-damage|p1a: Celebi|47/100|[from] Sandstorm
|-damage|p2a: Suicune|60/100|[from] Sandstorm
|-heal|p1a: Celebi|53/100|[from] item: Leftovers
|-heal|p2a: Suicune|66/100|[from] item: Leftovers
|upkeep
|turn|4
|inactive|NoBottlecapsBlisy has 270 seconds left.
|
|t:|1727909625
|move|p1a: Celebi|Leech Seed|p2a: Suicune
|-start|p2a: Suicune|move: Leech Seed
|move|p2a: Suicune|Ice Beam|p1a: Celebi
|-supereffective|p1a: Celebi
|-damage|p1a: Celebi|4/100
|
|-weather|Sandstorm|[upkeep]
|-damage|p1a: Celebi|0 fnt|[from] Sandstorm
|-damage|p2a: Suicune|60/100|[from] Sandstorm
|faint|p1a: Celebi
|-heal|p2a: Suicune|66/100|[from] item: Leftovers
|upkeep
|
|t:|1727909635
|switch|p1a: Gengar|Gengar, M|100/100
|turn|5
|inactive|MagsAndMiles has 270 seconds left.
|
|t:|1727909666
|switch|p2a: Jirachi|Jirachi|100/100
|move|p1a: Gengar|Thunderbolt|p2a: Jirachi
|-crit|p2a: Jirachi
|-damage|p2a: Jirachi|65/100
|
|-weather|Sandstorm|[upkeep]
|-damage|p1a: Gengar|94/100|[from] Sandstorm
|-heal|p1a: Gengar|100/100|[from] item: Leftovers
|-heal|p2a: Jirachi|72/100|[from] item: Leftovers
|upkeep
|turn|6
|inactive|NoBottlecapsBlisy has 270 seconds left.
|inactive|MagsAndMiles has 270 seconds left.
|
|t:|1727909697
|switch|p1a: Tyranitar|Tyranitar, M|100/100
|move|p2a: Jirachi|Wish|p2a: Jirachi
|
|-weather|Sandstorm|[upkeep]
|-heal|p2a: Jirachi|78/100|[from] item: Leftovers
|upkeep
|turn|7
|inactive|MagsAndMiles has 270 seconds left.
|inactive|NoBottlecapsBlisy has 240 seconds left.
|
|t:|1727909735
|-singleturn|p1a: Tyranitar|move: Focus Punch
|switch|p2a: Suicune|Suicune|66/100
|move|p1a: Tyranitar|Focus Punch|p2a: Suicune
|-damage|p2a: Suicune|17/100
|
|-heal|p2a: Suicune|67/100|[from] move: Wish|[wisher] Jirachi
|-weather|Sandstorm|[upkeep]
|-damage|p2a: Suicune|61/100|[from] Sandstorm
|-heal|p2a: Suicune|67/100|[from] item: Leftovers
|upkeep
|turn|8
|inactive|NoBottlecapsBlisy has 210 seconds left.
|inactive|NoBottlecapsBlisy has 180 seconds left.
|inactive|NoBottlecapsBlisy has 150 seconds left.
|inactive|MagsAndMiles disconnected and has 300 seconds to reconnect!
|player|p2|
|inactive|MagsAndMiles reconnected.
|player|p2|MagsAndMiles|2|
|
|t:|1727909849
|move|p2a: Suicune|Hydro Pump|p1a: Tyranitar
|-supereffective|p1a: Tyranitar
|-crit|p1a: Tyranitar
|-damage|p1a: Tyranitar|0 fnt
|faint|p1a: Tyranitar
|
|t:|1727909854
|switch|p1a: Gengar|Gengar, M|100/100
|
|-weather|Sandstorm|[upkeep]
|-damage|p1a: Gengar|94/100|[from] Sandstorm
|-damage|p2a: Suicune|61/100|[from] Sandstorm
|-heal|p1a: Gengar|100/100|[from] item: Leftovers
|-heal|p2a: Suicune|67/100|[from] item: Leftovers
|upkeep
|turn|9
|
|t:|1727909867
|switch|p2a: Jirachi|Jirachi|78/100
|move|p1a: Gengar|Thunderbolt|p2a: Jirachi
|-damage|p2a: Jirachi|61/100
|
|-weather|Sandstorm|[upkeep]
|-damage|p1a: Gengar|94/100|[from] Sandstorm
|-heal|p1a: Gengar|100/100|[from] item: Leftovers
|-heal|p2a: Jirachi|67/100|[from] item: Leftovers
|upkeep
|turn|10
|
|t:|1727909872
|move|p1a: Gengar|Will-O-Wisp|p2a: Jirachi
|-status|p2a: Jirachi|brn
|move|p2a: Jirachi|Wish|p2a: Jirachi
|
|-weather|Sandstorm|[upkeep]
|-damage|p1a: Gengar|94/100|[from] Sandstorm
|-heal|p1a: Gengar|100/100|[from] item: Leftovers
|-heal|p2a: Jirachi|73/100 brn|[from] item: Leftovers
|-damage|p2a: Jirachi|61/100 brn|[from] brn
|upkeep
|turn|11
|
|t:|1727909879
|move|p2a: Jirachi|Protect|p2a: Jirachi
|-singleturn|p2a: Jirachi|Protect
|move|p1a: Gengar|Thunderbolt|p2a: Jirachi
|-activate|p2a: Jirachi|Protect
|
|-heal|p2a: Jirachi|100/100 brn|[from] move: Wish|[wisher] Jirachi
|-weather|Sandstorm|[upkeep]
|-damage|p1a: Gengar|94/100|[from] Sandstorm
|-heal|p1a: Gengar|100/100|[from] item: Leftovers
|-damage|p2a: Jirachi|88/100 brn|[from] brn
|upkeep
|turn|12
|
|t:|1727909886
|switch|p1a: Skarmory|Skarmory, F|100/100
|move|p2a: Jirachi|Fire Punch|p1a: Skarmory
|-supereffective|p1a: Skarmory
|-damage|p1a: Skarmory|67/100
|
|-weather|Sandstorm|[upkeep]
|-heal|p2a: Jirachi|94/100 brn|[from] item: Leftovers
|-damage|p2a: Jirachi|82/100 brn|[from] brn
|-heal|p1a: Skarmory|73/100|[from] item: Leftovers
|upkeep
|turn|13
|
|t:|1727909895
|move|p2a: Jirachi|Fire Punch|p1a: Skarmory
|-supereffective|p1a: Skarmory
|-damage|p1a: Skarmory|40/100
|-status|p1a: Skarmory|brn
|move|p1a: Skarmory|Spikes|p2a: Jirachi
|-sidestart|p2: MagsAndMiles|Spikes
|
|-weather|Sandstorm|[upkeep]
|-heal|p2a: Jirachi|88/100 brn|[from] item: Leftovers
|-damage|p2a: Jirachi|76/100 brn|[from] brn
|-heal|p1a: Skarmory|46/100 brn|[from] item: Leftovers
|-damage|p1a: Skarmory|34/100 brn|[from] brn
|upkeep
|turn|14
|
|t:|1727909899
|move|p2a: Jirachi|Fire Punch|p1a: Skarmory
|-supereffective|p1a: Skarmory
|-damage|p1a: Skarmory|3/100 brn
|move|p1a: Skarmory|Spikes|p2a: Jirachi
|-sidestart|p2: MagsAndMiles|Spikes
|
|-weather|Sandstorm|[upkeep]
|-heal|p2a: Jirachi|82/100 brn|[from] item: Leftovers
|-damage|p2a: Jirachi|70/100 brn|[from] brn
|-heal|p1a: Skarmory|9/100 brn|[from] item: Leftovers
|-damage|p1a: Skarmory|0 fnt|[from] brn
|faint|p1a: Skarmory
|upkeep
|
|t:|1727909907
|switch|p1a: Salamence|Salamence, F|79/100
|-ability|p1a: Salamence|Intimidate|boost
|-unboost|p2a: Jirachi|atk|1
|turn|15
|inactive|NoBottlecapsBlisy has 180 seconds left.
|
|t:|1727909924
|move|p1a: Salamence|Fire Blast|p2a: Jirachi
|-supereffective|p2a: Jirachi
|-damage|p2a: Jirachi|18/100 brn
|move|p2a: Jirachi|Body Slam|p1a: Salamence
|-damage|p1a: Salamence|69/100
|-status|p1a: Salamence|par
|
|-weather|Sandstorm|[upkeep]
|-damage|p1a: Salamence|63/100 par|[from] Sandstorm
|-heal|p2a: Jirachi|25/100 brn|[from] item: Leftovers
|-damage|p2a: Jirachi|12/100 brn|[from] brn
|-heal|p1a: Salamence|69/100 par|[from] item: Leftovers
|upkeep
|turn|16
|
|t:|1727909933
|move|p2a: Jirachi|Wish|p2a: Jirachi
|move|p1a: Salamence|Dragon Claw|p2a: Jirachi
|-resisted|p2a: Jirachi
|-damage|p2a: Jirachi|0 fnt
|faint|p2a: Jirachi
|
|t:|1727909937
|switch|p2a: Suicune|Suicune|67/100
|-damage|p2a: Suicune|50/100|[from] Spikes
|
|-weather|Sandstorm|[upkeep]
|-damage|p2a: Suicune|44/100|[from] Sandstorm
|-damage|p1a: Salamence|63/100 par|[from] Sandstorm
|-heal|p2a: Suicune|50/100|[from] item: Leftovers
|-heal|p1a: Salamence|69/100 par|[from] item: Leftovers
|upkeep
|turn|17
|
|t:|1727909942
|switch|p1a: Gengar|Gengar, M|100/100
|move|p2a: Suicune|Ice Beam|p1a: Gengar
|-damage|p1a: Gengar|63/100
|
|-heal|p2a: Suicune|99/100|[from] move: Wish|[wisher] Jirachi
|-weather|Sandstorm|[upkeep]
|-damage|p1a: Gengar|57/100|[from] Sandstorm
|-damage|p2a: Suicune|94/100|[from] Sandstorm
|-heal|p1a: Gengar|63/100|[from] item: Leftovers
|-heal|p2a: Suicune|99/100|[from] item: Leftovers
|upkeep
|turn|18
|
|t:|1727909957
|move|p1a: Gengar|Thunderbolt|p2a: Suicune
|-supereffective|p2a: Suicune
|-damage|p2a: Suicune|59/100
|move|p2a: Suicune|Ice Beam|p1a: Gengar
|-damage|p1a: Gengar|29/100
|
|-weather|Sandstorm|[upkeep]
|-damage|p1a: Gengar|23/100|[from] Sandstorm
|-damage|p2a: Suicune|52/100|[from] Sandstorm
|-heal|p1a: Gengar|29/100|[from] item: Leftovers
|-heal|p2a: Suicune|59/100|[from] item: Leftovers
|upkeep
|turn|19
|
|t:|1727909966
|move|p1a: Gengar|Explosion|p2a: Suicune
|-damage|p2a: Suicune|1/100
|faint|p1a: Gengar
|
|t:|1727909969
|switch|p1a: Salamence|Salamence, F|69/100 par
|-ability|p1a: Salamence|Intimidate|boost
|-unboost|p2a: Suicune|atk|1
|
|-weather|Sandstorm|[upkeep]
|-damage|p2a: Suicune|0 fnt|[from] Sandstorm
|-damage|p1a: Salamence|63/100 par|[from] Sandstorm
|faint|p2a: Suicune
|-heal|p1a: Salamence|69/100 par|[from] item: Leftovers
|upkeep
|
|t:|1727909974
|switch|p2a: Cloyster|Cloyster, M|100/100
|-damage|p2a: Cloyster|84/100|[from] Spikes
|turn|20
|
|t:|1727909986
|switch|p1a: Metagross|Metagross|100/100
|move|p2a: Cloyster|Ice Beam|p1a: Metagross
|-resisted|p1a: Metagross
|-damage|p1a: Metagross|83/100
|
|-weather|Sandstorm|[upkeep]
|-damage|p2a: Cloyster|78/100|[from] Sandstorm
|-heal|p1a: Metagross|89/100|[from] item: Leftovers
|-heal|p2a: Cloyster|84/100|[from] item: Leftovers
|upkeep
|turn|21
|
|t:|1727910004
|move|p1a: Metagross|Agility|p1a: Metagross
|-boost|p1a: Metagross|spe|2
|move|p2a: Cloyster|Explosion|p1a: Metagross
|-resisted|p1a: Metagross
|-damage|p1a: Metagross|51/100
|faint|p2a: Cloyster
|inactive|MagsAndMiles has 270 seconds left.
|
|t:|1727910034
|switch|p2a: Salamence|Salamence, M|94/100
|-ability|p2a: Salamence|Intimidate|boost
|-fail|p1a: Metagross|unboost|[from] ability: Clear Body|[of] p1a: Metagross
|
|-weather|Sandstorm|[upkeep]
|-damage|p2a: Salamence|88/100|[from] Sandstorm
|-heal|p1a: Metagross|57/100|[from] item: Leftovers
|upkeep
|turn|22
|
|t:|1727910042
|move|p1a: Metagross|Rock Slide|p2a: Salamence
|-supereffective|p2a: Salamence
|-damage|p2a: Salamence|19/100
|cant|p2a: Salamence|flinch
|
|-weather|Sandstorm|[upkeep]
|-damage|p2a: Salamence|13/100|[from] Sandstorm
|-heal|p1a: Metagross|63/100|[from] item: Leftovers
|upkeep
|turn|23
|inactive|NoBottlecapsBlisy has 240 seconds left.
|
|t:|1727910049
|move|p1a: Metagross|Rock Slide|p2a: Salamence
|-supereffective|p2a: Salamence
|-damage|p2a: Salamence|0 fnt
|faint|p2a: Salamence
|
|t:|1727910051
|switch|p2a: Aerodactyl|Aerodactyl, M|100/100
|
|-weather|Sandstorm|[upkeep]
|-heal|p1a: Metagross|69/100|[from] item: Leftovers
|upkeep
|turn|24
|
|t:|1727910055
|move|p1a: Metagross|Meteor Mash|p2a: Aerodactyl
|-supereffective|p2a: Aerodactyl
|-damage|p2a: Aerodactyl|0 fnt
|faint|p2a: Aerodactyl
|
|t:|1727910057
|switch|p2a: Tyranitar|Tyranitar, F|100/100
|-damage|p2a: Tyranitar|84/100|[from] Spikes
|
|-weather|Sandstorm|[upkeep]
|-heal|p1a: Metagross|75/100|[from] item: Leftovers
|-heal|p2a: Tyranitar|90/100|[from] item: Leftovers
|upkeep
|turn|25
|
|t:|1727910061
|move|p1a: Metagross|Meteor Mash|p2a: Tyranitar
|-supereffective|p2a: Tyranitar
|-damage|p2a: Tyranitar|0 fnt
|faint|p2a: Tyranitar
|
|win|NoBottlecapsBlisy
|c|☆NoBottlecapsBlisy|gg
|player|p2|
|player|p1|
|player|p2|MagsAndMiles|2|
|c|☆MagsAndMiles|Good game!
|c|☆MagsAndMiles|sorry my phone is weird lol
|c|☆MagsAndMiles|lets do it :)

</script>
<script type="application/json" class="data" id="replaydata-smogtours-gen3ou-794118">
{"id":"smogtours-gen3ou-794118","format":"[Gen 3] OU","players":["NoBottlecapsBlisy","MagsAndMiles"],"uploadtime":1727910061,"views":153,"formatid":"gen3ou","rating":null,"private":0,"password":null}
</script>

<script defer src="js/replays.js?9d40a366"></script>
