<!DOCTYPE html>
<meta charset="utf-8" />
<meta name="viewport" content="width=device-width" />

<title>[Gen 3] OU: AutumnMint vs. EatYourToast - Replays - Pok&eacute;mon Showdown!</title>

<meta name="description" content="Watch a replay of a Pok&eacute;mon battle between AutumnMint and EatYourToast! Format: [Gen 3] OU; Date: Oct 30, 2024" />
<!--

Hey, you! Looking in the source for the replay log?

You can find them in JSON format, just add `.json` at the end of a replay URL.

https://replay.pokemonshowdown.com/gen7randomdoublesbattle-865046831.json

Or, if you only need the log itself, add `.log` instead:

https://replay.pokemonshowdown.com/gen7randomdoublesbattle-865046831.log

-->

<link rel="stylesheet" href="//pokemonshowdown.com/style/global.css?0.023195364461161105" />
<link rel="stylesheet" href="//play.pokemonshowdown.com/style/font-awesome.css?0.13261647063804238" />
<link rel="stylesheet" href="//play.pokemonshowdown.com/style/battle.css?0.8753245789963631" />
<link rel="stylesheet" href="//play.pokemonshowdown.com/style/utilichart.css?0.8627959624976733" />

<!-- Global site tag (gtag.js) - Google Analytics -->
<script async src="https://www.googletagmanager.com/gtag/js?id=UA-26211653-1"></script>
<script>
  window.dataLayer = window.dataLayer || [];
  function gtag(){dataLayer.push(arguments);}
  gtag('js', new Date());

  gtag('config', 'UA-26211653-1');
</script>
<!-- End Google Analytics -->
<!-- Venatus Ad Manager - Install in <HEAD> of page -->
	<script src="https://hb.vntsm.com/v3/live/ad-manager.min.js" type="text/javascript" data-site-id="642aba63ec9a7b11c3c9c1be" data-mode="scan" async></script>
<!-- / Venatus Ad Manager -->

<style>
	@media (max-width:820px) {
		.battle {
			margin: 0 auto;
		}
		.battle-log {
			margin: 7px auto 0;
			max-width: 640px;
			height: 300px;
			position: static;
		}
	}
	.optgroup {
		display: inline-block;
		line-height: 22px;
		font-size: 10pt;
	}
	.optgroup .button {
		height: 25px;
		padding-top: 0;
		padding-bottom: 0;
	}
	.optgroup button.button {
		padding-left: 12px;
		padding-right: 12px;
	}
	.linklist {
		list-style: none;
		margin: 0.5em 0;
		padding: 0;
	}
	.linklist li {
		padding: 2px 0;
	}
	.sidebar {
		float: left;
		width: 320px;
	}
	.bar-wrapper {
		max-width: 1100px;
		margin: 0 auto;
	}
	.bar-wrapper.has-sidebar {
		max-width: 1430px;
	}
	.mainbar {
		margin: 0;
		padding-right: 1px;
	}
	.mainbar.has-sidebar {
		margin-left: 330px;
	}
	@media (min-width: 1511px) {
		.sidebar {
			width: 400px;
		}
		.bar-wrapper.has-sidebar {
			max-width: 1510px;
		}
		.mainbar.has-sidebar {
			margin-left: 410px;
		}
	}
	.section.first-section {
		margin-top: 9px;
	}
	.blocklink small {
		white-space: normal;
	}
	.button {
		vertical-align: middle;
	}
	.replay-controls {
		padding-top: 10px;
	}
	.replay-controls h1 {
		font-size: 16pt;
		font-weight: normal;
		color: #CCC;
	}
	.pagelink {
		text-align: center;
	}
	.pagelink a {
		width: 150px;
	}
	.textbox, .button {
		font-size: 11pt;
		vertical-align: middle;
	}
	@media (max-width: 450px) {
		.button {
			font-size: 9pt;
		}
	}
</style>

<div>

	<header>
		<div class="nav-wrapper"><ul class="nav">
			<li><a class="button nav-first" href="//pokemonshowdown.com/"><img src="//pokemonshowdown.com/images/pokemonshowdownbeta.png" srcset="//pokemonshowdown.com/images/pokemonshowdownbeta.png 1x, //pokemonshowdown.com/images/pokemonshowdownbeta@2x.png 2x" alt="Pok&eacute;mon Showdown" width="146" height="44" /> Home</a></li>
			<li><a class="button" href="//pokemonshowdown.com/dex/">Pok&eacute;dex</a></li>
			<li><a class="button cur" href="/">Replays</a></li>
			<li><a class="button" href="//pokemonshowdown.com/ladder/">Ladder</a></li>
			<li><a class="button nav-last" href="//pokemonshowdown.com/forums/">Forum</a></li>
			<li><a class="button greenbutton nav-first nav-last" href="//play.pokemonshowdown.com/">Play</a></li>
		</ul></div>
	</header>

	<div class="main" id="main">

		<noscript><section class="section">You need to enable JavaScript to use this page; sorry!</section></noscript>

	</div>

</div>

<script defer nomodule src="//play.pokemonshowdown.com/js/lib/ps-polyfill.js"></script>
<script defer src="//play.pokemonshowdown.com/js/lib/preact.min.js"></script>

<script defer src="//play.pokemonshowdown.com/config/config.js?2bddbc15"></script>
<script defer src="//play.pokemonshowdown.com/js/lib/jquery-1.11.0.min.js"></script>
<script defer src="//play.pokemonshowdown.com/js/lib/html-sanitizer-minified.js"></script>
<script defer src="//play.pokemonshowdown.com/js/battle-sound.js"></script>
<script defer src="//play.pokemonshowdown.com/js/battledata.js?0.7209276989879541"></script>
<script defer src="//play.pokemonshowdown.com/data/pokedex-mini.js?0.6111056340867951"></script>
<script defer src="//play.pokemonshowdown.com/data/pokedex-mini-bw.js?0.3532142036491459"></script>
<script defer src="//play.pokemonshowdown.com/data/graphics.js?0.24223875632456182"></script>
<script defer src="//play.pokemonshowdown.com/data/pokedex.js?0.38839984266356864"></script>
<script defer src="//play.pokemonshowdown.com/data/moves.js?0.21866028504024015"></script>
<script defer src="//play.pokemonshowdown.com/data/abilities.js?0.2005157953846628"></script>
<script defer src="//play.pokemonshowdown.com/data/items.js?0.9894211263848525"></script>
<script defer src="//play.pokemonshowdown.com/data/teambuilder-tables.js?0.6008791140282215"></script>
<script defer src="//play.pokemonshowdown.com/js/battle-tooltips.js?0.7580118955022959"></script>
<script defer src="//play.pokemonshowdown.com/js/battle.js?0.6057722274234274"></script>

<script defer src="js/utils.js?e31f9a17"></script>
<script defer src="js/replays-battle.js?7008c182"></script>

<!-- don't scrape this data! just add .json or .log after the URL!
Full API docs: https://github.com/smogon/pokemon-showdown-client/blob/master/WEB-API.md -->
<script type="text/plain" class="log" id="replaylog-smogtours-gen3ou-803518">
|inactive|Battle timer is ON: inactive players will automatically lose when time's up.
|t:|1730331287
|gametype|singles
|player|p1|AutumnMint|riley|
|player|p2|EatYourToast|clown|
|teamsize|p1|6
|teamsize|p2|6
|gen|3
|tier|[Gen 3] OU
|rule|Sleep Clause Mod: Limit one foe put to sleep
|rule|Switch Priority Clause Mod: Faster Pokémon switch first
|rule|Species Clause: Limit one of each Pokémon
|rule|OHKO Clause: OHKO moves are banned
|rule|Evasion Items Clause: Evasion items are banned
|rule|Evasion Moves Clause: Evasion moves are banned
|rule|Endless Battle Clause: Forcing endless battles is banned
|rule|HP Percentage Mod: HP is shown in percentages
|rule|One Boost Passer Clause: Limit one Baton Passer that has a way to boost its stats
|rule|Freeze Clause Mod: Limit one foe frozen
|
|t:|1730331287
|start
|switch|p1a: Zapdos|Zapdos|100/100
|switch|p2a: Tyranitar|Tyranitar, M|100/100
|-weather|Sandstorm|[from] ability: Sand Stream|[of] p2a: Tyranitar
|turn|1
|
|t:|1730331297
|switch|p1a: Swampert|Swampert, M|100/100
|move|p2a: Tyranitar|Dragon Dance|p2a: Tyranitar
|-boost|p2a: Tyranitar|atk|1
|-boost|p2a: Tyranitar|spe|1
|
|-weather|Sandstorm|[upkeep]
|upkeep
|turn|2
|
|t:|1730331311
|move|p2a: Tyranitar|Hidden Power|p1a: Swampert
|-supereffective|p1a: Swampert
|-damage|p1a: Swampert|0 fnt
|faint|p1a: Swampert
|
|t:|1730331329
|switch|p1a: Metagross|Metagross, shiny|100/100
|
|-weather|Sandstorm|[upkeep]
|upkeep
|turn|3
|
|t:|1730331333
|move|p2a: Tyranitar|Flamethrower|p1a: Metagross
|-supereffective|p1a: Metagross
|-damage|p1a: Metagross|15/100
|move|p1a: Metagross|Meteor Mash|p2a: Tyranitar
|-supereffective|p2a: Tyranitar
|-damage|p2a: Tyranitar|18/100
|
|-weather|Sandstorm|[upkeep]
|-heal|p1a: Metagross|21/100|[from] item: Leftovers
|upkeep
|turn|4
|
|t:|1730331361
|switch|p1a: Salamence|Salamence, F|100/100
|-ability|p1a: Salamence|Intimidate|boost
|-unboost|p2a: Tyranitar|atk|1
|move|p2a: Tyranitar|Flamethrower|p1a: Salamence
|-resisted|p1a: Salamence
|-damage|p1a: Salamence|79/100
|
|-weather|Sandstorm|[upkeep]
|-damage|p1a: Salamence|73/100|[from] Sandstorm
|-heal|p1a: Salamence|79/100|[from] item: Leftovers
|upkeep
|turn|5
|
|t:|1730331371
|move|p2a: Tyranitar|Rock Slide|p1a: Salamence|[miss]
|-miss|p2a: Tyranitar|p1a: Salamence
|move|p1a: Salamence|Dragon Claw|p2a: Tyranitar
|-crit|p2a: Tyranitar
|-damage|p2a: Tyranitar|0 fnt
|faint|p2a: Tyranitar
|
|t:|1730331380
|switch|p2a: America's Dragon|Salamence, F, shiny|100/100
|-ability|p2a: America's Dragon|Intimidate|boost
|-unboost|p1a: Salamence|atk|1
|
|-weather|Sandstorm|[upkeep]
|-damage|p1a: Salamence|73/100|[from] Sandstorm
|-damage|p2a: America's Dragon|94/100|[from] Sandstorm
|-heal|p1a: Salamence|79/100|[from] item: Leftovers
|-heal|p2a: America's Dragon|100/100|[from] item: Leftovers
|upkeep
|turn|6
|
|t:|1730331389
|move|p2a: America's Dragon|Dragon Claw|p1a: Salamence
|-supereffective|p1a: Salamence
|-damage|p1a: Salamence|0 fnt
|faint|p1a: Salamence
|
|t:|1730331396
|switch|p1a: Zapdos|Zapdos|100/100
|
|-weather|Sandstorm|[upkeep]
|-damage|p1a: Zapdos|94/100|[from] Sandstorm
|-damage|p2a: America's Dragon|94/100|[from] Sandstorm
|-heal|p1a: Zapdos|100/100|[from] item: Leftovers
|-heal|p2a: America's Dragon|100/100|[from] item: Leftovers
|upkeep
|turn|7
|
|t:|1730331414
|switch|p2a: Life of the Party|Swampert, M, shiny|100/100
|move|p1a: Zapdos|Thunder Wave|p2a: Life of the Party
|-immune|p2a: Life of the Party
|
|-weather|Sandstorm|[upkeep]
|-damage|p1a: Zapdos|94/100|[from] Sandstorm
|-heal|p1a: Zapdos|100/100|[from] item: Leftovers
|upkeep
|turn|8
|
|t:|1730331425
|switch|p1a: Parallax|Snorlax, M|100/100
|move|p2a: Life of the Party|Protect||[still]
|-fail|p2a: Life of the Party
|
|-weather|Sandstorm|[upkeep]
|-damage|p1a: Parallax|94/100|[from] Sandstorm
|-heal|p1a: Parallax|100/100|[from] item: Leftovers
|upkeep
|turn|9
|
|t:|1730331448
|move|p1a: Parallax|Body Slam|p2a: Life of the Party
|-crit|p2a: Life of the Party
|-damage|p2a: Life of the Party|45/100
|move|p2a: Life of the Party|Counter|p1a: Parallax
|-damage|p1a: Parallax|4/100
|
|-weather|Sandstorm|[upkeep]
|-damage|p1a: Parallax|0 fnt|[from] Sandstorm
|faint|p1a: Parallax
|-heal|p2a: Life of the Party|51/100|[from] item: Leftovers
|upkeep
|
|t:|1730331460
|switch|p1a: Metagross|Metagross, shiny|21/100
|turn|10
|
|t:|1730331470
|move|p2a: Life of the Party|Protect|p2a: Life of the Party
|-singleturn|p2a: Life of the Party|Protect
|move|p1a: Metagross|Meteor Mash|p2a: Life of the Party|[miss]
|-miss|p1a: Metagross|p2a: Life of the Party
|
|-weather|Sandstorm|[upkeep]
|-heal|p1a: Metagross|27/100|[from] item: Leftovers
|-heal|p2a: Life of the Party|57/100|[from] item: Leftovers
|upkeep
|turn|11
|
|t:|1730331491
|move|p1a: Metagross|Explosion|p2a: Life of the Party
|-damage|p2a: Life of the Party|0 fnt
|faint|p1a: Metagross
|faint|p2a: Life of the Party
|
|t:|1730331503
|switch|p1a: Zapdos|Zapdos|100/100
|switch|p2a: America's Dragon|Salamence, F, shiny|100/100
|-ability|p2a: America's Dragon|Intimidate|boost
|-unboost|p1a: Zapdos|atk|1
|
|-weather|Sandstorm|[upkeep]
|-damage|p2a: America's Dragon|94/100|[from] Sandstorm
|-damage|p1a: Zapdos|94/100|[from] Sandstorm
|-heal|p1a: Zapdos|100/100|[from] item: Leftovers
|-heal|p2a: America's Dragon|100/100|[from] item: Leftovers
|upkeep
|turn|12
|
|t:|1730331516
|move|p1a: Zapdos|Hidden Power|p2a: America's Dragon
|-supereffective|p2a: America's Dragon
|-damage|p2a: America's Dragon|0 fnt
|faint|p2a: America's Dragon
|
|t:|1730331525
|switch|p2a: The Guy.|Electrode, shiny|100/100
|
|-weather|Sandstorm|[upkeep]
|-damage|p2a: The Guy.|94/100|[from] Sandstorm
|-damage|p1a: Zapdos|94/100|[from] Sandstorm
|-heal|p2a: The Guy.|100/100|[from] item: Leftovers
|-heal|p1a: Zapdos|100/100|[from] item: Leftovers
|upkeep
|turn|13
|
|t:|1730331534
|move|p2a: The Guy.|Substitute|p2a: The Guy.
|-start|p2a: The Guy.|Substitute
|-damage|p2a: The Guy.|76/100
|move|p1a: Zapdos|Thunder Wave||[still]
|-fail|p1a: Zapdos
|
|-weather|Sandstorm|[upkeep]
|-damage|p2a: The Guy.|69/100|[from] Sandstorm
|-damage|p1a: Zapdos|94/100|[from] Sandstorm
|-heal|p2a: The Guy.|76/100|[from] item: Leftovers
|-heal|p1a: Zapdos|100/100|[from] item: Leftovers
|upkeep
|turn|14
|
|t:|1730331544
|move|p2a: The Guy.|Thunder Wave|p1a: Zapdos
|-status|p1a: Zapdos|par
|move|p1a: Zapdos|Roar|p2a: The Guy.
|drag|p2a: Sesame Street|Zapdos, shiny|100/100
|
|-weather|Sandstorm|[upkeep]
|-damage|p2a: Sesame Street|94/100|[from] Sandstorm
|-damage|p1a: Zapdos|94/100 par|[from] Sandstorm
|-heal|p2a: Sesame Street|100/100|[from] item: Leftovers
|-heal|p1a: Zapdos|100/100 par|[from] item: Leftovers
|upkeep
|turn|15
|
|t:|1730331554
|move|p2a: Sesame Street|Thunderbolt|p1a: Zapdos
|-damage|p1a: Zapdos|57/100 par
|move|p1a: Zapdos|Thunder Wave|p2a: Sesame Street
|-status|p2a: Sesame Street|par
|
|-weather|Sandstorm|[upkeep]
|-damage|p1a: Zapdos|51/100 par|[from] Sandstorm
|-damage|p2a: Sesame Street|94/100 par|[from] Sandstorm
|-heal|p1a: Zapdos|57/100 par|[from] item: Leftovers
|-heal|p2a: Sesame Street|100/100 par|[from] item: Leftovers
|upkeep
|turn|16
|
|t:|1730331565
|move|p1a: Zapdos|Thunderbolt|p2a: Sesame Street
|-damage|p2a: Sesame Street|67/100 par
|cant|p2a: Sesame Street|par
|
|-weather|Sandstorm|[upkeep]
|-damage|p1a: Zapdos|51/100 par|[from] Sandstorm
|-damage|p2a: Sesame Street|61/100 par|[from] Sandstorm
|-heal|p1a: Zapdos|57/100 par|[from] item: Leftovers
|-heal|p2a: Sesame Street|67/100 par|[from] item: Leftovers
|upkeep
|turn|17
|
|t:|1730331574
|move|p1a: Zapdos|Thunderbolt|p2a: Sesame Street
|-damage|p2a: Sesame Street|31/100 par
|move|p2a: Sesame Street|Thunderbolt|p1a: Zapdos
|-crit|p1a: Zapdos
|-damage|p1a: Zapdos|0 fnt
|faint|p1a: Zapdos
|
|t:|1730331577
|switch|p1a: Tyranitar|Tyranitar, M|100/100
|
|-weather|Sandstorm|[upkeep]
|-damage|p2a: Sesame Street|25/100 par|[from] Sandstorm
|-heal|p2a: Sesame Street|31/100 par|[from] item: Leftovers
|upkeep
|turn|18
|
|t:|1730331585
|switch|p2a: The Guy.|Electrode, shiny|76/100
|move|p1a: Tyranitar|Dragon Dance|p1a: Tyranitar
|-boost|p1a: Tyranitar|atk|1
|-boost|p1a: Tyranitar|spe|1
|
|-weather|Sandstorm|[upkeep]
|-damage|p2a: The Guy.|69/100|[from] Sandstorm
|-heal|p2a: The Guy.|76/100|[from] item: Leftovers
|upkeep
|turn|19
|
|t:|1730331604
|move|p2a: The Guy.|Substitute|p2a: The Guy.
|-start|p2a: The Guy.|Substitute
|-damage|p2a: The Guy.|51/100
|move|p1a: Tyranitar|Dragon Dance|p1a: Tyranitar
|-boost|p1a: Tyranitar|atk|1
|-boost|p1a: Tyranitar|spe|1
|
|-weather|Sandstorm|[upkeep]
|-damage|p2a: The Guy.|45/100|[from] Sandstorm
|-heal|p2a: The Guy.|51/100|[from] item: Leftovers
|upkeep
|turn|20
|
|t:|1730331612
|move|p1a: Tyranitar|Earthquake|p2a: The Guy.
|-supereffective|p2a: The Guy.
|-end|p2a: The Guy.|Substitute
|move|p2a: The Guy.|Thunder Wave|p1a: Tyranitar
|-status|p1a: Tyranitar|par
|-enditem|p1a: Tyranitar|Lum Berry|[eat]
|-curestatus|p1a: Tyranitar|par|[msg]
|
|-weather|Sandstorm|[upkeep]
|-damage|p2a: The Guy.|45/100|[from] Sandstorm
|-heal|p2a: The Guy.|51/100|[from] item: Leftovers
|upkeep
|turn|21
|
|t:|1730331634
|move|p1a: Tyranitar|Earthquake|p2a: The Guy.
|-supereffective|p2a: The Guy.
|-damage|p2a: The Guy.|0 fnt
|faint|p2a: The Guy.
|c|☆EatYourToast|well apparently I need to make him faster
|
|t:|1730331645
|switch|p2a: Sesame Street|Zapdos, shiny|31/100 par
|
|-weather|Sandstorm|[upkeep]
|-damage|p2a: Sesame Street|25/100 par|[from] Sandstorm
|-heal|p2a: Sesame Street|31/100 par|[from] item: Leftovers
|upkeep
|turn|22
|c|☆EatYourToast|gg
|c|☆AutumnMint|there's no way it would outspeed after 2 dances
|
|t:|1730331654
|move|p1a: Tyranitar|Rock Slide|p2a: Sesame Street
|-supereffective|p2a: Sesame Street
|-damage|p2a: Sesame Street|0 fnt
|faint|p2a: Sesame Street
|
|t:|1730331659
|switch|p2a: Dugdugdug|Dugtrio, M, shiny|100/100
|
|-weather|Sandstorm|[upkeep]
|upkeep
|turn|23
|
|t:|1730331662
|move|p1a: Tyranitar|Earthquake|p2a: Dugdugdug
|-crit|p2a: Dugdugdug
|-damage|p2a: Dugdugdug|0 fnt
|faint|p2a: Dugdugdug
|
|win|AutumnMint

</script>
<script type="application/json" class="data" id="replaydata-smogtours-gen3ou-803518">
{"id":"smogtours-gen3ou-803518","format":"[Gen 3] OU","players":["AutumnMint","EatYourToast"],"uploadtime":1730331662,"views":54,"formatid":"gen3ou","rating":null,"private":0,"password":null}
</script>

<script defer src="js/replays.js?9d40a366"></script>
