<!DOCTYPE html>
<meta charset="utf-8" />
<meta name="viewport" content="width=device-width" />

<title>[Gen 3] OU: TaviTavi vs. Darksamer - Replays - Pok&eacute;mon Showdown!</title>

<meta name="description" content="Watch a replay of a Pok&eacute;mon battle between TaviTavi and Darksamer! Format: [Gen 3] OU; Date: Oct 15, 2024" />
<!--

Hey, you! Looking in the source for the replay log?

You can find them in JSON format, just add `.json` at the end of a replay URL.

https://replay.pokemonshowdown.com/gen7randomdoublesbattle-865046831.json

Or, if you only need the log itself, add `.log` instead:

https://replay.pokemonshowdown.com/gen7randomdoublesbattle-865046831.log

-->

<link rel="stylesheet" href="//pokemonshowdown.com/style/global.css?0.023195364461161105" />
<link rel="stylesheet" href="//play.pokemonshowdown.com/style/font-awesome.css?0.13261647063804238" />
<link rel="stylesheet" href="//play.pokemonshowdown.com/style/battle.css?0.8753245789963631" />
<link rel="stylesheet" href="//play.pokemonshowdown.com/style/utilichart.css?0.8627959624976733" />

<!-- Global site tag (gtag.js) - Google Analytics -->
<script async src="https://www.googletagmanager.com/gtag/js?id=UA-26211653-1"></script>
<script>
  window.dataLayer = window.dataLayer || [];
  function gtag(){dataLayer.push(arguments);}
  gtag('js', new Date());

  gtag('config', 'UA-26211653-1');
</script>
<!-- End Google Analytics -->
<!-- Venatus Ad Manager - Install in <HEAD> of page -->
	<script src="https://hb.vntsm.com/v3/live/ad-manager.min.js" type="text/javascript" data-site-id="642aba63ec9a7b11c3c9c1be" data-mode="scan" async></script>
<!-- / Venatus Ad Manager -->

<style>
	@media (max-width:820px) {
		.battle {
			margin: 0 auto;
		}
		.battle-log {
			margin: 7px auto 0;
			max-width: 640px;
			height: 300px;
			position: static;
		}
	}
	.optgroup {
		display: inline-block;
		line-height: 22px;
		font-size: 10pt;
	}
	.optgroup .button {
		height: 25px;
		padding-top: 0;
		padding-bottom: 0;
	}
	.optgroup button.button {
		padding-left: 12px;
		padding-right: 12px;
	}
	.linklist {
		list-style: none;
		margin: 0.5em 0;
		padding: 0;
	}
	.linklist li {
		padding: 2px 0;
	}
	.sidebar {
		float: left;
		width: 320px;
	}
	.bar-wrapper {
		max-width: 1100px;
		margin: 0 auto;
	}
	.bar-wrapper.has-sidebar {
		max-width: 1430px;
	}
	.mainbar {
		margin: 0;
		padding-right: 1px;
	}
	.mainbar.has-sidebar {
		margin-left: 330px;
	}
	@media (min-width: 1511px) {
		.sidebar {
			width: 400px;
		}
		.bar-wrapper.has-sidebar {
			max-width: 1510px;
		}
		.mainbar.has-sidebar {
			margin-left: 410px;
		}
	}
	.section.first-section {
		margin-top: 9px;
	}
	.blocklink small {
		white-space: normal;
	}
	.button {
		vertical-align: middle;
	}
	.replay-controls {
		padding-top: 10px;
	}
	.replay-controls h1 {
		font-size: 16pt;
		font-weight: normal;
		color: #CCC;
	}
	.pagelink {
		text-align: center;
	}
	.pagelink a {
		width: 150px;
	}
	.textbox, .button {
		font-size: 11pt;
		vertical-align: middle;
	}
	@media (max-width: 450px) {
		.button {
			font-size: 9pt;
		}
	}
</style>

<div>

	<header>
		<div class="nav-wrapper"><ul class="nav">
			<li><a class="button nav-first" href="//pokemonshowdown.com/"><img src="//pokemonshowdown.com/images/pokemonshowdownbeta.png" srcset="//pokemonshowdown.com/images/pokemonshowdownbeta.png 1x, //pokemonshowdown.com/images/pokemonshowdownbeta@2x.png 2x" alt="Pok&eacute;mon Showdown" width="146" height="44" /> Home</a></li>
			<li><a class="button" href="//pokemonshowdown.com/dex/">Pok&eacute;dex</a></li>
			<li><a class="button cur" href="/">Replays</a></li>
			<li><a class="button" href="//pokemonshowdown.com/ladder/">Ladder</a></li>
			<li><a class="button nav-last" href="//pokemonshowdown.com/forums/">Forum</a></li>
			<li><a class="button greenbutton nav-first nav-last" href="//play.pokemonshowdown.com/">Play</a></li>
		</ul></div>
	</header>

	<div class="main" id="main">

		<noscript><section class="section">You need to enable JavaScript to use this page; sorry!</section></noscript>

	</div>

</div>

<script defer nomodule src="//play.pokemonshowdown.com/js/lib/ps-polyfill.js"></script>
<script defer src="//play.pokemonshowdown.com/js/lib/preact.min.js"></script>

<script defer src="//play.pokemonshowdown.com/config/config.js?2bddbc15"></script>
<script defer src="//play.pokemonshowdown.com/js/lib/jquery-1.11.0.min.js"></script>
<script defer src="//play.pokemonshowdown.com/js/lib/html-sanitizer-minified.js"></script>
<script defer src="//play.pokemonshowdown.com/js/battle-sound.js"></script>
<script defer src="//play.pokemonshowdown.com/js/battledata.js?0.7209276989879541"></script>
<script defer src="//play.pokemonshowdown.com/data/pokedex-mini.js?0.6111056340867951"></script>
<script defer src="//play.pokemonshowdown.com/data/pokedex-mini-bw.js?0.3532142036491459"></script>
<script defer src="//play.pokemonshowdown.com/data/graphics.js?0.24223875632456182"></script>
<script defer src="//play.pokemonshowdown.com/data/pokedex.js?0.38839984266356864"></script>
<script defer src="//play.pokemonshowdown.com/data/moves.js?0.21866028504024015"></script>
<script defer src="//play.pokemonshowdown.com/data/abilities.js?0.2005157953846628"></script>
<script defer src="//play.pokemonshowdown.com/data/items.js?0.9894211263848525"></script>
<script defer src="//play.pokemonshowdown.com/data/teambuilder-tables.js?0.6008791140282215"></script>
<script defer src="//play.pokemonshowdown.com/js/battle-tooltips.js?0.7580118955022959"></script>
<script defer src="//play.pokemonshowdown.com/js/battle.js?0.6057722274234274"></script>

<script defer src="js/utils.js?e31f9a17"></script>
<script defer src="js/replays-battle.js?7008c182"></script>

<!-- don't scrape this data! just add .json or .log after the URL!
Full API docs: https://github.com/smogon/pokemon-showdown-client/blob/master/WEB-API.md -->
<script type="text/plain" class="log" id="replaylog-smogtours-gen3ou-798845">
|inactive|Battle timer is ON: inactive players will automatically lose when time's up.
|t:|1728952150
|gametype|singles
|player|p1|TaviTavi|102|
|player|p2|Darksamer|1|
|teamsize|p1|6
|teamsize|p2|6
|gen|3
|tier|[Gen 3] OU
|rule|Sleep Clause Mod: Limit one foe put to sleep
|rule|Switch Priority Clause Mod: Faster Pokémon switch first
|rule|Species Clause: Limit one of each Pokémon
|rule|OHKO Clause: OHKO moves are banned
|rule|Evasion Items Clause: Evasion items are banned
|rule|Evasion Moves Clause: Evasion moves are banned
|rule|Endless Battle Clause: Forcing endless battles is banned
|rule|HP Percentage Mod: HP is shown in percentages
|rule|One Boost Passer Clause: Limit one Baton Passer that has a way to boost its stats
|rule|Freeze Clause Mod: Limit one foe frozen
|
|t:|1728952150
|start
|switch|p1a: Salamence|Salamence, F|100/100
|switch|p2a: Zapdos|Zapdos|100/100
|-ability|p1a: Salamence|Intimidate|boost
|-unboost|p2a: Zapdos|atk|1
|turn|1
|c|☆Darksamer|glhf
|c|☆TaviTavi|gl; hf
|
|t:|1728952164
|switch|p1a: Celebi|Celebi|100/100
|move|p2a: Zapdos|Thunderbolt|p1a: Celebi
|-resisted|p1a: Celebi
|-damage|p1a: Celebi|77/100
|
|-heal|p1a: Celebi|83/100|[from] item: Leftovers
|upkeep
|turn|2
|
|t:|1728952180
|move|p2a: Zapdos|Substitute|p2a: Zapdos
|-start|p2a: Zapdos|Substitute
|-damage|p2a: Zapdos|76/100
|move|p1a: Celebi|Leech Seed||[still]
|-fail|p1a: Celebi
|
|-heal|p2a: Zapdos|82/100|[from] item: Leftovers
|-heal|p1a: Celebi|89/100|[from] item: Leftovers
|upkeep
|turn|3
|
|t:|1728952198
|move|p2a: Zapdos|Baton Pass|p2a: Zapdos
|inactive|Darksamer has 270 seconds left.
|
|t:|1728952227
|switch|p2a: Salamence|Salamence, M|100/100|[from] Baton Pass
|-ability|p2a: Salamence|Intimidate|boost
|-unboost|p1a: Celebi|atk|1
|move|p1a: Celebi|Psychic|p2a: Salamence
|-end|p2a: Salamence|Substitute
|
|-heal|p1a: Celebi|95/100|[from] item: Leftovers
|upkeep
|turn|4
|inactive|Darksamer has 270 seconds left.
|
|t:|1728952235
|switch|p1a: Swampert|Swampert, F|100/100
|move|p2a: Salamence|Hidden Power|p1a: Swampert
|-damage|p1a: Swampert|76/100
|
|-heal|p1a: Swampert|83/100|[from] item: Leftovers
|upkeep
|turn|5
|inactive|Darksamer has 270 seconds left.
|
|t:|1728952266
|switch|p2a: Gengar|Gengar, M|100/100
|move|p1a: Swampert|Ice Beam|p2a: Gengar
|-damage|p2a: Gengar|56/100
|
|-heal|p2a: Gengar|63/100|[from] item: Leftovers
|-heal|p1a: Swampert|89/100|[from] item: Leftovers
|upkeep
|turn|6
|
|t:|1728952274
|switch|p1a: Celebi|Celebi|95/100
|move|p2a: Gengar|Will-O-Wisp|p1a: Celebi|[miss]
|-miss|p2a: Gengar|p1a: Celebi
|
|-heal|p2a: Gengar|69/100|[from] item: Leftovers
|-heal|p1a: Celebi|100/100|[from] item: Leftovers
|upkeep
|turn|7
|inactive|Darksamer has 240 seconds left.
|
|t:|1728952301
|switch|p2a: Starmie|Starmie|100/100
|move|p1a: Celebi|Psychic|p2a: Starmie
|-resisted|p2a: Starmie
|-damage|p2a: Starmie|71/100
|
|-heal|p2a: Starmie|78/100|[from] item: Leftovers
|upkeep
|turn|8
|
|t:|1728952315
|move|p2a: Starmie|Ice Beam|p1a: Celebi
|-supereffective|p1a: Celebi
|-damage|p1a: Celebi|48/100
|-status|p1a: Celebi|frz
|-curestatus|p1a: Celebi|frz|[msg]
|move|p1a: Celebi|Giga Drain|p2a: Starmie
|-supereffective|p2a: Starmie
|-damage|p2a: Starmie|0 fnt
|-heal|p1a: Celebi|73/100|[from] drain|[of] p2a: Starmie
|faint|p2a: Starmie
|inactive|Darksamer has 240 seconds left.
|
|t:|1728952333
|switch|p2a: Slaking|Slaking, F|100/100
|
|-heal|p1a: Celebi|79/100|[from] item: Leftovers
|upkeep
|turn|9
|
|t:|1728952338
|switch|p1a: Skarmory|Skarmory, M|100/100
|move|p2a: Slaking|Double-Edge|p1a: Skarmory
|-resisted|p1a: Skarmory
|-damage|p1a: Skarmory|62/100
|-damage|p2a: Slaking|91/100|[from] Recoil|[of] p1a: Skarmory
|
|-heal|p1a: Skarmory|68/100|[from] item: Leftovers
|upkeep
|turn|10
|
|t:|1728952344
|switch|p2a: Zapdos|Zapdos|82/100
|move|p1a: Skarmory|Spikes|p2a: Zapdos
|-sidestart|p2: Darksamer|Spikes
|
|-heal|p2a: Zapdos|88/100|[from] item: Leftovers
|-heal|p1a: Skarmory|74/100|[from] item: Leftovers
|upkeep
|turn|11
|
|t:|1728952355
|switch|p1a: Swampert|Swampert, F|89/100
|move|p2a: Zapdos|Substitute|p2a: Zapdos
|-start|p2a: Zapdos|Substitute
|-damage|p2a: Zapdos|63/100
|
|-heal|p2a: Zapdos|69/100|[from] item: Leftovers
|-heal|p1a: Swampert|95/100|[from] item: Leftovers
|upkeep
|turn|12
|
|t:|1728952358
|move|p2a: Zapdos|Hidden Power|p1a: Swampert
|-supereffective|p1a: Swampert
|-damage|p1a: Swampert|0 fnt
|faint|p1a: Swampert
|
|t:|1728952363
|switch|p1a: Celebi|Celebi|79/100
|
|-heal|p2a: Zapdos|76/100|[from] item: Leftovers
|-heal|p1a: Celebi|86/100|[from] item: Leftovers
|upkeep
|turn|13
|
|t:|1728952377
|move|p2a: Zapdos|Baton Pass|p2a: Zapdos
|
|t:|1728952378
|switch|p2a: Salamence|Salamence, M|100/100|[from] Baton Pass
|-ability|p2a: Salamence|Intimidate|boost
|-unboost|p1a: Celebi|atk|1
|move|p1a: Celebi|Psychic|p2a: Salamence
|-end|p2a: Salamence|Substitute
|
|-heal|p1a: Celebi|92/100|[from] item: Leftovers
|upkeep
|turn|14
|
|t:|1728952384
|switch|p1a: Skarmory|Skarmory, M|74/100
|move|p2a: Salamence|Dragon Dance|p2a: Salamence
|-boost|p2a: Salamence|atk|1
|-boost|p2a: Salamence|spe|1
|
|-heal|p1a: Skarmory|80/100|[from] item: Leftovers
|upkeep
|turn|15
|
|t:|1728952386
|move|p2a: Salamence|Rock Slide|p1a: Skarmory
|-damage|p1a: Skarmory|45/100
|cant|p1a: Skarmory|flinch
|
|-heal|p1a: Skarmory|51/100|[from] item: Leftovers
|upkeep
|turn|16
|
|t:|1728952389
|move|p2a: Salamence|Rock Slide|p1a: Skarmory
|-damage|p1a: Skarmory|19/100
|cant|p1a: Skarmory|flinch
|
|-heal|p1a: Skarmory|25/100|[from] item: Leftovers
|upkeep
|turn|17
|
|t:|1728952391
|move|p2a: Salamence|Rock Slide|p1a: Skarmory
|-damage|p1a: Skarmory|0 fnt
|faint|p1a: Skarmory
|
|t:|1728952412
|switch|p1a: Tyranitar|Tyranitar, M|100/100
|-weather|Sandstorm|[from] ability: Sand Stream|[of] p1a: Tyranitar
|
|-weather|Sandstorm|[upkeep]
|-damage|p2a: Salamence|94/100|[from] Sandstorm
|upkeep
|turn|18
|
|t:|1728952418
|move|p2a: Salamence|Brick Break|p1a: Tyranitar
|-supereffective|p1a: Tyranitar
|-damage|p1a: Tyranitar|0 fnt
|faint|p1a: Tyranitar
|
|t:|1728952423
|switch|p1a: Salamence|Salamence, F|100/100
|-ability|p1a: Salamence|Intimidate|boost
|-unboost|p2a: Salamence|atk|1
|
|-weather|Sandstorm|[upkeep]
|-damage|p2a: Salamence|88/100|[from] Sandstorm
|-damage|p1a: Salamence|94/100|[from] Sandstorm
|-heal|p1a: Salamence|100/100|[from] item: Leftovers
|upkeep
|turn|19
|
|t:|1728952433
|move|p2a: Salamence|Rock Slide|p1a: Salamence|[miss]
|-miss|p2a: Salamence|p1a: Salamence
|move|p1a: Salamence|Dragon Claw|p2a: Salamence
|-supereffective|p2a: Salamence
|-damage|p2a: Salamence|0 fnt
|faint|p2a: Salamence
|
|t:|1728952443
|switch|p2a: Slaking|Slaking, F|91/100
|-damage|p2a: Slaking|79/100|[from] Spikes
|
|-weather|Sandstorm|[upkeep]
|-damage|p2a: Slaking|72/100|[from] Sandstorm
|-damage|p1a: Salamence|94/100|[from] Sandstorm
|-heal|p1a: Salamence|100/100|[from] item: Leftovers
|upkeep
|turn|20
|
|t:|1728952451
|move|p2a: Slaking|Double-Edge|p1a: Salamence
|-damage|p1a: Salamence|0 fnt
|-damage|p2a: Slaking|47/100|[from] Recoil|[of] p1a: Salamence
|faint|p1a: Salamence
|
|t:|1728952455
|switch|p1a: Aerodactyl|Aerodactyl, M|100/100
|
|-weather|Sandstorm|[upkeep]
|-damage|p2a: Slaking|41/100|[from] Sandstorm
|upkeep
|turn|21
|
|t:|1728952472
|move|p1a: Aerodactyl|Rock Slide|p2a: Slaking
|-damage|p2a: Slaking|2/100
|cant|p2a: Slaking|ability: Truant
|
|-weather|Sandstorm|[upkeep]
|-damage|p2a: Slaking|0 fnt|[from] Sandstorm
|faint|p2a: Slaking
|upkeep
|
|t:|1728952478
|switch|p2a: Heracross|Heracross, M|100/100
|-damage|p2a: Heracross|88/100|[from] Spikes
|turn|22
|inactive|Darksamer has 270 seconds left.
|inactive|Darksamer has 240 seconds left.
|
|t:|1728952537
|move|p1a: Aerodactyl|Rock Slide|p2a: Heracross
|-crit|p2a: Heracross
|-damage|p2a: Heracross|0 fnt
|faint|p2a: Heracross
|
|t:|1728952541
|switch|p2a: Gengar|Gengar, M|69/100
|
|-weather|Sandstorm|[upkeep]
|-damage|p2a: Gengar|63/100|[from] Sandstorm
|-heal|p2a: Gengar|69/100|[from] item: Leftovers
|upkeep
|turn|23
|
|t:|1728952545
|switch|p1a: Celebi|Celebi|92/100
|move|p2a: Gengar|Destiny Bond|p2a: Gengar
|-singlemove|p2a: Gengar|Destiny Bond
|
|-weather|Sandstorm|[upkeep]
|-damage|p2a: Gengar|63/100|[from] Sandstorm
|-damage|p1a: Celebi|86/100|[from] Sandstorm
|-heal|p2a: Gengar|69/100|[from] item: Leftovers
|-heal|p1a: Celebi|92/100|[from] item: Leftovers
|upkeep
|turn|24
|
|t:|1728952552
|move|p2a: Gengar|Ice Punch|p1a: Celebi
|-supereffective|p1a: Celebi
|-damage|p1a: Celebi|49/100
|move|p1a: Celebi|Leech Seed|p2a: Gengar
|-start|p2a: Gengar|move: Leech Seed
|
|-weather|Sandstorm|[upkeep]
|-damage|p2a: Gengar|63/100|[from] Sandstorm
|-damage|p1a: Celebi|42/100|[from] Sandstorm
|-heal|p2a: Gengar|69/100|[from] item: Leftovers
|-damage|p2a: Gengar|56/100|[from] Leech Seed|[of] p1a: Celebi
|-heal|p1a: Celebi|51/100|[silent]
|-heal|p1a: Celebi|57/100|[from] item: Leftovers
|upkeep
|turn|25
|
|t:|1728952557
|move|p2a: Gengar|Ice Punch|p1a: Celebi
|-supereffective|p1a: Celebi
|-damage|p1a: Celebi|15/100
|move|p1a: Celebi|Giga Drain|p2a: Gengar
|-resisted|p2a: Gengar
|-damage|p2a: Gengar|31/100
|-heal|p1a: Celebi|23/100|[from] drain|[of] p2a: Gengar
|
|-weather|Sandstorm|[upkeep]
|-damage|p2a: Gengar|25/100|[from] Sandstorm
|-damage|p1a: Celebi|17/100|[from] Sandstorm
|-heal|p2a: Gengar|31/100|[from] item: Leftovers
|-damage|p2a: Gengar|19/100|[from] Leech Seed|[of] p1a: Celebi
|-heal|p1a: Celebi|25/100|[silent]
|-heal|p1a: Celebi|31/100|[from] item: Leftovers
|upkeep
|turn|26
|
|t:|1728952561
|move|p2a: Gengar|Destiny Bond|p2a: Gengar
|-singlemove|p2a: Gengar|Destiny Bond
|move|p1a: Celebi|Psychic|p2a: Gengar
|-supereffective|p2a: Gengar
|-damage|p2a: Gengar|0 fnt
|faint|p2a: Gengar
|-activate|p2a: Gengar|move: Destiny Bond
|faint|p1a: Celebi
|
|t:|1728952563
|switch|p2a: Zapdos|Zapdos|76/100
|switch|p1a: Aerodactyl|Aerodactyl, M|100/100
|
|-weather|Sandstorm|[upkeep]
|-damage|p2a: Zapdos|69/100|[from] Sandstorm
|-heal|p2a: Zapdos|76/100|[from] item: Leftovers
|upkeep
|turn|27
|
|t:|1728952565
|move|p1a: Aerodactyl|Rock Slide|p2a: Zapdos
|-supereffective|p2a: Zapdos
|-damage|p2a: Zapdos|0 fnt
|faint|p2a: Zapdos
|
|win|TaviTavi
|c|☆TaviTavi|gg
|c|☆Darksamer|gg

</script>
<script type="application/json" class="data" id="replaydata-smogtours-gen3ou-798845">
{"id":"smogtours-gen3ou-798845","format":"[Gen 3] OU","players":["TaviTavi","Darksamer"],"uploadtime":1728952565,"views":90,"formatid":"gen3ou","rating":null,"private":0,"password":null}
</script>

<script defer src="js/replays.js?9d40a366"></script>
