<!DOCTYPE html>
<meta charset="utf-8" />
<meta name="viewport" content="width=device-width" />

<title>[Gen 3] OU: Rebatca vs. sprasle - Replays - Pok&eacute;mon Showdown!</title>

<meta name="description" content="Watch a replay of a Pok&eacute;mon battle between Rebatca and sprasle! Format: [Gen 3] OU; Date: Oct 8, 2024" />
<!--

Hey, you! Looking in the source for the replay log?

You can find them in JSON format, just add `.json` at the end of a replay URL.

https://replay.pokemonshowdown.com/gen7randomdoublesbattle-865046831.json

Or, if you only need the log itself, add `.log` instead:

https://replay.pokemonshowdown.com/gen7randomdoublesbattle-865046831.log

-->

<link rel="stylesheet" href="//pokemonshowdown.com/style/global.css?0.767286132409787" />
<link rel="stylesheet" href="//play.pokemonshowdown.com/style/font-awesome.css?0.9266228007934947" />
<link rel="stylesheet" href="//play.pokemonshowdown.com/style/battle.css?0.7924700842790926" />
<link rel="stylesheet" href="//play.pokemonshowdown.com/style/utilichart.css?0.8777417872839479" />

<!-- Global site tag (gtag.js) - Google Analytics -->
<script async src="https://www.googletagmanager.com/gtag/js?id=UA-26211653-1"></script>
<script>
  window.dataLayer = window.dataLayer || [];
  function gtag(){dataLayer.push(arguments);}
  gtag('js', new Date());

  gtag('config', 'UA-26211653-1');
</script>
<!-- End Google Analytics -->
<!-- Venatus Ad Manager - Install in <HEAD> of page -->
	<script src="https://hb.vntsm.com/v3/live/ad-manager.min.js" type="text/javascript" data-site-id="642aba63ec9a7b11c3c9c1be" data-mode="scan" async></script>
<!-- / Venatus Ad Manager -->

<style>
	@media (max-width:820px) {
		.battle {
			margin: 0 auto;
		}
		.battle-log {
			margin: 7px auto 0;
			max-width: 640px;
			height: 300px;
			position: static;
		}
	}
	.optgroup {
		display: inline-block;
		line-height: 22px;
		font-size: 10pt;
	}
	.optgroup .button {
		height: 25px;
		padding-top: 0;
		padding-bottom: 0;
	}
	.optgroup button.button {
		padding-left: 12px;
		padding-right: 12px;
	}
	.linklist {
		list-style: none;
		margin: 0.5em 0;
		padding: 0;
	}
	.linklist li {
		padding: 2px 0;
	}
	.sidebar {
		float: left;
		width: 320px;
	}
	.bar-wrapper {
		max-width: 1100px;
		margin: 0 auto;
	}
	.bar-wrapper.has-sidebar {
		max-width: 1430px;
	}
	.mainbar {
		margin: 0;
		padding-right: 1px;
	}
	.mainbar.has-sidebar {
		margin-left: 330px;
	}
	@media (min-width: 1511px) {
		.sidebar {
			width: 400px;
		}
		.bar-wrapper.has-sidebar {
			max-width: 1510px;
		}
		.mainbar.has-sidebar {
			margin-left: 410px;
		}
	}
	.section.first-section {
		margin-top: 9px;
	}
	.blocklink small {
		white-space: normal;
	}
	.button {
		vertical-align: middle;
	}
	.replay-controls {
		padding-top: 10px;
	}
	.replay-controls h1 {
		font-size: 16pt;
		font-weight: normal;
		color: #CCC;
	}
	.pagelink {
		text-align: center;
	}
	.pagelink a {
		width: 150px;
	}
	.textbox, .button {
		font-size: 11pt;
		vertical-align: middle;
	}
	@media (max-width: 450px) {
		.button {
			font-size: 9pt;
		}
	}
</style>

<div>

	<header>
		<div class="nav-wrapper"><ul class="nav">
			<li><a class="button nav-first" href="//pokemonshowdown.com/"><img src="//pokemonshowdown.com/images/pokemonshowdownbeta.png" srcset="//pokemonshowdown.com/images/pokemonshowdownbeta.png 1x, //pokemonshowdown.com/images/pokemonshowdownbeta@2x.png 2x" alt="Pok&eacute;mon Showdown" width="146" height="44" /> Home</a></li>
			<li><a class="button" href="//pokemonshowdown.com/dex/">Pok&eacute;dex</a></li>
			<li><a class="button cur" href="/">Replays</a></li>
			<li><a class="button" href="//pokemonshowdown.com/ladder/">Ladder</a></li>
			<li><a class="button nav-last" href="//pokemonshowdown.com/forums/">Forum</a></li>
			<li><a class="button greenbutton nav-first nav-last" href="//play.pokemonshowdown.com/">Play</a></li>
		</ul></div>
	</header>

	<div class="main" id="main">

		<noscript><section class="section">You need to enable JavaScript to use this page; sorry!</section></noscript>

	</div>

</div>

<script defer nomodule src="//play.pokemonshowdown.com/js/lib/ps-polyfill.js"></script>
<script defer src="//play.pokemonshowdown.com/js/lib/preact.min.js"></script>

<script defer src="//play.pokemonshowdown.com/config/config.js?6dec07f6"></script>
<script defer src="//play.pokemonshowdown.com/js/lib/jquery-1.11.0.min.js"></script>
<script defer src="//play.pokemonshowdown.com/js/lib/html-sanitizer-minified.js"></script>
<script defer src="//play.pokemonshowdown.com/js/battle-sound.js"></script>
<script defer src="//play.pokemonshowdown.com/js/battledata.js?0.6315294753075389"></script>
<script defer src="//play.pokemonshowdown.com/data/pokedex-mini.js?0.7603743185311358"></script>
<script defer src="//play.pokemonshowdown.com/data/pokedex-mini-bw.js?0.030888842834281283"></script>
<script defer src="//play.pokemonshowdown.com/data/graphics.js?0.05593094747507488"></script>
<script defer src="//play.pokemonshowdown.com/data/pokedex.js?0.47064822249611904"></script>
<script defer src="//play.pokemonshowdown.com/data/moves.js?0.8583693120512459"></script>
<script defer src="//play.pokemonshowdown.com/data/abilities.js?0.16017181182386842"></script>
<script defer src="//play.pokemonshowdown.com/data/items.js?0.4163379185673943"></script>
<script defer src="//play.pokemonshowdown.com/data/teambuilder-tables.js?0.31075597372830477"></script>
<script defer src="//play.pokemonshowdown.com/js/battle-tooltips.js?0.6536193500708172"></script>
<script defer src="//play.pokemonshowdown.com/js/battle.js?0.1916591943277901"></script>

<script defer src="js/utils.js?e31f9a17"></script>
<script defer src="js/replays-battle.js?7008c182"></script>

<!-- don't scrape this data! just add .json or .log after the URL!
Full API docs: https://github.com/smogon/pokemon-showdown-client/blob/master/WEB-API.md -->
<script type="text/plain" class="log" id="replaylog-smogtours-gen3ou-796437">
|inactive|Battle timer is ON: inactive players will automatically lose when time's up.
|t:|1728413713
|gametype|singles
|player|p1|Rebatca|dawn|
|player|p2|sprasle|tate|
|teamsize|p1|6
|teamsize|p2|6
|gen|3
|tier|[Gen 3] OU
|rule|Sleep Clause Mod: Limit one foe put to sleep
|rule|Switch Priority Clause Mod: Faster Pokémon switch first
|rule|Species Clause: Limit one of each Pokémon
|rule|OHKO Clause: OHKO moves are banned
|rule|Evasion Items Clause: Evasion items are banned
|rule|Evasion Moves Clause: Evasion moves are banned
|rule|Endless Battle Clause: Forcing endless battles is banned
|rule|HP Percentage Mod: HP is shown in percentages
|rule|One Boost Passer Clause: Limit one Baton Passer that has a way to boost its stats
|rule|Freeze Clause Mod: Limit one foe frozen
|
|t:|1728413713
|start
|switch|p1a: A skilled Roy|Blaziken, F|100/100
|switch|p2a: Slaking|Slaking, M|100/100
|turn|1
|c|☆sprasle|hf
|c|☆Rebatca|good luck
|
|t:|1728413736
|switch|p1a: Spikin|Forretress, F|100/100
|move|p2a: Slaking|Double-Edge|p1a: Spikin
|-resisted|p1a: Spikin
|-damage|p1a: Spikin|59/100
|-damage|p2a: Slaking|89/100|[from] Recoil|[of] p1a: Spikin
|
|-heal|p1a: Spikin|65/100|[from] item: Leftovers
|upkeep
|turn|2
|
|t:|1728413746
|switch|p2a: Magneton|Magneton|100/100
|move|p1a: Spikin|Spikes|p2a: Magneton
|-sidestart|p2: sprasle|Spikes
|
|-heal|p1a: Spikin|71/100|[from] item: Leftovers
|upkeep
|turn|3
|
|t:|1728413753
|move|p2a: Magneton|Hidden Power|p1a: Spikin
|-supereffective|p1a: Spikin
|-damage|p1a: Spikin|0 fnt
|faint|p1a: Spikin
|
|t:|1728413770
|switch|p1a: A skilled Roy|Blaziken, F|100/100
|
|upkeep
|turn|4
|
|t:|1728413796
|switch|p2a: Starmie|Starmie|100/100
|-damage|p2a: Starmie|88/100|[from] Spikes
|move|p1a: A skilled Roy|Overheat|p2a: Starmie
|-resisted|p2a: Starmie
|-damage|p2a: Starmie|46/100
|-unboost|p1a: A skilled Roy|spa|2
|
|-heal|p2a: Starmie|52/100|[from] item: Leftovers
|upkeep
|turn|5
|inactive|sprasle has 270 seconds left.
|
|t:|1728413817
|switch|p1a: Spikin't|Gengar, F, shiny|100/100
|move|p2a: Starmie|Rapid Spin|p1a: Spikin't
|-immune|p1a: Spikin't
|
|-heal|p2a: Starmie|58/100|[from] item: Leftovers
|upkeep
|turn|6
|inactive|sprasle has 270 seconds left.
|
|t:|1728413840
|move|p2a: Starmie|Recover|p2a: Starmie
|-heal|p2a: Starmie|100/100
|move|p1a: Spikin't|Will-O-Wisp|p2a: Starmie
|-status|p2a: Starmie|brn
|
|-damage|p2a: Starmie|88/100 brn|[from] brn
|upkeep
|turn|7
|
|t:|1728413860
|switch|p1a: Celery?|Celebi|100/100
|move|p2a: Starmie|Thunder Wave|p1a: Celery?
|-status|p1a: Celery?|par
|
|-heal|p2a: Starmie|94/100 brn|[from] item: Leftovers
|-damage|p2a: Starmie|82/100 brn|[from] brn
|upkeep
|turn|8
|
|t:|1728413877
|move|p2a: Starmie|Rapid Spin|p1a: Celery?
|-damage|p1a: Celery?|99/100 par
|-sideend|p2: sprasle|Spikes|[from] move: Rapid Spin|[of] p2a: Starmie
|move|p1a: Celery?|Leech Seed|p2a: Starmie
|-start|p2a: Starmie|move: Leech Seed
|
|-heal|p2a: Starmie|88/100 brn|[from] item: Leftovers
|-damage|p2a: Starmie|76/100 brn|[from] Leech Seed|[of] p1a: Celery?
|-heal|p1a: Celery?|100/100 par|[silent]
|-damage|p2a: Starmie|63/100 brn|[from] brn
|upkeep
|turn|9
|inactive|Rebatca has 270 seconds left.
|
|t:|1728413905
|-curestatus|p2a: Starmie|brn|[from] ability: Natural Cure
|switch|p2a: The Gamer|Grumpig, F|100/100
|move|p1a: Celery?|Hidden Power|p2a: The Gamer
|-damage|p2a: The Gamer|85/100
|
|-heal|p2a: The Gamer|91/100|[from] item: Leftovers
|upkeep
|turn|10
|inactive|Rebatca has 270 seconds left.
|inactive|sprasle has 270 seconds left.
|c|☆Rebatca|holy shit
|c|☆sprasle|the cow is here
|
|t:|1728413932
|move|p2a: The Gamer|Reflect|p2a: The Gamer
|-sidestart|p2: sprasle|Reflect
|move|p1a: Celery?|Leech Seed|p2a: The Gamer
|-start|p2a: The Gamer|move: Leech Seed
|
|-heal|p2a: The Gamer|97/100|[from] item: Leftovers
|-damage|p2a: The Gamer|85/100|[from] Leech Seed|[of] p1a: Celery?
|upkeep
|turn|11
|c|☆sprasle|pig whatever
|inactive|sprasle has 270 seconds left.
|inactive|Rebatca has 240 seconds left.
|
|t:|1728413960
|switch|p2a: Slaking|Slaking, M|89/100
|-curestatus|p1a: Celery?|par|[from] ability: Natural Cure
|switch|p1a: Ourlotic|Milotic, F|100/100
|
|upkeep
|turn|12
|inactive|Rebatca has 240 seconds left.
|inactive|sprasle has 270 seconds left.
|
|t:|1728413984
|move|p2a: Slaking|Shadow Ball|p1a: Ourlotic
|-crit|p1a: Ourlotic
|-damage|p1a: Ourlotic|17/100
|move|p1a: Ourlotic|Surf|p2a: Slaking
|-damage|p2a: Slaking|54/100
|
|upkeep
|turn|13
|inactive|Rebatca has 210 seconds left.
|
|t:|1728414024
|switch|p2a: The Gamer|Grumpig, F|85/100
|move|p1a: Ourlotic|Recover|p1a: Ourlotic
|-heal|p1a: Ourlotic|67/100
|
|-heal|p2a: The Gamer|91/100|[from] item: Leftovers
|upkeep
|turn|14
|
|t:|1728414036
|move|p2a: The Gamer|Magic Coat|p2a: The Gamer
|move|p1a: Ourlotic|Toxic|p2a: The Gamer
|move|p2a: The Gamer|Toxic|p1a: Ourlotic|[from]Magic Coat
|-status|p1a: Ourlotic|tox
|
|-sideend|p2: sprasle|Reflect
|-damage|p1a: Ourlotic|61/100 tox|[from] psn
|-heal|p2a: The Gamer|97/100|[from] item: Leftovers
|upkeep
|turn|15
|
|t:|1728414054
|switch|p2a: Starmie|Starmie|63/100
|move|p1a: Ourlotic|Recover|p1a: Ourlotic
|-heal|p1a: Ourlotic|100/100 tox
|
|-heal|p2a: Starmie|70/100|[from] item: Leftovers
|-damage|p1a: Ourlotic|88/100 tox|[from] psn
|upkeep
|turn|16
|
|t:|1728414066
|switch|p1a: Celery?|Celebi|100/100
|move|p2a: Starmie|Recover|p2a: Starmie
|-heal|p2a: Starmie|100/100
|
|upkeep
|turn|17
|
|t:|1728414087
|switch|p2a: The Gamer|Grumpig, F|97/100
|move|p1a: Celery?|Heal Bell|p1a: Celery?
|-activate|p1a: Celery?|move: Heal Bell
|-curestatus|p1: Ourlotic|tox|[silent]
|
|-heal|p2a: The Gamer|100/100|[from] item: Leftovers
|upkeep
|turn|18
|
|t:|1728414100
|move|p1a: Celery?|Calm Mind|p1a: Celery?
|-boost|p1a: Celery?|spa|1
|-boost|p1a: Celery?|spd|1
|move|p2a: The Gamer|Reflect|p2a: The Gamer
|-sidestart|p2: sprasle|Reflect
|
|upkeep
|turn|19
|
|t:|1728414108
|switch|p2a: Slaking|Slaking, M|54/100
|move|p1a: Celery?|Leech Seed|p2a: Slaking
|-start|p2a: Slaking|move: Leech Seed
|
|-damage|p2a: Slaking|42/100|[from] Leech Seed|[of] p1a: Celery?
|upkeep
|turn|20
|inactive|Rebatca has 210 seconds left.
|
|t:|1728414133
|switch|p1a: lucky boy|Jirachi|100/100
|move|p2a: Slaking|Roar|p1a: lucky boy
|drag|p1a: Ourlotic|Milotic, F|88/100
|
|-damage|p2a: Slaking|29/100|[from] Leech Seed|[of] p1a: Ourlotic
|-heal|p1a: Ourlotic|100/100|[silent]
|upkeep
|turn|21
|inactive|sprasle has 270 seconds left.
|inactive|Rebatca has 210 seconds left.
|
|t:|1728414155
|switch|p2a: The Gamer|Grumpig, F|100/100
|switch|p1a: Celery?|Celebi|100/100
|
|upkeep
|turn|22
|inactive|sprasle has 270 seconds left.
|
|t:|1728414169
|switch|p2a: Metagross|Metagross|100/100
|move|p1a: Celery?|Leech Seed|p2a: Metagross
|-start|p2a: Metagross|move: Leech Seed
|
|-sideend|p2: sprasle|Reflect
|-damage|p2a: Metagross|88/100|[from] Leech Seed|[of] p1a: Celery?
|upkeep
|turn|23
|
|t:|1728414193
|switch|p1a: A skilled Roy|Blaziken, F|100/100
|move|p2a: Metagross|Agility|p2a: Metagross
|-boost|p2a: Metagross|spe|2
|
|-damage|p2a: Metagross|76/100|[from] Leech Seed|[of] p1a: A skilled Roy
|upkeep
|turn|24
|
|t:|1728414209
|switch|p1a: Ourlotic|Milotic, F|100/100
|move|p2a: Metagross|Earthquake|p1a: Ourlotic
|-damage|p1a: Ourlotic|69/100
|
|-damage|p2a: Metagross|63/100|[from] Leech Seed|[of] p1a: Ourlotic
|-heal|p1a: Ourlotic|79/100|[silent]
|upkeep
|turn|25
|inactive|sprasle has 270 seconds left.
|
|t:|1728414237
|switch|p2a: Slaking|Slaking, M|29/100
|move|p1a: Ourlotic|Surf|p2a: Slaking
|-damage|p2a: Slaking|0 fnt
|faint|p2a: Slaking
|
|t:|1728414242
|switch|p2a: Magneton|Magneton|100/100
|
|upkeep
|turn|26
|inactive|Rebatca has 180 seconds left.
|
|t:|1728414280
|switch|p1a: Celery?|Celebi|100/100
|move|p2a: Magneton|Toxic|p1a: Celery?
|-status|p1a: Celery?|tox
|
|-damage|p1a: Celery?|94/100 tox|[from] psn
|upkeep
|turn|27
|
|t:|1728414289
|move|p2a: Magneton|Hidden Power|p1a: Celery?
|-supereffective|p1a: Celery?
|-damage|p1a: Celery?|50/100 tox
|move|p1a: Celery?|Leech Seed|p2a: Magneton
|-start|p2a: Magneton|move: Leech Seed
|
|-damage|p2a: Magneton|88/100|[from] Leech Seed|[of] p1a: Celery?
|-heal|p1a: Celery?|58/100 tox|[silent]
|-heal|p1a: Celery?|64/100 tox|[from] item: Leftovers
|-damage|p1a: Celery?|51/100 tox|[from] psn
|upkeep
|turn|28
|
|t:|1728414305
|move|p2a: Magneton|Hidden Power|p1a: Celery?
|-supereffective|p1a: Celery?
|-damage|p1a: Celery?|5/100 tox
|move|p1a: Celery?|Heal Bell|p1a: Celery?
|-activate|p1a: Celery?|move: Heal Bell
|-curestatus|p1a: Celery?|tox|[silent]
|
|-damage|p2a: Magneton|76/100|[from] Leech Seed|[of] p1a: Celery?
|-heal|p1a: Celery?|13/100|[silent]
|-heal|p1a: Celery?|19/100|[from] item: Leftovers
|upkeep
|turn|29
|
|t:|1728414328
|switch|p1a: A skilled Roy|Blaziken, F|100/100
|move|p2a: Magneton|Thunderbolt|p1a: A skilled Roy
|-damage|p1a: A skilled Roy|8/100
|
|-damage|p2a: Magneton|63/100|[from] Leech Seed|[of] p1a: A skilled Roy
|-heal|p1a: A skilled Roy|18/100|[silent]
|upkeep
|turn|30
|inactive|Rebatca has 150 seconds left.
|
|t:|1728414357
|switch|p2a: The Gamer|Grumpig, F|100/100
|move|p1a: A skilled Roy|Brick Break|p2a: The Gamer
|-resisted|p2a: The Gamer
|-damage|p2a: The Gamer|80/100
|
|-heal|p2a: The Gamer|86/100|[from] item: Leftovers
|upkeep
|turn|31
|inactive|Rebatca has 150 seconds left.
|
|t:|1728414381
|switch|p1a: lucky boy|Jirachi|100/100
|move|p2a: The Gamer|Body Slam|p1a: lucky boy
|-resisted|p1a: lucky boy
|-damage|p1a: lucky boy|97/100
|-status|p1a: lucky boy|par
|
|-heal|p2a: The Gamer|92/100|[from] item: Leftovers
|-heal|p1a: lucky boy|100/100 par|[from] item: Leftovers
|upkeep
|turn|32
|inactive|sprasle has 270 seconds left.
|
|t:|1728414406
|switch|p2a: Magneton|Magneton|63/100
|move|p1a: lucky boy|Wish|p1a: lucky boy
|
|upkeep
|turn|33
|inactive|sprasle has 270 seconds left.
|
|t:|1728414412
|move|p2a: Magneton|Hidden Power|p1a: lucky boy
|-supereffective|p1a: lucky boy
|-crit|p1a: lucky boy
|-damage|p1a: lucky boy|14/100 par
|move|p1a: lucky boy|Calm Mind|p1a: lucky boy
|-boost|p1a: lucky boy|spa|1
|-boost|p1a: lucky boy|spd|1
|
|-heal|p1a: lucky boy|64/100 par|[from] move: Wish|[wisher] lucky boy
|-heal|p1a: lucky boy|70/100 par|[from] item: Leftovers
|upkeep
|turn|34
|inactive|Rebatca has 150 seconds left.
|
|t:|1728414431
|move|p2a: Magneton|Hidden Power|p1a: lucky boy
|-supereffective|p1a: lucky boy
|-damage|p1a: lucky boy|44/100 par
|move|p1a: lucky boy|Wish|p1a: lucky boy
|
|-heal|p1a: lucky boy|50/100 par|[from] item: Leftovers
|upkeep
|turn|35
|
|t:|1728414436
|move|p2a: Magneton|Hidden Power|p1a: lucky boy
|-supereffective|p1a: lucky boy
|-crit|p1a: lucky boy
|-damage|p1a: lucky boy|0 fnt
|faint|p1a: lucky boy
|inactive|Rebatca has 150 seconds left.
|
|t:|1728414441
|switch|p1a: A skilled Roy|Blaziken, F|18/100
|
|-heal|p1a: A skilled Roy|68/100|[from] move: Wish|[wisher] lucky boy
|upkeep
|turn|36
|inactive|Rebatca has 150 seconds left.
|
|t:|1728414456
|switch|p2a: Starmie|Starmie|100/100
|move|p1a: A skilled Roy|Overheat|p2a: Starmie
|-resisted|p2a: Starmie
|-damage|p2a: Starmie|57/100
|-unboost|p1a: A skilled Roy|spa|2
|
|-heal|p2a: Starmie|63/100|[from] item: Leftovers
|upkeep
|turn|37
|inactive|Rebatca has 150 seconds left.
|
|t:|1728414474
|switch|p1a: Ourlotic|Milotic, F|79/100
|move|p2a: Starmie|Thunder Wave|p1a: Ourlotic
|-status|p1a: Ourlotic|par
|
|-heal|p2a: Starmie|69/100|[from] item: Leftovers
|upkeep
|turn|38
|inactive|Rebatca has 150 seconds left.
|
|t:|1728414488
|move|p2a: Starmie|Recover|p2a: Starmie
|-heal|p2a: Starmie|100/100
|cant|p1a: Ourlotic|par
|
|upkeep
|turn|39
|
|t:|1728414493
|switch|p2a: Magneton|Magneton|63/100
|move|p1a: Ourlotic|Toxic|p2a: Magneton
|-immune|p2a: Magneton
|
|upkeep
|turn|40
|inactive|Rebatca has 150 seconds left.
|
|t:|1728414519
|move|p2a: Magneton|Thunderbolt|p1a: Ourlotic
|-supereffective|p1a: Ourlotic
|-damage|p1a: Ourlotic|0 fnt
|faint|p1a: Ourlotic
|
|t:|1728414526
|switch|p1a: Spikin't|Gengar, F, shiny|100/100
|
|upkeep
|turn|41
|
|t:|1728414547
|move|p1a: Spikin't|Explosion|p2a: Magneton
|-resisted|p2a: Magneton
|-damage|p2a: Magneton|0 fnt
|faint|p1a: Spikin't
|faint|p2a: Magneton
|
|t:|1728414554
|switch|p1a: Celery?|Celebi|19/100
|switch|p2a: Gengar|Gengar, M|100/100
|
|-heal|p1a: Celery?|25/100|[from] item: Leftovers
|upkeep
|turn|42
|
|t:|1728414559
|move|p2a: Gengar|Ice Punch|p1a: Celery?
|-supereffective|p1a: Celery?
|-damage|p1a: Celery?|0 fnt
|faint|p1a: Celery?
|
|t:|1728414562
|switch|p1a: A skilled Roy|Blaziken, F|68/100
|
|upkeep
|turn|43
|
|t:|1728414569
|move|p2a: Gengar|Explosion|p1a: A skilled Roy
|-damage|p1a: A skilled Roy|0 fnt
|faint|p2a: Gengar
|faint|p1a: A skilled Roy
|
|win|sprasle
|c|☆sprasle|gg

</script>
<script type="application/json" class="data" id="replaydata-smogtours-gen3ou-796437">
{"id":"smogtours-gen3ou-796437","format":"[Gen 3] OU","players":["Rebatca","sprasle"],"uploadtime":1728414569,"views":140,"formatid":"gen3ou","rating":null,"private":0,"password":null}
</script>

<script defer src="js/replays.js?9d40a366"></script>
