<!DOCTYPE html>
<meta charset="utf-8" />
<meta name="viewport" content="width=device-width" />

<title>[Gen 3] OU: loleinsmaragd vs. Emerald_Harrold - Replays - Pok&eacute;mon Showdown!</title>

<meta name="description" content="Watch a replay of a Pok&eacute;mon battle between loleinsmaragd and Emerald_Harrold! Format: [Gen 3] OU; Date: Oct 20, 2024" />
<!--

Hey, you! Looking in the source for the replay log?

You can find them in JSON format, just add `.json` at the end of a replay URL.

https://replay.pokemonshowdown.com/gen7randomdoublesbattle-865046831.json

Or, if you only need the log itself, add `.log` instead:

https://replay.pokemonshowdown.com/gen7randomdoublesbattle-865046831.log

-->

<link rel="stylesheet" href="//pokemonshowdown.com/style/global.css?0.767286132409787" />
<link rel="stylesheet" href="//play.pokemonshowdown.com/style/font-awesome.css?0.9266228007934947" />
<link rel="stylesheet" href="//play.pokemonshowdown.com/style/battle.css?0.7924700842790926" />
<link rel="stylesheet" href="//play.pokemonshowdown.com/style/utilichart.css?0.8777417872839479" />

<!-- Global site tag (gtag.js) - Google Analytics -->
<script async src="https://www.googletagmanager.com/gtag/js?id=UA-26211653-1"></script>
<script>
  window.dataLayer = window.dataLayer || [];
  function gtag(){dataLayer.push(arguments);}
  gtag('js', new Date());

  gtag('config', 'UA-26211653-1');
</script>
<!-- End Google Analytics -->
<!-- Venatus Ad Manager - Install in <HEAD> of page -->
	<script src="https://hb.vntsm.com/v3/live/ad-manager.min.js" type="text/javascript" data-site-id="642aba63ec9a7b11c3c9c1be" data-mode="scan" async></script>
<!-- / Venatus Ad Manager -->

<style>
	@media (max-width:820px) {
		.battle {
			margin: 0 auto;
		}
		.battle-log {
			margin: 7px auto 0;
			max-width: 640px;
			height: 300px;
			position: static;
		}
	}
	.optgroup {
		display: inline-block;
		line-height: 22px;
		font-size: 10pt;
	}
	.optgroup .button {
		height: 25px;
		padding-top: 0;
		padding-bottom: 0;
	}
	.optgroup button.button {
		padding-left: 12px;
		padding-right: 12px;
	}
	.linklist {
		list-style: none;
		margin: 0.5em 0;
		padding: 0;
	}
	.linklist li {
		padding: 2px 0;
	}
	.sidebar {
		float: left;
		width: 320px;
	}
	.bar-wrapper {
		max-width: 1100px;
		margin: 0 auto;
	}
	.bar-wrapper.has-sidebar {
		max-width: 1430px;
	}
	.mainbar {
		margin: 0;
		padding-right: 1px;
	}
	.mainbar.has-sidebar {
		margin-left: 330px;
	}
	@media (min-width: 1511px) {
		.sidebar {
			width: 400px;
		}
		.bar-wrapper.has-sidebar {
			max-width: 1510px;
		}
		.mainbar.has-sidebar {
			margin-left: 410px;
		}
	}
	.section.first-section {
		margin-top: 9px;
	}
	.blocklink small {
		white-space: normal;
	}
	.button {
		vertical-align: middle;
	}
	.replay-controls {
		padding-top: 10px;
	}
	.replay-controls h1 {
		font-size: 16pt;
		font-weight: normal;
		color: #CCC;
	}
	.pagelink {
		text-align: center;
	}
	.pagelink a {
		width: 150px;
	}
	.textbox, .button {
		font-size: 11pt;
		vertical-align: middle;
	}
	@media (max-width: 450px) {
		.button {
			font-size: 9pt;
		}
	}
</style>

<div>

	<header>
		<div class="nav-wrapper"><ul class="nav">
			<li><a class="button nav-first" href="//pokemonshowdown.com/"><img src="//pokemonshowdown.com/images/pokemonshowdownbeta.png" srcset="//pokemonshowdown.com/images/pokemonshowdownbeta.png 1x, //pokemonshowdown.com/images/pokemonshowdownbeta@2x.png 2x" alt="Pok&eacute;mon Showdown" width="146" height="44" /> Home</a></li>
			<li><a class="button" href="//pokemonshowdown.com/dex/">Pok&eacute;dex</a></li>
			<li><a class="button cur" href="/">Replays</a></li>
			<li><a class="button" href="//pokemonshowdown.com/ladder/">Ladder</a></li>
			<li><a class="button nav-last" href="//pokemonshowdown.com/forums/">Forum</a></li>
			<li><a class="button greenbutton nav-first nav-last" href="//play.pokemonshowdown.com/">Play</a></li>
		</ul></div>
	</header>

	<div class="main" id="main">

		<noscript><section class="section">You need to enable JavaScript to use this page; sorry!</section></noscript>

	</div>

</div>

<script defer nomodule src="//play.pokemonshowdown.com/js/lib/ps-polyfill.js"></script>
<script defer src="//play.pokemonshowdown.com/js/lib/preact.min.js"></script>

<script defer src="//play.pokemonshowdown.com/config/config.js?6dec07f6"></script>
<script defer src="//play.pokemonshowdown.com/js/lib/jquery-1.11.0.min.js"></script>
<script defer src="//play.pokemonshowdown.com/js/lib/html-sanitizer-minified.js"></script>
<script defer src="//play.pokemonshowdown.com/js/battle-sound.js"></script>
<script defer src="//play.pokemonshowdown.com/js/battledata.js?0.6315294753075389"></script>
<script defer src="//play.pokemonshowdown.com/data/pokedex-mini.js?0.7603743185311358"></script>
<script defer src="//play.pokemonshowdown.com/data/pokedex-mini-bw.js?0.030888842834281283"></script>
<script defer src="//play.pokemonshowdown.com/data/graphics.js?0.05593094747507488"></script>
<script defer src="//play.pokemonshowdown.com/data/pokedex.js?0.47064822249611904"></script>
<script defer src="//play.pokemonshowdown.com/data/moves.js?0.8583693120512459"></script>
<script defer src="//play.pokemonshowdown.com/data/abilities.js?0.16017181182386842"></script>
<script defer src="//play.pokemonshowdown.com/data/items.js?0.4163379185673943"></script>
<script defer src="//play.pokemonshowdown.com/data/teambuilder-tables.js?0.31075597372830477"></script>
<script defer src="//play.pokemonshowdown.com/js/battle-tooltips.js?0.6536193500708172"></script>
<script defer src="//play.pokemonshowdown.com/js/battle.js?0.1916591943277901"></script>

<script defer src="js/utils.js?e31f9a17"></script>
<script defer src="js/replays-battle.js?7008c182"></script>

<!-- don't scrape this data! just add .json or .log after the URL!
Full API docs: https://github.com/smogon/pokemon-showdown-client/blob/master/WEB-API.md -->
<script type="text/plain" class="log" id="replaylog-smogtours-gen3ou-800361">
|inactive|Battle timer is ON: inactive players will automatically lose when time's up.
|t:|1729432125
|gametype|singles
|player|p1|loleinsmaragd|clerk-boss|
|player|p2|Emerald_Harrold|brandon-gen3|
|teamsize|p1|6
|teamsize|p2|6
|gen|3
|tier|[Gen 3] OU
|rule|Sleep Clause Mod: Limit one foe put to sleep
|rule|Switch Priority Clause Mod: Faster Pokémon switch first
|rule|Species Clause: Limit one of each Pokémon
|rule|OHKO Clause: OHKO moves are banned
|rule|Evasion Items Clause: Evasion items are banned
|rule|Evasion Moves Clause: Evasion moves are banned
|rule|Endless Battle Clause: Forcing endless battles is banned
|rule|HP Percentage Mod: HP is shown in percentages
|rule|One Boost Passer Clause: Limit one Baton Passer that has a way to boost its stats
|rule|Freeze Clause Mod: Limit one foe frozen
|
|t:|1729432125
|start
|switch|p1a: Skarmory|Skarmory, M|100/100
|switch|p2a: Salamence|Salamence, F|100/100
|-ability|p2a: Salamence|Intimidate|boost
|-unboost|p1a: Skarmory|atk|1
|turn|1
|
|t:|1729432132
|switch|p2a: Magneton|Magneton|100/100
|move|p1a: Skarmory|Spikes|p2a: Magneton
|-sidestart|p2: Emerald_Harrold|Spikes
|
|upkeep
|turn|2
|
|t:|1729432142
|move|p2a: Magneton|Thunderbolt|p1a: Skarmory
|-supereffective|p1a: Skarmory
|-crit|p1a: Skarmory
|-damage|p1a: Skarmory|0 fnt
|faint|p1a: Skarmory
|
|t:|1729432145
|switch|p1a: Moltres|Moltres|100/100
|
|upkeep
|turn|3
|
|t:|1729432152
|switch|p2a: Blissey|Blissey, F|100/100
|-damage|p2a: Blissey|88/100|[from] Spikes
|move|p1a: Moltres|Flamethrower|p2a: Blissey
|-damage|p2a: Blissey|67/100
|-status|p2a: Blissey|brn
|
|-heal|p2a: Blissey|73/100 brn|[from] item: Leftovers
|-damage|p2a: Blissey|60/100 brn|[from] brn
|upkeep
|turn|4
|
|t:|1729432158
|switch|p1a: Blissey|Blissey, F|100/100
|move|p2a: Blissey|Soft-Boiled|p2a: Blissey
|-heal|p2a: Blissey|100/100 brn
|
|-damage|p2a: Blissey|88/100 brn|[from] brn
|upkeep
|turn|5
|
|t:|1729432165
|switch|p1a: Misdreavus|Misdreavus, F|100/100
|-curestatus|p2a: Blissey|brn|[from] ability: Natural Cure
|switch|p2a: Metagross|Metagross|100/100
|-damage|p2a: Metagross|88/100|[from] Spikes
|
|-heal|p2a: Metagross|94/100|[from] item: Leftovers
|upkeep
|turn|6
|
|t:|1729432178
|switch|p1a: Flygon|Flygon, M|100/100
|move|p2a: Metagross|Meteor Mash|p1a: Flygon
|-damage|p1a: Flygon|58/100
|
|-heal|p1a: Flygon|64/100|[from] item: Leftovers
|-heal|p2a: Metagross|99/100|[from] item: Leftovers
|upkeep
|turn|7
|
|t:|1729432192
|switch|p2a: Salamence|Salamence, F|100/100
|-ability|p2a: Salamence|Intimidate|boost
|-unboost|p1a: Flygon|atk|1
|move|p1a: Flygon|Protect||[still]
|-fail|p1a: Flygon
|
|-heal|p1a: Flygon|70/100|[from] item: Leftovers
|upkeep
|turn|8
|
|t:|1729432214
|move|p1a: Flygon|Protect|p1a: Flygon
|-singleturn|p1a: Flygon|Protect
|move|p2a: Salamence|Hidden Power|p1a: Flygon
|-activate|p1a: Flygon|Protect
|
|-heal|p1a: Flygon|77/100|[from] item: Leftovers
|upkeep
|turn|9
|
|t:|1729432225
|switch|p2a: Blissey|Blissey, F|88/100
|-damage|p2a: Blissey|76/100|[from] Spikes
|move|p1a: Flygon|Toxic|p2a: Blissey
|-status|p2a: Blissey|tox
|
|-heal|p1a: Flygon|83/100|[from] item: Leftovers
|-heal|p2a: Blissey|82/100 tox|[from] item: Leftovers
|-damage|p2a: Blissey|76/100 tox|[from] psn
|upkeep
|turn|10
|
|t:|1729432232
|switch|p1a: Misdreavus|Misdreavus, F|100/100
|move|p2a: Blissey|Ice Beam|p1a: Misdreavus
|-damage|p1a: Misdreavus|83/100
|
|-heal|p1a: Misdreavus|89/100|[from] item: Leftovers
|-heal|p2a: Blissey|82/100 tox|[from] item: Leftovers
|-damage|p2a: Blissey|70/100 tox|[from] psn
|upkeep
|turn|11
|
|t:|1729432238
|-curestatus|p2a: Blissey|tox|[from] ability: Natural Cure
|switch|p2a: Metagross|Metagross|99/100
|-damage|p2a: Metagross|88/100|[from] Spikes
|move|p1a: Misdreavus|Perish Song|p1a: Misdreavus
|-start|p1a: Misdreavus|perish3|[silent]
|-start|p2a: Metagross|perish3|[silent]
|-fieldactivate|move: Perish Song
|
|-heal|p1a: Misdreavus|95/100|[from] item: Leftovers
|-heal|p2a: Metagross|94/100|[from] item: Leftovers
|-start|p1a: Misdreavus|perish3
|-start|p2a: Metagross|perish3
|upkeep
|turn|12
|
|t:|1729432246
|switch|p1a: Moltres|Moltres|100/100
|move|p2a: Metagross|Meteor Mash|p1a: Moltres
|-resisted|p1a: Moltres
|-damage|p1a: Moltres|70/100
|-boost|p2a: Metagross|atk|1
|
|-heal|p1a: Moltres|76/100|[from] item: Leftovers
|-heal|p2a: Metagross|99/100|[from] item: Leftovers
|-start|p2a: Metagross|perish2
|upkeep
|turn|13
|
|t:|1729432254
|switch|p2a: Blissey|Blissey, F|70/100
|-damage|p2a: Blissey|57/100|[from] Spikes
|move|p1a: Moltres|Will-O-Wisp|p2a: Blissey
|-status|p2a: Blissey|brn
|
|-heal|p1a: Moltres|82/100|[from] item: Leftovers
|-heal|p2a: Blissey|63/100 brn|[from] item: Leftovers
|-damage|p2a: Blissey|51/100 brn|[from] brn
|upkeep
|turn|14
|
|t:|1729432265
|switch|p1a: Blissey|Blissey, F|100/100
|move|p2a: Blissey|Soft-Boiled|p2a: Blissey
|-heal|p2a: Blissey|100/100 brn
|
|-damage|p2a: Blissey|88/100 brn|[from] brn
|upkeep
|turn|15
|
|t:|1729432272
|-curestatus|p2a: Blissey|brn|[from] ability: Natural Cure
|switch|p2a: Metagross|Metagross|99/100
|-damage|p2a: Metagross|88/100|[from] Spikes
|switch|p1a: Flygon|Flygon, M|83/100
|
|-heal|p1a: Flygon|89/100|[from] item: Leftovers
|-heal|p2a: Metagross|94/100|[from] item: Leftovers
|upkeep
|turn|16
|
|t:|1729432287
|switch|p2a: Salamence|Salamence, F|100/100
|-ability|p2a: Salamence|Intimidate|boost
|-unboost|p1a: Flygon|atk|1
|move|p1a: Flygon|Toxic|p2a: Salamence
|-status|p2a: Salamence|tox
|
|-damage|p2a: Salamence|94/100 tox|[from] psn
|-heal|p1a: Flygon|95/100|[from] item: Leftovers
|upkeep
|turn|17
|
|t:|1729432296
|switch|p2a: Blissey|Blissey, F|88/100
|-damage|p2a: Blissey|76/100|[from] Spikes
|move|p1a: Flygon|Rock Slide|p2a: Blissey
|-damage|p2a: Blissey|65/100
|
|-heal|p1a: Flygon|100/100|[from] item: Leftovers
|-heal|p2a: Blissey|72/100|[from] item: Leftovers
|upkeep
|turn|18
|
|t:|1729432310
|switch|p1a: Misdreavus|Misdreavus, F|95/100
|move|p2a: Blissey|Ice Beam|p1a: Misdreavus
|-damage|p1a: Misdreavus|75/100
|
|-heal|p1a: Misdreavus|81/100|[from] item: Leftovers
|-heal|p2a: Blissey|78/100|[from] item: Leftovers
|upkeep
|turn|19
|
|t:|1729432319
|switch|p1a: Moltres|Moltres|82/100
|switch|p2a: Metagross|Metagross|94/100
|-damage|p2a: Metagross|81/100|[from] Spikes
|
|-heal|p1a: Moltres|88/100|[from] item: Leftovers
|-heal|p2a: Metagross|87/100|[from] item: Leftovers
|upkeep
|turn|20
|
|t:|1729432326
|switch|p2a: Salamence|Salamence, F|94/100 tox
|-ability|p2a: Salamence|Intimidate|boost
|-unboost|p1a: Moltres|atk|1
|move|p1a: Moltres|Flamethrower|p2a: Salamence
|-resisted|p2a: Salamence
|-damage|p2a: Salamence|60/100 tox
|
|-damage|p2a: Salamence|54/100 tox|[from] psn
|-heal|p1a: Moltres|95/100|[from] item: Leftovers
|upkeep
|turn|21
|
|t:|1729432334
|switch|p1a: Flygon|Flygon, M|100/100
|move|p2a: Salamence|Hidden Power|p1a: Flygon
|-damage|p1a: Flygon|51/100
|
|-damage|p2a: Salamence|42/100 tox|[from] psn
|-heal|p1a: Flygon|58/100|[from] item: Leftovers
|upkeep
|turn|22
|
|t:|1729432346
|switch|p2a: Blissey|Blissey, F|78/100
|-damage|p2a: Blissey|65/100|[from] Spikes
|move|p1a: Flygon|Earthquake|p2a: Blissey
|-damage|p2a: Blissey|31/100
|
|-heal|p1a: Flygon|64/100|[from] item: Leftovers
|-heal|p2a: Blissey|37/100|[from] item: Leftovers
|upkeep
|turn|23
|
|t:|1729432353
|move|p1a: Flygon|Earthquake|p2a: Blissey
|-damage|p2a: Blissey|6/100
|move|p2a: Blissey|Soft-Boiled|p2a: Blissey
|-heal|p2a: Blissey|56/100
|
|-heal|p1a: Flygon|70/100|[from] item: Leftovers
|-heal|p2a: Blissey|62/100|[from] item: Leftovers
|upkeep
|turn|24
|
|t:|1729432362
|switch|p1a: Blissey|Blissey, F|100/100
|move|p2a: Blissey|Soft-Boiled|p2a: Blissey
|-heal|p2a: Blissey|100/100
|
|upkeep
|turn|25
|
|t:|1729432369
|move|p2a: Blissey|Wish|p2a: Blissey
|move|p1a: Blissey|Seismic Toss|p2a: Blissey
|-damage|p2a: Blissey|85/100
|
|-heal|p2a: Blissey|92/100|[from] item: Leftovers
|upkeep
|turn|26
|
|t:|1729432373
|switch|p2a: Metagross|Metagross|87/100
|-damage|p2a: Metagross|75/100|[from] Spikes
|move|p1a: Blissey|Ice Beam|p2a: Metagross
|-resisted|p2a: Metagross
|-damage|p2a: Metagross|63/100
|
|-heal|p2a: Metagross|100/100|[from] move: Wish|[wisher] Blissey
|upkeep
|turn|27
|
|t:|1729432385
|switch|p1a: Moltres|Moltres|95/100
|move|p2a: Metagross|Rock Slide|p1a: Moltres
|-supereffective|p1a: Moltres
|-damage|p1a: Moltres|0 fnt
|faint|p1a: Moltres
|
|t:|1729432390
|switch|p1a: Flygon|Flygon, M|70/100
|
|-heal|p1a: Flygon|76/100|[from] item: Leftovers
|upkeep
|turn|28
|
|t:|1729432397
|switch|p2a: Blissey|Blissey, F|92/100
|-damage|p2a: Blissey|79/100|[from] Spikes
|move|p1a: Flygon|Earthquake|p2a: Blissey
|-damage|p2a: Blissey|45/100
|
|-heal|p1a: Flygon|82/100|[from] item: Leftovers
|-heal|p2a: Blissey|51/100|[from] item: Leftovers
|upkeep
|turn|29
|
|t:|1729432401
|move|p1a: Flygon|Toxic|p2a: Blissey
|-status|p2a: Blissey|tox
|move|p2a: Blissey|Ice Beam|p1a: Flygon
|-supereffective|p1a: Flygon
|-damage|p1a: Flygon|0 fnt
|faint|p1a: Flygon
|
|t:|1729432407
|switch|p1a: Misdreavus|Misdreavus, F|81/100
|
|-heal|p1a: Misdreavus|87/100|[from] item: Leftovers
|-heal|p2a: Blissey|57/100 tox|[from] item: Leftovers
|-damage|p2a: Blissey|51/100 tox|[from] psn
|upkeep
|turn|30
|
|t:|1729432421
|switch|p1a: Zapdos|Zapdos|100/100
|-curestatus|p2a: Blissey|tox|[from] ability: Natural Cure
|switch|p2a: Metagross|Metagross|100/100
|-damage|p2a: Metagross|88/100|[from] Spikes
|
|-heal|p2a: Metagross|94/100|[from] item: Leftovers
|upkeep
|turn|31
|
|t:|1729432427
|move|p1a: Zapdos|Thunderbolt|p2a: Metagross
|-damage|p2a: Metagross|54/100
|move|p2a: Metagross|Rock Slide|p1a: Zapdos
|-supereffective|p1a: Zapdos
|-damage|p1a: Zapdos|44/100
|
|-heal|p1a: Zapdos|50/100|[from] item: Leftovers
|-heal|p2a: Metagross|60/100|[from] item: Leftovers
|upkeep
|turn|32
|
|t:|1729432438
|switch|p2a: Blissey|Blissey, F|51/100
|-damage|p2a: Blissey|39/100|[from] Spikes
|move|p1a: Zapdos|Thunderbolt|p2a: Blissey
|-damage|p2a: Blissey|23/100
|
|-heal|p1a: Zapdos|56/100|[from] item: Leftovers
|-heal|p2a: Blissey|29/100|[from] item: Leftovers
|upkeep
|turn|33
|
|t:|1729432446
|move|p1a: Zapdos|Thunderbolt|p2a: Blissey
|-damage|p2a: Blissey|13/100
|move|p2a: Blissey|Soft-Boiled|p2a: Blissey
|-heal|p2a: Blissey|63/100
|
|-heal|p1a: Zapdos|62/100|[from] item: Leftovers
|-heal|p2a: Blissey|69/100|[from] item: Leftovers
|upkeep
|turn|34
|
|t:|1729432451
|switch|p1a: Blissey|Blissey, F|100/100
|move|p2a: Blissey|Wish|p2a: Blissey
|
|-heal|p2a: Blissey|76/100|[from] item: Leftovers
|upkeep
|turn|35
|
|t:|1729432459
|switch|p2a: Metagross|Metagross|60/100
|-damage|p2a: Metagross|48/100|[from] Spikes
|switch|p1a: Zapdos|Zapdos|62/100
|
|-heal|p2a: Metagross|98/100|[from] move: Wish|[wisher] Blissey
|-heal|p1a: Zapdos|68/100|[from] item: Leftovers
|-heal|p2a: Metagross|100/100|[from] item: Leftovers
|upkeep
|turn|36
|
|t:|1729432466
|move|p1a: Zapdos|Thunderbolt|p2a: Metagross
|-damage|p2a: Metagross|62/100
|move|p2a: Metagross|Rock Slide|p1a: Zapdos
|-supereffective|p1a: Zapdos
|-damage|p1a: Zapdos|7/100
|
|-heal|p1a: Zapdos|13/100|[from] item: Leftovers
|-heal|p2a: Metagross|68/100|[from] item: Leftovers
|upkeep
|turn|37
|
|t:|1729432475
|switch|p2a: Claydol|Claydol|100/100
|move|p1a: Zapdos|Thunderbolt|p2a: Claydol
|-immune|p2a: Claydol
|
|-heal|p1a: Zapdos|20/100|[from] item: Leftovers
|upkeep
|turn|38
|
|t:|1729432478
|move|p1a: Zapdos|Rest|p1a: Zapdos
|-status|p1a: Zapdos|slp|[from] move: Rest
|-heal|p1a: Zapdos|100/100 slp|[silent]
|move|p2a: Claydol|Rapid Spin|p1a: Zapdos
|-damage|p1a: Zapdos|95/100 slp
|-sideend|p2: Emerald_Harrold|Spikes|[from] move: Rapid Spin|[of] p2a: Claydol
|
|-heal|p1a: Zapdos|100/100 slp|[from] item: Leftovers
|upkeep
|turn|39
|
|t:|1729432486
|switch|p1a: Misdreavus|Misdreavus, F|87/100
|switch|p2a: Salamence|Salamence, F|42/100 tox
|-ability|p2a: Salamence|Intimidate|boost
|-unboost|p1a: Misdreavus|atk|1
|
|-damage|p2a: Salamence|36/100 tox|[from] psn
|-heal|p1a: Misdreavus|93/100|[from] item: Leftovers
|upkeep
|turn|40
|
|t:|1729432495
|switch|p1a: Zapdos|Zapdos|100/100 slp
|move|p2a: Salamence|Hidden Power|p1a: Zapdos
|-resisted|p1a: Zapdos
|-damage|p1a: Zapdos|68/100 slp
|
|-damage|p2a: Salamence|24/100 tox|[from] psn
|-heal|p1a: Zapdos|74/100 slp|[from] item: Leftovers
|upkeep
|turn|41
|
|t:|1729432506
|switch|p2a: Magneton|Magneton|100/100
|cant|p1a: Zapdos|slp
|
|-heal|p1a: Zapdos|80/100 slp|[from] item: Leftovers
|upkeep
|turn|42
|
|t:|1729432510
|cant|p1a: Zapdos|slp
|move|p2a: Magneton|Thunderbolt|p1a: Zapdos
|-damage|p1a: Zapdos|38/100 slp
|
|-heal|p1a: Zapdos|44/100 slp|[from] item: Leftovers
|upkeep
|turn|43
|
|t:|1729432520
|-curestatus|p1a: Zapdos|slp|[msg]
|move|p1a: Zapdos|Thunderbolt|p2a: Magneton
|-resisted|p2a: Magneton
|-damage|p2a: Magneton|64/100
|move|p2a: Magneton|Thunderbolt|p1a: Zapdos
|-crit|p1a: Zapdos
|-damage|p1a: Zapdos|0 fnt
|faint|p1a: Zapdos
|
|t:|1729432528
|switch|p1a: Blissey|Blissey, F|100/100
|
|upkeep
|turn|44
|
|t:|1729432534
|move|p2a: Magneton|Toxic|p1a: Blissey|[miss]
|-miss|p2a: Magneton|p1a: Blissey
|move|p1a: Blissey|Seismic Toss|p2a: Magneton
|-damage|p2a: Magneton|23/100
|
|upkeep
|turn|45
|
|t:|1729432539
|move|p2a: Magneton|Toxic|p1a: Blissey
|-status|p1a: Blissey|tox
|move|p1a: Blissey|Seismic Toss|p2a: Magneton
|-damage|p2a: Magneton|0 fnt
|faint|p2a: Magneton
|
|t:|1729432542
|switch|p2a: Salamence|Salamence, F|24/100 tox
|-ability|p2a: Salamence|Intimidate|boost
|-unboost|p1a: Blissey|atk|1
|
|-damage|p2a: Salamence|18/100 tox|[from] psn
|-damage|p1a: Blissey|94/100 tox|[from] psn
|upkeep
|turn|46
|
|t:|1729432548
|-curestatus|p1a: Blissey|tox|[from] ability: Natural Cure
|switch|p1a: Misdreavus|Misdreavus, F|93/100
|move|p2a: Salamence|Hidden Power|p1a: Misdreavus
|-damage|p1a: Misdreavus|0 fnt
|faint|p1a: Misdreavus
|
|t:|1729432554
|switch|p1a: Blissey|Blissey, F|94/100
|
|-damage|p2a: Salamence|6/100 tox|[from] psn
|-heal|p1a: Blissey|100/100|[from] item: Leftovers
|upkeep
|turn|47
|
|t:|1729432560
|switch|p2a: Metagross|Metagross|68/100
|move|p1a: Blissey|Soft-Boiled||[still]
|-fail|p1a: Blissey|heal
|
|-heal|p2a: Metagross|74/100|[from] item: Leftovers
|upkeep
|turn|48
|
|t:|1729432563
|move|p2a: Metagross|Explosion|p1a: Blissey
|-damage|p1a: Blissey|0 fnt
|faint|p2a: Metagross
|faint|p1a: Blissey
|
|win|Emerald_Harrold
|c|☆Emerald_Harrold|ggs

</script>
<script type="application/json" class="data" id="replaydata-smogtours-gen3ou-800361">
{"id":"smogtours-gen3ou-800361","format":"[Gen 3] OU","players":["loleinsmaragd","Emerald_Harrold"],"uploadtime":1729432563,"views":106,"formatid":"gen3ou","rating":null,"private":0,"password":null}
</script>

<script defer src="js/replays.js?9d40a366"></script>
