<!DOCTYPE html>
<meta charset="utf-8" />
<meta name="viewport" content="width=device-width" />

<title>[Gen 3] OU: TheLargestLad vs. Spreek - Replays - Pok&eacute;mon Showdown!</title>

<meta name="description" content="Watch a replay of a Pok&eacute;mon battle between TheLargestLad and Spreek! Format: [Gen 3] OU; Date: Oct 12, 2024" />
<!--

Hey, you! Looking in the source for the replay log?

You can find them in JSON format, just add `.json` at the end of a replay URL.

https://replay.pokemonshowdown.com/gen7randomdoublesbattle-865046831.json

Or, if you only need the log itself, add `.log` instead:

https://replay.pokemonshowdown.com/gen7randomdoublesbattle-865046831.log

-->

<link rel="stylesheet" href="//pokemonshowdown.com/style/global.css?0.023195364461161105" />
<link rel="stylesheet" href="//play.pokemonshowdown.com/style/font-awesome.css?0.13261647063804238" />
<link rel="stylesheet" href="//play.pokemonshowdown.com/style/battle.css?0.8753245789963631" />
<link rel="stylesheet" href="//play.pokemonshowdown.com/style/utilichart.css?0.8627959624976733" />

<!-- Global site tag (gtag.js) - Google Analytics -->
<script async src="https://www.googletagmanager.com/gtag/js?id=UA-26211653-1"></script>
<script>
  window.dataLayer = window.dataLayer || [];
  function gtag(){dataLayer.push(arguments);}
  gtag('js', new Date());

  gtag('config', 'UA-26211653-1');
</script>
<!-- End Google Analytics -->
<!-- Venatus Ad Manager - Install in <HEAD> of page -->
	<script src="https://hb.vntsm.com/v3/live/ad-manager.min.js" type="text/javascript" data-site-id="642aba63ec9a7b11c3c9c1be" data-mode="scan" async></script>
<!-- / Venatus Ad Manager -->

<style>
	@media (max-width:820px) {
		.battle {
			margin: 0 auto;
		}
		.battle-log {
			margin: 7px auto 0;
			max-width: 640px;
			height: 300px;
			position: static;
		}
	}
	.optgroup {
		display: inline-block;
		line-height: 22px;
		font-size: 10pt;
	}
	.optgroup .button {
		height: 25px;
		padding-top: 0;
		padding-bottom: 0;
	}
	.optgroup button.button {
		padding-left: 12px;
		padding-right: 12px;
	}
	.linklist {
		list-style: none;
		margin: 0.5em 0;
		padding: 0;
	}
	.linklist li {
		padding: 2px 0;
	}
	.sidebar {
		float: left;
		width: 320px;
	}
	.bar-wrapper {
		max-width: 1100px;
		margin: 0 auto;
	}
	.bar-wrapper.has-sidebar {
		max-width: 1430px;
	}
	.mainbar {
		margin: 0;
		padding-right: 1px;
	}
	.mainbar.has-sidebar {
		margin-left: 330px;
	}
	@media (min-width: 1511px) {
		.sidebar {
			width: 400px;
		}
		.bar-wrapper.has-sidebar {
			max-width: 1510px;
		}
		.mainbar.has-sidebar {
			margin-left: 410px;
		}
	}
	.section.first-section {
		margin-top: 9px;
	}
	.blocklink small {
		white-space: normal;
	}
	.button {
		vertical-align: middle;
	}
	.replay-controls {
		padding-top: 10px;
	}
	.replay-controls h1 {
		font-size: 16pt;
		font-weight: normal;
		color: #CCC;
	}
	.pagelink {
		text-align: center;
	}
	.pagelink a {
		width: 150px;
	}
	.textbox, .button {
		font-size: 11pt;
		vertical-align: middle;
	}
	@media (max-width: 450px) {
		.button {
			font-size: 9pt;
		}
	}
</style>

<div>

	<header>
		<div class="nav-wrapper"><ul class="nav">
			<li><a class="button nav-first" href="//pokemonshowdown.com/"><img src="//pokemonshowdown.com/images/pokemonshowdownbeta.png" srcset="//pokemonshowdown.com/images/pokemonshowdownbeta.png 1x, //pokemonshowdown.com/images/pokemonshowdownbeta@2x.png 2x" alt="Pok&eacute;mon Showdown" width="146" height="44" /> Home</a></li>
			<li><a class="button" href="//pokemonshowdown.com/dex/">Pok&eacute;dex</a></li>
			<li><a class="button cur" href="/">Replays</a></li>
			<li><a class="button" href="//pokemonshowdown.com/ladder/">Ladder</a></li>
			<li><a class="button nav-last" href="//pokemonshowdown.com/forums/">Forum</a></li>
			<li><a class="button greenbutton nav-first nav-last" href="//play.pokemonshowdown.com/">Play</a></li>
		</ul></div>
	</header>

	<div class="main" id="main">

		<noscript><section class="section">You need to enable JavaScript to use this page; sorry!</section></noscript>

	</div>

</div>

<script defer nomodule src="//play.pokemonshowdown.com/js/lib/ps-polyfill.js"></script>
<script defer src="//play.pokemonshowdown.com/js/lib/preact.min.js"></script>

<script defer src="//play.pokemonshowdown.com/config/config.js?2bddbc15"></script>
<script defer src="//play.pokemonshowdown.com/js/lib/jquery-1.11.0.min.js"></script>
<script defer src="//play.pokemonshowdown.com/js/lib/html-sanitizer-minified.js"></script>
<script defer src="//play.pokemonshowdown.com/js/battle-sound.js"></script>
<script defer src="//play.pokemonshowdown.com/js/battledata.js?0.7209276989879541"></script>
<script defer src="//play.pokemonshowdown.com/data/pokedex-mini.js?0.6111056340867951"></script>
<script defer src="//play.pokemonshowdown.com/data/pokedex-mini-bw.js?0.3532142036491459"></script>
<script defer src="//play.pokemonshowdown.com/data/graphics.js?0.24223875632456182"></script>
<script defer src="//play.pokemonshowdown.com/data/pokedex.js?0.38839984266356864"></script>
<script defer src="//play.pokemonshowdown.com/data/moves.js?0.21866028504024015"></script>
<script defer src="//play.pokemonshowdown.com/data/abilities.js?0.2005157953846628"></script>
<script defer src="//play.pokemonshowdown.com/data/items.js?0.9894211263848525"></script>
<script defer src="//play.pokemonshowdown.com/data/teambuilder-tables.js?0.6008791140282215"></script>
<script defer src="//play.pokemonshowdown.com/js/battle-tooltips.js?0.7580118955022959"></script>
<script defer src="//play.pokemonshowdown.com/js/battle.js?0.6057722274234274"></script>

<script defer src="js/utils.js?e31f9a17"></script>
<script defer src="js/replays-battle.js?7008c182"></script>

<!-- don't scrape this data! just add .json or .log after the URL!
Full API docs: https://github.com/smogon/pokemon-showdown-client/blob/master/WEB-API.md -->
<script type="text/plain" class="log" id="replaylog-smogtours-gen3ou-797638">
|inactive|Battle timer is ON: inactive players will automatically lose when time's up.
|t:|1728756402
|gametype|singles
|player|p1|TheLargestLad|kofu|
|player|p2|Spreek|101|
|teamsize|p1|6
|teamsize|p2|6
|gen|3
|tier|[Gen 3] OU
|rule|Sleep Clause Mod: Limit one foe put to sleep
|rule|Switch Priority Clause Mod: Faster Pokémon switch first
|rule|Species Clause: Limit one of each Pokémon
|rule|OHKO Clause: OHKO moves are banned
|rule|Evasion Items Clause: Evasion items are banned
|rule|Evasion Moves Clause: Evasion moves are banned
|rule|Endless Battle Clause: Forcing endless battles is banned
|rule|HP Percentage Mod: HP is shown in percentages
|rule|One Boost Passer Clause: Limit one Baton Passer that has a way to boost its stats
|rule|Freeze Clause Mod: Limit one foe frozen
|
|t:|1728756402
|start
|switch|p1a: Soil Enthusiast|Tyranitar, F|100/100
|switch|p2a: Smeargle|Smeargle, M|100/100
|-weather|Sandstorm|[from] ability: Sand Stream|[of] p1a: Soil Enthusiast
|turn|1
|c|☆Spreek|hf
|c|☆TheLargestLad|aye
|
|t:|1728756430
|move|p2a: Smeargle|Spore|p1a: Soil Enthusiast
|-status|p1a: Soil Enthusiast|slp|[from] move: Spore
|cant|p1a: Soil Enthusiast|slp
|
|-weather|Sandstorm|[upkeep]
|-damage|p2a: Smeargle|94/100|[from] Sandstorm
|upkeep
|turn|2
|
|t:|1728756439
|switch|p1a: Lead Poisoning|Gengar, M|100/100
|move|p2a: Smeargle|Dragon Dance|p2a: Smeargle
|-boost|p2a: Smeargle|atk|1
|-boost|p2a: Smeargle|spe|1
|
|-weather|Sandstorm|[upkeep]
|-damage|p2a: Smeargle|88/100|[from] Sandstorm
|-damage|p1a: Lead Poisoning|94/100|[from] Sandstorm
|-heal|p1a: Lead Poisoning|100/100|[from] item: Leftovers
|upkeep
|turn|3
|
|t:|1728756447
|move|p2a: Smeargle|Baton Pass|p2a: Smeargle
|
|t:|1728756461
|switch|p2a: Metagross|Metagross|100/100|[from] Baton Pass
|move|p1a: Lead Poisoning|Will-O-Wisp|p2a: Metagross|[miss]
|-miss|p1a: Lead Poisoning|p2a: Metagross
|
|-weather|Sandstorm|[upkeep]
|-damage|p1a: Lead Poisoning|94/100|[from] Sandstorm
|-heal|p1a: Lead Poisoning|100/100|[from] item: Leftovers
|upkeep
|turn|4
|
|t:|1728756472
|switch|p1a: Dashie Games|Skarmory, M|100/100
|move|p2a: Metagross|Agility|p2a: Metagross
|-boost|p2a: Metagross|spe|2
|
|-weather|Sandstorm|[upkeep]
|upkeep
|turn|5
|
|t:|1728756477
|switch|p2a: Magneton|Magneton|100/100
|move|p1a: Dashie Games|Protect||[still]
|-fail|p1a: Dashie Games
|
|-weather|Sandstorm|[upkeep]
|upkeep
|turn|6
|
|t:|1728756480
|move|p2a: Magneton|Thunderbolt|p1a: Dashie Games
|-supereffective|p1a: Dashie Games
|-damage|p1a: Dashie Games|7/100
|move|p1a: Dashie Games|Spikes|p2a: Magneton
|-sidestart|p2: Spreek|Spikes
|
|-weather|Sandstorm|[upkeep]
|-heal|p1a: Dashie Games|13/100|[from] item: Leftovers
|upkeep
|turn|7
|
|t:|1728756482
|move|p2a: Magneton|Thunderbolt|p1a: Dashie Games
|-supereffective|p1a: Dashie Games
|-damage|p1a: Dashie Games|0 fnt
|faint|p1a: Dashie Games
|
|t:|1728756484
|switch|p1a: Green.|Flygon, M|100/100
|
|-weather|Sandstorm|[upkeep]
|upkeep
|turn|8
|
|t:|1728756500
|switch|p2a: Zapdos|Zapdos|100/100
|move|p1a: Green.|Earthquake|p2a: Zapdos
|-immune|p2a: Zapdos
|
|-weather|Sandstorm|[upkeep]
|-damage|p2a: Zapdos|94/100|[from] Sandstorm
|-heal|p2a: Zapdos|100/100|[from] item: Leftovers
|upkeep
|turn|9
|
|t:|1728756517
|switch|p2a: Heracross|Heracross, M|100/100
|-damage|p2a: Heracross|88/100|[from] Spikes
|switch|p1a: Starbaby|Jirachi|100/100
|
|-weather|Sandstorm|[upkeep]
|-damage|p2a: Heracross|82/100|[from] Sandstorm
|-heal|p2a: Heracross|88/100|[from] item: Leftovers
|upkeep
|turn|10
|
|t:|1728756532
|move|p2a: Heracross|Megahorn|p1a: Starbaby
|-damage|p1a: Starbaby|46/100
|move|p1a: Starbaby|Fire Punch|p2a: Heracross
|-supereffective|p2a: Heracross
|-crit|p2a: Heracross
|-damage|p2a: Heracross|6/100
|-status|p2a: Heracross|brn
|
|-weather|Sandstorm|[upkeep]
|-damage|p2a: Heracross|0 fnt|[from] Sandstorm
|faint|p2a: Heracross
|-heal|p1a: Starbaby|52/100|[from] item: Leftovers
|upkeep
|inactive|Spreek has 270 seconds left.
|
|t:|1728756550
|switch|p2a: Magneton|Magneton|100/100
|-damage|p2a: Magneton|88/100|[from] Spikes
|turn|11
|inactive|Spreek has 270 seconds left.
|inactive|Spreek has 240 seconds left.
|
|t:|1728756586
|move|p1a: Starbaby|Protect|p1a: Starbaby
|-singleturn|p1a: Starbaby|Protect
|move|p2a: Magneton|Substitute|p2a: Magneton
|-start|p2a: Magneton|Substitute
|-damage|p2a: Magneton|63/100
|
|-weather|Sandstorm|[upkeep]
|-heal|p1a: Starbaby|59/100|[from] item: Leftovers
|upkeep
|turn|12
|
|t:|1728756595
|move|p2a: Magneton|Metal Sound|p1a: Starbaby
|-unboost|p1a: Starbaby|spd|2
|move|p1a: Starbaby|Wish|p1a: Starbaby
|
|-weather|Sandstorm|[upkeep]
|-heal|p1a: Starbaby|65/100|[from] item: Leftovers
|upkeep
|turn|13
|
|t:|1728756602
|move|p1a: Starbaby|Protect|p1a: Starbaby
|-singleturn|p1a: Starbaby|Protect
|move|p2a: Magneton|Thunderbolt|p1a: Starbaby
|-activate|p1a: Starbaby|Protect
|
|-heal|p1a: Starbaby|100/100|[from] move: Wish|[wisher] Starbaby
|-weather|Sandstorm|[upkeep]
|upkeep
|turn|14
|
|t:|1728756605
|move|p2a: Magneton|Thunderbolt|p1a: Starbaby
|-damage|p1a: Starbaby|34/100
|move|p1a: Starbaby|Fire Punch|p2a: Magneton
|-supereffective|p2a: Magneton
|-end|p2a: Magneton|Substitute
|
|-weather|Sandstorm|[upkeep]
|-heal|p1a: Starbaby|40/100|[from] item: Leftovers
|upkeep
|turn|15
|
|t:|1728756610
|move|p2a: Magneton|Thunderbolt|p1a: Starbaby
|-damage|p1a: Starbaby|0 fnt
|faint|p1a: Starbaby
|
|t:|1728756614
|switch|p1a: Bucket|Moltres|100/100
|
|-weather|Sandstorm|[upkeep]
|-damage|p1a: Bucket|94/100|[from] Sandstorm
|-heal|p1a: Bucket|100/100|[from] item: Leftovers
|upkeep
|turn|16
|inactive|Spreek has 270 seconds left.
|
|t:|1728756642
|move|p1a: Bucket|Fire Blast|p2a: Magneton
|-supereffective|p2a: Magneton
|-damage|p2a: Magneton|0 fnt
|faint|p2a: Magneton
|inactive|Spreek has 240 seconds left.
|inactive|Spreek has 210 seconds left.
|
|t:|1728756715
|switch|p2a: Zapdos|Zapdos|100/100
|
|-weather|Sandstorm|[upkeep]
|-damage|p1a: Bucket|94/100|[from] Sandstorm
|-damage|p2a: Zapdos|94/100|[from] Sandstorm
|-heal|p1a: Bucket|100/100|[from] item: Leftovers
|-heal|p2a: Zapdos|100/100|[from] item: Leftovers
|upkeep
|turn|17
|
|t:|1728756731
|switch|p1a: Green.|Flygon, M|100/100
|move|p2a: Zapdos|Drill Peck|p1a: Green.
|-damage|p1a: Green.|79/100
|
|-weather|Sandstorm|[upkeep]
|-damage|p2a: Zapdos|94/100|[from] Sandstorm
|-heal|p2a: Zapdos|100/100|[from] item: Leftovers
|-heal|p1a: Green.|85/100|[from] item: Leftovers
|upkeep
|turn|18
|inactive|Spreek has 180 seconds left.
|
|t:|1728756767
|move|p2a: Zapdos|Baton Pass|p2a: Zapdos
|
|t:|1728756771
|switch|p2a: Smeargle|Smeargle, M|88/100|[from] Baton Pass
|-damage|p2a: Smeargle|76/100|[from] Spikes
|move|p1a: Green.|Rock Slide|p2a: Smeargle
|-damage|p2a: Smeargle|28/100
|
|-weather|Sandstorm|[upkeep]
|-damage|p2a: Smeargle|22/100|[from] Sandstorm
|-heal|p1a: Green.|91/100|[from] item: Leftovers
|upkeep
|turn|19
|
|t:|1728756789
|move|p2a: Smeargle|Dragon Dance|p2a: Smeargle
|-boost|p2a: Smeargle|atk|1
|-boost|p2a: Smeargle|spe|1
|move|p1a: Green.|Earthquake|p2a: Smeargle
|-damage|p2a: Smeargle|0 fnt
|faint|p2a: Smeargle
|
|t:|1728756799
|switch|p2a: Metagross|Metagross|100/100
|-damage|p2a: Metagross|88/100|[from] Spikes
|
|-weather|Sandstorm|[upkeep]
|-heal|p1a: Green.|97/100|[from] item: Leftovers
|upkeep
|turn|20
|
|t:|1728756811
|switch|p1a: Lead Poisoning|Gengar, M|100/100
|move|p2a: Metagross|Agility|p2a: Metagross
|-boost|p2a: Metagross|spe|2
|
|-weather|Sandstorm|[upkeep]
|-damage|p1a: Lead Poisoning|94/100|[from] Sandstorm
|-heal|p1a: Lead Poisoning|100/100|[from] item: Leftovers
|upkeep
|turn|21
|
|t:|1728756816
|move|p2a: Metagross|Meteor Mash|p1a: Lead Poisoning
|-damage|p1a: Lead Poisoning|5/100
|move|p1a: Lead Poisoning|Thunderbolt|p2a: Metagross
|-damage|p2a: Metagross|59/100
|
|-weather|Sandstorm|[upkeep]
|-damage|p1a: Lead Poisoning|0 fnt|[from] Sandstorm
|faint|p1a: Lead Poisoning
|upkeep
|
|t:|1728756823
|switch|p1a: Bucket|Moltres|100/100
|turn|22
|inactive|Spreek has 150 seconds left.
|
|t:|1728756855
|move|p1a: Bucket|Protect|p1a: Bucket
|-singleturn|p1a: Bucket|Protect
|move|p2a: Metagross|Meteor Mash|p1a: Bucket|[miss]
|-miss|p2a: Metagross|p1a: Bucket
|
|-weather|Sandstorm|[upkeep]
|-damage|p1a: Bucket|94/100|[from] Sandstorm
|-heal|p1a: Bucket|100/100|[from] item: Leftovers
|upkeep
|turn|23
|inactive|Spreek has 150 seconds left.
|
|t:|1728756875
|switch|p1a: Soil Enthusiast|Tyranitar, F|100/100 slp
|move|p2a: Metagross|Meteor Mash|p1a: Soil Enthusiast
|-supereffective|p1a: Soil Enthusiast
|-damage|p1a: Soil Enthusiast|6/100 slp
|
|-weather|Sandstorm|[upkeep]
|-heal|p1a: Soil Enthusiast|12/100 slp|[from] item: Leftovers
|upkeep
|turn|24
|inactive|Spreek has 150 seconds left.
|
|t:|1728756881
|move|p2a: Metagross|Meteor Mash|p1a: Soil Enthusiast
|-supereffective|p1a: Soil Enthusiast
|-damage|p1a: Soil Enthusiast|0 fnt
|faint|p1a: Soil Enthusiast
|
|t:|1728756883
|switch|p1a: Green.|Flygon, M|97/100
|
|-weather|Sandstorm|[upkeep]
|-heal|p1a: Green.|100/100|[from] item: Leftovers
|upkeep
|turn|25
|
|t:|1728756895
|move|p2a: Metagross|Meteor Mash|p1a: Green.
|-damage|p1a: Green.|56/100
|move|p1a: Green.|Earthquake|p2a: Metagross
|-supereffective|p2a: Metagross
|-damage|p2a: Metagross|3/100
|
|-weather|Sandstorm|[upkeep]
|-heal|p1a: Green.|62/100|[from] item: Leftovers
|upkeep
|turn|26
|inactive|Spreek has 150 seconds left.
|
|t:|1728756911
|move|p1a: Green.|Protect|p1a: Green.
|-singleturn|p1a: Green.|Protect
|move|p2a: Metagross|Meteor Mash|p1a: Green.
|-activate|p1a: Green.|Protect
|
|-weather|Sandstorm|[upkeep]
|-heal|p1a: Green.|68/100|[from] item: Leftovers
|upkeep
|turn|27
|inactive|Spreek has 150 seconds left.
|inactive|Spreek has 120 seconds left.
|
|t:|1728756968
|switch|p1a: Bucket|Moltres|100/100
|move|p2a: Metagross|Meteor Mash|p1a: Bucket
|-resisted|p1a: Bucket
|-damage|p1a: Bucket|66/100
|
|-weather|Sandstorm|[upkeep]
|-damage|p1a: Bucket|60/100|[from] Sandstorm
|-heal|p1a: Bucket|66/100|[from] item: Leftovers
|upkeep
|turn|28
|
|t:|1728756986
|move|p2a: Metagross|Meteor Mash|p1a: Bucket
|-resisted|p1a: Bucket
|-damage|p1a: Bucket|34/100
|move|p1a: Bucket|Hidden Power|p2a: Metagross
|-resisted|p2a: Metagross
|-damage|p2a: Metagross|0 fnt
|faint|p2a: Metagross
|inactive|Spreek has 90 seconds left.
|
|t:|1728757011
|switch|p2a: Zapdos|Zapdos|100/100
|
|-weather|Sandstorm|[upkeep]
|-damage|p1a: Bucket|27/100|[from] Sandstorm
|-damage|p2a: Zapdos|94/100|[from] Sandstorm
|-heal|p1a: Bucket|34/100|[from] item: Leftovers
|-heal|p2a: Zapdos|100/100|[from] item: Leftovers
|upkeep
|turn|29
|
|t:|1728757014
|switch|p1a: Green.|Flygon, M|68/100
|move|p2a: Zapdos|Drill Peck|p1a: Green.
|-damage|p1a: Green.|46/100
|
|-weather|Sandstorm|[upkeep]
|-damage|p2a: Zapdos|94/100|[from] Sandstorm
|-heal|p2a: Zapdos|100/100|[from] item: Leftovers
|-heal|p1a: Green.|52/100|[from] item: Leftovers
|upkeep
|turn|30
|inactive|Spreek has 90 seconds left.
|
|t:|1728757029
|move|p2a: Zapdos|Hidden Power|p1a: Green.
|-damage|p1a: Green.|24/100
|move|p1a: Green.|Toxic|p2a: Zapdos
|-status|p2a: Zapdos|tox
|
|-weather|Sandstorm|[upkeep]
|-damage|p2a: Zapdos|94/100 tox|[from] Sandstorm
|-heal|p2a: Zapdos|100/100 tox|[from] item: Leftovers
|-damage|p2a: Zapdos|94/100 tox|[from] psn
|-heal|p1a: Green.|30/100|[from] item: Leftovers
|upkeep
|turn|31
|inactive|Spreek has 90 seconds left.
|
|t:|1728757042
|move|p1a: Green.|Protect|p1a: Green.
|-singleturn|p1a: Green.|Protect
|move|p2a: Zapdos|Hidden Power|p1a: Green.
|-activate|p1a: Green.|Protect
|
|-weather|Sandstorm|[upkeep]
|-damage|p2a: Zapdos|88/100 tox|[from] Sandstorm
|-heal|p2a: Zapdos|94/100 tox|[from] item: Leftovers
|-damage|p2a: Zapdos|82/100 tox|[from] psn
|-heal|p1a: Green.|36/100|[from] item: Leftovers
|upkeep
|turn|32
|
|t:|1728757049
|move|p2a: Zapdos|Drill Peck|p1a: Green.
|-damage|p1a: Green.|14/100
|move|p1a: Green.|Rock Slide|p2a: Zapdos
|-supereffective|p2a: Zapdos
|-crit|p2a: Zapdos
|-damage|p2a: Zapdos|0 fnt
|faint|p2a: Zapdos
|
|t:|1728757054
|switch|p2a: Salamence|Salamence, M|100/100
|-ability|p2a: Salamence|Intimidate|boost
|-unboost|p1a: Green.|atk|1
|
|-weather|Sandstorm|[upkeep]
|-damage|p2a: Salamence|94/100|[from] Sandstorm
|-heal|p2a: Salamence|100/100|[from] item: Leftovers
|-heal|p1a: Green.|20/100|[from] item: Leftovers
|upkeep
|turn|33
|
|t:|1728757065
|move|p2a: Salamence|Hidden Power|p1a: Green.
|-damage|p1a: Green.|0 fnt
|faint|p1a: Green.
|
|t:|1728757067
|switch|p1a: Bucket|Moltres|34/100
|
|-weather|Sandstorm|[upkeep]
|-damage|p1a: Bucket|27/100|[from] Sandstorm
|-damage|p2a: Salamence|94/100|[from] Sandstorm
|-heal|p1a: Bucket|34/100|[from] item: Leftovers
|-heal|p2a: Salamence|100/100|[from] item: Leftovers
|upkeep
|turn|34
|
|t:|1728757080
|move|p1a: Bucket|Will-O-Wisp|p2a: Salamence
|-status|p2a: Salamence|brn
|move|p2a: Salamence|Hidden Power|p1a: Bucket
|-damage|p1a: Bucket|9/100
|
|-weather|Sandstorm|[upkeep]
|-damage|p1a: Bucket|3/100|[from] Sandstorm
|-damage|p2a: Salamence|94/100 brn|[from] Sandstorm
|-heal|p1a: Bucket|9/100|[from] item: Leftovers
|-heal|p2a: Salamence|100/100 brn|[from] item: Leftovers
|-damage|p2a: Salamence|88/100 brn|[from] brn
|upkeep
|turn|35
|
|t:|1728757087
|move|p1a: Bucket|Protect|p1a: Bucket
|-singleturn|p1a: Bucket|Protect
|move|p2a: Salamence|Hidden Power|p1a: Bucket
|-activate|p1a: Bucket|Protect
|
|-weather|Sandstorm|[upkeep]
|-damage|p1a: Bucket|3/100|[from] Sandstorm
|-damage|p2a: Salamence|82/100 brn|[from] Sandstorm
|-heal|p1a: Bucket|9/100|[from] item: Leftovers
|-heal|p2a: Salamence|88/100 brn|[from] item: Leftovers
|-damage|p2a: Salamence|76/100 brn|[from] brn
|upkeep
|turn|36
|
|t:|1728757098
|move|p1a: Bucket|Fire Blast|p2a: Salamence
|-resisted|p2a: Salamence
|-damage|p2a: Salamence|41/100 brn
|move|p2a: Salamence|Hidden Power|p1a: Bucket
|-damage|p1a: Bucket|0 fnt
|faint|p1a: Bucket
|
|win|Spreek
|c|☆Spreek|gg
|c|☆TheLargestLad|gg

</script>
<script type="application/json" class="data" id="replaydata-smogtours-gen3ou-797638">
{"id":"smogtours-gen3ou-797638","format":"[Gen 3] OU","players":["TheLargestLad","Spreek"],"uploadtime":1728757098,"views":110,"formatid":"gen3ou","rating":null,"private":0,"password":null}
</script>

<script defer src="js/replays.js?9d40a366"></script>
