<!DOCTYPE html>
<meta charset="utf-8" />
<meta name="viewport" content="width=device-width" />

<title>[Gen 3] OU: zinc3 vs. justifine - Replays - Pok&eacute;mon Showdown!</title>

<meta name="description" content="Watch a replay of a Pok&eacute;mon battle between zinc3 and justifine! Format: [Gen 3] OU; Date: Oct 19, 2024" />
<!--

Hey, you! Looking in the source for the replay log?

You can find them in JSON format, just add `.json` at the end of a replay URL.

https://replay.pokemonshowdown.com/gen7randomdoublesbattle-865046831.json

Or, if you only need the log itself, add `.log` instead:

https://replay.pokemonshowdown.com/gen7randomdoublesbattle-865046831.log

-->

<link rel="stylesheet" href="//pokemonshowdown.com/style/global.css?0.023195364461161105" />
<link rel="stylesheet" href="//play.pokemonshowdown.com/style/font-awesome.css?0.13261647063804238" />
<link rel="stylesheet" href="//play.pokemonshowdown.com/style/battle.css?0.8753245789963631" />
<link rel="stylesheet" href="//play.pokemonshowdown.com/style/utilichart.css?0.8627959624976733" />

<!-- Global site tag (gtag.js) - Google Analytics -->
<script async src="https://www.googletagmanager.com/gtag/js?id=UA-26211653-1"></script>
<script>
  window.dataLayer = window.dataLayer || [];
  function gtag(){dataLayer.push(arguments);}
  gtag('js', new Date());

  gtag('config', 'UA-26211653-1');
</script>
<!-- End Google Analytics -->
<!-- Venatus Ad Manager - Install in <HEAD> of page -->
	<script src="https://hb.vntsm.com/v3/live/ad-manager.min.js" type="text/javascript" data-site-id="642aba63ec9a7b11c3c9c1be" data-mode="scan" async></script>
<!-- / Venatus Ad Manager -->

<style>
	@media (max-width:820px) {
		.battle {
			margin: 0 auto;
		}
		.battle-log {
			margin: 7px auto 0;
			max-width: 640px;
			height: 300px;
			position: static;
		}
	}
	.optgroup {
		display: inline-block;
		line-height: 22px;
		font-size: 10pt;
	}
	.optgroup .button {
		height: 25px;
		padding-top: 0;
		padding-bottom: 0;
	}
	.optgroup button.button {
		padding-left: 12px;
		padding-right: 12px;
	}
	.linklist {
		list-style: none;
		margin: 0.5em 0;
		padding: 0;
	}
	.linklist li {
		padding: 2px 0;
	}
	.sidebar {
		float: left;
		width: 320px;
	}
	.bar-wrapper {
		max-width: 1100px;
		margin: 0 auto;
	}
	.bar-wrapper.has-sidebar {
		max-width: 1430px;
	}
	.mainbar {
		margin: 0;
		padding-right: 1px;
	}
	.mainbar.has-sidebar {
		margin-left: 330px;
	}
	@media (min-width: 1511px) {
		.sidebar {
			width: 400px;
		}
		.bar-wrapper.has-sidebar {
			max-width: 1510px;
		}
		.mainbar.has-sidebar {
			margin-left: 410px;
		}
	}
	.section.first-section {
		margin-top: 9px;
	}
	.blocklink small {
		white-space: normal;
	}
	.button {
		vertical-align: middle;
	}
	.replay-controls {
		padding-top: 10px;
	}
	.replay-controls h1 {
		font-size: 16pt;
		font-weight: normal;
		color: #CCC;
	}
	.pagelink {
		text-align: center;
	}
	.pagelink a {
		width: 150px;
	}
	.textbox, .button {
		font-size: 11pt;
		vertical-align: middle;
	}
	@media (max-width: 450px) {
		.button {
			font-size: 9pt;
		}
	}
</style>

<div>

	<header>
		<div class="nav-wrapper"><ul class="nav">
			<li><a class="button nav-first" href="//pokemonshowdown.com/"><img src="//pokemonshowdown.com/images/pokemonshowdownbeta.png" srcset="//pokemonshowdown.com/images/pokemonshowdownbeta.png 1x, //pokemonshowdown.com/images/pokemonshowdownbeta@2x.png 2x" alt="Pok&eacute;mon Showdown" width="146" height="44" /> Home</a></li>
			<li><a class="button" href="//pokemonshowdown.com/dex/">Pok&eacute;dex</a></li>
			<li><a class="button cur" href="/">Replays</a></li>
			<li><a class="button" href="//pokemonshowdown.com/ladder/">Ladder</a></li>
			<li><a class="button nav-last" href="//pokemonshowdown.com/forums/">Forum</a></li>
			<li><a class="button greenbutton nav-first nav-last" href="//play.pokemonshowdown.com/">Play</a></li>
		</ul></div>
	</header>

	<div class="main" id="main">

		<noscript><section class="section">You need to enable JavaScript to use this page; sorry!</section></noscript>

	</div>

</div>

<script defer nomodule src="//play.pokemonshowdown.com/js/lib/ps-polyfill.js"></script>
<script defer src="//play.pokemonshowdown.com/js/lib/preact.min.js"></script>

<script defer src="//play.pokemonshowdown.com/config/config.js?2bddbc15"></script>
<script defer src="//play.pokemonshowdown.com/js/lib/jquery-1.11.0.min.js"></script>
<script defer src="//play.pokemonshowdown.com/js/lib/html-sanitizer-minified.js"></script>
<script defer src="//play.pokemonshowdown.com/js/battle-sound.js"></script>
<script defer src="//play.pokemonshowdown.com/js/battledata.js?0.7209276989879541"></script>
<script defer src="//play.pokemonshowdown.com/data/pokedex-mini.js?0.6111056340867951"></script>
<script defer src="//play.pokemonshowdown.com/data/pokedex-mini-bw.js?0.3532142036491459"></script>
<script defer src="//play.pokemonshowdown.com/data/graphics.js?0.24223875632456182"></script>
<script defer src="//play.pokemonshowdown.com/data/pokedex.js?0.38839984266356864"></script>
<script defer src="//play.pokemonshowdown.com/data/moves.js?0.21866028504024015"></script>
<script defer src="//play.pokemonshowdown.com/data/abilities.js?0.2005157953846628"></script>
<script defer src="//play.pokemonshowdown.com/data/items.js?0.9894211263848525"></script>
<script defer src="//play.pokemonshowdown.com/data/teambuilder-tables.js?0.6008791140282215"></script>
<script defer src="//play.pokemonshowdown.com/js/battle-tooltips.js?0.7580118955022959"></script>
<script defer src="//play.pokemonshowdown.com/js/battle.js?0.6057722274234274"></script>

<script defer src="js/utils.js?e31f9a17"></script>
<script defer src="js/replays-battle.js?7008c182"></script>

<!-- don't scrape this data! just add .json or .log after the URL!
Full API docs: https://github.com/smogon/pokemon-showdown-client/blob/master/WEB-API.md -->
<script type="text/plain" class="log" id="replaylog-smogtours-gen3ou-799770">
|inactive|Battle timer is ON: inactive players will automatically lose when time's up.
|t:|1729298531
|gametype|singles
|player|p1|zinc3|tulip|
|player|p2|justifine|pokemonbreederf-gen4|
|teamsize|p1|6
|teamsize|p2|6
|gen|3
|tier|[Gen 3] OU
|rule|Sleep Clause Mod: Limit one foe put to sleep
|rule|Switch Priority Clause Mod: Faster Pokémon switch first
|rule|Species Clause: Limit one of each Pokémon
|rule|OHKO Clause: OHKO moves are banned
|rule|Evasion Items Clause: Evasion items are banned
|rule|Evasion Moves Clause: Evasion moves are banned
|rule|Endless Battle Clause: Forcing endless battles is banned
|rule|HP Percentage Mod: HP is shown in percentages
|rule|One Boost Passer Clause: Limit one Baton Passer that has a way to boost its stats
|rule|Freeze Clause Mod: Limit one foe frozen
|
|t:|1729298531
|start
|switch|p1a: Crapbo|Swampert, F|100/100
|switch|p2a: Tyranitar|Tyranitar, F|100/100
|-weather|Sandstorm|[from] ability: Sand Stream|[of] p2a: Tyranitar
|turn|1
|c|☆zinc3|hf
|inactive|justifine disconnected and has 300 seconds to reconnect!
|player|p2|
|inactive|zinc3 has 270 seconds left.
|inactive|justifine has 270 seconds to reconnect!
|inactive|justifine reconnected and has 290 seconds left.
|player|p2|justifine|pokemonbreederf-gen4|
|
|t:|1729298590
|switch|p1a: Skarmory|Skarmory, M|100/100
|move|p2a: Tyranitar|Toxic|p1a: Skarmory
|-immune|p1a: Skarmory
|
|-weather|Sandstorm|[upkeep]
|upkeep
|turn|2
|
|t:|1729298604
|move|p2a: Tyranitar|Taunt|p1a: Skarmory
|-start|p1a: Skarmory|move: Taunt
|cant|p1a: Skarmory|move: Taunt|Spikes
|
|-weather|Sandstorm|[upkeep]
|upkeep
|turn|3
|inactive|zinc3 has 270 seconds left.
|
|t:|1729298640
|switch|p2a: Skarmory|Skarmory, M|100/100
|switch|p1a: Crapbo|Swampert, F|100/100
|
|-weather|Sandstorm|[upkeep]
|upkeep
|turn|4
|
|t:|1729298650
|switch|p1a: Magneton|Magneton|100/100
|move|p2a: Skarmory|Spikes|p1a: Magneton
|-sidestart|p1: zinc3|Spikes
|
|-weather|Sandstorm|[upkeep]
|upkeep
|turn|5
|
|t:|1729298659
|move|p1a: Magneton|Thunderbolt|p2a: Skarmory
|-supereffective|p2a: Skarmory
|-damage|p2a: Skarmory|6/100
|-status|p2a: Skarmory|par
|move|p2a: Skarmory|Roar|p1a: Magneton
|drag|p1a: Skarmory|Skarmory, M|100/100
|
|-weather|Sandstorm|[upkeep]
|-heal|p2a: Skarmory|12/100 par|[from] item: Leftovers
|upkeep
|turn|6
|
|t:|1729298679
|switch|p1a: Magneton|Magneton|100/100
|-damage|p1a: Magneton|88/100|[from] Spikes
|switch|p2a: Moltres|Moltres|100/100
|
|-weather|Sandstorm|[upkeep]
|-damage|p2a: Moltres|94/100|[from] Sandstorm
|-heal|p2a: Moltres|100/100|[from] item: Leftovers
|upkeep
|turn|7
|
|t:|1729298689
|switch|p1a: Zapdos|Zapdos|100/100
|move|p2a: Moltres|Flamethrower|p1a: Zapdos
|-damage|p1a: Zapdos|65/100
|
|-weather|Sandstorm|[upkeep]
|-damage|p2a: Moltres|94/100|[from] Sandstorm
|-damage|p1a: Zapdos|58/100|[from] Sandstorm
|-heal|p2a: Moltres|100/100|[from] item: Leftovers
|-heal|p1a: Zapdos|65/100|[from] item: Leftovers
|upkeep
|turn|8
|
|t:|1729298705
|switch|p2a: Celebi|Celebi|100/100
|move|p1a: Zapdos|Toxic|p2a: Celebi
|-status|p2a: Celebi|tox
|
|-weather|Sandstorm|[upkeep]
|-damage|p2a: Celebi|94/100 tox|[from] Sandstorm
|-damage|p1a: Zapdos|58/100|[from] Sandstorm
|-heal|p2a: Celebi|100/100 tox|[from] item: Leftovers
|-damage|p2a: Celebi|94/100 tox|[from] psn
|-heal|p1a: Zapdos|65/100|[from] item: Leftovers
|upkeep
|turn|9
|inactive|zinc3 has 270 seconds left.
|
|t:|1729298741
|move|p2a: Celebi|Leech Seed|p1a: Zapdos
|-start|p1a: Zapdos|move: Leech Seed
|move|p1a: Zapdos|Thunderbolt|p2a: Celebi
|-resisted|p2a: Celebi
|-damage|p2a: Celebi|76/100 tox
|
|-weather|Sandstorm|[upkeep]
|-damage|p2a: Celebi|70/100 tox|[from] Sandstorm
|-damage|p1a: Zapdos|58/100|[from] Sandstorm
|-heal|p2a: Celebi|76/100 tox|[from] item: Leftovers
|-damage|p2a: Celebi|64/100 tox|[from] psn
|-heal|p1a: Zapdos|65/100|[from] item: Leftovers
|-damage|p1a: Zapdos|52/100|[from] Leech Seed|[of] p2a: Celebi
|-heal|p2a: Celebi|76/100 tox|[silent]
|upkeep
|turn|10
|inactive|zinc3 has 270 seconds left.
|inactive|justifine has 270 seconds left.
|
|t:|1729298779
|-curestatus|p2a: Celebi|tox|[from] ability: Natural Cure
|switch|p2a: Tyranitar|Tyranitar, F|100/100
|switch|p1a: Skarmory|Skarmory, M|100/100
|
|-weather|Sandstorm|[upkeep]
|upkeep
|turn|11
|
|t:|1729298797
|move|p2a: Tyranitar|Taunt|p1a: Skarmory
|-start|p1a: Skarmory|move: Taunt
|cant|p1a: Skarmory|move: Taunt|Toxic
|
|-weather|Sandstorm|[upkeep]
|upkeep
|turn|12
|
|t:|1729298809
|switch|p1a: Magneton|Magneton|88/100
|-damage|p1a: Magneton|76/100|[from] Spikes
|move|p2a: Tyranitar|Rock Slide|p1a: Magneton
|-resisted|p1a: Magneton
|-damage|p1a: Magneton|48/100
|
|-weather|Sandstorm|[upkeep]
|upkeep
|turn|13
|inactive|justifine has 270 seconds left.
|
|t:|1729298830
|switch|p1a: Crapbo|Swampert, F|100/100
|-damage|p1a: Crapbo|88/100|[from] Spikes
|move|p2a: Tyranitar|Earthquake|p1a: Crapbo
|-damage|p1a: Crapbo|64/100
|
|-weather|Sandstorm|[upkeep]
|-heal|p1a: Crapbo|70/100|[from] item: Leftovers
|upkeep
|turn|14
|inactive|justifine has 270 seconds left.
|
|t:|1729298841
|move|p1a: Crapbo|Protect|p1a: Crapbo
|-singleturn|p1a: Crapbo|Protect
|move|p2a: Tyranitar|Toxic|p1a: Crapbo
|-activate|p1a: Crapbo|Protect
|
|-weather|Sandstorm|[upkeep]
|-heal|p1a: Crapbo|76/100|[from] item: Leftovers
|upkeep
|turn|15
|
|t:|1729298848
|move|p2a: Tyranitar|Taunt|p1a: Crapbo
|-start|p1a: Crapbo|move: Taunt
|move|p1a: Crapbo|Earthquake|p2a: Tyranitar
|-supereffective|p2a: Tyranitar
|-damage|p2a: Tyranitar|43/100
|
|-weather|Sandstorm|[upkeep]
|-heal|p2a: Tyranitar|49/100|[from] item: Leftovers
|-heal|p1a: Crapbo|82/100|[from] item: Leftovers
|upkeep
|turn|16
|
|t:|1729298851
|move|p2a: Tyranitar|Toxic|p1a: Crapbo
|-status|p1a: Crapbo|tox
|move|p1a: Crapbo|Earthquake|p2a: Tyranitar
|-supereffective|p2a: Tyranitar
|-damage|p2a: Tyranitar|0 fnt
|faint|p2a: Tyranitar
|
|t:|1729298856
|switch|p2a: Celebi|Celebi|76/100
|
|-weather|Sandstorm|[upkeep]
|-damage|p2a: Celebi|70/100|[from] Sandstorm
|-heal|p2a: Celebi|76/100|[from] item: Leftovers
|-heal|p1a: Crapbo|88/100 tox|[from] item: Leftovers
|-damage|p1a: Crapbo|82/100 tox|[from] psn
|-end|p1a: Crapbo|move: Taunt|[silent]
|upkeep
|turn|17
|inactive|zinc3 has 270 seconds left.
|
|t:|1729298882
|switch|p1a: Zapdos|Zapdos|52/100
|move|p2a: Celebi|Leech Seed|p1a: Zapdos
|-start|p1a: Zapdos|move: Leech Seed
|
|-weather|Sandstorm|[upkeep]
|-damage|p2a: Celebi|70/100|[from] Sandstorm
|-damage|p1a: Zapdos|46/100|[from] Sandstorm
|-heal|p2a: Celebi|76/100|[from] item: Leftovers
|-heal|p1a: Zapdos|52/100|[from] item: Leftovers
|-damage|p1a: Zapdos|40/100|[from] Leech Seed|[of] p2a: Celebi
|-heal|p2a: Celebi|88/100|[silent]
|upkeep
|turn|18
|inactive|zinc3 has 270 seconds left.
|
|t:|1729298887
|move|p2a: Celebi|Psychic|p1a: Zapdos
|-damage|p1a: Zapdos|14/100
|move|p1a: Zapdos|Rest|p1a: Zapdos
|-status|p1a: Zapdos|slp|[from] move: Rest
|-heal|p1a: Zapdos|100/100 slp|[silent]
|
|-weather|Sandstorm|[upkeep]
|-damage|p2a: Celebi|81/100|[from] Sandstorm
|-damage|p1a: Zapdos|94/100 slp|[from] Sandstorm
|-heal|p2a: Celebi|88/100|[from] item: Leftovers
|-heal|p1a: Zapdos|100/100 slp|[from] item: Leftovers
|-damage|p1a: Zapdos|88/100 slp|[from] Leech Seed|[of] p2a: Celebi
|-heal|p2a: Celebi|99/100|[silent]
|upkeep
|turn|19
|
|t:|1729298906
|switch|p1a: Skarmory|Skarmory, M|100/100
|move|p2a: Celebi|Psychic|p1a: Skarmory
|-resisted|p1a: Skarmory
|-damage|p1a: Skarmory|84/100
|
|-weather|Sandstorm|[upkeep]
|-damage|p2a: Celebi|93/100|[from] Sandstorm
|-heal|p2a: Celebi|99/100|[from] item: Leftovers
|-heal|p1a: Skarmory|90/100|[from] item: Leftovers
|upkeep
|turn|20
|
|t:|1729298914
|move|p2a: Celebi|Leech Seed|p1a: Skarmory
|-start|p1a: Skarmory|move: Leech Seed
|move|p1a: Skarmory|Spikes|p2a: Celebi
|-sidestart|p2: justifine|Spikes
|
|-weather|Sandstorm|[upkeep]
|-damage|p2a: Celebi|93/100|[from] Sandstorm
|-heal|p2a: Celebi|99/100|[from] item: Leftovers
|-heal|p1a: Skarmory|96/100|[from] item: Leftovers
|-damage|p1a: Skarmory|83/100|[from] Leech Seed|[of] p2a: Celebi
|-heal|p2a: Celebi|100/100|[silent]
|upkeep
|turn|21
|
|t:|1729298916
|switch|p1a: Zapdos|Zapdos|88/100 slp
|move|p2a: Celebi|Hidden Power|p1a: Zapdos
|-damage|p1a: Zapdos|76/100 slp
|
|-weather|Sandstorm|[upkeep]
|-damage|p2a: Celebi|94/100|[from] Sandstorm
|-damage|p1a: Zapdos|70/100 slp|[from] Sandstorm
|-heal|p2a: Celebi|100/100|[from] item: Leftovers
|-heal|p1a: Zapdos|76/100 slp|[from] item: Leftovers
|upkeep
|turn|22
|
|t:|1729298921
|move|p2a: Celebi|Leech Seed|p1a: Zapdos
|-start|p1a: Zapdos|move: Leech Seed
|cant|p1a: Zapdos|slp
|
|-weather|Sandstorm|[upkeep]
|-damage|p2a: Celebi|94/100|[from] Sandstorm
|-damage|p1a: Zapdos|70/100 slp|[from] Sandstorm
|-heal|p2a: Celebi|100/100|[from] item: Leftovers
|-heal|p1a: Zapdos|76/100 slp|[from] item: Leftovers
|-damage|p1a: Zapdos|63/100 slp|[from] Leech Seed|[of] p2a: Celebi
|upkeep
|turn|23
|
|t:|1729298925
|switch|p1a: Blissey|Blissey, F|100/100
|-damage|p1a: Blissey|88/100|[from] Spikes
|move|p2a: Celebi|Hidden Power|p1a: Blissey
|-damage|p1a: Blissey|81/100
|
|-weather|Sandstorm|[upkeep]
|-damage|p2a: Celebi|94/100|[from] Sandstorm
|-damage|p1a: Blissey|75/100|[from] Sandstorm
|-heal|p2a: Celebi|100/100|[from] item: Leftovers
|-heal|p1a: Blissey|81/100|[from] item: Leftovers
|upkeep
|turn|24
|
|t:|1729298934
|move|p2a: Celebi|Leech Seed|p1a: Blissey
|-start|p1a: Blissey|move: Leech Seed
|move|p1a: Blissey|Wish|p1a: Blissey
|
|-weather|Sandstorm|[upkeep]
|-damage|p2a: Celebi|94/100|[from] Sandstorm
|-damage|p1a: Blissey|75/100|[from] Sandstorm
|-heal|p2a: Celebi|100/100|[from] item: Leftovers
|-heal|p1a: Blissey|81/100|[from] item: Leftovers
|-damage|p1a: Blissey|69/100|[from] Leech Seed|[of] p2a: Celebi
|upkeep
|turn|25
|
|t:|1729298943
|switch|p2a: Moltres|Moltres|100/100
|switch|p1a: Zapdos|Zapdos|63/100 slp
|
|-heal|p1a: Zapdos|100/100 slp|[from] move: Wish|[wisher] Blissey
|-weather|Sandstorm|[upkeep]
|-damage|p2a: Moltres|94/100|[from] Sandstorm
|-damage|p1a: Zapdos|94/100 slp|[from] Sandstorm
|-heal|p2a: Moltres|100/100|[from] item: Leftovers
|-heal|p1a: Zapdos|100/100 slp|[from] item: Leftovers
|upkeep
|turn|26
|
|t:|1729298954
|cant|p1a: Zapdos|slp
|move|p2a: Moltres|Roar|p1a: Zapdos
|drag|p1a: Blissey|Blissey, F|69/100
|-damage|p1a: Blissey|56/100|[from] Spikes
|
|-weather|Sandstorm|[upkeep]
|-damage|p2a: Moltres|94/100|[from] Sandstorm
|-damage|p1a: Blissey|50/100|[from] Sandstorm
|-heal|p2a: Moltres|100/100|[from] item: Leftovers
|-heal|p1a: Blissey|56/100|[from] item: Leftovers
|upkeep
|turn|27
|
|t:|1729298965
|move|p2a: Moltres|Will-O-Wisp|p1a: Blissey
|-status|p1a: Blissey|brn
|move|p1a: Blissey|Soft-Boiled|p1a: Blissey
|-heal|p1a: Blissey|100/100 brn
|
|-weather|Sandstorm|[upkeep]
|-damage|p2a: Moltres|94/100|[from] Sandstorm
|-damage|p1a: Blissey|94/100 brn|[from] Sandstorm
|-heal|p2a: Moltres|100/100|[from] item: Leftovers
|-heal|p1a: Blissey|100/100 brn|[from] item: Leftovers
|-damage|p1a: Blissey|88/100 brn|[from] brn
|upkeep
|turn|28
|
|t:|1729298975
|switch|p2a: Skarmory|Skarmory, M|12/100 par
|move|p1a: Blissey|Seismic Toss|p2a: Skarmory
|-damage|p2a: Skarmory|0 fnt
|faint|p2a: Skarmory
|
|t:|1729298978
|switch|p2a: Jirachi|Jirachi|100/100
|-damage|p2a: Jirachi|88/100|[from] Spikes
|
|-weather|Sandstorm|[upkeep]
|-damage|p1a: Blissey|82/100 brn|[from] Sandstorm
|-heal|p2a: Jirachi|94/100|[from] item: Leftovers
|-heal|p1a: Blissey|88/100 brn|[from] item: Leftovers
|-damage|p1a: Blissey|76/100 brn|[from] brn
|upkeep
|turn|29
|
|t:|1729298994
|-curestatus|p1a: Blissey|brn|[from] ability: Natural Cure
|switch|p1a: Zapdos|Zapdos|100/100 slp
|move|p2a: Jirachi|Substitute|p2a: Jirachi
|-start|p2a: Jirachi|Substitute
|-damage|p2a: Jirachi|69/100
|
|-weather|Sandstorm|[upkeep]
|-damage|p1a: Zapdos|94/100 slp|[from] Sandstorm
|-heal|p2a: Jirachi|75/100|[from] item: Leftovers
|-heal|p1a: Zapdos|100/100 slp|[from] item: Leftovers
|upkeep
|turn|30
|
|t:|1729298999
|move|p2a: Jirachi|Calm Mind|p2a: Jirachi
|-boost|p2a: Jirachi|spa|1
|-boost|p2a: Jirachi|spd|1
|-curestatus|p1a: Zapdos|slp|[msg]
|move|p1a: Zapdos|Roar|p2a: Jirachi
|drag|p2a: Swampert|Swampert, F|100/100
|-damage|p2a: Swampert|88/100|[from] Spikes
|
|-weather|Sandstorm|[upkeep]
|-damage|p1a: Zapdos|94/100|[from] Sandstorm
|-heal|p1a: Zapdos|100/100|[from] item: Leftovers
|-heal|p2a: Swampert|94/100|[from] item: Leftovers
|upkeep
|turn|31
|
|t:|1729299008
|move|p1a: Zapdos|Toxic|p2a: Swampert
|-status|p2a: Swampert|tox
|move|p2a: Swampert|Earthquake|p1a: Zapdos
|-immune|p1a: Zapdos
|
|-weather|Sandstorm|[upkeep]
|-damage|p1a: Zapdos|94/100|[from] Sandstorm
|-heal|p1a: Zapdos|100/100|[from] item: Leftovers
|-heal|p2a: Swampert|100/100 tox|[from] item: Leftovers
|-damage|p2a: Swampert|94/100 tox|[from] psn
|upkeep
|turn|32
|
|t:|1729299016
|move|p2a: Swampert|Hydro Pump|p1a: Zapdos|[miss]
|-miss|p2a: Swampert|p1a: Zapdos
|move|p1a: Zapdos|Roar|p2a: Swampert
|drag|p2a: Celebi|Celebi|100/100
|-damage|p2a: Celebi|88/100|[from] Spikes
|
|-weather|Sandstorm|[upkeep]
|-damage|p2a: Celebi|82/100|[from] Sandstorm
|-damage|p1a: Zapdos|94/100|[from] Sandstorm
|-heal|p2a: Celebi|88/100|[from] item: Leftovers
|-heal|p1a: Zapdos|100/100|[from] item: Leftovers
|upkeep
|turn|33
|c|☆zinc3|mb
|
|t:|1729299029
|move|p2a: Celebi|Leech Seed|p1a: Zapdos
|-start|p1a: Zapdos|move: Leech Seed
|move|p1a: Zapdos|Toxic|p2a: Celebi
|-status|p2a: Celebi|tox
|
|-weather|Sandstorm|[upkeep]
|-damage|p2a: Celebi|82/100 tox|[from] Sandstorm
|-damage|p1a: Zapdos|94/100|[from] Sandstorm
|-heal|p2a: Celebi|88/100 tox|[from] item: Leftovers
|-damage|p2a: Celebi|82/100 tox|[from] psn
|-heal|p1a: Zapdos|100/100|[from] item: Leftovers
|-damage|p1a: Zapdos|88/100|[from] Leech Seed|[of] p2a: Celebi
|-heal|p2a: Celebi|94/100 tox|[silent]
|upkeep
|turn|34
|
|t:|1729299035
|switch|p1a: Blissey|Blissey, F|76/100
|-damage|p1a: Blissey|63/100|[from] Spikes
|move|p2a: Celebi|Psychic|p1a: Blissey
|-damage|p1a: Blissey|49/100
|
|-weather|Sandstorm|[upkeep]
|-damage|p2a: Celebi|88/100 tox|[from] Sandstorm
|-damage|p1a: Blissey|43/100|[from] Sandstorm
|-heal|p2a: Celebi|94/100 tox|[from] item: Leftovers
|-damage|p2a: Celebi|81/100 tox|[from] psn
|-heal|p1a: Blissey|49/100|[from] item: Leftovers
|upkeep
|turn|35
|
|t:|1729299041
|move|p2a: Celebi|Leech Seed|p1a: Blissey
|-start|p1a: Blissey|move: Leech Seed
|move|p1a: Blissey|Soft-Boiled|p1a: Blissey
|-heal|p1a: Blissey|99/100
|
|-weather|Sandstorm|[upkeep]
|-damage|p2a: Celebi|75/100 tox|[from] Sandstorm
|-damage|p1a: Blissey|93/100|[from] Sandstorm
|-heal|p2a: Celebi|81/100 tox|[from] item: Leftovers
|-damage|p2a: Celebi|63/100 tox|[from] psn
|-heal|p1a: Blissey|99/100|[from] item: Leftovers
|-damage|p1a: Blissey|86/100|[from] Leech Seed|[of] p2a: Celebi
|-heal|p2a: Celebi|83/100 tox|[silent]
|upkeep
|turn|36
|
|t:|1729299054
|switch|p1a: Zapdos|Zapdos|88/100
|move|p2a: Celebi|Hidden Power|p1a: Zapdos
|-damage|p1a: Zapdos|76/100
|
|-weather|Sandstorm|[upkeep]
|-damage|p2a: Celebi|77/100 tox|[from] Sandstorm
|-damage|p1a: Zapdos|70/100|[from] Sandstorm
|-heal|p2a: Celebi|83/100 tox|[from] item: Leftovers
|-damage|p2a: Celebi|58/100 tox|[from] psn
|-heal|p1a: Zapdos|76/100|[from] item: Leftovers
|upkeep
|turn|37
|
|t:|1729299060
|-curestatus|p2a: Celebi|tox|[from] ability: Natural Cure
|switch|p2a: Swampert|Swampert, F|94/100 tox
|-damage|p2a: Swampert|82/100 tox|[from] Spikes
|move|p1a: Zapdos|Thunderbolt|p2a: Swampert
|-immune|p2a: Swampert
|
|-weather|Sandstorm|[upkeep]
|-damage|p1a: Zapdos|70/100|[from] Sandstorm
|-heal|p1a: Zapdos|76/100|[from] item: Leftovers
|-heal|p2a: Swampert|88/100 tox|[from] item: Leftovers
|-damage|p2a: Swampert|82/100 tox|[from] psn
|upkeep
|turn|38
|
|t:|1729299073
|switch|p1a: Skarmory|Skarmory, M|83/100
|move|p2a: Swampert|Hydro Pump|p1a: Skarmory|[miss]
|-miss|p2a: Swampert|p1a: Skarmory
|
|-weather|Sandstorm|[upkeep]
|-heal|p1a: Skarmory|89/100|[from] item: Leftovers
|-heal|p2a: Swampert|88/100 tox|[from] item: Leftovers
|-damage|p2a: Swampert|76/100 tox|[from] psn
|upkeep
|turn|39
|
|t:|1729299084
|move|p1a: Skarmory|Spikes|p2a: Swampert
|-sidestart|p2: justifine|Spikes
|move|p2a: Swampert|Hydro Pump|p1a: Skarmory|[miss]
|-miss|p2a: Swampert|p1a: Skarmory
|
|-weather|Sandstorm|[upkeep]
|-heal|p1a: Skarmory|95/100|[from] item: Leftovers
|-heal|p2a: Swampert|82/100 tox|[from] item: Leftovers
|-damage|p2a: Swampert|63/100 tox|[from] psn
|upkeep
|turn|40
|
|t:|1729299090
|switch|p2a: Jirachi|Jirachi|75/100
|-damage|p2a: Jirachi|59/100|[from] Spikes
|move|p1a: Skarmory|Spikes|p2a: Jirachi
|-sidestart|p2: justifine|Spikes
|
|-weather|Sandstorm|[upkeep]
|-heal|p2a: Jirachi|65/100|[from] item: Leftovers
|-heal|p1a: Skarmory|100/100|[from] item: Leftovers
|upkeep
|turn|41
|
|t:|1729299093
|move|p2a: Jirachi|Substitute|p2a: Jirachi
|-start|p2a: Jirachi|Substitute
|-damage|p2a: Jirachi|40/100
|move|p1a: Skarmory|Roar|p2a: Jirachi
|drag|p2a: Celebi|Celebi|58/100
|-damage|p2a: Celebi|33/100|[from] Spikes
|
|-weather|Sandstorm|[upkeep]
|-damage|p2a: Celebi|27/100|[from] Sandstorm
|-heal|p2a: Celebi|33/100|[from] item: Leftovers
|upkeep
|turn|42
|
|t:|1729299100
|move|p2a: Celebi|Leech Seed|p1a: Skarmory
|-start|p1a: Skarmory|move: Leech Seed
|move|p1a: Skarmory|Roar|p2a: Celebi
|drag|p2a: Jirachi|Jirachi|40/100
|-damage|p2a: Jirachi|15/100|[from] Spikes
|
|-weather|Sandstorm|[upkeep]
|-heal|p2a: Jirachi|21/100|[from] item: Leftovers
|-damage|p1a: Skarmory|88/100|[from] Leech Seed|[of] p2a: Jirachi
|-heal|p2a: Jirachi|31/100|[silent]
|upkeep
|turn|43
|
|t:|1729299103
|move|p2a: Jirachi|Thunderbolt|p1a: Skarmory
|-supereffective|p1a: Skarmory
|-damage|p1a: Skarmory|48/100
|-status|p1a: Skarmory|par
|cant|p1a: Skarmory|par
|
|-weather|Sandstorm|[upkeep]
|-heal|p2a: Jirachi|38/100|[from] item: Leftovers
|-heal|p1a: Skarmory|54/100 par|[from] item: Leftovers
|-damage|p1a: Skarmory|42/100 par|[from] Leech Seed|[of] p2a: Jirachi
|-heal|p2a: Jirachi|48/100|[silent]
|upkeep
|turn|44
|
|t:|1729299111
|switch|p1a: Zapdos|Zapdos|76/100
|move|p2a: Jirachi|Thunderbolt|p1a: Zapdos
|-damage|p1a: Zapdos|59/100
|
|-weather|Sandstorm|[upkeep]
|-damage|p1a: Zapdos|53/100|[from] Sandstorm
|-heal|p2a: Jirachi|54/100|[from] item: Leftovers
|-heal|p1a: Zapdos|59/100|[from] item: Leftovers
|upkeep
|turn|45
|
|t:|1729299118
|move|p2a: Jirachi|Ice Punch|p1a: Zapdos
|-supereffective|p1a: Zapdos
|-damage|p1a: Zapdos|31/100
|move|p1a: Zapdos|Roar|p2a: Jirachi
|drag|p2a: Celebi|Celebi|33/100
|-damage|p2a: Celebi|8/100|[from] Spikes
|
|-weather|Sandstorm|[upkeep]
|-damage|p2a: Celebi|2/100|[from] Sandstorm
|-damage|p1a: Zapdos|25/100|[from] Sandstorm
|-heal|p2a: Celebi|8/100|[from] item: Leftovers
|-heal|p1a: Zapdos|31/100|[from] item: Leftovers
|upkeep
|turn|46
|
|t:|1729299141
|move|p2a: Celebi|Leech Seed|p1a: Zapdos
|-start|p1a: Zapdos|move: Leech Seed
|move|p1a: Zapdos|Thunderbolt|p2a: Celebi
|-resisted|p2a: Celebi
|-damage|p2a: Celebi|0 fnt
|faint|p2a: Celebi
|
|t:|1729299143
|switch|p2a: Jirachi|Jirachi|54/100
|-damage|p2a: Jirachi|29/100|[from] Spikes
|
|-weather|Sandstorm|[upkeep]
|-damage|p1a: Zapdos|25/100|[from] Sandstorm
|-heal|p2a: Jirachi|35/100|[from] item: Leftovers
|-heal|p1a: Zapdos|31/100|[from] item: Leftovers
|-damage|p1a: Zapdos|19/100|[from] Leech Seed|[of] p2a: Jirachi
|-heal|p2a: Jirachi|47/100|[silent]
|upkeep
|turn|47
|inactive|zinc3 has 270 seconds left.
|
|t:|1729299171
|move|p2a: Jirachi|Ice Punch|p1a: Zapdos
|-supereffective|p1a: Zapdos
|-damage|p1a: Zapdos|0 fnt
|faint|p1a: Zapdos
|inactive|zinc3 has 270 seconds left.
|inactive|zinc3 has 240 seconds left.
|
|t:|1729299215
|switch|p1a: Crapbo|Swampert, F|82/100 tox
|-damage|p1a: Crapbo|70/100 tox|[from] Spikes
|
|-weather|Sandstorm|[upkeep]
|-heal|p2a: Jirachi|53/100|[from] item: Leftovers
|-heal|p1a: Crapbo|76/100 tox|[from] item: Leftovers
|-damage|p1a: Crapbo|70/100 tox|[from] psn
|upkeep
|turn|48
|
|t:|1729299226
|switch|p2a: Moltres|Moltres|100/100
|move|p1a: Crapbo|Earthquake|p2a: Moltres
|-immune|p2a: Moltres
|
|-weather|Sandstorm|[upkeep]
|-damage|p2a: Moltres|94/100|[from] Sandstorm
|-heal|p2a: Moltres|100/100|[from] item: Leftovers
|-heal|p1a: Crapbo|76/100 tox|[from] item: Leftovers
|-damage|p1a: Crapbo|64/100 tox|[from] psn
|upkeep
|turn|49
|inactive|zinc3 has 240 seconds left.
|
|t:|1729299251
|switch|p1a: Magneton|Magneton|48/100
|-damage|p1a: Magneton|36/100|[from] Spikes
|move|p2a: Moltres|Will-O-Wisp|p1a: Magneton
|-status|p1a: Magneton|brn
|
|-weather|Sandstorm|[upkeep]
|-damage|p2a: Moltres|94/100|[from] Sandstorm
|-heal|p2a: Moltres|100/100|[from] item: Leftovers
|-damage|p1a: Magneton|23/100 brn|[from] brn
|upkeep
|turn|50
|
|t:|1729299258
|move|p2a: Moltres|Flamethrower|p1a: Magneton
|-supereffective|p1a: Magneton
|-damage|p1a: Magneton|0 fnt
|faint|p1a: Magneton
|
|t:|1729299267
|switch|p1a: Blissey|Blissey, F|86/100
|-damage|p1a: Blissey|74/100|[from] Spikes
|
|-weather|Sandstorm|[upkeep]
|-damage|p2a: Moltres|94/100|[from] Sandstorm
|-damage|p1a: Blissey|68/100|[from] Sandstorm
|-heal|p2a: Moltres|100/100|[from] item: Leftovers
|-heal|p1a: Blissey|74/100|[from] item: Leftovers
|upkeep
|turn|51
|
|t:|1729299275
|move|p2a: Moltres|Will-O-Wisp|p1a: Blissey
|-status|p1a: Blissey|brn
|move|p1a: Blissey|Seismic Toss|p2a: Moltres
|-damage|p2a: Moltres|69/100
|
|-weather|Sandstorm|[upkeep]
|-damage|p2a: Moltres|63/100|[from] Sandstorm
|-damage|p1a: Blissey|68/100 brn|[from] Sandstorm
|-heal|p2a: Moltres|69/100|[from] item: Leftovers
|-heal|p1a: Blissey|74/100 brn|[from] item: Leftovers
|-damage|p1a: Blissey|61/100 brn|[from] brn
|upkeep
|turn|52
|
|t:|1729299284
|move|p2a: Moltres|Flamethrower|p1a: Blissey
|-damage|p1a: Blissey|41/100 brn
|move|p1a: Blissey|Soft-Boiled|p1a: Blissey
|-heal|p1a: Blissey|91/100 brn
|
|-weather|Sandstorm|[upkeep]
|-damage|p2a: Moltres|63/100|[from] Sandstorm
|-damage|p1a: Blissey|85/100 brn|[from] Sandstorm
|-heal|p2a: Moltres|69/100|[from] item: Leftovers
|-heal|p1a: Blissey|91/100 brn|[from] item: Leftovers
|-damage|p1a: Blissey|79/100 brn|[from] brn
|upkeep
|turn|53
|
|t:|1729299293
|move|p2a: Moltres|Flamethrower|p1a: Blissey
|-damage|p1a: Blissey|60/100 brn
|move|p1a: Blissey|Seismic Toss|p2a: Moltres
|-damage|p2a: Moltres|38/100
|
|-weather|Sandstorm|[upkeep]
|-damage|p2a: Moltres|32/100|[from] Sandstorm
|-damage|p1a: Blissey|53/100 brn|[from] Sandstorm
|-heal|p2a: Moltres|38/100|[from] item: Leftovers
|-heal|p1a: Blissey|60/100 brn|[from] item: Leftovers
|-damage|p1a: Blissey|47/100 brn|[from] brn
|upkeep
|turn|54
|
|t:|1729299296
|switch|p2a: Jirachi|Jirachi|53/100
|-damage|p2a: Jirachi|28/100|[from] Spikes
|move|p1a: Blissey|Soft-Boiled|p1a: Blissey
|-heal|p1a: Blissey|97/100 brn
|
|-weather|Sandstorm|[upkeep]
|-damage|p1a: Blissey|91/100 brn|[from] Sandstorm
|-heal|p2a: Jirachi|34/100|[from] item: Leftovers
|-heal|p1a: Blissey|97/100 brn|[from] item: Leftovers
|-damage|p1a: Blissey|85/100 brn|[from] brn
|upkeep
|turn|55
|
|t:|1729299301
|move|p2a: Jirachi|Substitute|p2a: Jirachi
|-start|p2a: Jirachi|Substitute
|-damage|p2a: Jirachi|9/100
|move|p1a: Blissey|Seismic Toss|p2a: Jirachi
|-activate|p2a: Jirachi|Substitute|[damage]
|
|-weather|Sandstorm|[upkeep]
|-damage|p1a: Blissey|79/100 brn|[from] Sandstorm
|-heal|p2a: Jirachi|16/100|[from] item: Leftovers
|-heal|p1a: Blissey|85/100 brn|[from] item: Leftovers
|-damage|p1a: Blissey|72/100 brn|[from] brn
|upkeep
|turn|56
|
|t:|1729299305
|move|p2a: Jirachi|Calm Mind|p2a: Jirachi
|-boost|p2a: Jirachi|spa|1
|-boost|p2a: Jirachi|spd|1
|move|p1a: Blissey|Seismic Toss|p2a: Jirachi
|-end|p2a: Jirachi|Substitute
|
|-weather|Sandstorm|[upkeep]
|-damage|p1a: Blissey|66/100 brn|[from] Sandstorm
|-heal|p2a: Jirachi|22/100|[from] item: Leftovers
|-heal|p1a: Blissey|72/100 brn|[from] item: Leftovers
|-damage|p1a: Blissey|60/100 brn|[from] brn
|upkeep
|turn|57
|
|t:|1729299309
|move|p2a: Jirachi|Thunderbolt|p1a: Blissey
|-damage|p1a: Blissey|46/100 brn
|move|p1a: Blissey|Seismic Toss|p2a: Jirachi
|-damage|p2a: Jirachi|0 fnt
|faint|p2a: Jirachi
|
|t:|1729299316
|switch|p2a: Swampert|Swampert, F|63/100 tox
|-damage|p2a: Swampert|38/100 tox|[from] Spikes
|
|-weather|Sandstorm|[upkeep]
|-damage|p1a: Blissey|40/100 brn|[from] Sandstorm
|-heal|p2a: Swampert|45/100 tox|[from] item: Leftovers
|-heal|p1a: Blissey|46/100 brn|[from] item: Leftovers
|-damage|p2a: Swampert|38/100 tox|[from] psn
|-damage|p1a: Blissey|34/100 brn|[from] brn
|upkeep
|turn|58
|
|t:|1729299339
|move|p2a: Swampert|Earthquake|p1a: Blissey
|-damage|p1a: Blissey|0 fnt
|faint|p1a: Blissey
|
|t:|1729299352
|switch|p1a: Skarmory|Skarmory, M|42/100 par
|
|-weather|Sandstorm|[upkeep]
|-heal|p2a: Swampert|45/100 tox|[from] item: Leftovers
|-damage|p2a: Swampert|32/100 tox|[from] psn
|-heal|p1a: Skarmory|48/100 par|[from] item: Leftovers
|upkeep
|turn|59
|
|t:|1729299355
|move|p2a: Swampert|Hydro Pump|p1a: Skarmory
|-damage|p1a: Skarmory|0 fnt
|faint|p1a: Skarmory
|
|t:|1729299357
|switch|p1a: Aerodactyl|Aerodactyl, F|100/100
|
|-weather|Sandstorm|[upkeep]
|-heal|p2a: Swampert|38/100 tox|[from] item: Leftovers
|-damage|p2a: Swampert|20/100 tox|[from] psn
|upkeep
|turn|60
|
|t:|1729299362
|move|p1a: Aerodactyl|Double-Edge|p2a: Swampert
|-damage|p2a: Swampert|0 fnt
|faint|p2a: Swampert
|
|t:|1729299364
|switch|p2a: Moltres|Moltres|38/100
|
|-weather|Sandstorm|[upkeep]
|-damage|p2a: Moltres|32/100|[from] Sandstorm
|-heal|p2a: Moltres|38/100|[from] item: Leftovers
|upkeep
|turn|61
|
|t:|1729299369
|move|p1a: Aerodactyl|Double-Edge|p2a: Moltres
|-damage|p2a: Moltres|0 fnt
|faint|p2a: Moltres
|
|win|zinc3
|c|☆zinc3|gg
|player|p2|
|player|p1|
|player|p1|zinc3|touristf|

</script>
<script type="application/json" class="data" id="replaydata-smogtours-gen3ou-799770">
{"id":"smogtours-gen3ou-799770","format":"[Gen 3] OU","players":["zinc3","justifine"],"uploadtime":1729299369,"views":84,"formatid":"gen3ou","rating":null,"private":0,"password":null}
</script>

<script defer src="js/replays.js?9d40a366"></script>
