<!DOCTYPE html>
<meta charset="utf-8" />
<meta name="viewport" content="width=device-width" />

<title>[Gen 3] OU: ilikeeatingcrayons vs. Organic Oranges - Replays - Pok&eacute;mon Showdown!</title>

<meta name="description" content="Watch a replay of a Pok&eacute;mon battle between ilikeeatingcrayons and Organic Oranges! Format: [Gen 3] OU; Date: Oct 15, 2024" />
<!--

Hey, you! Looking in the source for the replay log?

You can find them in JSON format, just add `.json` at the end of a replay URL.

https://replay.pokemonshowdown.com/gen7randomdoublesbattle-865046831.json

Or, if you only need the log itself, add `.log` instead:

https://replay.pokemonshowdown.com/gen7randomdoublesbattle-865046831.log

-->

<link rel="stylesheet" href="//pokemonshowdown.com/style/global.css?0.023195364461161105" />
<link rel="stylesheet" href="//play.pokemonshowdown.com/style/font-awesome.css?0.13261647063804238" />
<link rel="stylesheet" href="//play.pokemonshowdown.com/style/battle.css?0.8753245789963631" />
<link rel="stylesheet" href="//play.pokemonshowdown.com/style/utilichart.css?0.8627959624976733" />

<!-- Global site tag (gtag.js) - Google Analytics -->
<script async src="https://www.googletagmanager.com/gtag/js?id=UA-26211653-1"></script>
<script>
  window.dataLayer = window.dataLayer || [];
  function gtag(){dataLayer.push(arguments);}
  gtag('js', new Date());

  gtag('config', 'UA-26211653-1');
</script>
<!-- End Google Analytics -->
<!-- Venatus Ad Manager - Install in <HEAD> of page -->
	<script src="https://hb.vntsm.com/v3/live/ad-manager.min.js" type="text/javascript" data-site-id="642aba63ec9a7b11c3c9c1be" data-mode="scan" async></script>
<!-- / Venatus Ad Manager -->

<style>
	@media (max-width:820px) {
		.battle {
			margin: 0 auto;
		}
		.battle-log {
			margin: 7px auto 0;
			max-width: 640px;
			height: 300px;
			position: static;
		}
	}
	.optgroup {
		display: inline-block;
		line-height: 22px;
		font-size: 10pt;
	}
	.optgroup .button {
		height: 25px;
		padding-top: 0;
		padding-bottom: 0;
	}
	.optgroup button.button {
		padding-left: 12px;
		padding-right: 12px;
	}
	.linklist {
		list-style: none;
		margin: 0.5em 0;
		padding: 0;
	}
	.linklist li {
		padding: 2px 0;
	}
	.sidebar {
		float: left;
		width: 320px;
	}
	.bar-wrapper {
		max-width: 1100px;
		margin: 0 auto;
	}
	.bar-wrapper.has-sidebar {
		max-width: 1430px;
	}
	.mainbar {
		margin: 0;
		padding-right: 1px;
	}
	.mainbar.has-sidebar {
		margin-left: 330px;
	}
	@media (min-width: 1511px) {
		.sidebar {
			width: 400px;
		}
		.bar-wrapper.has-sidebar {
			max-width: 1510px;
		}
		.mainbar.has-sidebar {
			margin-left: 410px;
		}
	}
	.section.first-section {
		margin-top: 9px;
	}
	.blocklink small {
		white-space: normal;
	}
	.button {
		vertical-align: middle;
	}
	.replay-controls {
		padding-top: 10px;
	}
	.replay-controls h1 {
		font-size: 16pt;
		font-weight: normal;
		color: #CCC;
	}
	.pagelink {
		text-align: center;
	}
	.pagelink a {
		width: 150px;
	}
	.textbox, .button {
		font-size: 11pt;
		vertical-align: middle;
	}
	@media (max-width: 450px) {
		.button {
			font-size: 9pt;
		}
	}
</style>

<div>

	<header>
		<div class="nav-wrapper"><ul class="nav">
			<li><a class="button nav-first" href="//pokemonshowdown.com/"><img src="//pokemonshowdown.com/images/pokemonshowdownbeta.png" srcset="//pokemonshowdown.com/images/pokemonshowdownbeta.png 1x, //pokemonshowdown.com/images/pokemonshowdownbeta@2x.png 2x" alt="Pok&eacute;mon Showdown" width="146" height="44" /> Home</a></li>
			<li><a class="button" href="//pokemonshowdown.com/dex/">Pok&eacute;dex</a></li>
			<li><a class="button cur" href="/">Replays</a></li>
			<li><a class="button" href="//pokemonshowdown.com/ladder/">Ladder</a></li>
			<li><a class="button nav-last" href="//pokemonshowdown.com/forums/">Forum</a></li>
			<li><a class="button greenbutton nav-first nav-last" href="//play.pokemonshowdown.com/">Play</a></li>
		</ul></div>
	</header>

	<div class="main" id="main">

		<noscript><section class="section">You need to enable JavaScript to use this page; sorry!</section></noscript>

	</div>

</div>

<script defer nomodule src="//play.pokemonshowdown.com/js/lib/ps-polyfill.js"></script>
<script defer src="//play.pokemonshowdown.com/js/lib/preact.min.js"></script>

<script defer src="//play.pokemonshowdown.com/config/config.js?2bddbc15"></script>
<script defer src="//play.pokemonshowdown.com/js/lib/jquery-1.11.0.min.js"></script>
<script defer src="//play.pokemonshowdown.com/js/lib/html-sanitizer-minified.js"></script>
<script defer src="//play.pokemonshowdown.com/js/battle-sound.js"></script>
<script defer src="//play.pokemonshowdown.com/js/battledata.js?0.7209276989879541"></script>
<script defer src="//play.pokemonshowdown.com/data/pokedex-mini.js?0.6111056340867951"></script>
<script defer src="//play.pokemonshowdown.com/data/pokedex-mini-bw.js?0.3532142036491459"></script>
<script defer src="//play.pokemonshowdown.com/data/graphics.js?0.24223875632456182"></script>
<script defer src="//play.pokemonshowdown.com/data/pokedex.js?0.38839984266356864"></script>
<script defer src="//play.pokemonshowdown.com/data/moves.js?0.21866028504024015"></script>
<script defer src="//play.pokemonshowdown.com/data/abilities.js?0.2005157953846628"></script>
<script defer src="//play.pokemonshowdown.com/data/items.js?0.9894211263848525"></script>
<script defer src="//play.pokemonshowdown.com/data/teambuilder-tables.js?0.6008791140282215"></script>
<script defer src="//play.pokemonshowdown.com/js/battle-tooltips.js?0.7580118955022959"></script>
<script defer src="//play.pokemonshowdown.com/js/battle.js?0.6057722274234274"></script>

<script defer src="js/utils.js?e31f9a17"></script>
<script defer src="js/replays-battle.js?7008c182"></script>

<!-- don't scrape this data! just add .json or .log after the URL!
Full API docs: https://github.com/smogon/pokemon-showdown-client/blob/master/WEB-API.md -->
<script type="text/plain" class="log" id="replaylog-smogtours-gen3ou-798922">
|inactive|Battle timer is ON: inactive players will automatically lose when time's up.
|t:|1729012774
|gametype|singles
|player|p1|ilikeeatingcrayons|youngster-gen4dp|
|player|p2|Organic Oranges|psychic-gen4|
|teamsize|p1|6
|teamsize|p2|6
|gen|3
|tier|[Gen 3] OU
|rule|Sleep Clause Mod: Limit one foe put to sleep
|rule|Switch Priority Clause Mod: Faster Pokémon switch first
|rule|Species Clause: Limit one of each Pokémon
|rule|OHKO Clause: OHKO moves are banned
|rule|Evasion Items Clause: Evasion items are banned
|rule|Evasion Moves Clause: Evasion moves are banned
|rule|Endless Battle Clause: Forcing endless battles is banned
|rule|HP Percentage Mod: HP is shown in percentages
|rule|One Boost Passer Clause: Limit one Baton Passer that has a way to boost its stats
|rule|Freeze Clause Mod: Limit one foe frozen
|
|t:|1729012774
|start
|switch|p1a: Africa|Salamence, F|100/100
|switch|p2a: Metagross|Metagross|100/100
|-ability|p1a: Africa|Intimidate|boost
|-fail|p2a: Metagross|unboost|[from] ability: Clear Body|[of] p2a: Metagross
|turn|1
|inactive|ilikeeatingcrayons also wants the timer to be on.
|
|t:|1729012780
|move|p1a: Africa|Fire Blast|p2a: Metagross
|-supereffective|p2a: Metagross
|-crit|p2a: Metagross
|-damage|p2a: Metagross|0 fnt
|faint|p2a: Metagross
|c|☆ilikeeatingcrayons|mb
|c|☆Organic Oranges|np
|
|t:|1729012791
|switch|p2a: Suicune|Suicune, shiny|100/100
|
|upkeep
|turn|2
|
|t:|1729012800
|switch|p1a: Europe|Tyranitar, M|100/100
|-weather|Sandstorm|[from] ability: Sand Stream|[of] p1a: Europe
|move|p2a: Suicune|Substitute|p2a: Suicune
|-start|p2a: Suicune|Substitute
|-damage|p2a: Suicune|75/100
|
|-weather|Sandstorm|[upkeep]
|-damage|p2a: Suicune|69/100|[from] Sandstorm
|-heal|p2a: Suicune|75/100|[from] item: Leftovers
|upkeep
|turn|3
|
|t:|1729012811
|move|p2a: Suicune|Calm Mind|p2a: Suicune
|-boost|p2a: Suicune|spa|1
|-boost|p2a: Suicune|spd|1
|move|p1a: Europe|Crunch|p2a: Suicune
|-activate|p2a: Suicune|Substitute|[damage]
|
|-weather|Sandstorm|[upkeep]
|-damage|p2a: Suicune|69/100|[from] Sandstorm
|-heal|p2a: Suicune|75/100|[from] item: Leftovers
|upkeep
|turn|4
|
|t:|1729012823
|switch|p1a: Antarctica|Blissey, F|100/100
|move|p2a: Suicune|Calm Mind|p2a: Suicune
|-boost|p2a: Suicune|spa|1
|-boost|p2a: Suicune|spd|1
|
|-weather|Sandstorm|[upkeep]
|-damage|p2a: Suicune|69/100|[from] Sandstorm
|-damage|p1a: Antarctica|94/100|[from] Sandstorm
|-heal|p2a: Suicune|75/100|[from] item: Leftovers
|-heal|p1a: Antarctica|100/100|[from] item: Leftovers
|upkeep
|turn|5
|
|t:|1729012835
|move|p2a: Suicune|Calm Mind|p2a: Suicune
|-boost|p2a: Suicune|spa|1
|-boost|p2a: Suicune|spd|1
|move|p1a: Antarctica|Seismic Toss|p2a: Suicune
|-end|p2a: Suicune|Substitute
|
|-weather|Sandstorm|[upkeep]
|-damage|p2a: Suicune|69/100|[from] Sandstorm
|-damage|p1a: Antarctica|94/100|[from] Sandstorm
|-heal|p2a: Suicune|75/100|[from] item: Leftovers
|-heal|p1a: Antarctica|100/100|[from] item: Leftovers
|upkeep
|turn|6
|
|t:|1729012846
|move|p2a: Suicune|Substitute|p2a: Suicune
|-start|p2a: Suicune|Substitute
|-damage|p2a: Suicune|50/100
|move|p1a: Antarctica|Seismic Toss|p2a: Suicune
|-activate|p2a: Suicune|Substitute|[damage]
|
|-weather|Sandstorm|[upkeep]
|-damage|p2a: Suicune|44/100|[from] Sandstorm
|-damage|p1a: Antarctica|94/100|[from] Sandstorm
|-heal|p2a: Suicune|50/100|[from] item: Leftovers
|-heal|p1a: Antarctica|100/100|[from] item: Leftovers
|upkeep
|turn|7
|
|t:|1729012856
|move|p2a: Suicune|Calm Mind|p2a: Suicune
|-boost|p2a: Suicune|spa|1
|-boost|p2a: Suicune|spd|1
|move|p1a: Antarctica|Seismic Toss|p2a: Suicune
|-end|p2a: Suicune|Substitute
|
|-weather|Sandstorm|[upkeep]
|-damage|p2a: Suicune|44/100|[from] Sandstorm
|-damage|p1a: Antarctica|94/100|[from] Sandstorm
|-heal|p2a: Suicune|50/100|[from] item: Leftovers
|-heal|p1a: Antarctica|100/100|[from] item: Leftovers
|upkeep
|turn|8
|
|t:|1729012868
|move|p2a: Suicune|Substitute|p2a: Suicune
|-start|p2a: Suicune|Substitute
|-damage|p2a: Suicune|25/100
|move|p1a: Antarctica|Seismic Toss|p2a: Suicune
|-activate|p2a: Suicune|Substitute|[damage]
|
|-weather|Sandstorm|[upkeep]
|-damage|p2a: Suicune|19/100|[from] Sandstorm
|-damage|p1a: Antarctica|94/100|[from] Sandstorm
|-heal|p2a: Suicune|25/100|[from] item: Leftovers
|-heal|p1a: Antarctica|100/100|[from] item: Leftovers
|upkeep
|turn|9
|
|t:|1729012883
|move|p2a: Suicune|Ice Beam|p1a: Antarctica
|-crit|p1a: Antarctica
|-damage|p1a: Antarctica|50/100
|move|p1a: Antarctica|Seismic Toss|p2a: Suicune
|-end|p2a: Suicune|Substitute
|
|-weather|Sandstorm|[upkeep]
|-damage|p2a: Suicune|19/100|[from] Sandstorm
|-damage|p1a: Antarctica|43/100|[from] Sandstorm
|-heal|p2a: Suicune|25/100|[from] item: Leftovers
|-heal|p1a: Antarctica|50/100|[from] item: Leftovers
|upkeep
|turn|10
|
|t:|1729012906
|move|p2a: Suicune|Ice Beam|p1a: Antarctica
|-damage|p1a: Antarctica|21/100
|move|p1a: Antarctica|Soft-Boiled|p1a: Antarctica
|-heal|p1a: Antarctica|71/100
|
|-weather|Sandstorm|[upkeep]
|-damage|p2a: Suicune|19/100|[from] Sandstorm
|-damage|p1a: Antarctica|65/100|[from] Sandstorm
|-heal|p2a: Suicune|25/100|[from] item: Leftovers
|-heal|p1a: Antarctica|71/100|[from] item: Leftovers
|upkeep
|turn|11
|
|t:|1729012915
|move|p2a: Suicune|Ice Beam|p1a: Antarctica
|-damage|p1a: Antarctica|43/100
|move|p1a: Antarctica|Seismic Toss|p2a: Suicune
|-damage|p2a: Suicune|1/100
|
|-weather|Sandstorm|[upkeep]
|-damage|p2a: Suicune|0 fnt|[from] Sandstorm
|-damage|p1a: Antarctica|37/100|[from] Sandstorm
|faint|p2a: Suicune
|-heal|p1a: Antarctica|43/100|[from] item: Leftovers
|upkeep
|
|t:|1729012926
|switch|p2a: Swampert|Swampert, F|100/100
|turn|12
|
|t:|1729012936
|move|p2a: Swampert|Substitute|p2a: Swampert
|-start|p2a: Swampert|Substitute
|-damage|p2a: Swampert|75/100
|move|p1a: Antarctica|Seismic Toss|p2a: Swampert
|-activate|p2a: Swampert|Substitute|[damage]
|
|-weather|Sandstorm|[upkeep]
|-damage|p1a: Antarctica|37/100|[from] Sandstorm
|-heal|p2a: Swampert|82/100|[from] item: Leftovers
|-heal|p1a: Antarctica|43/100|[from] item: Leftovers
|upkeep
|turn|13
|
|t:|1729012946
|-singleturn|p2a: Swampert|move: Focus Punch
|move|p1a: Antarctica|Seismic Toss|p2a: Swampert
|-end|p2a: Swampert|Substitute
|move|p2a: Swampert|Focus Punch|p1a: Antarctica
|-supereffective|p1a: Antarctica
|-damage|p1a: Antarctica|0 fnt
|faint|p1a: Antarctica
|
|t:|1729012959
|switch|p1a: Asia|Jirachi|100/100
|
|-weather|Sandstorm|[upkeep]
|-heal|p2a: Swampert|88/100|[from] item: Leftovers
|upkeep
|turn|14
|
|t:|1729012968
|switch|p2a: Turn it down|Magneton, shiny|100/100
|move|p1a: Asia|Toxic|p2a: Turn it down
|-immune|p2a: Turn it down
|
|-weather|Sandstorm|[upkeep]
|upkeep
|turn|15
|
|t:|1729012978
|move|p2a: Turn it down|Thunder Wave|p1a: Asia
|-status|p1a: Asia|par
|cant|p1a: Asia|par
|
|-weather|Sandstorm|[upkeep]
|upkeep
|turn|16
|
|t:|1729012985
|move|p2a: Turn it down|Substitute|p2a: Turn it down
|-start|p2a: Turn it down|Substitute
|-damage|p2a: Turn it down|76/100
|move|p1a: Asia|Fire Punch|p2a: Turn it down
|-supereffective|p2a: Turn it down
|-crit|p2a: Turn it down
|-end|p2a: Turn it down|Substitute
|
|-weather|Sandstorm|[upkeep]
|upkeep
|turn|17
|
|t:|1729012992
|move|p2a: Turn it down|Substitute|p2a: Turn it down
|-start|p2a: Turn it down|Substitute
|-damage|p2a: Turn it down|51/100
|move|p1a: Asia|Fire Punch|p2a: Turn it down
|-supereffective|p2a: Turn it down
|-end|p2a: Turn it down|Substitute
|
|-weather|Sandstorm|[upkeep]
|upkeep
|turn|18
|
|t:|1729013005
|move|p2a: Turn it down|Substitute|p2a: Turn it down
|-start|p2a: Turn it down|Substitute
|-damage|p2a: Turn it down|26/100
|move|p1a: Asia|Fire Punch|p2a: Turn it down
|-supereffective|p2a: Turn it down
|-crit|p2a: Turn it down
|-end|p2a: Turn it down|Substitute
|
|-weather|Sandstorm|[upkeep]
|upkeep
|turn|19
|
|t:|1729013015
|move|p2a: Turn it down|Substitute|p2a: Turn it down
|-start|p2a: Turn it down|Substitute
|-damage|p2a: Turn it down|1/100
|move|p1a: Asia|Fire Punch|p2a: Turn it down
|-supereffective|p2a: Turn it down
|-end|p2a: Turn it down|Substitute
|
|-weather|Sandstorm|[upkeep]
|upkeep
|turn|20
|
|t:|1729013024
|move|p2a: Turn it down|Thunderbolt|p1a: Asia
|-damage|p1a: Asia|63/100 par
|move|p1a: Asia|Fire Punch|p2a: Turn it down
|-supereffective|p2a: Turn it down
|-damage|p2a: Turn it down|0 fnt
|faint|p2a: Turn it down
|
|t:|1729013032
|switch|p2a: Swampert|Swampert, F|88/100
|
|-weather|Sandstorm|[upkeep]
|-heal|p2a: Swampert|94/100|[from] item: Leftovers
|-heal|p1a: Asia|69/100 par|[from] item: Leftovers
|upkeep
|turn|21
|
|t:|1729013045
|switch|p1a: Africa|Salamence, F|100/100
|-ability|p1a: Africa|Intimidate|boost
|-unboost|p2a: Swampert|atk|1
|move|p2a: Swampert|Substitute|p2a: Swampert
|-start|p2a: Swampert|Substitute
|-damage|p2a: Swampert|69/100
|
|-weather|Sandstorm|[upkeep]
|-damage|p1a: Africa|95/100|[from] Sandstorm
|-heal|p1a: Africa|100/100|[from] item: Leftovers
|-heal|p2a: Swampert|75/100|[from] item: Leftovers
|upkeep
|turn|22
|
|t:|1729013063
|move|p1a: Africa|Dragon Claw|p2a: Swampert
|-end|p2a: Swampert|Substitute
|move|p2a: Swampert|Ice Beam|p1a: Africa
|-supereffective|p1a: Africa
|-damage|p1a: Africa|4/100
|
|-weather|Sandstorm|[upkeep]
|-damage|p1a: Africa|0 fnt|[from] Sandstorm
|faint|p1a: Africa
|-heal|p2a: Swampert|81/100|[from] item: Leftovers
|upkeep
|
|t:|1729013068
|switch|p1a: Oceania|Aerodactyl, F|100/100
|turn|23
|
|t:|1729013078
|switch|p2a: Listen2UAllDay|Salamence, F, shiny|100/100
|-ability|p2a: Listen2UAllDay|Intimidate|boost
|-unboost|p1a: Oceania|atk|1
|move|p1a: Oceania|Double-Edge|p2a: Listen2UAllDay
|-damage|p2a: Listen2UAllDay|53/100
|
|-weather|Sandstorm|[upkeep]
|-damage|p2a: Listen2UAllDay|47/100|[from] Sandstorm
|-heal|p2a: Listen2UAllDay|53/100|[from] item: Leftovers
|upkeep
|turn|24
|
|t:|1729013089
|move|p1a: Oceania|Double-Edge|p2a: Listen2UAllDay
|-damage|p2a: Listen2UAllDay|11/100
|move|p2a: Listen2UAllDay|Dragon Dance|p2a: Listen2UAllDay
|-boost|p2a: Listen2UAllDay|atk|1
|-boost|p2a: Listen2UAllDay|spe|1
|
|-weather|Sandstorm|[upkeep]
|-damage|p2a: Listen2UAllDay|5/100|[from] Sandstorm
|-heal|p2a: Listen2UAllDay|11/100|[from] item: Leftovers
|upkeep
|turn|25
|
|t:|1729013104
|move|p2a: Listen2UAllDay|Rock Slide|p1a: Oceania
|-supereffective|p1a: Oceania
|-damage|p1a: Oceania|0 fnt
|faint|p1a: Oceania
|
|t:|1729013108
|switch|p1a: Europe|Tyranitar, M|100/100
|
|-weather|Sandstorm|[upkeep]
|-damage|p2a: Listen2UAllDay|5/100|[from] Sandstorm
|-heal|p2a: Listen2UAllDay|11/100|[from] item: Leftovers
|upkeep
|turn|26
|
|t:|1729013118
|move|p2a: Listen2UAllDay|Earthquake|p1a: Europe
|-supereffective|p1a: Europe
|-damage|p1a: Europe|14/100
|move|p1a: Europe|Crunch|p2a: Listen2UAllDay
|-damage|p2a: Listen2UAllDay|0 fnt
|faint|p2a: Listen2UAllDay
|
|t:|1729013126
|switch|p2a: Replay|Snorlax, F, shiny|100/100
|
|-weather|Sandstorm|[upkeep]
|-damage|p2a: Replay|94/100|[from] Sandstorm
|-heal|p1a: Europe|20/100|[from] item: Leftovers
|-heal|p2a: Replay|100/100|[from] item: Leftovers
|upkeep
|turn|27
|
|t:|1729013134
|switch|p1a: Americas|Forretress, F|100/100
|move|p2a: Replay|Self-Destruct|p1a: Americas
|-resisted|p1a: Americas
|-damage|p1a: Americas|26/100
|faint|p2a: Replay
|
|t:|1729013140
|switch|p2a: Swampert|Swampert, F|81/100
|
|-weather|Sandstorm|[upkeep]
|-heal|p2a: Swampert|88/100|[from] item: Leftovers
|-heal|p1a: Americas|33/100|[from] item: Leftovers
|upkeep
|turn|28
|
|t:|1729013146
|move|p2a: Swampert|Substitute|p2a: Swampert
|-start|p2a: Swampert|Substitute
|-damage|p2a: Swampert|63/100
|move|p1a: Americas|Earthquake|p2a: Swampert
|-activate|p2a: Swampert|Substitute|[damage]
|
|-weather|Sandstorm|[upkeep]
|-heal|p2a: Swampert|69/100|[from] item: Leftovers
|-heal|p1a: Americas|39/100|[from] item: Leftovers
|upkeep
|turn|29
|
|t:|1729013159
|-singleturn|p2a: Swampert|move: Focus Punch
|move|p1a: Americas|Earthquake|p2a: Swampert
|-end|p2a: Swampert|Substitute
|move|p2a: Swampert|Focus Punch|p1a: Americas
|-damage|p1a: Americas|10/100
|
|-weather|Sandstorm|[upkeep]
|-heal|p2a: Swampert|75/100|[from] item: Leftovers
|-heal|p1a: Americas|16/100|[from] item: Leftovers
|upkeep
|turn|30
|
|t:|1729013169
|move|p2a: Swampert|Substitute|p2a: Swampert
|-start|p2a: Swampert|Substitute
|-damage|p2a: Swampert|50/100
|move|p1a: Americas|Explosion|p2a: Swampert
|-end|p2a: Swampert|Substitute
|faint|p1a: Americas
|
|t:|1729013173
|switch|p1a: Europe|Tyranitar, M|20/100
|
|-weather|Sandstorm|[upkeep]
|-heal|p1a: Europe|26/100|[from] item: Leftovers
|-heal|p2a: Swampert|56/100|[from] item: Leftovers
|upkeep
|turn|31
|
|t:|1729013181
|move|p1a: Europe|Crunch|p2a: Swampert
|-damage|p2a: Swampert|25/100
|move|p2a: Swampert|Earthquake|p1a: Europe
|-supereffective|p1a: Europe
|-damage|p1a: Europe|0 fnt
|faint|p1a: Europe
|
|t:|1729013183
|switch|p1a: Asia|Jirachi|69/100 par
|
|-weather|Sandstorm|[upkeep]
|-heal|p2a: Swampert|31/100|[from] item: Leftovers
|-heal|p1a: Asia|75/100 par|[from] item: Leftovers
|upkeep
|turn|32
|
|t:|1729013193
|move|p2a: Swampert|Substitute|p2a: Swampert
|-start|p2a: Swampert|Substitute
|-damage|p2a: Swampert|6/100
|move|p1a: Asia|Wish|p1a: Asia
|
|-weather|Sandstorm|[upkeep]
|-heal|p2a: Swampert|12/100|[from] item: Leftovers
|-heal|p1a: Asia|81/100 par|[from] item: Leftovers
|upkeep
|turn|33
|
|t:|1729013202
|move|p2a: Swampert|Earthquake|p1a: Asia
|-supereffective|p1a: Asia
|-damage|p1a: Asia|33/100 par
|cant|p1a: Asia|par
|
|-heal|p1a: Asia|83/100 par|[from] move: Wish|[wisher] Asia
|-weather|Sandstorm|[upkeep]
|-heal|p2a: Swampert|18/100|[from] item: Leftovers
|-heal|p1a: Asia|90/100 par|[from] item: Leftovers
|upkeep
|turn|34
|
|t:|1729013212
|move|p2a: Swampert|Earthquake|p1a: Asia
|-supereffective|p1a: Asia
|-damage|p1a: Asia|47/100 par
|move|p1a: Asia|Wish|p1a: Asia
|
|-weather|Sandstorm|[upkeep]
|-heal|p2a: Swampert|25/100|[from] item: Leftovers
|-heal|p1a: Asia|53/100 par|[from] item: Leftovers
|upkeep
|turn|35
|
|t:|1729013220
|move|p1a: Asia|Protect|p1a: Asia
|-singleturn|p1a: Asia|Protect
|move|p2a: Swampert|Earthquake|p1a: Asia
|-activate|p1a: Asia|Protect
|
|-heal|p1a: Asia|100/100 par|[from] move: Wish|[wisher] Asia
|-weather|Sandstorm|[upkeep]
|-heal|p2a: Swampert|31/100|[from] item: Leftovers
|upkeep
|turn|36
|
|t:|1729013229
|move|p2a: Swampert|Earthquake|p1a: Asia
|-supereffective|p1a: Asia
|-damage|p1a: Asia|54/100 par
|cant|p1a: Asia|par
|
|-weather|Sandstorm|[upkeep]
|-heal|p2a: Swampert|37/100|[from] item: Leftovers
|-heal|p1a: Asia|60/100 par|[from] item: Leftovers
|upkeep
|turn|37
|
|t:|1729013238
|move|p2a: Swampert|Earthquake|p1a: Asia
|-supereffective|p1a: Asia
|-damage|p1a: Asia|15/100 par
|move|p1a: Asia|Wish|p1a: Asia
|
|-weather|Sandstorm|[upkeep]
|-heal|p2a: Swampert|43/100|[from] item: Leftovers
|-heal|p1a: Asia|21/100 par|[from] item: Leftovers
|upkeep
|turn|38
|
|t:|1729013245
|move|p1a: Asia|Protect|p1a: Asia
|-singleturn|p1a: Asia|Protect
|move|p2a: Swampert|Earthquake|p1a: Asia
|-activate|p1a: Asia|Protect
|
|-heal|p1a: Asia|71/100 par|[from] move: Wish|[wisher] Asia
|-weather|Sandstorm|[upkeep]
|-heal|p2a: Swampert|49/100|[from] item: Leftovers
|-heal|p1a: Asia|77/100 par|[from] item: Leftovers
|upkeep
|turn|39
|
|t:|1729013256
|move|p2a: Swampert|Earthquake|p1a: Asia
|-supereffective|p1a: Asia
|-damage|p1a: Asia|29/100 par
|cant|p1a: Asia|par
|
|-weather|Sandstorm|[upkeep]
|-heal|p2a: Swampert|55/100|[from] item: Leftovers
|-heal|p1a: Asia|35/100 par|[from] item: Leftovers
|upkeep
|turn|40
|
|t:|1729013265
|cant|p1a: Asia|par
|move|p2a: Swampert|Earthquake|p1a: Asia
|-supereffective|p1a: Asia
|-damage|p1a: Asia|0 fnt
|faint|p1a: Asia
|
|win|Organic Oranges
|c|☆ilikeeatingcrayons|Gg
|c|☆ilikeeatingcrayons|Wp

</script>
<script type="application/json" class="data" id="replaydata-smogtours-gen3ou-798922">
{"id":"smogtours-gen3ou-798922","format":"[Gen 3] OU","players":["ilikeeatingcrayons","Organic Oranges"],"uploadtime":1729013265,"views":177,"formatid":"gen3ou","rating":null,"private":0,"password":null}
</script>

<script defer src="js/replays.js?9d40a366"></script>
