<!DOCTYPE html>
<meta charset="utf-8" />
<meta name="viewport" content="width=device-width" />

<title>[Gen 3] OU: tamafuyu vs. reshiram660 - Replays - Pok&eacute;mon Showdown!</title>

<meta name="description" content="Watch a replay of a Pok&eacute;mon battle between tamafuyu and reshiram660! Format: [Gen 3] OU; Date: Oct 17, 2024" />
<!--

Hey, you! Looking in the source for the replay log?

You can find them in JSON format, just add `.json` at the end of a replay URL.

https://replay.pokemonshowdown.com/gen7randomdoublesbattle-865046831.json

Or, if you only need the log itself, add `.log` instead:

https://replay.pokemonshowdown.com/gen7randomdoublesbattle-865046831.log

-->

<link rel="stylesheet" href="//pokemonshowdown.com/style/global.css?0.767286132409787" />
<link rel="stylesheet" href="//play.pokemonshowdown.com/style/font-awesome.css?0.9266228007934947" />
<link rel="stylesheet" href="//play.pokemonshowdown.com/style/battle.css?0.7924700842790926" />
<link rel="stylesheet" href="//play.pokemonshowdown.com/style/utilichart.css?0.8777417872839479" />

<!-- Global site tag (gtag.js) - Google Analytics -->
<script async src="https://www.googletagmanager.com/gtag/js?id=UA-26211653-1"></script>
<script>
  window.dataLayer = window.dataLayer || [];
  function gtag(){dataLayer.push(arguments);}
  gtag('js', new Date());

  gtag('config', 'UA-26211653-1');
</script>
<!-- End Google Analytics -->
<!-- Venatus Ad Manager - Install in <HEAD> of page -->
	<script src="https://hb.vntsm.com/v3/live/ad-manager.min.js" type="text/javascript" data-site-id="642aba63ec9a7b11c3c9c1be" data-mode="scan" async></script>
<!-- / Venatus Ad Manager -->

<style>
	@media (max-width:820px) {
		.battle {
			margin: 0 auto;
		}
		.battle-log {
			margin: 7px auto 0;
			max-width: 640px;
			height: 300px;
			position: static;
		}
	}
	.optgroup {
		display: inline-block;
		line-height: 22px;
		font-size: 10pt;
	}
	.optgroup .button {
		height: 25px;
		padding-top: 0;
		padding-bottom: 0;
	}
	.optgroup button.button {
		padding-left: 12px;
		padding-right: 12px;
	}
	.linklist {
		list-style: none;
		margin: 0.5em 0;
		padding: 0;
	}
	.linklist li {
		padding: 2px 0;
	}
	.sidebar {
		float: left;
		width: 320px;
	}
	.bar-wrapper {
		max-width: 1100px;
		margin: 0 auto;
	}
	.bar-wrapper.has-sidebar {
		max-width: 1430px;
	}
	.mainbar {
		margin: 0;
		padding-right: 1px;
	}
	.mainbar.has-sidebar {
		margin-left: 330px;
	}
	@media (min-width: 1511px) {
		.sidebar {
			width: 400px;
		}
		.bar-wrapper.has-sidebar {
			max-width: 1510px;
		}
		.mainbar.has-sidebar {
			margin-left: 410px;
		}
	}
	.section.first-section {
		margin-top: 9px;
	}
	.blocklink small {
		white-space: normal;
	}
	.button {
		vertical-align: middle;
	}
	.replay-controls {
		padding-top: 10px;
	}
	.replay-controls h1 {
		font-size: 16pt;
		font-weight: normal;
		color: #CCC;
	}
	.pagelink {
		text-align: center;
	}
	.pagelink a {
		width: 150px;
	}
	.textbox, .button {
		font-size: 11pt;
		vertical-align: middle;
	}
	@media (max-width: 450px) {
		.button {
			font-size: 9pt;
		}
	}
</style>

<div>

	<header>
		<div class="nav-wrapper"><ul class="nav">
			<li><a class="button nav-first" href="//pokemonshowdown.com/"><img src="//pokemonshowdown.com/images/pokemonshowdownbeta.png" srcset="//pokemonshowdown.com/images/pokemonshowdownbeta.png 1x, //pokemonshowdown.com/images/pokemonshowdownbeta@2x.png 2x" alt="Pok&eacute;mon Showdown" width="146" height="44" /> Home</a></li>
			<li><a class="button" href="//pokemonshowdown.com/dex/">Pok&eacute;dex</a></li>
			<li><a class="button cur" href="/">Replays</a></li>
			<li><a class="button" href="//pokemonshowdown.com/ladder/">Ladder</a></li>
			<li><a class="button nav-last" href="//pokemonshowdown.com/forums/">Forum</a></li>
			<li><a class="button greenbutton nav-first nav-last" href="//play.pokemonshowdown.com/">Play</a></li>
		</ul></div>
	</header>

	<div class="main" id="main">

		<noscript><section class="section">You need to enable JavaScript to use this page; sorry!</section></noscript>

	</div>

</div>

<script defer nomodule src="//play.pokemonshowdown.com/js/lib/ps-polyfill.js"></script>
<script defer src="//play.pokemonshowdown.com/js/lib/preact.min.js"></script>

<script defer src="//play.pokemonshowdown.com/config/config.js?6dec07f6"></script>
<script defer src="//play.pokemonshowdown.com/js/lib/jquery-1.11.0.min.js"></script>
<script defer src="//play.pokemonshowdown.com/js/lib/html-sanitizer-minified.js"></script>
<script defer src="//play.pokemonshowdown.com/js/battle-sound.js"></script>
<script defer src="//play.pokemonshowdown.com/js/battledata.js?0.6315294753075389"></script>
<script defer src="//play.pokemonshowdown.com/data/pokedex-mini.js?0.7603743185311358"></script>
<script defer src="//play.pokemonshowdown.com/data/pokedex-mini-bw.js?0.030888842834281283"></script>
<script defer src="//play.pokemonshowdown.com/data/graphics.js?0.05593094747507488"></script>
<script defer src="//play.pokemonshowdown.com/data/pokedex.js?0.47064822249611904"></script>
<script defer src="//play.pokemonshowdown.com/data/moves.js?0.8583693120512459"></script>
<script defer src="//play.pokemonshowdown.com/data/abilities.js?0.16017181182386842"></script>
<script defer src="//play.pokemonshowdown.com/data/items.js?0.4163379185673943"></script>
<script defer src="//play.pokemonshowdown.com/data/teambuilder-tables.js?0.31075597372830477"></script>
<script defer src="//play.pokemonshowdown.com/js/battle-tooltips.js?0.6536193500708172"></script>
<script defer src="//play.pokemonshowdown.com/js/battle.js?0.1916591943277901"></script>

<script defer src="js/utils.js?e31f9a17"></script>
<script defer src="js/replays-battle.js?7008c182"></script>

<!-- don't scrape this data! just add .json or .log after the URL!
Full API docs: https://github.com/smogon/pokemon-showdown-client/blob/master/WEB-API.md -->
<script type="text/plain" class="log" id="replaylog-smogtours-gen3ou-799294">
|inactive|Battle timer is ON: inactive players will automatically lose when time's up.
|t:|1729183186
|gametype|singles
|player|p1|tamafuyu|sabrina-frlg|
|player|p2|reshiram660|169|
|teamsize|p1|6
|teamsize|p2|6
|gen|3
|tier|[Gen 3] OU
|rule|Sleep Clause Mod: Limit one foe put to sleep
|rule|Switch Priority Clause Mod: Faster Pokémon switch first
|rule|Species Clause: Limit one of each Pokémon
|rule|OHKO Clause: OHKO moves are banned
|rule|Evasion Items Clause: Evasion items are banned
|rule|Evasion Moves Clause: Evasion moves are banned
|rule|Endless Battle Clause: Forcing endless battles is banned
|rule|HP Percentage Mod: HP is shown in percentages
|rule|One Boost Passer Clause: Limit one Baton Passer that has a way to boost its stats
|rule|Freeze Clause Mod: Limit one foe frozen
|
|t:|1729183186
|start
|switch|p1a: Zapdos|Zapdos|100/100
|switch|p2a: Regirock|Regirock|100/100
|turn|1
|
|t:|1729183191
|switch|p1a: Swampert|Swampert, F|100/100
|move|p2a: Regirock|Rock Slide|p1a: Swampert
|-resisted|p1a: Swampert
|-damage|p1a: Swampert|89/100
|
|-heal|p1a: Swampert|95/100|[from] item: Leftovers
|upkeep
|turn|2
|inactive|reshiram660 has 270 seconds left.
|
|t:|1729183224
|move|p1a: Swampert|Hydro Pump|p2a: Regirock
|-supereffective|p2a: Regirock
|-crit|p2a: Regirock
|-damage|p2a: Regirock|0 fnt
|faint|p2a: Regirock
|inactive|reshiram660 has 270 seconds left.
|
|t:|1729183233
|switch|p2a: Skarmory|Skarmory, F|100/100
|
|-heal|p1a: Swampert|100/100|[from] item: Leftovers
|upkeep
|turn|3
|
|t:|1729183238
|switch|p1a: Celebi|Celebi|100/100
|move|p2a: Skarmory|Spikes|p1a: Celebi
|-sidestart|p1: tamafuyu|Spikes
|
|upkeep
|turn|4
|
|t:|1729183243
|move|p1a: Celebi|Leech Seed|p2a: Skarmory
|-start|p2a: Skarmory|move: Leech Seed
|move|p2a: Skarmory|Spikes|p1a: Celebi
|-sidestart|p1: tamafuyu|Spikes
|
|-damage|p2a: Skarmory|88/100|[from] Leech Seed|[of] p1a: Celebi
|upkeep
|turn|5
|
|t:|1729183246
|move|p1a: Celebi|Baton Pass|p1a: Celebi
|
|t:|1729183247
|switch|p1a: Starmie|Starmie|100/100|[from] Baton Pass
|-damage|p1a: Starmie|84/100|[from] Spikes
|move|p2a: Skarmory|Spikes|p1a: Starmie
|-sidestart|p1: tamafuyu|Spikes
|
|-heal|p1a: Starmie|90/100|[from] item: Leftovers
|-heal|p2a: Skarmory|94/100|[from] item: Leftovers
|-damage|p2a: Skarmory|82/100|[from] Leech Seed|[of] p1a: Starmie
|-heal|p1a: Starmie|100/100|[silent]
|upkeep
|turn|6
|
|t:|1729183252
|move|p1a: Starmie|Thunderbolt|p2a: Skarmory
|-supereffective|p2a: Skarmory
|-damage|p2a: Skarmory|29/100
|move|p2a: Skarmory|Roar|p1a: Starmie
|drag|p1a: Zapdos|Zapdos|100/100
|
|-heal|p2a: Skarmory|35/100|[from] item: Leftovers
|-damage|p2a: Skarmory|23/100|[from] Leech Seed|[of] p1a: Zapdos
|upkeep
|turn|7
|
|t:|1729183258
|move|p2a: Skarmory|Protect|p2a: Skarmory
|-singleturn|p2a: Skarmory|Protect
|move|p1a: Zapdos|Baton Pass|p1a: Zapdos
|
|t:|1729183260
|switch|p1a: Starmie|Starmie|100/100|[from] Baton Pass
|-damage|p1a: Starmie|76/100|[from] Spikes
|
|-heal|p1a: Starmie|82/100|[from] item: Leftovers
|-heal|p2a: Skarmory|29/100|[from] item: Leftovers
|-damage|p2a: Skarmory|17/100|[from] Leech Seed|[of] p1a: Starmie
|-heal|p1a: Starmie|97/100|[silent]
|upkeep
|turn|8
|
|t:|1729183265
|move|p1a: Starmie|Rapid Spin|p2a: Skarmory
|-resisted|p2a: Skarmory
|-damage|p2a: Skarmory|16/100
|-sideend|p1: tamafuyu|Spikes|[from] move: Rapid Spin|[of] p1a: Starmie
|move|p2a: Skarmory|Toxic|p1a: Starmie
|-status|p1a: Starmie|tox
|
|-heal|p1a: Starmie|100/100 tox|[from] item: Leftovers
|-damage|p1a: Starmie|94/100 tox|[from] psn
|-heal|p2a: Skarmory|22/100|[from] item: Leftovers
|-damage|p2a: Skarmory|9/100|[from] Leech Seed|[of] p1a: Starmie
|-heal|p1a: Starmie|100/100 tox|[silent]
|upkeep
|turn|9
|
|t:|1729183269
|move|p2a: Skarmory|Protect|p2a: Skarmory
|-singleturn|p2a: Skarmory|Protect
|move|p1a: Starmie|Thunderbolt|p2a: Skarmory
|-activate|p2a: Skarmory|Protect
|
|-damage|p1a: Starmie|88/100 tox|[from] psn
|-heal|p2a: Skarmory|15/100|[from] item: Leftovers
|-damage|p2a: Skarmory|3/100|[from] Leech Seed|[of] p1a: Starmie
|-heal|p1a: Starmie|100/100 tox|[silent]
|upkeep
|turn|10
|
|t:|1729183274
|-curestatus|p1a: Starmie|tox|[from] ability: Natural Cure
|switch|p1a: Zapdos|Zapdos|100/100
|move|p2a: Skarmory|Spikes|p1a: Zapdos
|-sidestart|p1: tamafuyu|Spikes
|
|-heal|p2a: Skarmory|9/100|[from] item: Leftovers
|-damage|p2a: Skarmory|0 fnt|[from] Leech Seed|[of] p1a: Zapdos
|faint|p2a: Skarmory
|upkeep
|
|t:|1729183287
|switch|p2a: Tyranitar|Tyranitar, F|100/100
|-weather|Sandstorm|[from] ability: Sand Stream|[of] p2a: Tyranitar
|turn|11
|
|t:|1729183297
|switch|p1a: Swampert|Swampert, F|100/100
|-damage|p1a: Swampert|88/100|[from] Spikes
|move|p2a: Tyranitar|Dragon Dance|p2a: Tyranitar
|-boost|p2a: Tyranitar|atk|1
|-boost|p2a: Tyranitar|spe|1
|
|-weather|Sandstorm|[upkeep]
|-heal|p1a: Swampert|94/100|[from] item: Leftovers
|upkeep
|turn|12
|
|t:|1729183303
|move|p2a: Tyranitar|Earthquake|p1a: Swampert
|-damage|p1a: Swampert|60/100
|move|p1a: Swampert|Earthquake|p2a: Tyranitar
|-supereffective|p2a: Tyranitar
|-damage|p2a: Tyranitar|38/100
|
|-weather|Sandstorm|[upkeep]
|-heal|p2a: Tyranitar|44/100|[from] item: Leftovers
|-heal|p1a: Swampert|66/100|[from] item: Leftovers
|upkeep
|turn|13
|
|t:|1729183307
|move|p2a: Tyranitar|Earthquake|p1a: Swampert
|-damage|p1a: Swampert|31/100
|move|p1a: Swampert|Earthquake|p2a: Tyranitar
|-supereffective|p2a: Tyranitar
|-damage|p2a: Tyranitar|0 fnt
|faint|p2a: Tyranitar
|
|t:|1729183310
|switch|p2a: Claydol|Claydol|100/100
|
|-weather|Sandstorm|[upkeep]
|-heal|p1a: Swampert|38/100|[from] item: Leftovers
|upkeep
|turn|14
|
|t:|1729183314
|move|p1a: Swampert|Protect|p1a: Swampert
|-singleturn|p1a: Swampert|Protect
|move|p2a: Claydol|Earthquake|p1a: Swampert
|-activate|p1a: Swampert|Protect
|
|-weather|Sandstorm|[upkeep]
|-heal|p1a: Swampert|44/100|[from] item: Leftovers
|upkeep
|turn|15
|
|t:|1729183326
|move|p2a: Claydol|Earthquake|p1a: Swampert
|-damage|p1a: Swampert|19/100
|move|p1a: Swampert|Hydro Pump|p2a: Claydol
|-supereffective|p2a: Claydol
|-damage|p2a: Claydol|6/100
|
|-weather|Sandstorm|[upkeep]
|-heal|p2a: Claydol|12/100|[from] item: Leftovers
|-heal|p1a: Swampert|25/100|[from] item: Leftovers
|upkeep
|turn|16
|
|t:|1729183333
|move|p1a: Swampert|Protect|p1a: Swampert
|-singleturn|p1a: Swampert|Protect
|move|p2a: Claydol|Explosion|p1a: Swampert
|-activate|p1a: Swampert|Protect
|faint|p2a: Claydol
|
|t:|1729183339
|switch|p2a: Magneton|Magneton|100/100
|
|-weather|Sandstorm|[upkeep]
|-heal|p1a: Swampert|32/100|[from] item: Leftovers
|upkeep
|turn|17
|
|t:|1729183341
|move|p2a: Magneton|Toxic|p1a: Swampert
|-status|p1a: Swampert|tox
|move|p1a: Swampert|Earthquake|p2a: Magneton
|-supereffective|p2a: Magneton
|-damage|p2a: Magneton|0 fnt
|faint|p2a: Magneton
|
|t:|1729183343
|switch|p2a: Slowking|Slowking, M|100/100
|
|-weather|Sandstorm|[upkeep]
|-damage|p2a: Slowking|94/100|[from] Sandstorm
|-heal|p1a: Swampert|38/100 tox|[from] item: Leftovers
|-damage|p1a: Swampert|32/100 tox|[from] psn
|-heal|p2a: Slowking|100/100|[from] item: Leftovers
|upkeep
|turn|18
|
|t:|1729183347
|switch|p1a: Zapdos|Zapdos|100/100
|move|p2a: Slowking|Calm Mind|p2a: Slowking
|-boost|p2a: Slowking|spa|1
|-boost|p2a: Slowking|spd|1
|
|-weather|Sandstorm|[upkeep]
|-damage|p1a: Zapdos|94/100|[from] Sandstorm
|-damage|p2a: Slowking|94/100|[from] Sandstorm
|-heal|p1a: Zapdos|100/100|[from] item: Leftovers
|-heal|p2a: Slowking|100/100|[from] item: Leftovers
|upkeep
|turn|19
|
|t:|1729183351
|move|p1a: Zapdos|Thunder Wave|p2a: Slowking
|-status|p2a: Slowking|par
|move|p2a: Slowking|Calm Mind|p2a: Slowking
|-boost|p2a: Slowking|spa|1
|-boost|p2a: Slowking|spd|1
|
|-weather|Sandstorm|[upkeep]
|-damage|p1a: Zapdos|94/100|[from] Sandstorm
|-damage|p2a: Slowking|94/100 par|[from] Sandstorm
|-heal|p1a: Zapdos|100/100|[from] item: Leftovers
|-heal|p2a: Slowking|100/100 par|[from] item: Leftovers
|upkeep
|turn|20
|
|t:|1729183355
|move|p1a: Zapdos|Thunderbolt|p2a: Slowking
|-supereffective|p2a: Slowking
|-damage|p2a: Slowking|71/100 par
|move|p2a: Slowking|Calm Mind|p2a: Slowking
|-boost|p2a: Slowking|spa|1
|-boost|p2a: Slowking|spd|1
|
|-weather|Sandstorm|[upkeep]
|-damage|p1a: Zapdos|94/100|[from] Sandstorm
|-damage|p2a: Slowking|65/100 par|[from] Sandstorm
|-heal|p1a: Zapdos|100/100|[from] item: Leftovers
|-heal|p2a: Slowking|71/100 par|[from] item: Leftovers
|upkeep
|turn|21
|
|t:|1729183357
|move|p1a: Zapdos|Thunderbolt|p2a: Slowking
|-supereffective|p2a: Slowking
|-damage|p2a: Slowking|48/100 par
|move|p2a: Slowking|Rest|p2a: Slowking
|-status|p2a: Slowking|slp|[from] move: Rest
|-heal|p2a: Slowking|100/100 slp|[silent]
|
|-weather|Sandstorm|[upkeep]
|-damage|p1a: Zapdos|94/100|[from] Sandstorm
|-damage|p2a: Slowking|94/100 slp|[from] Sandstorm
|-heal|p1a: Zapdos|100/100|[from] item: Leftovers
|-heal|p2a: Slowking|100/100 slp|[from] item: Leftovers
|upkeep
|turn|22
|
|t:|1729183365
|switch|p1a: Tyranitar|Tyranitar, M|100/100
|-damage|p1a: Tyranitar|88/100|[from] Spikes
|cant|p2a: Slowking|slp
|move|p2a: Slowking|Sleep Talk|p2a: Slowking
|move|p2a: Slowking|Surf|p1a: Tyranitar|[from]Sleep Talk
|-supereffective|p1a: Tyranitar
|-damage|p1a: Tyranitar|0 fnt
|faint|p1a: Tyranitar
|
|t:|1729183383
|switch|p1a: Zapdos|Zapdos|100/100
|
|-weather|Sandstorm|[upkeep]
|-damage|p1a: Zapdos|94/100|[from] Sandstorm
|-damage|p2a: Slowking|94/100 slp|[from] Sandstorm
|-heal|p1a: Zapdos|100/100|[from] item: Leftovers
|-heal|p2a: Slowking|100/100 slp|[from] item: Leftovers
|upkeep
|turn|23
|
|t:|1729183386
|move|p1a: Zapdos|Thunderbolt|p2a: Slowking
|-supereffective|p2a: Slowking
|-damage|p2a: Slowking|76/100 slp
|cant|p2a: Slowking|slp
|move|p2a: Slowking|Sleep Talk|p2a: Slowking
|move|p2a: Slowking|Rest|p2a: Slowking|[from]Sleep Talk
|
|-weather|Sandstorm|[upkeep]
|-damage|p1a: Zapdos|94/100|[from] Sandstorm
|-damage|p2a: Slowking|70/100 slp|[from] Sandstorm
|-heal|p1a: Zapdos|100/100|[from] item: Leftovers
|-heal|p2a: Slowking|76/100 slp|[from] item: Leftovers
|upkeep
|turn|24
|
|t:|1729183397
|move|p1a: Zapdos|Thunderbolt|p2a: Slowking
|-supereffective|p2a: Slowking
|-damage|p2a: Slowking|53/100 slp
|-curestatus|p2a: Slowking|slp|[msg]
|move|p2a: Slowking|Rest|p2a: Slowking
|-status|p2a: Slowking|slp|[from] move: Rest
|-heal|p2a: Slowking|100/100 slp|[silent]
|
|-weather|Sandstorm|[upkeep]
|-damage|p1a: Zapdos|94/100|[from] Sandstorm
|-damage|p2a: Slowking|94/100 slp|[from] Sandstorm
|-heal|p1a: Zapdos|100/100|[from] item: Leftovers
|-heal|p2a: Slowking|100/100 slp|[from] item: Leftovers
|upkeep
|turn|25
|
|t:|1729183402
|move|p1a: Zapdos|Baton Pass|p1a: Zapdos
|
|t:|1729183403
|switch|p1a: Celebi|Celebi|100/100|[from] Baton Pass
|-damage|p1a: Celebi|88/100|[from] Spikes
|cant|p2a: Slowking|slp
|move|p2a: Slowking|Sleep Talk|p2a: Slowking
|move|p2a: Slowking|Surf|p1a: Celebi|[from]Sleep Talk
|-resisted|p1a: Celebi
|-damage|p1a: Celebi|59/100
|
|-weather|Sandstorm|[upkeep]
|-damage|p1a: Celebi|53/100|[from] Sandstorm
|-damage|p2a: Slowking|94/100 slp|[from] Sandstorm
|-heal|p1a: Celebi|59/100|[from] item: Leftovers
|-heal|p2a: Slowking|100/100 slp|[from] item: Leftovers
|upkeep
|turn|26
|
|t:|1729183411
|move|p1a: Celebi|Leech Seed|p2a: Slowking
|-start|p2a: Slowking|move: Leech Seed
|cant|p2a: Slowking|slp
|move|p2a: Slowking|Sleep Talk|p2a: Slowking
|move|p2a: Slowking|Calm Mind|p2a: Slowking|[from]Sleep Talk
|-boost|p2a: Slowking|spa|1
|-boost|p2a: Slowking|spd|1
|
|-weather|Sandstorm|[upkeep]
|-damage|p1a: Celebi|53/100|[from] Sandstorm
|-damage|p2a: Slowking|94/100 slp|[from] Sandstorm
|-heal|p1a: Celebi|59/100|[from] item: Leftovers
|-heal|p2a: Slowking|100/100 slp|[from] item: Leftovers
|-damage|p2a: Slowking|88/100 slp|[from] Leech Seed|[of] p1a: Celebi
|-heal|p1a: Celebi|70/100|[silent]
|upkeep
|turn|27
|
|t:|1729183416
|move|p1a: Celebi|Psychic|p2a: Slowking
|-resisted|p2a: Slowking
|-damage|p2a: Slowking|85/100 slp
|-curestatus|p2a: Slowking|slp|[msg]
|move|p2a: Slowking|Surf|p1a: Celebi
|-resisted|p1a: Celebi
|-damage|p1a: Celebi|38/100
|
|-weather|Sandstorm|[upkeep]
|-damage|p1a: Celebi|31/100|[from] Sandstorm
|-damage|p2a: Slowking|79/100|[from] Sandstorm
|-heal|p1a: Celebi|38/100|[from] item: Leftovers
|-heal|p2a: Slowking|85/100|[from] item: Leftovers
|-damage|p2a: Slowking|72/100|[from] Leech Seed|[of] p1a: Celebi
|-heal|p1a: Celebi|49/100|[silent]
|upkeep
|turn|28
|
|t:|1729183422
|move|p1a: Celebi|Recover|p1a: Celebi
|-heal|p1a: Celebi|99/100
|move|p2a: Slowking|Surf|p1a: Celebi
|-resisted|p1a: Celebi
|-damage|p1a: Celebi|63/100
|
|-weather|Sandstorm|[upkeep]
|-damage|p1a: Celebi|57/100|[from] Sandstorm
|-damage|p2a: Slowking|66/100|[from] Sandstorm
|-heal|p1a: Celebi|63/100|[from] item: Leftovers
|-heal|p2a: Slowking|72/100|[from] item: Leftovers
|-damage|p2a: Slowking|60/100|[from] Leech Seed|[of] p1a: Celebi
|-heal|p1a: Celebi|75/100|[silent]
|upkeep
|turn|29
|
|t:|1729183427
|move|p1a: Celebi|Baton Pass|p1a: Celebi
|
|t:|1729183428
|switch|p1a: Swampert|Swampert, F|32/100 tox|[from] Baton Pass
|-damage|p1a: Swampert|19/100 tox|[from] Spikes
|move|p2a: Slowking|Surf|p1a: Swampert
|-damage|p1a: Swampert|0 fnt
|faint|p1a: Swampert
|
|t:|1729183430
|switch|p1a: Zapdos|Zapdos|100/100
|
|-weather|Sandstorm|[upkeep]
|-damage|p1a: Zapdos|94/100|[from] Sandstorm
|-damage|p2a: Slowking|54/100|[from] Sandstorm
|-heal|p1a: Zapdos|100/100|[from] item: Leftovers
|-heal|p2a: Slowking|60/100|[from] item: Leftovers
|-damage|p2a: Slowking|48/100|[from] Leech Seed|[of] p1a: Zapdos
|upkeep
|turn|30
|
|t:|1729183433
|move|p1a: Zapdos|Thunderbolt|p2a: Slowking
|-supereffective|p2a: Slowking
|-damage|p2a: Slowking|28/100
|move|p2a: Slowking|Rest|p2a: Slowking
|-status|p2a: Slowking|slp|[from] move: Rest
|-heal|p2a: Slowking|100/100 slp|[silent]
|
|-weather|Sandstorm|[upkeep]
|-damage|p1a: Zapdos|94/100|[from] Sandstorm
|-damage|p2a: Slowking|94/100 slp|[from] Sandstorm
|-heal|p1a: Zapdos|100/100|[from] item: Leftovers
|-heal|p2a: Slowking|100/100 slp|[from] item: Leftovers
|-damage|p2a: Slowking|88/100 slp|[from] Leech Seed|[of] p1a: Zapdos
|upkeep
|turn|31
|
|t:|1729183436
|move|p1a: Zapdos|Thunderbolt|p2a: Slowking
|-supereffective|p2a: Slowking
|-damage|p2a: Slowking|67/100 slp
|cant|p2a: Slowking|slp
|move|p2a: Slowking|Sleep Talk|p2a: Slowking
|move|p2a: Slowking|Rest|p2a: Slowking|[from]Sleep Talk
|
|-weather|Sandstorm|[upkeep]
|-damage|p1a: Zapdos|94/100|[from] Sandstorm
|-damage|p2a: Slowking|61/100 slp|[from] Sandstorm
|-heal|p1a: Zapdos|100/100|[from] item: Leftovers
|-heal|p2a: Slowking|67/100 slp|[from] item: Leftovers
|-damage|p2a: Slowking|55/100 slp|[from] Leech Seed|[of] p1a: Zapdos
|upkeep
|turn|32
|
|t:|1729183443
|move|p1a: Zapdos|Thunderbolt|p2a: Slowking
|-supereffective|p2a: Slowking
|-damage|p2a: Slowking|34/100 slp
|cant|p2a: Slowking|slp
|move|p2a: Slowking|Sleep Talk|p2a: Slowking
|move|p2a: Slowking|Rest|p2a: Slowking|[from]Sleep Talk
|
|-weather|Sandstorm|[upkeep]
|-damage|p1a: Zapdos|94/100|[from] Sandstorm
|-damage|p2a: Slowking|28/100 slp|[from] Sandstorm
|-heal|p1a: Zapdos|100/100|[from] item: Leftovers
|-heal|p2a: Slowking|34/100 slp|[from] item: Leftovers
|-damage|p2a: Slowking|22/100 slp|[from] Leech Seed|[of] p1a: Zapdos
|upkeep
|turn|33
|
|t:|1729183446
|move|p1a: Zapdos|Thunderbolt|p2a: Slowking
|-supereffective|p2a: Slowking
|-damage|p2a: Slowking|2/100 slp
|-curestatus|p2a: Slowking|slp|[msg]
|move|p2a: Slowking|Rest|p2a: Slowking
|-status|p2a: Slowking|slp|[from] move: Rest
|-heal|p2a: Slowking|100/100 slp|[silent]
|
|-weather|Sandstorm|[upkeep]
|-damage|p1a: Zapdos|94/100|[from] Sandstorm
|-damage|p2a: Slowking|94/100 slp|[from] Sandstorm
|-heal|p1a: Zapdos|100/100|[from] item: Leftovers
|-heal|p2a: Slowking|100/100 slp|[from] item: Leftovers
|-damage|p2a: Slowking|88/100 slp|[from] Leech Seed|[of] p1a: Zapdos
|upkeep
|turn|34
|
|t:|1729183450
|move|p1a: Zapdos|Thunderbolt|p2a: Slowking
|-supereffective|p2a: Slowking
|-damage|p2a: Slowking|68/100 slp
|cant|p2a: Slowking|slp
|move|p2a: Slowking|Sleep Talk|p2a: Slowking
|move|p2a: Slowking|Surf|p1a: Zapdos|[from]Sleep Talk
|-crit|p1a: Zapdos
|-damage|p1a: Zapdos|0 fnt
|faint|p1a: Zapdos
|
|t:|1729183457
|switch|p1a: Dugtrio|Dugtrio, F|100/100
|-damage|p1a: Dugtrio|88/100|[from] Spikes
|
|-weather|Sandstorm|[upkeep]
|-damage|p2a: Slowking|62/100 slp|[from] Sandstorm
|-heal|p2a: Slowking|68/100 slp|[from] item: Leftovers
|-damage|p2a: Slowking|56/100 slp|[from] Leech Seed|[of] p1a: Dugtrio
|-heal|p1a: Dugtrio|100/100|[silent]
|upkeep
|turn|35
|
|t:|1729183461
|move|p1a: Dugtrio|Earthquake|p2a: Slowking
|-damage|p2a: Slowking|0 fnt
|faint|p2a: Slowking
|
|win|tamafuyu
|c|☆tamafuyu|gg
|c|☆reshiram660|gg

</script>
<script type="application/json" class="data" id="replaydata-smogtours-gen3ou-799294">
{"id":"smogtours-gen3ou-799294","format":"[Gen 3] OU","players":["tamafuyu","reshiram660"],"uploadtime":1729183461,"views":87,"formatid":"gen3ou","rating":null,"private":0,"password":null}
</script>

<script defer src="js/replays.js?9d40a366"></script>
