<!DOCTYPE html>
<meta charset="utf-8" />
<meta name="viewport" content="width=device-width" />

<title>[Gen 3] OU: ccczzx vs. Donly Phans - Replays - Pok&eacute;mon Showdown!</title>

<meta name="description" content="Watch a replay of a Pok&eacute;mon battle between ccczzx and Donly Phans! Format: [Gen 3] OU; Date: Oct 29, 2024" />
<!--

Hey, you! Looking in the source for the replay log?

You can find them in JSON format, just add `.json` at the end of a replay URL.

https://replay.pokemonshowdown.com/gen7randomdoublesbattle-865046831.json

Or, if you only need the log itself, add `.log` instead:

https://replay.pokemonshowdown.com/gen7randomdoublesbattle-865046831.log

-->

<link rel="stylesheet" href="//pokemonshowdown.com/style/global.css?0.023195364461161105" />
<link rel="stylesheet" href="//play.pokemonshowdown.com/style/font-awesome.css?0.13261647063804238" />
<link rel="stylesheet" href="//play.pokemonshowdown.com/style/battle.css?0.8753245789963631" />
<link rel="stylesheet" href="//play.pokemonshowdown.com/style/utilichart.css?0.8627959624976733" />

<!-- Global site tag (gtag.js) - Google Analytics -->
<script async src="https://www.googletagmanager.com/gtag/js?id=UA-26211653-1"></script>
<script>
  window.dataLayer = window.dataLayer || [];
  function gtag(){dataLayer.push(arguments);}
  gtag('js', new Date());

  gtag('config', 'UA-26211653-1');
</script>
<!-- End Google Analytics -->
<!-- Venatus Ad Manager - Install in <HEAD> of page -->
	<script src="https://hb.vntsm.com/v3/live/ad-manager.min.js" type="text/javascript" data-site-id="642aba63ec9a7b11c3c9c1be" data-mode="scan" async></script>
<!-- / Venatus Ad Manager -->

<style>
	@media (max-width:820px) {
		.battle {
			margin: 0 auto;
		}
		.battle-log {
			margin: 7px auto 0;
			max-width: 640px;
			height: 300px;
			position: static;
		}
	}
	.optgroup {
		display: inline-block;
		line-height: 22px;
		font-size: 10pt;
	}
	.optgroup .button {
		height: 25px;
		padding-top: 0;
		padding-bottom: 0;
	}
	.optgroup button.button {
		padding-left: 12px;
		padding-right: 12px;
	}
	.linklist {
		list-style: none;
		margin: 0.5em 0;
		padding: 0;
	}
	.linklist li {
		padding: 2px 0;
	}
	.sidebar {
		float: left;
		width: 320px;
	}
	.bar-wrapper {
		max-width: 1100px;
		margin: 0 auto;
	}
	.bar-wrapper.has-sidebar {
		max-width: 1430px;
	}
	.mainbar {
		margin: 0;
		padding-right: 1px;
	}
	.mainbar.has-sidebar {
		margin-left: 330px;
	}
	@media (min-width: 1511px) {
		.sidebar {
			width: 400px;
		}
		.bar-wrapper.has-sidebar {
			max-width: 1510px;
		}
		.mainbar.has-sidebar {
			margin-left: 410px;
		}
	}
	.section.first-section {
		margin-top: 9px;
	}
	.blocklink small {
		white-space: normal;
	}
	.button {
		vertical-align: middle;
	}
	.replay-controls {
		padding-top: 10px;
	}
	.replay-controls h1 {
		font-size: 16pt;
		font-weight: normal;
		color: #CCC;
	}
	.pagelink {
		text-align: center;
	}
	.pagelink a {
		width: 150px;
	}
	.textbox, .button {
		font-size: 11pt;
		vertical-align: middle;
	}
	@media (max-width: 450px) {
		.button {
			font-size: 9pt;
		}
	}
</style>

<div>

	<header>
		<div class="nav-wrapper"><ul class="nav">
			<li><a class="button nav-first" href="//pokemonshowdown.com/"><img src="//pokemonshowdown.com/images/pokemonshowdownbeta.png" srcset="//pokemonshowdown.com/images/pokemonshowdownbeta.png 1x, //pokemonshowdown.com/images/pokemonshowdownbeta@2x.png 2x" alt="Pok&eacute;mon Showdown" width="146" height="44" /> Home</a></li>
			<li><a class="button" href="//pokemonshowdown.com/dex/">Pok&eacute;dex</a></li>
			<li><a class="button cur" href="/">Replays</a></li>
			<li><a class="button" href="//pokemonshowdown.com/ladder/">Ladder</a></li>
			<li><a class="button nav-last" href="//pokemonshowdown.com/forums/">Forum</a></li>
			<li><a class="button greenbutton nav-first nav-last" href="//play.pokemonshowdown.com/">Play</a></li>
		</ul></div>
	</header>

	<div class="main" id="main">

		<noscript><section class="section">You need to enable JavaScript to use this page; sorry!</section></noscript>

	</div>

</div>

<script defer nomodule src="//play.pokemonshowdown.com/js/lib/ps-polyfill.js"></script>
<script defer src="//play.pokemonshowdown.com/js/lib/preact.min.js"></script>

<script defer src="//play.pokemonshowdown.com/config/config.js?2bddbc15"></script>
<script defer src="//play.pokemonshowdown.com/js/lib/jquery-1.11.0.min.js"></script>
<script defer src="//play.pokemonshowdown.com/js/lib/html-sanitizer-minified.js"></script>
<script defer src="//play.pokemonshowdown.com/js/battle-sound.js"></script>
<script defer src="//play.pokemonshowdown.com/js/battledata.js?0.7209276989879541"></script>
<script defer src="//play.pokemonshowdown.com/data/pokedex-mini.js?0.6111056340867951"></script>
<script defer src="//play.pokemonshowdown.com/data/pokedex-mini-bw.js?0.3532142036491459"></script>
<script defer src="//play.pokemonshowdown.com/data/graphics.js?0.24223875632456182"></script>
<script defer src="//play.pokemonshowdown.com/data/pokedex.js?0.38839984266356864"></script>
<script defer src="//play.pokemonshowdown.com/data/moves.js?0.21866028504024015"></script>
<script defer src="//play.pokemonshowdown.com/data/abilities.js?0.2005157953846628"></script>
<script defer src="//play.pokemonshowdown.com/data/items.js?0.9894211263848525"></script>
<script defer src="//play.pokemonshowdown.com/data/teambuilder-tables.js?0.6008791140282215"></script>
<script defer src="//play.pokemonshowdown.com/js/battle-tooltips.js?0.7580118955022959"></script>
<script defer src="//play.pokemonshowdown.com/js/battle.js?0.6057722274234274"></script>

<script defer src="js/utils.js?e31f9a17"></script>
<script defer src="js/replays-battle.js?7008c182"></script>

<!-- don't scrape this data! just add .json or .log after the URL!
Full API docs: https://github.com/smogon/pokemon-showdown-client/blob/master/WEB-API.md -->
<script type="text/plain" class="log" id="replaylog-smogtours-gen3ou-803353">
|inactive|Battle timer is ON: inactive players will automatically lose when time's up.
|t:|1730236488
|gametype|singles
|player|p1|ccczzx|2|
|player|p2|Donly Phans|noland-gen3|
|teamsize|p1|6
|teamsize|p2|6
|gen|3
|tier|[Gen 3] OU
|rule|Sleep Clause Mod: Limit one foe put to sleep
|rule|Switch Priority Clause Mod: Faster Pokémon switch first
|rule|Species Clause: Limit one of each Pokémon
|rule|OHKO Clause: OHKO moves are banned
|rule|Evasion Items Clause: Evasion items are banned
|rule|Evasion Moves Clause: Evasion moves are banned
|rule|Endless Battle Clause: Forcing endless battles is banned
|rule|HP Percentage Mod: HP is shown in percentages
|rule|One Boost Passer Clause: Limit one Baton Passer that has a way to boost its stats
|rule|Freeze Clause Mod: Limit one foe frozen
|
|t:|1730236488
|start
|switch|p1a: Testing|Zapdos|100/100
|switch|p2a: Gengar|Gengar, M|100/100
|turn|1
|c|☆ccczzx|glhf
|
|t:|1730236506
|move|p2a: Gengar|Explosion|p1a: Testing
|-damage|p1a: Testing|0 fnt
|faint|p2a: Gengar
|faint|p1a: Testing
|
|t:|1730236527
|switch|p2a: Zapdos|Zapdos|100/100
|switch|p1a: Snorlax|Snorlax, M|100/100
|
|upkeep
|turn|2
|inactive|Donly Phans has 270 seconds left.
|
|t:|1730236570
|move|p2a: Zapdos|Baton Pass|p2a: Zapdos
|
|t:|1730236584
|switch|p2a: Tyranitar|Tyranitar, F|100/100|[from] Baton Pass
|-weather|Sandstorm|[from] ability: Sand Stream|[of] p2a: Tyranitar
|move|p1a: Snorlax|Curse|p1a: Snorlax
|-unboost|p1a: Snorlax|spe|1
|-boost|p1a: Snorlax|atk|1
|-boost|p1a: Snorlax|def|1
|
|-weather|Sandstorm|[upkeep]
|-damage|p1a: Snorlax|94/100|[from] Sandstorm
|-heal|p1a: Snorlax|100/100|[from] item: Leftovers
|upkeep
|turn|3
|inactive|Donly Phans has 240 seconds left.
|inactive|Donly Phans has 210 seconds left.
|
|t:|1730236635
|-singleturn|p2a: Tyranitar|move: Focus Punch
|move|p1a: Snorlax|Earthquake|p2a: Tyranitar
|-supereffective|p2a: Tyranitar
|-damage|p2a: Tyranitar|0 fnt
|faint|p2a: Tyranitar
|inactive|Donly Phans has 180 seconds left.
|
|t:|1730236674
|switch|p2a: Metagross|Metagross|100/100
|
|-weather|Sandstorm|[upkeep]
|-damage|p1a: Snorlax|94/100|[from] Sandstorm
|-heal|p1a: Snorlax|100/100|[from] item: Leftovers
|upkeep
|turn|4
|inactive|Donly Phans has 180 seconds left.
|
|t:|1730236688
|move|p2a: Metagross|Meteor Mash|p1a: Snorlax
|-damage|p1a: Snorlax|66/100
|move|p1a: Snorlax|Self-Destruct|p2a: Metagross
|-resisted|p2a: Metagross
|-damage|p2a: Metagross|0 fnt
|faint|p1a: Snorlax
|faint|p2a: Metagross
|inactive|Donly Phans has 180 seconds left.
|
|t:|1730236703
|switch|p2a: Zapdos|Zapdos|100/100
|switch|p1a: Claydol|Claydol|100/100
|
|-weather|Sandstorm|[upkeep]
|-damage|p2a: Zapdos|94/100|[from] Sandstorm
|-heal|p2a: Zapdos|100/100|[from] item: Leftovers
|upkeep
|turn|5
|inactive|Donly Phans has 180 seconds left.
|
|t:|1730236722
|move|p2a: Zapdos|Agility|p2a: Zapdos
|-boost|p2a: Zapdos|spe|2
|move|p1a: Claydol|Explosion|p2a: Zapdos
|-damage|p2a: Zapdos|0 fnt
|faint|p1a: Claydol
|faint|p2a: Zapdos
|
|t:|1730236733
|switch|p2a: Celebi|Celebi|100/100
|switch|p1a: Suicune|Suicune|100/100
|
|-weather|Sandstorm|[upkeep]
|-damage|p2a: Celebi|94/100|[from] Sandstorm
|-damage|p1a: Suicune|94/100|[from] Sandstorm
|-heal|p2a: Celebi|100/100|[from] item: Leftovers
|-heal|p1a: Suicune|100/100|[from] item: Leftovers
|upkeep
|turn|6
|
|t:|1730236742
|move|p2a: Celebi|Leech Seed|p1a: Suicune|[miss]
|-miss|p2a: Celebi|p1a: Suicune
|move|p1a: Suicune|Calm Mind|p1a: Suicune
|-boost|p1a: Suicune|spa|1
|-boost|p1a: Suicune|spd|1
|
|-weather|Sandstorm|[upkeep]
|-damage|p2a: Celebi|94/100|[from] Sandstorm
|-damage|p1a: Suicune|94/100|[from] Sandstorm
|-heal|p2a: Celebi|100/100|[from] item: Leftovers
|-heal|p1a: Suicune|100/100|[from] item: Leftovers
|upkeep
|turn|7
|inactive|Donly Phans has 180 seconds left.
|
|t:|1730236747
|move|p2a: Celebi|Leech Seed|p1a: Suicune
|-start|p1a: Suicune|move: Leech Seed
|move|p1a: Suicune|Calm Mind|p1a: Suicune
|-boost|p1a: Suicune|spa|1
|-boost|p1a: Suicune|spd|1
|
|-weather|Sandstorm|[upkeep]
|-damage|p2a: Celebi|94/100|[from] Sandstorm
|-damage|p1a: Suicune|94/100|[from] Sandstorm
|-heal|p2a: Celebi|100/100|[from] item: Leftovers
|-heal|p1a: Suicune|100/100|[from] item: Leftovers
|-damage|p1a: Suicune|88/100|[from] Leech Seed|[of] p2a: Celebi
|upkeep
|turn|8
|
|t:|1730236756
|switch|p2a: Suicune|Suicune|100/100
|move|p1a: Suicune|Calm Mind|p1a: Suicune
|-boost|p1a: Suicune|spa|1
|-boost|p1a: Suicune|spd|1
|
|-weather|Sandstorm|[upkeep]
|-damage|p2a: Suicune|94/100|[from] Sandstorm
|-damage|p1a: Suicune|82/100|[from] Sandstorm
|-heal|p2a: Suicune|100/100|[from] item: Leftovers
|-heal|p1a: Suicune|88/100|[from] item: Leftovers
|-damage|p1a: Suicune|76/100|[from] Leech Seed|[of] p2a: Suicune
|upkeep
|turn|9
|inactive|Donly Phans has 180 seconds left.
|
|t:|1730236774
|move|p2a: Suicune|Surf|p1a: Suicune
|-resisted|p1a: Suicune
|-damage|p1a: Suicune|69/100
|move|p1a: Suicune|Roar|p2a: Suicune
|drag|p2a: Celebi|Celebi|100/100
|
|-weather|Sandstorm|[upkeep]
|-damage|p2a: Celebi|94/100|[from] Sandstorm
|-damage|p1a: Suicune|63/100|[from] Sandstorm
|-heal|p2a: Celebi|100/100|[from] item: Leftovers
|-heal|p1a: Suicune|69/100|[from] item: Leftovers
|-damage|p1a: Suicune|57/100|[from] Leech Seed|[of] p2a: Celebi
|upkeep
|turn|10
|inactive|Donly Phans has 180 seconds left.
|
|t:|1730236788
|switch|p2a: Suicune|Suicune|100/100
|move|p1a: Suicune|Calm Mind|p1a: Suicune
|-boost|p1a: Suicune|spa|1
|-boost|p1a: Suicune|spd|1
|
|-weather|Sandstorm|[upkeep]
|-damage|p2a: Suicune|94/100|[from] Sandstorm
|-damage|p1a: Suicune|51/100|[from] Sandstorm
|-heal|p2a: Suicune|100/100|[from] item: Leftovers
|-heal|p1a: Suicune|57/100|[from] item: Leftovers
|-damage|p1a: Suicune|44/100|[from] Leech Seed|[of] p2a: Suicune
|upkeep
|turn|11
|inactive|Donly Phans has 180 seconds left.
|
|t:|1730236799
|move|p2a: Suicune|Calm Mind|p2a: Suicune
|-boost|p2a: Suicune|spa|1
|-boost|p2a: Suicune|spd|1
|move|p1a: Suicune|Rest|p1a: Suicune
|-status|p1a: Suicune|slp|[from] move: Rest
|-heal|p1a: Suicune|100/100 slp|[silent]
|
|-weather|Sandstorm|[upkeep]
|-damage|p2a: Suicune|94/100|[from] Sandstorm
|-damage|p1a: Suicune|94/100 slp|[from] Sandstorm
|-heal|p2a: Suicune|100/100|[from] item: Leftovers
|-heal|p1a: Suicune|100/100 slp|[from] item: Leftovers
|-damage|p1a: Suicune|88/100 slp|[from] Leech Seed|[of] p2a: Suicune
|upkeep
|turn|12
|
|t:|1730236806
|move|p2a: Suicune|Calm Mind|p2a: Suicune
|-boost|p2a: Suicune|spa|1
|-boost|p2a: Suicune|spd|1
|cant|p1a: Suicune|slp
|
|-weather|Sandstorm|[upkeep]
|-damage|p2a: Suicune|94/100|[from] Sandstorm
|-damage|p1a: Suicune|82/100 slp|[from] Sandstorm
|-heal|p2a: Suicune|100/100|[from] item: Leftovers
|-heal|p1a: Suicune|88/100 slp|[from] item: Leftovers
|-damage|p1a: Suicune|76/100 slp|[from] Leech Seed|[of] p2a: Suicune
|upkeep
|turn|13
|
|t:|1730236811
|move|p2a: Suicune|Surf|p1a: Suicune
|-resisted|p1a: Suicune
|-damage|p1a: Suicune|65/100 slp
|cant|p1a: Suicune|slp
|
|-weather|Sandstorm|[upkeep]
|-damage|p2a: Suicune|94/100|[from] Sandstorm
|-damage|p1a: Suicune|59/100 slp|[from] Sandstorm
|-heal|p2a: Suicune|100/100|[from] item: Leftovers
|-heal|p1a: Suicune|65/100 slp|[from] item: Leftovers
|-damage|p1a: Suicune|53/100 slp|[from] Leech Seed|[of] p2a: Suicune
|upkeep
|turn|14
|
|t:|1730236828
|move|p2a: Suicune|Surf|p1a: Suicune
|-resisted|p1a: Suicune
|-damage|p1a: Suicune|42/100 slp
|-curestatus|p1a: Suicune|slp|[msg]
|move|p1a: Suicune|Roar|p2a: Suicune
|drag|p2a: Celebi|Celebi|100/100
|
|-weather|Sandstorm|[upkeep]
|-damage|p2a: Celebi|94/100|[from] Sandstorm
|-damage|p1a: Suicune|36/100|[from] Sandstorm
|-heal|p2a: Celebi|100/100|[from] item: Leftovers
|-heal|p1a: Suicune|42/100|[from] item: Leftovers
|-damage|p1a: Suicune|30/100|[from] Leech Seed|[of] p2a: Celebi
|upkeep
|turn|15
|inactive|Donly Phans has 180 seconds left.
|
|t:|1730236848
|switch|p1a: Metagross|Metagross|100/100
|move|p2a: Celebi|Giga Drain|p1a: Metagross
|-resisted|p1a: Metagross
|-damage|p1a: Metagross|86/100
|
|-weather|Sandstorm|[upkeep]
|-damage|p2a: Celebi|94/100|[from] Sandstorm
|-heal|p2a: Celebi|100/100|[from] item: Leftovers
|upkeep
|turn|16
|inactive|Donly Phans has 180 seconds left.
|
|t:|1730236876
|move|p2a: Celebi|Hidden Power|p1a: Metagross
|-supereffective|p1a: Metagross
|-crit|p1a: Metagross
|-damage|p1a: Metagross|0 fnt
|faint|p1a: Metagross
|c|☆ccczzx|fuck
|
|t:|1730236889
|switch|p1a: Heracross|Heracross, M|100/100
|
|-weather|Sandstorm|[upkeep]
|-damage|p2a: Celebi|94/100|[from] Sandstorm
|-damage|p1a: Heracross|95/100|[from] Sandstorm
|-heal|p2a: Celebi|100/100|[from] item: Leftovers
|upkeep
|turn|17
|c|☆ccczzx|gg
|c|☆ccczzx|well played
|
|t:|1730236915
|move|p2a: Celebi|Psychic|p1a: Heracross
|-supereffective|p1a: Heracross
|-damage|p1a: Heracross|2/100
|move|p1a: Heracross|Megahorn|p2a: Celebi
|-supereffective|p2a: Celebi
|-damage|p2a: Celebi|0 fnt
|faint|p2a: Celebi
|
|t:|1730236921
|switch|p2a: Suicune|Suicune|100/100
|
|-weather|Sandstorm|[upkeep]
|-damage|p1a: Heracross|0 fnt|[from] Sandstorm
|-damage|p2a: Suicune|94/100|[from] Sandstorm
|faint|p1a: Heracross
|-heal|p2a: Suicune|100/100|[from] item: Leftovers
|upkeep
|
|t:|1730236924
|switch|p1a: Suicune|Suicune|30/100
|turn|18
|inactive|Donly Phans has 150 seconds left.
|inactive|ccczzx has 270 seconds left.
|
|t:|1730236981
|move|p2a: Suicune|Surf|p1a: Suicune
|-resisted|p1a: Suicune
|-damage|p1a: Suicune|15/100
|move|p1a: Suicune|Calm Mind|p1a: Suicune
|-boost|p1a: Suicune|spa|1
|-boost|p1a: Suicune|spd|1
|
|-weather|Sandstorm|[upkeep]
|-damage|p2a: Suicune|94/100|[from] Sandstorm
|-damage|p1a: Suicune|8/100|[from] Sandstorm
|-heal|p2a: Suicune|100/100|[from] item: Leftovers
|-heal|p1a: Suicune|15/100|[from] item: Leftovers
|upkeep
|turn|19
|inactive|ccczzx has 270 seconds left.
|
|t:|1730237005
|move|p2a: Suicune|Surf|p1a: Suicune
|-resisted|p1a: Suicune
|-damage|p1a: Suicune|5/100
|move|p1a: Suicune|Rest|p1a: Suicune
|-status|p1a: Suicune|slp|[from] move: Rest
|-heal|p1a: Suicune|100/100 slp|[silent]
|
|-weather|Sandstorm|[upkeep]
|-damage|p2a: Suicune|94/100|[from] Sandstorm
|-damage|p1a: Suicune|94/100 slp|[from] Sandstorm
|-heal|p2a: Suicune|100/100|[from] item: Leftovers
|-heal|p1a: Suicune|100/100 slp|[from] item: Leftovers
|upkeep
|turn|20
|
|t:|1730237010
|move|p2a: Suicune|Calm Mind|p2a: Suicune
|-boost|p2a: Suicune|spa|1
|-boost|p2a: Suicune|spd|1
|cant|p1a: Suicune|slp
|
|-weather|Sandstorm|[upkeep]
|-damage|p2a: Suicune|94/100|[from] Sandstorm
|-damage|p1a: Suicune|94/100 slp|[from] Sandstorm
|-heal|p2a: Suicune|100/100|[from] item: Leftovers
|-heal|p1a: Suicune|100/100 slp|[from] item: Leftovers
|upkeep
|turn|21
|
|t:|1730237012
|move|p2a: Suicune|Calm Mind|p2a: Suicune
|-boost|p2a: Suicune|spa|1
|-boost|p2a: Suicune|spd|1
|cant|p1a: Suicune|slp
|
|-weather|Sandstorm|[upkeep]
|-damage|p2a: Suicune|94/100|[from] Sandstorm
|-damage|p1a: Suicune|94/100 slp|[from] Sandstorm
|-heal|p2a: Suicune|100/100|[from] item: Leftovers
|-heal|p1a: Suicune|100/100 slp|[from] item: Leftovers
|upkeep
|turn|22
|
|t:|1730237019
|move|p2a: Suicune|Calm Mind|p2a: Suicune
|-boost|p2a: Suicune|spa|1
|-boost|p2a: Suicune|spd|1
|-curestatus|p1a: Suicune|slp|[msg]
|move|p1a: Suicune|Calm Mind|p1a: Suicune
|-boost|p1a: Suicune|spa|1
|-boost|p1a: Suicune|spd|1
|
|-weather|Sandstorm|[upkeep]
|-damage|p2a: Suicune|94/100|[from] Sandstorm
|-damage|p1a: Suicune|94/100|[from] Sandstorm
|-heal|p2a: Suicune|100/100|[from] item: Leftovers
|-heal|p1a: Suicune|100/100|[from] item: Leftovers
|upkeep
|turn|23
|
|t:|1730237024
|move|p2a: Suicune|Calm Mind|p2a: Suicune
|-boost|p2a: Suicune|spa|1
|-boost|p2a: Suicune|spd|1
|move|p1a: Suicune|Calm Mind|p1a: Suicune
|-boost|p1a: Suicune|spa|1
|-boost|p1a: Suicune|spd|1
|
|-weather|Sandstorm|[upkeep]
|-damage|p2a: Suicune|94/100|[from] Sandstorm
|-damage|p1a: Suicune|94/100|[from] Sandstorm
|-heal|p2a: Suicune|100/100|[from] item: Leftovers
|-heal|p1a: Suicune|100/100|[from] item: Leftovers
|upkeep
|turn|24
|
|t:|1730237031
|move|p2a: Suicune|Calm Mind|p2a: Suicune
|-boost|p2a: Suicune|spa|1
|-boost|p2a: Suicune|spd|1
|move|p1a: Suicune|Calm Mind|p1a: Suicune
|-boost|p1a: Suicune|spa|1
|-boost|p1a: Suicune|spd|1
|
|-weather|Sandstorm|[upkeep]
|-damage|p2a: Suicune|94/100|[from] Sandstorm
|-damage|p1a: Suicune|94/100|[from] Sandstorm
|-heal|p2a: Suicune|100/100|[from] item: Leftovers
|-heal|p1a: Suicune|100/100|[from] item: Leftovers
|upkeep
|turn|25
|
|t:|1730237036
|move|p2a: Suicune|Calm Mind|p2a: Suicune
|-boost|p2a: Suicune|spa|1
|-boost|p2a: Suicune|spd|1
|move|p1a: Suicune|Calm Mind|p1a: Suicune
|-boost|p1a: Suicune|spa|1
|-boost|p1a: Suicune|spd|1
|
|-weather|Sandstorm|[upkeep]
|-damage|p2a: Suicune|94/100|[from] Sandstorm
|-damage|p1a: Suicune|94/100|[from] Sandstorm
|-heal|p2a: Suicune|100/100|[from] item: Leftovers
|-heal|p1a: Suicune|100/100|[from] item: Leftovers
|upkeep
|turn|26
|
|t:|1730237041
|move|p2a: Suicune|Surf|p1a: Suicune
|-resisted|p1a: Suicune
|-damage|p1a: Suicune|83/100
|move|p1a: Suicune|Calm Mind|p1a: Suicune
|-boost|p1a: Suicune|spa|1
|-boost|p1a: Suicune|spd|1
|
|-weather|Sandstorm|[upkeep]
|-damage|p2a: Suicune|94/100|[from] Sandstorm
|-damage|p1a: Suicune|76/100|[from] Sandstorm
|-heal|p2a: Suicune|100/100|[from] item: Leftovers
|-heal|p1a: Suicune|83/100|[from] item: Leftovers
|upkeep
|turn|27
|
|t:|1730237054
|move|p2a: Suicune|Ice Beam|p1a: Suicune
|-resisted|p1a: Suicune
|-crit|p1a: Suicune
|-damage|p1a: Suicune|9/100
|move|p1a: Suicune|Surf|p2a: Suicune
|-resisted|p2a: Suicune
|-damage|p2a: Suicune|89/100
|
|-weather|Sandstorm|[upkeep]
|-damage|p2a: Suicune|82/100|[from] Sandstorm
|-damage|p1a: Suicune|3/100|[from] Sandstorm
|-heal|p2a: Suicune|89/100|[from] item: Leftovers
|-heal|p1a: Suicune|9/100|[from] item: Leftovers
|upkeep
|turn|28
|c|☆ccczzx|gg
|
|t:|1730237070
|move|p2a: Suicune|Surf|p1a: Suicune
|-resisted|p1a: Suicune
|-damage|p1a: Suicune|0 fnt
|faint|p1a: Suicune
|
|win|Donly Phans

</script>
<script type="application/json" class="data" id="replaydata-smogtours-gen3ou-803353">
{"id":"smogtours-gen3ou-803353","format":"[Gen 3] OU","players":["ccczzx","Donly Phans"],"uploadtime":1730237070,"views":68,"formatid":"gen3ou","rating":null,"private":0,"password":null}
</script>

<script defer src="js/replays.js?9d40a366"></script>
