<!DOCTYPE html>
<meta charset="utf-8" />
<meta name="viewport" content="width=device-width" />

<title>[Gen 3] OU: Salaryman William vs. Deezcastforms - Replays - Pok&eacute;mon Showdown!</title>

<meta name="description" content="Watch a replay of a Pok&eacute;mon battle between Salaryman William and Deezcastforms! Format: [Gen 3] OU; Date: Oct 20, 2024" />
<!--

Hey, you! Looking in the source for the replay log?

You can find them in JSON format, just add `.json` at the end of a replay URL.

https://replay.pokemonshowdown.com/gen7randomdoublesbattle-865046831.json

Or, if you only need the log itself, add `.log` instead:

https://replay.pokemonshowdown.com/gen7randomdoublesbattle-865046831.log

-->

<link rel="stylesheet" href="//pokemonshowdown.com/style/global.css?0.023195364461161105" />
<link rel="stylesheet" href="//play.pokemonshowdown.com/style/font-awesome.css?0.13261647063804238" />
<link rel="stylesheet" href="//play.pokemonshowdown.com/style/battle.css?0.8753245789963631" />
<link rel="stylesheet" href="//play.pokemonshowdown.com/style/utilichart.css?0.8627959624976733" />

<!-- Global site tag (gtag.js) - Google Analytics -->
<script async src="https://www.googletagmanager.com/gtag/js?id=UA-26211653-1"></script>
<script>
  window.dataLayer = window.dataLayer || [];
  function gtag(){dataLayer.push(arguments);}
  gtag('js', new Date());

  gtag('config', 'UA-26211653-1');
</script>
<!-- End Google Analytics -->
<!-- Venatus Ad Manager - Install in <HEAD> of page -->
	<script src="https://hb.vntsm.com/v3/live/ad-manager.min.js" type="text/javascript" data-site-id="642aba63ec9a7b11c3c9c1be" data-mode="scan" async></script>
<!-- / Venatus Ad Manager -->

<style>
	@media (max-width:820px) {
		.battle {
			margin: 0 auto;
		}
		.battle-log {
			margin: 7px auto 0;
			max-width: 640px;
			height: 300px;
			position: static;
		}
	}
	.optgroup {
		display: inline-block;
		line-height: 22px;
		font-size: 10pt;
	}
	.optgroup .button {
		height: 25px;
		padding-top: 0;
		padding-bottom: 0;
	}
	.optgroup button.button {
		padding-left: 12px;
		padding-right: 12px;
	}
	.linklist {
		list-style: none;
		margin: 0.5em 0;
		padding: 0;
	}
	.linklist li {
		padding: 2px 0;
	}
	.sidebar {
		float: left;
		width: 320px;
	}
	.bar-wrapper {
		max-width: 1100px;
		margin: 0 auto;
	}
	.bar-wrapper.has-sidebar {
		max-width: 1430px;
	}
	.mainbar {
		margin: 0;
		padding-right: 1px;
	}
	.mainbar.has-sidebar {
		margin-left: 330px;
	}
	@media (min-width: 1511px) {
		.sidebar {
			width: 400px;
		}
		.bar-wrapper.has-sidebar {
			max-width: 1510px;
		}
		.mainbar.has-sidebar {
			margin-left: 410px;
		}
	}
	.section.first-section {
		margin-top: 9px;
	}
	.blocklink small {
		white-space: normal;
	}
	.button {
		vertical-align: middle;
	}
	.replay-controls {
		padding-top: 10px;
	}
	.replay-controls h1 {
		font-size: 16pt;
		font-weight: normal;
		color: #CCC;
	}
	.pagelink {
		text-align: center;
	}
	.pagelink a {
		width: 150px;
	}
	.textbox, .button {
		font-size: 11pt;
		vertical-align: middle;
	}
	@media (max-width: 450px) {
		.button {
			font-size: 9pt;
		}
	}
</style>

<div>

	<header>
		<div class="nav-wrapper"><ul class="nav">
			<li><a class="button nav-first" href="//pokemonshowdown.com/"><img src="//pokemonshowdown.com/images/pokemonshowdownbeta.png" srcset="//pokemonshowdown.com/images/pokemonshowdownbeta.png 1x, //pokemonshowdown.com/images/pokemonshowdownbeta@2x.png 2x" alt="Pok&eacute;mon Showdown" width="146" height="44" /> Home</a></li>
			<li><a class="button" href="//pokemonshowdown.com/dex/">Pok&eacute;dex</a></li>
			<li><a class="button cur" href="/">Replays</a></li>
			<li><a class="button" href="//pokemonshowdown.com/ladder/">Ladder</a></li>
			<li><a class="button nav-last" href="//pokemonshowdown.com/forums/">Forum</a></li>
			<li><a class="button greenbutton nav-first nav-last" href="//play.pokemonshowdown.com/">Play</a></li>
		</ul></div>
	</header>

	<div class="main" id="main">

		<noscript><section class="section">You need to enable JavaScript to use this page; sorry!</section></noscript>

	</div>

</div>

<script defer nomodule src="//play.pokemonshowdown.com/js/lib/ps-polyfill.js"></script>
<script defer src="//play.pokemonshowdown.com/js/lib/preact.min.js"></script>

<script defer src="//play.pokemonshowdown.com/config/config.js?2bddbc15"></script>
<script defer src="//play.pokemonshowdown.com/js/lib/jquery-1.11.0.min.js"></script>
<script defer src="//play.pokemonshowdown.com/js/lib/html-sanitizer-minified.js"></script>
<script defer src="//play.pokemonshowdown.com/js/battle-sound.js"></script>
<script defer src="//play.pokemonshowdown.com/js/battledata.js?0.7209276989879541"></script>
<script defer src="//play.pokemonshowdown.com/data/pokedex-mini.js?0.6111056340867951"></script>
<script defer src="//play.pokemonshowdown.com/data/pokedex-mini-bw.js?0.3532142036491459"></script>
<script defer src="//play.pokemonshowdown.com/data/graphics.js?0.24223875632456182"></script>
<script defer src="//play.pokemonshowdown.com/data/pokedex.js?0.38839984266356864"></script>
<script defer src="//play.pokemonshowdown.com/data/moves.js?0.21866028504024015"></script>
<script defer src="//play.pokemonshowdown.com/data/abilities.js?0.2005157953846628"></script>
<script defer src="//play.pokemonshowdown.com/data/items.js?0.9894211263848525"></script>
<script defer src="//play.pokemonshowdown.com/data/teambuilder-tables.js?0.6008791140282215"></script>
<script defer src="//play.pokemonshowdown.com/js/battle-tooltips.js?0.7580118955022959"></script>
<script defer src="//play.pokemonshowdown.com/js/battle.js?0.6057722274234274"></script>

<script defer src="js/utils.js?e31f9a17"></script>
<script defer src="js/replays-battle.js?7008c182"></script>

<!-- don't scrape this data! just add .json or .log after the URL!
Full API docs: https://github.com/smogon/pokemon-showdown-client/blob/master/WEB-API.md -->
<script type="text/plain" class="log" id="replaylog-smogtours-gen3ou-800221">
|inactive|Battle timer is ON: inactive players will automatically lose when time's up.
|t:|1729386763
|gametype|singles
|player|p1|Salaryman William|clerk|
|player|p2|Deezcastforms|veteran-gen4|
|teamsize|p1|6
|teamsize|p2|6
|gen|3
|tier|[Gen 3] OU
|rule|Sleep Clause Mod: Limit one foe put to sleep
|rule|Switch Priority Clause Mod: Faster Pokémon switch first
|rule|Species Clause: Limit one of each Pokémon
|rule|OHKO Clause: OHKO moves are banned
|rule|Evasion Items Clause: Evasion items are banned
|rule|Evasion Moves Clause: Evasion moves are banned
|rule|Endless Battle Clause: Forcing endless battles is banned
|rule|HP Percentage Mod: HP is shown in percentages
|rule|One Boost Passer Clause: Limit one Baton Passer that has a way to boost its stats
|rule|Freeze Clause Mod: Limit one foe frozen
|
|t:|1729386763
|start
|switch|p1a: Tyranitar|Tyranitar, M|100/100
|switch|p2a: Salamence|Salamence, F|100/100
|-ability|p2a: Salamence|Intimidate|boost
|-unboost|p1a: Tyranitar|atk|1
|-weather|Sandstorm|[from] ability: Sand Stream|[of] p1a: Tyranitar
|turn|1
|
|t:|1729386786
|switch|p2a: Jirachi|Jirachi|100/100
|switch|p1a: Gengar|Gengar, F|100/100
|
|-weather|Sandstorm|[upkeep]
|-damage|p1a: Gengar|94/100|[from] Sandstorm
|-heal|p1a: Gengar|100/100|[from] item: Leftovers
|upkeep
|turn|2
|inactive|Salaryman William has 270 seconds left.
|
|t:|1729386829
|switch|p1a: Blissey|Blissey, F|100/100
|switch|p2a: Celebi|Celebi|100/100
|
|-weather|Sandstorm|[upkeep]
|-damage|p2a: Celebi|94/100|[from] Sandstorm
|-damage|p1a: Blissey|94/100|[from] Sandstorm
|-heal|p2a: Celebi|100/100|[from] item: Leftovers
|-heal|p1a: Blissey|100/100|[from] item: Leftovers
|upkeep
|turn|3
|
|t:|1729386846
|switch|p1a: Skarmory|Skarmory, F|100/100
|move|p2a: Celebi|Leech Seed|p1a: Skarmory|[miss]
|-miss|p2a: Celebi|p1a: Skarmory
|
|-weather|Sandstorm|[upkeep]
|-damage|p2a: Celebi|94/100|[from] Sandstorm
|-heal|p2a: Celebi|100/100|[from] item: Leftovers
|upkeep
|turn|4
|
|t:|1729386852
|switch|p2a: Skarmory|Skarmory, M|100/100
|move|p1a: Skarmory|Spikes|p2a: Skarmory
|-sidestart|p2: Deezcastforms|Spikes
|
|-weather|Sandstorm|[upkeep]
|upkeep
|turn|5
|inactive|Salaryman William has 270 seconds left.
|
|t:|1729386858
|switch|p1a: Charizard|Charizard, F, shiny|100/100
|move|p2a: Skarmory|Thief|p1a: Charizard
|-damage|p1a: Charizard|95/100
|-enditem|p1a: Charizard|Leftovers|[silent]|[from] move: Thief|[of] p2a: Skarmory
|-item|p2a: Skarmory|Leftovers|[from] move: Thief|[of] p1a: Charizard
|
|-weather|Sandstorm|[upkeep]
|-damage|p1a: Charizard|89/100|[from] Sandstorm
|upkeep
|turn|6
|
|t:|1729386873
|switch|p2a: Suicune|Suicune|100/100
|-damage|p2a: Suicune|88/100|[from] Spikes
|move|p1a: Charizard|Fire Blast|p2a: Suicune
|-resisted|p2a: Suicune
|-damage|p2a: Suicune|66/100
|
|-weather|Sandstorm|[upkeep]
|-damage|p1a: Charizard|83/100|[from] Sandstorm
|-damage|p2a: Suicune|59/100|[from] Sandstorm
|-heal|p2a: Suicune|66/100|[from] item: Leftovers
|upkeep
|turn|7
|
|t:|1729386887
|switch|p1a: Blissey|Blissey, F|100/100
|switch|p2a: Skarmory|Skarmory, M|100/100
|
|-weather|Sandstorm|[upkeep]
|-damage|p1a: Blissey|94/100|[from] Sandstorm
|-heal|p1a: Blissey|100/100|[from] item: Leftovers
|upkeep
|turn|8
|
|t:|1729386891
|switch|p1a: Charizard|Charizard, F, shiny|83/100
|move|p2a: Skarmory|Spikes|p1a: Charizard
|-sidestart|p1: Salaryman William|Spikes
|
|-weather|Sandstorm|[upkeep]
|-damage|p1a: Charizard|77/100|[from] Sandstorm
|upkeep
|turn|9
|
|t:|1729386912
|switch|p2a: Salamence|Salamence, F|100/100
|-ability|p2a: Salamence|Intimidate|boost
|-unboost|p1a: Charizard|atk|1
|move|p1a: Charizard|Fire Blast|p2a: Salamence|[miss]
|-miss|p1a: Charizard|p2a: Salamence
|
|-weather|Sandstorm|[upkeep]
|-damage|p1a: Charizard|71/100|[from] Sandstorm
|-damage|p2a: Salamence|94/100|[from] Sandstorm
|-heal|p2a: Salamence|100/100|[from] item: Leftovers
|upkeep
|turn|10
|inactive|Deezcastforms has 270 seconds left.
|inactive|Salaryman William has 270 seconds left.
|
|t:|1729386954
|switch|p1a: Blissey|Blissey, F|100/100
|-damage|p1a: Blissey|88/100|[from] Spikes
|switch|p2a: Suicune|Suicune|66/100
|-damage|p2a: Suicune|53/100|[from] Spikes
|
|-weather|Sandstorm|[upkeep]
|-damage|p2a: Suicune|47/100|[from] Sandstorm
|-damage|p1a: Blissey|82/100|[from] Sandstorm
|-heal|p2a: Suicune|53/100|[from] item: Leftovers
|-heal|p1a: Blissey|88/100|[from] item: Leftovers
|upkeep
|turn|11
|
|t:|1729386971
|switch|p2a: Celebi|Celebi|100/100
|-damage|p2a: Celebi|88/100|[from] Spikes
|move|p1a: Blissey|Seismic Toss|p2a: Celebi
|-damage|p2a: Celebi|63/100
|
|-weather|Sandstorm|[upkeep]
|-damage|p2a: Celebi|57/100|[from] Sandstorm
|-damage|p1a: Blissey|82/100|[from] Sandstorm
|-heal|p2a: Celebi|63/100|[from] item: Leftovers
|-heal|p1a: Blissey|88/100|[from] item: Leftovers
|upkeep
|turn|12
|
|t:|1729386988
|move|p2a: Celebi|Leech Seed|p1a: Blissey
|-start|p1a: Blissey|move: Leech Seed
|move|p1a: Blissey|Ice Beam|p2a: Celebi
|-supereffective|p2a: Celebi
|-damage|p2a: Celebi|24/100
|
|-weather|Sandstorm|[upkeep]
|-damage|p2a: Celebi|17/100|[from] Sandstorm
|-damage|p1a: Blissey|82/100|[from] Sandstorm
|-heal|p2a: Celebi|24/100|[from] item: Leftovers
|-heal|p1a: Blissey|88/100|[from] item: Leftovers
|-damage|p1a: Blissey|76/100|[from] Leech Seed|[of] p2a: Celebi
|-heal|p2a: Celebi|44/100|[silent]
|upkeep
|turn|13
|
|t:|1729387004
|switch|p1a: Charizard|Charizard, F, shiny|71/100
|move|p2a: Celebi|Recover|p2a: Celebi
|-heal|p2a: Celebi|94/100
|
|-weather|Sandstorm|[upkeep]
|-damage|p1a: Charizard|64/100|[from] Sandstorm
|-damage|p2a: Celebi|87/100|[from] Sandstorm
|-heal|p2a: Celebi|94/100|[from] item: Leftovers
|upkeep
|turn|14
|
|t:|1729387013
|switch|p2a: Salamence|Salamence, F|100/100
|-ability|p2a: Salamence|Intimidate|boost
|-unboost|p1a: Charizard|atk|1
|move|p1a: Charizard|Fire Blast|p2a: Salamence
|-resisted|p2a: Salamence
|-damage|p2a: Salamence|63/100
|
|-weather|Sandstorm|[upkeep]
|-damage|p1a: Charizard|58/100|[from] Sandstorm
|-damage|p2a: Salamence|57/100|[from] Sandstorm
|-heal|p2a: Salamence|63/100|[from] item: Leftovers
|upkeep
|turn|15
|inactive|Salaryman William has 240 seconds left.
|
|t:|1729387061
|move|p2a: Salamence|Dragon Claw|p1a: Charizard
|-damage|p1a: Charizard|9/100
|move|p1a: Charizard|Dragon Claw|p2a: Salamence
|-supereffective|p2a: Salamence
|-damage|p2a: Salamence|0 fnt
|faint|p2a: Salamence
|inactive|Deezcastforms has 270 seconds left.
|
|t:|1729387077
|switch|p2a: Jirachi|Jirachi|100/100
|-damage|p2a: Jirachi|88/100|[from] Spikes
|
|-weather|Sandstorm|[upkeep]
|-damage|p1a: Charizard|3/100|[from] Sandstorm
|-heal|p2a: Jirachi|94/100|[from] item: Leftovers
|upkeep
|turn|16
|
|t:|1729387086
|move|p2a: Jirachi|Protect|p2a: Jirachi
|-singleturn|p2a: Jirachi|Protect
|move|p1a: Charizard|Fire Blast|p2a: Jirachi
|-activate|p2a: Jirachi|Protect
|
|-weather|Sandstorm|[upkeep]
|-damage|p1a: Charizard|0 fnt|[from] Sandstorm
|faint|p1a: Charizard
|-heal|p2a: Jirachi|100/100|[from] item: Leftovers
|upkeep
|
|t:|1729387094
|switch|p1a: Tyranitar|Tyranitar, M|100/100
|-damage|p1a: Tyranitar|88/100|[from] Spikes
|turn|17
|inactive|Salaryman William has 240 seconds left.
|
|t:|1729387111
|-singleturn|p1a: Tyranitar|move: Focus Punch
|switch|p2a: Skarmory|Skarmory, M|100/100
|move|p1a: Tyranitar|Focus Punch|p2a: Skarmory
|-damage|p2a: Skarmory|54/100
|
|-weather|Sandstorm|[upkeep]
|-heal|p2a: Skarmory|60/100|[from] item: Leftovers
|-heal|p1a: Tyranitar|94/100|[from] item: Leftovers
|upkeep
|turn|18
|inactive|Deezcastforms has 270 seconds left.
|inactive|Salaryman William has 210 seconds left.
|
|t:|1729387167
|-singleturn|p1a: Tyranitar|move: Focus Punch
|move|p1a: Tyranitar|Focus Punch|p2a: Skarmory
|-damage|p2a: Skarmory|15/100
|move|p2a: Skarmory|Roar|p1a: Tyranitar
|drag|p1a: Skarmory|Skarmory, F|100/100
|
|-weather|Sandstorm|[upkeep]
|-heal|p2a: Skarmory|21/100|[from] item: Leftovers
|upkeep
|turn|19
|inactive|Salaryman William has 180 seconds left.
|
|t:|1729387193
|move|p1a: Skarmory|Spikes|p2a: Skarmory
|-sidestart|p2: Deezcastforms|Spikes
|move|p2a: Skarmory|Spikes|p1a: Skarmory
|-sidestart|p1: Salaryman William|Spikes
|
|-weather|Sandstorm|[upkeep]
|-heal|p2a: Skarmory|27/100|[from] item: Leftovers
|upkeep
|turn|20
|
|t:|1729387203
|move|p1a: Skarmory|Spikes|p2a: Skarmory
|-sidestart|p2: Deezcastforms|Spikes
|move|p2a: Skarmory|Spikes|p1a: Skarmory
|-sidestart|p1: Salaryman William|Spikes
|
|-weather|Sandstorm|[upkeep]
|-heal|p2a: Skarmory|33/100|[from] item: Leftovers
|upkeep
|turn|21
|inactive|Salaryman William has 180 seconds left.
|
|t:|1729387209
|move|p1a: Skarmory|Roar|p2a: Skarmory
|drag|p2a: Jirachi|Jirachi|100/100
|-damage|p2a: Jirachi|75/100|[from] Spikes
|
|-weather|Sandstorm|[upkeep]
|-heal|p2a: Jirachi|82/100|[from] item: Leftovers
|upkeep
|turn|22
|inactive|Salaryman William has 180 seconds left.
|
|t:|1729387239
|move|p2a: Jirachi|Wish|p2a: Jirachi
|move|p1a: Skarmory|Roar|p2a: Jirachi
|drag|p2a: Celebi|Celebi|94/100
|-damage|p2a: Celebi|69/100|[from] Spikes
|
|-weather|Sandstorm|[upkeep]
|-damage|p2a: Celebi|62/100|[from] Sandstorm
|-heal|p2a: Celebi|69/100|[from] item: Leftovers
|upkeep
|turn|23
|inactive|Salaryman William has 150 seconds left.
|inactive|Salaryman William has 120 seconds left.
|
|t:|1729387302
|move|p2a: Celebi|Leech Seed|p1a: Skarmory
|-start|p1a: Skarmory|move: Leech Seed
|move|p1a: Skarmory|Toxic|p2a: Celebi
|-status|p2a: Celebi|tox
|
|-heal|p2a: Celebi|100/100 tox|[from] move: Wish|[wisher] Jirachi
|-weather|Sandstorm|[upkeep]
|-damage|p2a: Celebi|94/100 tox|[from] Sandstorm
|-heal|p2a: Celebi|100/100 tox|[from] item: Leftovers
|-damage|p2a: Celebi|94/100 tox|[from] psn
|-damage|p1a: Skarmory|88/100|[from] Leech Seed|[of] p2a: Celebi
|-heal|p2a: Celebi|100/100 tox|[silent]
|upkeep
|turn|24
|
|t:|1729387315
|-curestatus|p2a: Celebi|tox|[from] ability: Natural Cure
|switch|p2a: Skarmory|Skarmory, M|33/100
|switch|p1a: Tyranitar|Tyranitar, M|94/100
|-damage|p1a: Tyranitar|69/100|[from] Spikes
|
|-weather|Sandstorm|[upkeep]
|-heal|p2a: Skarmory|39/100|[from] item: Leftovers
|-heal|p1a: Tyranitar|76/100|[from] item: Leftovers
|upkeep
|turn|25
|
|t:|1729387331
|-singleturn|p1a: Tyranitar|move: Focus Punch
|switch|p2a: Claydol|Claydol|100/100
|move|p1a: Tyranitar|Focus Punch|p2a: Claydol
|-resisted|p2a: Claydol
|-damage|p2a: Claydol|66/100
|
|-weather|Sandstorm|[upkeep]
|-heal|p2a: Claydol|72/100|[from] item: Leftovers
|-heal|p1a: Tyranitar|82/100|[from] item: Leftovers
|upkeep
|turn|26
|inactive|Salaryman William has 120 seconds left.
|
|t:|1729387356
|move|p2a: Claydol|Rapid Spin|p1a: Tyranitar
|-resisted|p1a: Tyranitar
|-damage|p1a: Tyranitar|80/100
|-sideend|p2: Deezcastforms|Spikes|[from] move: Rapid Spin|[of] p2a: Claydol
|move|p1a: Tyranitar|Hidden Power|p2a: Claydol
|-supereffective|p2a: Claydol
|-damage|p2a: Claydol|8/100
|
|-weather|Sandstorm|[upkeep]
|-heal|p2a: Claydol|14/100|[from] item: Leftovers
|-heal|p1a: Tyranitar|86/100|[from] item: Leftovers
|upkeep
|turn|27
|inactive|Deezcastforms has 270 seconds left.
|
|t:|1729387387
|switch|p1a: Gengar|Gengar, F|100/100
|move|p2a: Claydol|Earthquake|p1a: Gengar
|-immune|p1a: Gengar
|
|-weather|Sandstorm|[upkeep]
|-damage|p1a: Gengar|94/100|[from] Sandstorm
|-heal|p1a: Gengar|100/100|[from] item: Leftovers
|-heal|p2a: Claydol|20/100|[from] item: Leftovers
|upkeep
|turn|28
|inactive|Salaryman William has 90 seconds left.
|
|t:|1729387404
|switch|p2a: Jirachi|Jirachi|82/100
|move|p1a: Gengar|Hypnosis|p2a: Jirachi
|-status|p2a: Jirachi|slp|[from] move: Hypnosis
|
|-weather|Sandstorm|[upkeep]
|-damage|p1a: Gengar|94/100|[from] Sandstorm
|-heal|p1a: Gengar|100/100|[from] item: Leftovers
|-heal|p2a: Jirachi|88/100 slp|[from] item: Leftovers
|upkeep
|turn|29
|inactive|Salaryman William has 90 seconds left.
|
|t:|1729387432
|move|p1a: Gengar|Thunderbolt|p2a: Jirachi
|-damage|p2a: Jirachi|68/100 slp
|cant|p2a: Jirachi|slp
|
|-weather|Sandstorm|[upkeep]
|-damage|p1a: Gengar|94/100|[from] Sandstorm
|-heal|p1a: Gengar|100/100|[from] item: Leftovers
|-heal|p2a: Jirachi|75/100 slp|[from] item: Leftovers
|upkeep
|turn|30
|
|t:|1729387442
|switch|p1a: Tyranitar|Tyranitar, M|86/100
|-damage|p1a: Tyranitar|61/100|[from] Spikes
|-curestatus|p2a: Jirachi|slp|[msg]
|move|p2a: Jirachi|Fire Punch|p1a: Tyranitar
|-resisted|p1a: Tyranitar
|-damage|p1a: Tyranitar|53/100
|
|-weather|Sandstorm|[upkeep]
|-heal|p2a: Jirachi|81/100|[from] item: Leftovers
|-heal|p1a: Tyranitar|60/100|[from] item: Leftovers
|upkeep
|turn|31
|inactive|Deezcastforms has 270 seconds left.
|
|t:|1729387472
|move|p2a: Jirachi|Wish|p2a: Jirachi
|move|p1a: Tyranitar|Earthquake|p2a: Jirachi
|-supereffective|p2a: Jirachi
|-damage|p2a: Jirachi|23/100
|
|-weather|Sandstorm|[upkeep]
|-heal|p2a: Jirachi|29/100|[from] item: Leftovers
|-heal|p1a: Tyranitar|66/100|[from] item: Leftovers
|upkeep
|turn|32
|
|t:|1729387484
|-singleturn|p1a: Tyranitar|move: Focus Punch
|move|p2a: Jirachi|Protect|p2a: Jirachi
|-singleturn|p2a: Jirachi|Protect
|move|p1a: Tyranitar|Focus Punch|p2a: Jirachi
|-activate|p2a: Jirachi|Protect
|
|-heal|p2a: Jirachi|79/100|[from] move: Wish|[wisher] Jirachi
|-weather|Sandstorm|[upkeep]
|-heal|p2a: Jirachi|85/100|[from] item: Leftovers
|-heal|p1a: Tyranitar|72/100|[from] item: Leftovers
|upkeep
|turn|33
|
|t:|1729387501
|-singleturn|p1a: Tyranitar|move: Focus Punch
|move|p2a: Jirachi|Toxic|p1a: Tyranitar
|-status|p1a: Tyranitar|tox
|move|p1a: Tyranitar|Focus Punch|p2a: Jirachi
|-damage|p2a: Jirachi|42/100
|
|-weather|Sandstorm|[upkeep]
|-heal|p2a: Jirachi|48/100|[from] item: Leftovers
|-heal|p1a: Tyranitar|78/100 tox|[from] item: Leftovers
|-damage|p1a: Tyranitar|72/100 tox|[from] psn
|upkeep
|turn|34
|
|t:|1729387517
|move|p2a: Jirachi|Protect|p2a: Jirachi
|-singleturn|p2a: Jirachi|Protect
|move|p1a: Tyranitar|Earthquake|p2a: Jirachi
|-activate|p2a: Jirachi|Protect
|
|-weather|Sandstorm|[upkeep]
|-heal|p2a: Jirachi|54/100|[from] item: Leftovers
|-heal|p1a: Tyranitar|78/100 tox|[from] item: Leftovers
|-damage|p1a: Tyranitar|66/100 tox|[from] psn
|upkeep
|turn|35
|
|t:|1729387526
|-singleturn|p1a: Tyranitar|move: Focus Punch
|switch|p2a: Celebi|Celebi|100/100
|move|p1a: Tyranitar|Focus Punch|p2a: Celebi
|-resisted|p2a: Celebi
|-damage|p2a: Celebi|80/100
|
|-weather|Sandstorm|[upkeep]
|-damage|p2a: Celebi|74/100|[from] Sandstorm
|-heal|p2a: Celebi|80/100|[from] item: Leftovers
|-heal|p1a: Tyranitar|72/100 tox|[from] item: Leftovers
|-damage|p1a: Tyranitar|53/100 tox|[from] psn
|upkeep
|turn|36
|
|t:|1729387533
|move|p2a: Celebi|Hidden Power|p1a: Tyranitar
|-supereffective|p1a: Tyranitar
|-damage|p1a: Tyranitar|11/100 tox
|move|p1a: Tyranitar|Hidden Power|p2a: Celebi
|-supereffective|p2a: Celebi
|-damage|p2a: Celebi|0 fnt
|faint|p2a: Celebi
|
|t:|1729387552
|switch|p2a: Jirachi|Jirachi|54/100
|
|-weather|Sandstorm|[upkeep]
|-heal|p2a: Jirachi|60/100|[from] item: Leftovers
|-heal|p1a: Tyranitar|17/100 tox|[from] item: Leftovers
|-damage|p1a: Tyranitar|0 fnt|[from] psn
|faint|p1a: Tyranitar
|upkeep
|
|t:|1729387562
|switch|p1a: Gengar|Gengar, F|100/100
|turn|37
|
|t:|1729387568
|move|p2a: Jirachi|Protect|p2a: Jirachi
|-singleturn|p2a: Jirachi|Protect
|move|p1a: Gengar|Hypnosis|p2a: Jirachi
|-activate|p2a: Jirachi|Protect
|
|-weather|Sandstorm|[upkeep]
|-damage|p1a: Gengar|94/100|[from] Sandstorm
|-heal|p1a: Gengar|100/100|[from] item: Leftovers
|-heal|p2a: Jirachi|67/100|[from] item: Leftovers
|upkeep
|turn|38
|
|t:|1729387574
|move|p1a: Gengar|Hypnosis|p2a: Jirachi
|-status|p2a: Jirachi|slp|[from] move: Hypnosis
|cant|p2a: Jirachi|slp
|
|-weather|Sandstorm|[upkeep]
|-damage|p1a: Gengar|94/100|[from] Sandstorm
|-heal|p1a: Gengar|100/100|[from] item: Leftovers
|-heal|p2a: Jirachi|73/100 slp|[from] item: Leftovers
|upkeep
|turn|39
|inactive|Salaryman William has 90 seconds left.
|
|t:|1729387617
|switch|p1a: Swampert|Swampert, M|100/100
|-damage|p1a: Swampert|76/100|[from] Spikes
|cant|p2a: Jirachi|slp
|
|-weather|Sandstorm|[upkeep]
|-heal|p2a: Jirachi|79/100 slp|[from] item: Leftovers
|-heal|p1a: Swampert|82/100|[from] item: Leftovers
|upkeep
|turn|40
|
|t:|1729387633
|switch|p2a: Suicune|Suicune|53/100
|move|p1a: Swampert|Earthquake|p2a: Suicune
|-damage|p2a: Suicune|33/100
|
|-weather|Sandstorm|[upkeep]
|-damage|p2a: Suicune|26/100|[from] Sandstorm
|-heal|p2a: Suicune|33/100|[from] item: Leftovers
|-heal|p1a: Swampert|88/100|[from] item: Leftovers
|upkeep
|turn|41
|inactive|Salaryman William has 60 seconds left.
|
|t:|1729387658
|switch|p1a: Gengar|Gengar, F|100/100
|move|p2a: Suicune|Rest|p2a: Suicune
|-status|p2a: Suicune|slp|[from] move: Rest
|-heal|p2a: Suicune|100/100 slp|[silent]
|
|-weather|Sandstorm|[upkeep]
|-damage|p1a: Gengar|94/100|[from] Sandstorm
|-damage|p2a: Suicune|94/100 slp|[from] Sandstorm
|-heal|p1a: Gengar|100/100|[from] item: Leftovers
|-heal|p2a: Suicune|100/100 slp|[from] item: Leftovers
|upkeep
|turn|42
|inactive|Salaryman William has 60 seconds left.
|
|t:|1729387675
|switch|p1a: Skarmory|Skarmory, F|88/100
|switch|p2a: Jirachi|Jirachi|79/100 slp
|
|-weather|Sandstorm|[upkeep]
|-heal|p2a: Jirachi|85/100 slp|[from] item: Leftovers
|-heal|p1a: Skarmory|94/100|[from] item: Leftovers
|upkeep
|turn|43
|
|t:|1729387679
|cant|p2a: Jirachi|slp
|move|p1a: Skarmory|Spikes|p2a: Jirachi
|-sidestart|p2: Deezcastforms|Spikes
|
|-weather|Sandstorm|[upkeep]
|-heal|p2a: Jirachi|91/100 slp|[from] item: Leftovers
|-heal|p1a: Skarmory|99/100|[from] item: Leftovers
|upkeep
|turn|44
|
|t:|1729387687
|switch|p1a: Gengar|Gengar, F|100/100
|-curestatus|p2a: Jirachi|slp|[msg]
|move|p2a: Jirachi|Fire Punch|p1a: Gengar
|-damage|p1a: Gengar|69/100
|
|-weather|Sandstorm|[upkeep]
|-damage|p1a: Gengar|63/100|[from] Sandstorm
|-heal|p1a: Gengar|69/100|[from] item: Leftovers
|-heal|p2a: Jirachi|98/100|[from] item: Leftovers
|upkeep
|turn|45
|
|t:|1729387701
|move|p1a: Gengar|Hypnosis|p2a: Jirachi
|-status|p2a: Jirachi|slp|[from] move: Hypnosis
|cant|p2a: Jirachi|slp
|
|-weather|Sandstorm|[upkeep]
|-damage|p1a: Gengar|63/100|[from] Sandstorm
|-heal|p1a: Gengar|69/100|[from] item: Leftovers
|-heal|p2a: Jirachi|100/100 slp|[from] item: Leftovers
|upkeep
|turn|46
|
|t:|1729387706
|switch|p1a: Skarmory|Skarmory, F|99/100
|cant|p2a: Jirachi|slp
|
|-weather|Sandstorm|[upkeep]
|-heal|p1a: Skarmory|100/100|[from] item: Leftovers
|upkeep
|turn|47
|
|t:|1729387711
|-curestatus|p2a: Jirachi|slp|[msg]
|move|p2a: Jirachi|Fire Punch|p1a: Skarmory
|-supereffective|p1a: Skarmory
|-damage|p1a: Skarmory|69/100
|move|p1a: Skarmory|Spikes|p2a: Jirachi
|-sidestart|p2: Deezcastforms|Spikes
|
|-weather|Sandstorm|[upkeep]
|-heal|p1a: Skarmory|75/100|[from] item: Leftovers
|upkeep
|turn|48
|inactive|Salaryman William has 90 seconds left.
|
|t:|1729387723
|move|p1a: Skarmory|Protect|p1a: Skarmory
|-singleturn|p1a: Skarmory|Protect
|move|p2a: Jirachi|Wish|p2a: Jirachi
|
|-weather|Sandstorm|[upkeep]
|-heal|p1a: Skarmory|81/100|[from] item: Leftovers
|upkeep
|turn|49
|
|t:|1729387732
|move|p2a: Jirachi|Fire Punch|p1a: Skarmory
|-supereffective|p1a: Skarmory
|-damage|p1a: Skarmory|46/100
|move|p1a: Skarmory|Roar|p2a: Jirachi
|drag|p2a: Claydol|Claydol|20/100
|
|-heal|p2a: Claydol|70/100|[from] move: Wish|[wisher] Jirachi
|-weather|Sandstorm|[upkeep]
|-heal|p2a: Claydol|76/100|[from] item: Leftovers
|-heal|p1a: Skarmory|52/100|[from] item: Leftovers
|upkeep
|turn|50
|
|t:|1729387756
|switch|p2a: Jirachi|Jirachi|100/100
|-damage|p2a: Jirachi|84/100|[from] Spikes
|move|p1a: Skarmory|Toxic|p2a: Jirachi
|-immune|p2a: Jirachi
|
|-weather|Sandstorm|[upkeep]
|-heal|p2a: Jirachi|90/100|[from] item: Leftovers
|-heal|p1a: Skarmory|58/100|[from] item: Leftovers
|upkeep
|turn|51
|
|t:|1729387768
|move|p2a: Jirachi|Fire Punch|p1a: Skarmory
|-supereffective|p1a: Skarmory
|-damage|p1a: Skarmory|24/100
|move|p1a: Skarmory|Spikes|p2a: Jirachi
|-sidestart|p2: Deezcastforms|Spikes
|
|-weather|Sandstorm|[upkeep]
|-heal|p2a: Jirachi|96/100|[from] item: Leftovers
|-heal|p1a: Skarmory|30/100|[from] item: Leftovers
|upkeep
|turn|52
|
|t:|1729387780
|switch|p1a: Swampert|Swampert, M|88/100
|-damage|p1a: Swampert|63/100|[from] Spikes
|move|p2a: Jirachi|Fire Punch|p1a: Swampert
|-resisted|p1a: Swampert
|-damage|p1a: Swampert|55/100
|
|-weather|Sandstorm|[upkeep]
|-heal|p2a: Jirachi|100/100|[from] item: Leftovers
|-heal|p1a: Swampert|62/100|[from] item: Leftovers
|upkeep
|turn|53
|inactive|Salaryman William has 90 seconds left.
|inactive|Deezcastforms has 270 seconds left.
|
|t:|1729387820
|move|p1a: Swampert|Protect|p1a: Swampert
|-singleturn|p1a: Swampert|Protect
|move|p2a: Jirachi|Toxic|p1a: Swampert
|-activate|p1a: Swampert|Protect
|
|-weather|Sandstorm|[upkeep]
|-heal|p1a: Swampert|68/100|[from] item: Leftovers
|upkeep
|turn|54
|inactive|Deezcastforms has 270 seconds left.
|inactive|Salaryman William has 60 seconds left.
|
|t:|1729387851
|switch|p1a: Blissey|Blissey, F|76/100
|-damage|p1a: Blissey|51/100|[from] Spikes
|move|p2a: Jirachi|Toxic|p1a: Blissey
|-status|p1a: Blissey|tox
|
|-weather|Sandstorm|[upkeep]
|-damage|p1a: Blissey|45/100 tox|[from] Sandstorm
|-heal|p1a: Blissey|51/100 tox|[from] item: Leftovers
|-damage|p1a: Blissey|45/100 tox|[from] psn
|upkeep
|turn|55
|
|t:|1729387868
|switch|p2a: Claydol|Claydol|76/100
|move|p1a: Blissey|Soft-Boiled|p1a: Blissey
|-heal|p1a: Blissey|95/100 tox
|
|-weather|Sandstorm|[upkeep]
|-damage|p1a: Blissey|88/100 tox|[from] Sandstorm
|-heal|p2a: Claydol|82/100|[from] item: Leftovers
|-heal|p1a: Blissey|95/100 tox|[from] item: Leftovers
|-damage|p1a: Blissey|82/100 tox|[from] psn
|upkeep
|turn|56
|inactive|Salaryman William has 60 seconds left.
|
|t:|1729387905
|-curestatus|p1a: Blissey|tox|[from] ability: Natural Cure
|switch|p1a: Gengar|Gengar, F|69/100
|move|p2a: Claydol|Psychic|p1a: Gengar
|-supereffective|p1a: Gengar
|-damage|p1a: Gengar|2/100
|
|-weather|Sandstorm|[upkeep]
|-damage|p1a: Gengar|0 fnt|[from] Sandstorm
|faint|p1a: Gengar
|-heal|p2a: Claydol|88/100|[from] item: Leftovers
|upkeep
|
|t:|1729387912
|switch|p1a: Swampert|Swampert, M|68/100
|-damage|p1a: Swampert|43/100|[from] Spikes
|turn|57
|
|t:|1729387923
|move|p2a: Claydol|Rapid Spin|p1a: Swampert
|-damage|p1a: Swampert|40/100
|-sideend|p2: Deezcastforms|Spikes|[from] move: Rapid Spin|[of] p2a: Claydol
|move|p1a: Swampert|Hydro Pump|p2a: Claydol
|-supereffective|p2a: Claydol
|-damage|p2a: Claydol|6/100
|
|-weather|Sandstorm|[upkeep]
|-heal|p2a: Claydol|12/100|[from] item: Leftovers
|-heal|p1a: Swampert|46/100|[from] item: Leftovers
|upkeep
|turn|58
|
|t:|1729387931
|switch|p2a: Suicune|Suicune|100/100 slp
|move|p1a: Swampert|Protect||[still]
|-fail|p1a: Swampert
|
|-weather|Sandstorm|[upkeep]
|-damage|p2a: Suicune|94/100 slp|[from] Sandstorm
|-heal|p2a: Suicune|100/100 slp|[from] item: Leftovers
|-heal|p1a: Swampert|52/100|[from] item: Leftovers
|upkeep
|turn|59
|inactive|Salaryman William has 60 seconds left.
|
|t:|1729387939
|switch|p1a: Skarmory|Skarmory, F|30/100
|cant|p2a: Suicune|slp
|
|-weather|Sandstorm|[upkeep]
|-damage|p2a: Suicune|94/100 slp|[from] Sandstorm
|-heal|p2a: Suicune|100/100 slp|[from] item: Leftovers
|-heal|p1a: Skarmory|36/100|[from] item: Leftovers
|upkeep
|turn|60
|
|t:|1729387945
|cant|p2a: Suicune|slp
|move|p1a: Skarmory|Spikes|p2a: Suicune
|-sidestart|p2: Deezcastforms|Spikes
|
|-weather|Sandstorm|[upkeep]
|-damage|p2a: Suicune|94/100 slp|[from] Sandstorm
|-heal|p2a: Suicune|100/100 slp|[from] item: Leftovers
|-heal|p1a: Skarmory|42/100|[from] item: Leftovers
|upkeep
|turn|61
|
|t:|1729387950
|move|p1a: Skarmory|Protect|p1a: Skarmory
|-singleturn|p1a: Skarmory|Protect
|-curestatus|p2a: Suicune|slp|[msg]
|move|p2a: Suicune|Surf|p1a: Skarmory
|-activate|p1a: Skarmory|Protect
|
|-weather|Sandstorm|[upkeep]
|-damage|p2a: Suicune|94/100|[from] Sandstorm
|-heal|p2a: Suicune|100/100|[from] item: Leftovers
|-heal|p1a: Skarmory|48/100|[from] item: Leftovers
|upkeep
|turn|62
|
|t:|1729387958
|switch|p1a: Blissey|Blissey, F|82/100
|-damage|p1a: Blissey|57/100|[from] Spikes
|move|p2a: Suicune|Surf|p1a: Blissey
|-damage|p1a: Blissey|46/100
|
|-weather|Sandstorm|[upkeep]
|-damage|p2a: Suicune|94/100|[from] Sandstorm
|-damage|p1a: Blissey|39/100|[from] Sandstorm
|-heal|p2a: Suicune|100/100|[from] item: Leftovers
|-heal|p1a: Blissey|46/100|[from] item: Leftovers
|upkeep
|turn|63
|
|t:|1729387966
|switch|p2a: Jirachi|Jirachi|100/100
|-damage|p2a: Jirachi|88/100|[from] Spikes
|move|p1a: Blissey|Soft-Boiled|p1a: Blissey
|-heal|p1a: Blissey|95/100
|
|-weather|Sandstorm|[upkeep]
|-damage|p1a: Blissey|89/100|[from] Sandstorm
|-heal|p2a: Jirachi|94/100|[from] item: Leftovers
|-heal|p1a: Blissey|95/100|[from] item: Leftovers
|upkeep
|turn|64
|
|t:|1729387975
|move|p2a: Jirachi|Toxic|p1a: Blissey
|-status|p1a: Blissey|tox
|move|p1a: Blissey|Seismic Toss|p2a: Jirachi
|-damage|p2a: Jirachi|70/100
|
|-weather|Sandstorm|[upkeep]
|-damage|p1a: Blissey|89/100 tox|[from] Sandstorm
|-heal|p2a: Jirachi|76/100|[from] item: Leftovers
|-heal|p1a: Blissey|95/100 tox|[from] item: Leftovers
|-damage|p1a: Blissey|89/100 tox|[from] psn
|upkeep
|turn|65
|inactive|Salaryman William has 90 seconds left.
|
|t:|1729388009
|move|p2a: Jirachi|Wish|p2a: Jirachi
|move|p1a: Blissey|Ice Beam|p2a: Jirachi
|-resisted|p2a: Jirachi
|-damage|p2a: Jirachi|68/100
|
|-weather|Sandstorm|[upkeep]
|-damage|p1a: Blissey|83/100 tox|[from] Sandstorm
|-heal|p2a: Jirachi|74/100|[from] item: Leftovers
|-heal|p1a: Blissey|89/100 tox|[from] item: Leftovers
|-damage|p1a: Blissey|77/100 tox|[from] psn
|upkeep
|turn|66
|
|t:|1729388018
|move|p2a: Jirachi|Fire Punch|p1a: Blissey
|-damage|p1a: Blissey|69/100 tox
|move|p1a: Blissey|Ice Beam|p2a: Jirachi
|-resisted|p2a: Jirachi
|-damage|p2a: Jirachi|65/100
|
|-heal|p2a: Jirachi|100/100|[from] move: Wish|[wisher] Jirachi
|-weather|Sandstorm|[upkeep]
|-damage|p1a: Blissey|63/100 tox|[from] Sandstorm
|-heal|p1a: Blissey|69/100 tox|[from] item: Leftovers
|-damage|p1a: Blissey|51/100 tox|[from] psn
|upkeep
|turn|67
|
|t:|1729388029
|move|p2a: Jirachi|Fire Punch|p1a: Blissey
|-damage|p1a: Blissey|44/100 tox
|move|p1a: Blissey|Soft-Boiled|p1a: Blissey
|-heal|p1a: Blissey|94/100 tox
|
|-weather|Sandstorm|[upkeep]
|-damage|p1a: Blissey|88/100 tox|[from] Sandstorm
|-heal|p1a: Blissey|94/100 tox|[from] item: Leftovers
|-damage|p1a: Blissey|69/100 tox|[from] psn
|upkeep
|turn|68
|
|t:|1729388036
|-curestatus|p1a: Blissey|tox|[from] ability: Natural Cure
|switch|p1a: Swampert|Swampert, M|52/100
|-damage|p1a: Swampert|27/100|[from] Spikes
|move|p2a: Jirachi|Toxic|p1a: Swampert
|-status|p1a: Swampert|tox
|
|-weather|Sandstorm|[upkeep]
|-heal|p1a: Swampert|34/100 tox|[from] item: Leftovers
|-damage|p1a: Swampert|27/100 tox|[from] psn
|upkeep
|turn|69
|
|t:|1729388056
|move|p2a: Jirachi|Wish|p2a: Jirachi
|move|p1a: Swampert|Hydro Pump|p2a: Jirachi
|-damage|p2a: Jirachi|67/100
|
|-weather|Sandstorm|[upkeep]
|-heal|p2a: Jirachi|73/100|[from] item: Leftovers
|-heal|p1a: Swampert|34/100 tox|[from] item: Leftovers
|-damage|p1a: Swampert|21/100 tox|[from] psn
|upkeep
|turn|70
|
|t:|1729388069
|move|p2a: Jirachi|Protect|p2a: Jirachi
|-singleturn|p2a: Jirachi|Protect
|move|p1a: Swampert|Ice Beam|p2a: Jirachi
|-activate|p2a: Jirachi|Protect
|
|-heal|p2a: Jirachi|100/100|[from] move: Wish|[wisher] Jirachi
|-weather|Sandstorm|[upkeep]
|-heal|p1a: Swampert|27/100 tox|[from] item: Leftovers
|-damage|p1a: Swampert|9/100 tox|[from] psn
|upkeep
|turn|71
|
|t:|1729388088
|switch|p2a: Suicune|Suicune|100/100
|-damage|p2a: Suicune|88/100|[from] Spikes
|move|p1a: Swampert|Ice Beam|p2a: Suicune
|-resisted|p2a: Suicune
|-damage|p2a: Suicune|81/100
|
|-weather|Sandstorm|[upkeep]
|-damage|p2a: Suicune|74/100|[from] Sandstorm
|-heal|p2a: Suicune|81/100|[from] item: Leftovers
|-heal|p1a: Swampert|15/100 tox|[from] item: Leftovers
|-damage|p1a: Swampert|0 fnt|[from] psn
|faint|p1a: Swampert
|upkeep
|
|t:|1729388099
|switch|p1a: Blissey|Blissey, F|69/100
|-damage|p1a: Blissey|44/100|[from] Spikes
|turn|72
|
|t:|1729388107
|switch|p2a: Jirachi|Jirachi|100/100
|-damage|p2a: Jirachi|88/100|[from] Spikes
|move|p1a: Blissey|Soft-Boiled|p1a: Blissey
|-heal|p1a: Blissey|94/100
|
|-weather|Sandstorm|[upkeep]
|-damage|p1a: Blissey|88/100|[from] Sandstorm
|-heal|p2a: Jirachi|94/100|[from] item: Leftovers
|-heal|p1a: Blissey|94/100|[from] item: Leftovers
|upkeep
|turn|73
|
|t:|1729388111
|move|p2a: Jirachi|Toxic|p1a: Blissey
|-status|p1a: Blissey|tox
|move|p1a: Blissey|Ice Beam|p2a: Jirachi
|-resisted|p2a: Jirachi
|-crit|p2a: Jirachi
|-damage|p2a: Jirachi|78/100
|
|-weather|Sandstorm|[upkeep]
|-damage|p1a: Blissey|88/100 tox|[from] Sandstorm
|-heal|p2a: Jirachi|84/100|[from] item: Leftovers
|-heal|p1a: Blissey|94/100 tox|[from] item: Leftovers
|-damage|p1a: Blissey|88/100 tox|[from] psn
|upkeep
|turn|74
|
|t:|1729388122
|-curestatus|p1a: Blissey|tox|[from] ability: Natural Cure
|switch|p1a: Skarmory|Skarmory, F|48/100
|move|p2a: Jirachi|Wish|p2a: Jirachi
|
|-weather|Sandstorm|[upkeep]
|-heal|p2a: Jirachi|91/100|[from] item: Leftovers
|-heal|p1a: Skarmory|54/100|[from] item: Leftovers
|upkeep
|turn|75
|
|t:|1729388139
|switch|p2a: Claydol|Claydol|12/100
|move|p1a: Skarmory|Toxic|p2a: Claydol
|-status|p2a: Claydol|tox
|
|-heal|p2a: Claydol|62/100 tox|[from] move: Wish|[wisher] Jirachi
|-weather|Sandstorm|[upkeep]
|-heal|p2a: Claydol|68/100 tox|[from] item: Leftovers
|-damage|p2a: Claydol|62/100 tox|[from] psn
|-heal|p1a: Skarmory|60/100|[from] item: Leftovers
|upkeep
|turn|76
|inactive|Salaryman William has 120 seconds left.
|
|t:|1729388159
|switch|p2a: Jirachi|Jirachi|91/100
|-damage|p2a: Jirachi|78/100|[from] Spikes
|move|p1a: Skarmory|Protect||[still]
|-fail|p1a: Skarmory
|
|-weather|Sandstorm|[upkeep]
|-heal|p2a: Jirachi|84/100|[from] item: Leftovers
|-heal|p1a: Skarmory|66/100|[from] item: Leftovers
|upkeep
|turn|77
|
|t:|1729388165
|move|p1a: Skarmory|Protect|p1a: Skarmory
|-singleturn|p1a: Skarmory|Protect
|move|p2a: Jirachi|Fire Punch|p1a: Skarmory
|-activate|p1a: Skarmory|Protect
|
|-weather|Sandstorm|[upkeep]
|-heal|p2a: Jirachi|91/100|[from] item: Leftovers
|-heal|p1a: Skarmory|72/100|[from] item: Leftovers
|upkeep
|turn|78
|
|t:|1729388172
|switch|p1a: Blissey|Blissey, F|88/100
|-damage|p1a: Blissey|63/100|[from] Spikes
|move|p2a: Jirachi|Fire Punch|p1a: Blissey
|-crit|p1a: Blissey
|-damage|p1a: Blissey|48/100
|
|-weather|Sandstorm|[upkeep]
|-damage|p1a: Blissey|42/100|[from] Sandstorm
|-heal|p2a: Jirachi|97/100|[from] item: Leftovers
|-heal|p1a: Blissey|48/100|[from] item: Leftovers
|upkeep
|turn|79
|
|t:|1729388185
|move|p2a: Jirachi|Toxic|p1a: Blissey
|-status|p1a: Blissey|tox
|move|p1a: Blissey|Soft-Boiled|p1a: Blissey
|-heal|p1a: Blissey|98/100 tox
|
|-weather|Sandstorm|[upkeep]
|-damage|p1a: Blissey|92/100 tox|[from] Sandstorm
|-heal|p2a: Jirachi|100/100|[from] item: Leftovers
|-heal|p1a: Blissey|98/100 tox|[from] item: Leftovers
|-damage|p1a: Blissey|92/100 tox|[from] psn
|upkeep
|turn|80
|
|t:|1729388190
|move|p2a: Jirachi|Fire Punch|p1a: Blissey
|-damage|p1a: Blissey|85/100 tox
|move|p1a: Blissey|Ice Beam|p2a: Jirachi
|-resisted|p2a: Jirachi
|-damage|p2a: Jirachi|92/100
|
|-weather|Sandstorm|[upkeep]
|-damage|p1a: Blissey|79/100 tox|[from] Sandstorm
|-heal|p2a: Jirachi|99/100|[from] item: Leftovers
|-heal|p1a: Blissey|85/100 tox|[from] item: Leftovers
|-damage|p1a: Blissey|73/100 tox|[from] psn
|upkeep
|turn|81
|
|t:|1729388197
|-curestatus|p1a: Blissey|tox|[from] ability: Natural Cure
|switch|p1a: Skarmory|Skarmory, F|72/100
|move|p2a: Jirachi|Fire Punch|p1a: Skarmory
|-supereffective|p1a: Skarmory
|-damage|p1a: Skarmory|38/100
|
|-weather|Sandstorm|[upkeep]
|-heal|p2a: Jirachi|100/100|[from] item: Leftovers
|-heal|p1a: Skarmory|44/100|[from] item: Leftovers
|upkeep
|turn|82
|inactive|Salaryman William has 150 seconds left.
|
|t:|1729388211
|move|p1a: Skarmory|Protect|p1a: Skarmory
|-singleturn|p1a: Skarmory|Protect
|move|p2a: Jirachi|Toxic|p1a: Skarmory
|-activate|p1a: Skarmory|Protect
|
|-weather|Sandstorm|[upkeep]
|-heal|p1a: Skarmory|50/100|[from] item: Leftovers
|upkeep
|turn|83
|
|t:|1729388219
|move|p2a: Jirachi|Fire Punch|p1a: Skarmory
|-supereffective|p1a: Skarmory
|-damage|p1a: Skarmory|16/100
|move|p1a: Skarmory|Spikes|p2a: Jirachi
|-sidestart|p2: Deezcastforms|Spikes
|
|-weather|Sandstorm|[upkeep]
|-heal|p1a: Skarmory|22/100|[from] item: Leftovers
|upkeep
|turn|84
|
|t:|1729388223
|move|p1a: Skarmory|Protect|p1a: Skarmory
|-singleturn|p1a: Skarmory|Protect
|move|p2a: Jirachi|Fire Punch|p1a: Skarmory
|-activate|p1a: Skarmory|Protect
|
|-weather|Sandstorm|[upkeep]
|-heal|p1a: Skarmory|28/100|[from] item: Leftovers
|upkeep
|turn|85
|
|t:|1729388230
|switch|p1a: Blissey|Blissey, F|73/100
|-damage|p1a: Blissey|48/100|[from] Spikes
|move|p2a: Jirachi|Fire Punch|p1a: Blissey
|-damage|p1a: Blissey|41/100
|-status|p1a: Blissey|brn
|
|-weather|Sandstorm|[upkeep]
|-damage|p1a: Blissey|35/100 brn|[from] Sandstorm
|-heal|p1a: Blissey|41/100 brn|[from] item: Leftovers
|-damage|p1a: Blissey|29/100 brn|[from] brn
|upkeep
|turn|86
|
|t:|1729388243
|switch|p2a: Claydol|Claydol|62/100 tox
|move|p1a: Blissey|Soft-Boiled|p1a: Blissey
|-heal|p1a: Blissey|79/100 brn
|
|-weather|Sandstorm|[upkeep]
|-damage|p1a: Blissey|72/100 brn|[from] Sandstorm
|-heal|p2a: Claydol|68/100 tox|[from] item: Leftovers
|-damage|p2a: Claydol|62/100 tox|[from] psn
|-heal|p1a: Blissey|79/100 brn|[from] item: Leftovers
|-damage|p1a: Blissey|66/100 brn|[from] brn
|upkeep
|turn|87
|inactive|Salaryman William has 180 seconds left.
|
|t:|1729388265
|-curestatus|p1a: Blissey|brn|[from] ability: Natural Cure
|switch|p1a: Skarmory|Skarmory, F|28/100
|move|p2a: Claydol|Explosion|p1a: Skarmory
|-resisted|p1a: Skarmory
|-damage|p1a: Skarmory|0 fnt
|faint|p2a: Claydol
|faint|p1a: Skarmory
|
|t:|1729388270
|switch|p2a: Jirachi|Jirachi|100/100
|switch|p1a: Blissey|Blissey, F|66/100
|-damage|p2a: Jirachi|84/100|[from] Spikes
|-damage|p1a: Blissey|41/100|[from] Spikes
|
|-weather|Sandstorm|[upkeep]
|-damage|p1a: Blissey|35/100|[from] Sandstorm
|-heal|p2a: Jirachi|90/100|[from] item: Leftovers
|-heal|p1a: Blissey|41/100|[from] item: Leftovers
|upkeep
|turn|88
|
|t:|1729388273
|move|p2a: Jirachi|Toxic|p1a: Blissey|[miss]
|-miss|p2a: Jirachi|p1a: Blissey
|move|p1a: Blissey|Ice Beam|p2a: Jirachi
|-resisted|p2a: Jirachi
|-damage|p2a: Jirachi|82/100
|
|-weather|Sandstorm|[upkeep]
|-damage|p1a: Blissey|35/100|[from] Sandstorm
|-heal|p2a: Jirachi|89/100|[from] item: Leftovers
|-heal|p1a: Blissey|41/100|[from] item: Leftovers
|upkeep
|turn|89
|
|t:|1729388278
|move|p2a: Jirachi|Toxic|p1a: Blissey
|-status|p1a: Blissey|tox
|move|p1a: Blissey|Ice Beam|p2a: Jirachi
|-resisted|p2a: Jirachi
|-damage|p2a: Jirachi|81/100
|
|-weather|Sandstorm|[upkeep]
|-damage|p1a: Blissey|35/100 tox|[from] Sandstorm
|-heal|p2a: Jirachi|87/100|[from] item: Leftovers
|-heal|p1a: Blissey|41/100 tox|[from] item: Leftovers
|-damage|p1a: Blissey|35/100 tox|[from] psn
|upkeep
|turn|90
|-message|Salaryman William forfeited.
|
|win|Deezcastforms
|c|☆Deezcastforms|ggs
|c|☆Salaryman William|gg

</script>
<script type="application/json" class="data" id="replaydata-smogtours-gen3ou-800221">
{"id":"smogtours-gen3ou-800221","format":"[Gen 3] OU","players":["Salaryman William","Deezcastforms"],"uploadtime":1729388281,"views":106,"formatid":"gen3ou","rating":null,"private":0,"password":null}
</script>

<script defer src="js/replays.js?9d40a366"></script>
