<!DOCTYPE html>
<meta charset="utf-8" />
<meta name="viewport" content="width=device-width" />

<title>[Gen 3] OU: Garpachi vs. tycarter - Replays - Pok&eacute;mon Showdown!</title>

<meta name="description" content="Watch a replay of a Pok&eacute;mon battle between Garpachi and tycarter! Format: [Gen 3] OU; Date: Oct 20, 2024" />
<!--

Hey, you! Looking in the source for the replay log?

You can find them in JSON format, just add `.json` at the end of a replay URL.

https://replay.pokemonshowdown.com/gen7randomdoublesbattle-865046831.json

Or, if you only need the log itself, add `.log` instead:

https://replay.pokemonshowdown.com/gen7randomdoublesbattle-865046831.log

-->

<link rel="stylesheet" href="//pokemonshowdown.com/style/global.css?0.023195364461161105" />
<link rel="stylesheet" href="//play.pokemonshowdown.com/style/font-awesome.css?0.13261647063804238" />
<link rel="stylesheet" href="//play.pokemonshowdown.com/style/battle.css?0.8753245789963631" />
<link rel="stylesheet" href="//play.pokemonshowdown.com/style/utilichart.css?0.8627959624976733" />

<!-- Global site tag (gtag.js) - Google Analytics -->
<script async src="https://www.googletagmanager.com/gtag/js?id=UA-26211653-1"></script>
<script>
  window.dataLayer = window.dataLayer || [];
  function gtag(){dataLayer.push(arguments);}
  gtag('js', new Date());

  gtag('config', 'UA-26211653-1');
</script>
<!-- End Google Analytics -->
<!-- Venatus Ad Manager - Install in <HEAD> of page -->
	<script src="https://hb.vntsm.com/v3/live/ad-manager.min.js" type="text/javascript" data-site-id="642aba63ec9a7b11c3c9c1be" data-mode="scan" async></script>
<!-- / Venatus Ad Manager -->

<style>
	@media (max-width:820px) {
		.battle {
			margin: 0 auto;
		}
		.battle-log {
			margin: 7px auto 0;
			max-width: 640px;
			height: 300px;
			position: static;
		}
	}
	.optgroup {
		display: inline-block;
		line-height: 22px;
		font-size: 10pt;
	}
	.optgroup .button {
		height: 25px;
		padding-top: 0;
		padding-bottom: 0;
	}
	.optgroup button.button {
		padding-left: 12px;
		padding-right: 12px;
	}
	.linklist {
		list-style: none;
		margin: 0.5em 0;
		padding: 0;
	}
	.linklist li {
		padding: 2px 0;
	}
	.sidebar {
		float: left;
		width: 320px;
	}
	.bar-wrapper {
		max-width: 1100px;
		margin: 0 auto;
	}
	.bar-wrapper.has-sidebar {
		max-width: 1430px;
	}
	.mainbar {
		margin: 0;
		padding-right: 1px;
	}
	.mainbar.has-sidebar {
		margin-left: 330px;
	}
	@media (min-width: 1511px) {
		.sidebar {
			width: 400px;
		}
		.bar-wrapper.has-sidebar {
			max-width: 1510px;
		}
		.mainbar.has-sidebar {
			margin-left: 410px;
		}
	}
	.section.first-section {
		margin-top: 9px;
	}
	.blocklink small {
		white-space: normal;
	}
	.button {
		vertical-align: middle;
	}
	.replay-controls {
		padding-top: 10px;
	}
	.replay-controls h1 {
		font-size: 16pt;
		font-weight: normal;
		color: #CCC;
	}
	.pagelink {
		text-align: center;
	}
	.pagelink a {
		width: 150px;
	}
	.textbox, .button {
		font-size: 11pt;
		vertical-align: middle;
	}
	@media (max-width: 450px) {
		.button {
			font-size: 9pt;
		}
	}
</style>

<div>

	<header>
		<div class="nav-wrapper"><ul class="nav">
			<li><a class="button nav-first" href="//pokemonshowdown.com/"><img src="//pokemonshowdown.com/images/pokemonshowdownbeta.png" srcset="//pokemonshowdown.com/images/pokemonshowdownbeta.png 1x, //pokemonshowdown.com/images/pokemonshowdownbeta@2x.png 2x" alt="Pok&eacute;mon Showdown" width="146" height="44" /> Home</a></li>
			<li><a class="button" href="//pokemonshowdown.com/dex/">Pok&eacute;dex</a></li>
			<li><a class="button cur" href="/">Replays</a></li>
			<li><a class="button" href="//pokemonshowdown.com/ladder/">Ladder</a></li>
			<li><a class="button nav-last" href="//pokemonshowdown.com/forums/">Forum</a></li>
			<li><a class="button greenbutton nav-first nav-last" href="//play.pokemonshowdown.com/">Play</a></li>
		</ul></div>
	</header>

	<div class="main" id="main">

		<noscript><section class="section">You need to enable JavaScript to use this page; sorry!</section></noscript>

	</div>

</div>

<script defer nomodule src="//play.pokemonshowdown.com/js/lib/ps-polyfill.js"></script>
<script defer src="//play.pokemonshowdown.com/js/lib/preact.min.js"></script>

<script defer src="//play.pokemonshowdown.com/config/config.js?2bddbc15"></script>
<script defer src="//play.pokemonshowdown.com/js/lib/jquery-1.11.0.min.js"></script>
<script defer src="//play.pokemonshowdown.com/js/lib/html-sanitizer-minified.js"></script>
<script defer src="//play.pokemonshowdown.com/js/battle-sound.js"></script>
<script defer src="//play.pokemonshowdown.com/js/battledata.js?0.7209276989879541"></script>
<script defer src="//play.pokemonshowdown.com/data/pokedex-mini.js?0.6111056340867951"></script>
<script defer src="//play.pokemonshowdown.com/data/pokedex-mini-bw.js?0.3532142036491459"></script>
<script defer src="//play.pokemonshowdown.com/data/graphics.js?0.24223875632456182"></script>
<script defer src="//play.pokemonshowdown.com/data/pokedex.js?0.38839984266356864"></script>
<script defer src="//play.pokemonshowdown.com/data/moves.js?0.21866028504024015"></script>
<script defer src="//play.pokemonshowdown.com/data/abilities.js?0.2005157953846628"></script>
<script defer src="//play.pokemonshowdown.com/data/items.js?0.9894211263848525"></script>
<script defer src="//play.pokemonshowdown.com/data/teambuilder-tables.js?0.6008791140282215"></script>
<script defer src="//play.pokemonshowdown.com/js/battle-tooltips.js?0.7580118955022959"></script>
<script defer src="//play.pokemonshowdown.com/js/battle.js?0.6057722274234274"></script>

<script defer src="js/utils.js?e31f9a17"></script>
<script defer src="js/replays-battle.js?7008c182"></script>

<!-- don't scrape this data! just add .json or .log after the URL!
Full API docs: https://github.com/smogon/pokemon-showdown-client/blob/master/WEB-API.md -->
<script type="text/plain" class="log" id="replaylog-smogtours-gen3ou-800272">
|inactive|Battle timer is ON: inactive players will automatically lose when time's up.
|t:|1729394976
|gametype|singles
|player|p1|Garpachi|maid|
|player|p2|tycarter|#lcplxiiipipluppatrol|
|teamsize|p1|6
|teamsize|p2|6
|gen|3
|tier|[Gen 3] OU
|rule|Sleep Clause Mod: Limit one foe put to sleep
|rule|Switch Priority Clause Mod: Faster Pokémon switch first
|rule|Species Clause: Limit one of each Pokémon
|rule|OHKO Clause: OHKO moves are banned
|rule|Evasion Items Clause: Evasion items are banned
|rule|Evasion Moves Clause: Evasion moves are banned
|rule|Endless Battle Clause: Forcing endless battles is banned
|rule|HP Percentage Mod: HP is shown in percentages
|rule|One Boost Passer Clause: Limit one Baton Passer that has a way to boost its stats
|rule|Freeze Clause Mod: Limit one foe frozen
|
|t:|1729394976
|start
|switch|p1a: Fish|Vaporeon, F, shiny|100/100
|switch|p2a: Tyranitar|Tyranitar, F|100/100
|-weather|Sandstorm|[from] ability: Sand Stream|[of] p2a: Tyranitar
|turn|1
|inactive|tycarter has 270 seconds left.
|
|t:|1729395011
|switch|p2a: Celebi|Celebi|100/100
|move|p1a: Fish|Substitute|p1a: Fish
|-start|p1a: Fish|Substitute
|-damage|p1a: Fish|75/100
|
|-weather|Sandstorm|[upkeep]
|-damage|p2a: Celebi|94/100|[from] Sandstorm
|-damage|p1a: Fish|69/100|[from] Sandstorm
|-heal|p2a: Celebi|100/100|[from] item: Leftovers
|-heal|p1a: Fish|75/100|[from] item: Leftovers
|upkeep
|turn|2
|
|t:|1729395020
|move|p2a: Celebi|Psychic|p1a: Fish
|-end|p1a: Fish|Substitute
|move|p1a: Fish|Ice Beam|p2a: Celebi
|-supereffective|p2a: Celebi
|-damage|p2a: Celebi|49/100
|
|-weather|Sandstorm|[upkeep]
|-damage|p2a: Celebi|42/100|[from] Sandstorm
|-damage|p1a: Fish|69/100|[from] Sandstorm
|-heal|p2a: Celebi|49/100|[from] item: Leftovers
|-heal|p1a: Fish|75/100|[from] item: Leftovers
|upkeep
|turn|3
|
|t:|1729395036
|move|p2a: Celebi|Giga Drain|p1a: Fish
|-supereffective|p1a: Fish
|-damage|p1a: Fish|26/100
|-heal|p2a: Celebi|73/100|[from] drain|[of] p1a: Fish
|move|p1a: Fish|Baton Pass|p1a: Fish
|
|t:|1729395041
|switch|p1a: Simon the Digger|Dugtrio, M|100/100|[from] Baton Pass
|
|-weather|Sandstorm|[upkeep]
|-damage|p2a: Celebi|67/100|[from] Sandstorm
|-heal|p2a: Celebi|73/100|[from] item: Leftovers
|upkeep
|turn|4
|
|t:|1729395047
|move|p1a: Simon the Digger|Hidden Power|p2a: Celebi
|-supereffective|p2a: Celebi
|-damage|p2a: Celebi|0 fnt
|faint|p2a: Celebi
|
|t:|1729395063
|switch|p2a: Skarmory|Skarmory, M|100/100
|
|-weather|Sandstorm|[upkeep]
|upkeep
|turn|5
|
|t:|1729395083
|switch|p1a: (Onion Joke)|Celebi|100/100
|move|p2a: Skarmory|Spikes|p1a: (Onion Joke)
|-sidestart|p1: Garpachi|Spikes
|
|-weather|Sandstorm|[upkeep]
|-damage|p1a: (Onion Joke)|94/100|[from] Sandstorm
|-heal|p1a: (Onion Joke)|100/100|[from] item: Leftovers
|upkeep
|turn|6
|
|t:|1729395090
|move|p1a: (Onion Joke)|Leech Seed|p2a: Skarmory
|-start|p2a: Skarmory|move: Leech Seed
|move|p2a: Skarmory|Roar|p1a: (Onion Joke)
|drag|p1a: Electric Batman|Zapdos|100/100
|
|-weather|Sandstorm|[upkeep]
|-damage|p1a: Electric Batman|94/100|[from] Sandstorm
|-heal|p1a: Electric Batman|100/100|[from] item: Leftovers
|-damage|p2a: Skarmory|88/100|[from] Leech Seed|[of] p1a: Electric Batman
|upkeep
|turn|7
|
|t:|1729395102
|switch|p2a: Swampert|Swampert, M|100/100
|move|p1a: Electric Batman|Substitute|p1a: Electric Batman
|-start|p1a: Electric Batman|Substitute
|-damage|p1a: Electric Batman|76/100
|
|-weather|Sandstorm|[upkeep]
|-damage|p1a: Electric Batman|69/100|[from] Sandstorm
|-heal|p1a: Electric Batman|76/100|[from] item: Leftovers
|upkeep
|turn|8
|
|t:|1729395111
|move|p1a: Electric Batman|Hidden Power|p2a: Swampert
|-supereffective|p2a: Swampert
|-damage|p2a: Swampert|4/100
|move|p2a: Swampert|Ice Beam|p1a: Electric Batman
|-supereffective|p1a: Electric Batman
|-end|p1a: Electric Batman|Substitute
|
|-weather|Sandstorm|[upkeep]
|-damage|p1a: Electric Batman|69/100|[from] Sandstorm
|-heal|p1a: Electric Batman|76/100|[from] item: Leftovers
|-heal|p2a: Swampert|10/100|[from] item: Leftovers
|upkeep
|turn|9
|
|t:|1729395126
|switch|p2a: Jirachi|Jirachi|100/100
|move|p1a: Electric Batman|Substitute|p1a: Electric Batman
|-start|p1a: Electric Batman|Substitute
|-damage|p1a: Electric Batman|51/100
|
|-weather|Sandstorm|[upkeep]
|-damage|p1a: Electric Batman|45/100|[from] Sandstorm
|-heal|p1a: Electric Batman|51/100|[from] item: Leftovers
|upkeep
|turn|10
|
|t:|1729395134
|move|p1a: Electric Batman|Thunderbolt|p2a: Jirachi
|-damage|p2a: Jirachi|38/100
|move|p2a: Jirachi|Body Slam|p1a: Electric Batman
|-end|p1a: Electric Batman|Substitute
|
|-weather|Sandstorm|[upkeep]
|-damage|p1a: Electric Batman|45/100|[from] Sandstorm
|-heal|p1a: Electric Batman|51/100|[from] item: Leftovers
|-heal|p2a: Jirachi|44/100|[from] item: Leftovers
|upkeep
|turn|11
|
|t:|1729395147
|move|p1a: Electric Batman|Thunderbolt|p2a: Jirachi
|-damage|p2a: Jirachi|0 fnt
|faint|p2a: Jirachi
|
|t:|1729395149
|switch|p2a: Aerodactyl|Aerodactyl, F|100/100
|
|-weather|Sandstorm|[upkeep]
|-damage|p1a: Electric Batman|45/100|[from] Sandstorm
|-heal|p1a: Electric Batman|51/100|[from] item: Leftovers
|upkeep
|turn|12
|
|t:|1729395158
|switch|p1a: Nuclear Countdown|Metagross, shiny|100/100
|-damage|p1a: Nuclear Countdown|88/100|[from] Spikes
|move|p2a: Aerodactyl|Double-Edge|p1a: Nuclear Countdown
|-resisted|p1a: Nuclear Countdown
|-damage|p1a: Nuclear Countdown|70/100
|
|-weather|Sandstorm|[upkeep]
|-heal|p1a: Nuclear Countdown|76/100|[from] item: Leftovers
|upkeep
|turn|13
|
|t:|1729395170
|switch|p2a: Skarmory|Skarmory, M|88/100
|switch|p1a: Electric Batman|Zapdos|51/100
|
|-weather|Sandstorm|[upkeep]
|-damage|p1a: Electric Batman|45/100|[from] Sandstorm
|-heal|p1a: Electric Batman|51/100|[from] item: Leftovers
|-heal|p2a: Skarmory|94/100|[from] item: Leftovers
|upkeep
|turn|14
|
|t:|1729395182
|switch|p2a: Swampert|Swampert, M|10/100
|move|p1a: Electric Batman|Thunderbolt|p2a: Swampert
|-immune|p2a: Swampert
|
|-weather|Sandstorm|[upkeep]
|-damage|p1a: Electric Batman|45/100|[from] Sandstorm
|-heal|p1a: Electric Batman|51/100|[from] item: Leftovers
|-heal|p2a: Swampert|17/100|[from] item: Leftovers
|upkeep
|turn|15
|
|t:|1729395197
|switch|p2a: Aerodactyl|Aerodactyl, F|100/100
|move|p1a: Electric Batman|Baton Pass|p1a: Electric Batman
|
|t:|1729395218
|switch|p1a: Fish|Vaporeon, F, shiny|26/100|[from] Baton Pass
|-damage|p1a: Fish|14/100|[from] Spikes
|
|-weather|Sandstorm|[upkeep]
|-damage|p1a: Fish|7/100|[from] Sandstorm
|-heal|p1a: Fish|14/100|[from] item: Leftovers
|upkeep
|turn|16
|
|t:|1729395226
|move|p2a: Aerodactyl|Double-Edge|p1a: Fish
|-damage|p1a: Fish|0 fnt
|faint|p1a: Fish
|inactive|Garpachi has 270 seconds left.
|
|t:|1729395251
|switch|p1a: Industrial Cleaner|Starmie|100/100
|-damage|p1a: Industrial Cleaner|88/100|[from] Spikes
|
|-weather|Sandstorm|[upkeep]
|-damage|p1a: Industrial Cleaner|82/100|[from] Sandstorm
|-heal|p1a: Industrial Cleaner|88/100|[from] item: Leftovers
|upkeep
|turn|17
|inactive|Garpachi has 270 seconds left.
|
|t:|1729395267
|switch|p2a: Swampert|Swampert, M|17/100
|move|p1a: Industrial Cleaner|Hydro Pump|p2a: Swampert
|-damage|p2a: Swampert|0 fnt
|faint|p2a: Swampert
|inactive|tycarter has 270 seconds left.
|
|t:|1729395306
|switch|p2a: Skarmory|Skarmory, M|94/100
|
|-weather|Sandstorm|[upkeep]
|-damage|p1a: Industrial Cleaner|82/100|[from] Sandstorm
|-heal|p1a: Industrial Cleaner|88/100|[from] item: Leftovers
|-heal|p2a: Skarmory|99/100|[from] item: Leftovers
|upkeep
|turn|18
|inactive|Garpachi has 270 seconds left.
|
|t:|1729395322
|move|p1a: Industrial Cleaner|Thunderbolt|p2a: Skarmory
|-supereffective|p2a: Skarmory
|-damage|p2a: Skarmory|45/100
|move|p2a: Skarmory|Drill Peck|p1a: Industrial Cleaner
|-damage|p1a: Industrial Cleaner|53/100
|
|-weather|Sandstorm|[upkeep]
|-damage|p1a: Industrial Cleaner|47/100|[from] Sandstorm
|-heal|p1a: Industrial Cleaner|53/100|[from] item: Leftovers
|-heal|p2a: Skarmory|51/100|[from] item: Leftovers
|upkeep
|turn|19
|inactive|tycarter has 270 seconds left.
|inactive|Garpachi has 270 seconds left.
|inactive|tycarter has 240 seconds left.
|inactive|Garpachi has 240 seconds left.
|
|t:|1729395369
|move|p1a: Industrial Cleaner|Hydro Pump|p2a: Skarmory|[miss]
|-miss|p1a: Industrial Cleaner|p2a: Skarmory
|move|p2a: Skarmory|Drill Peck|p1a: Industrial Cleaner
|-damage|p1a: Industrial Cleaner|17/100
|
|-weather|Sandstorm|[upkeep]
|-damage|p1a: Industrial Cleaner|11/100|[from] Sandstorm
|-heal|p1a: Industrial Cleaner|17/100|[from] item: Leftovers
|-heal|p2a: Skarmory|57/100|[from] item: Leftovers
|upkeep
|turn|20
|inactive|Garpachi has 240 seconds left.
|
|t:|1729395384
|switch|p1a: Electric Batman|Zapdos|51/100
|move|p2a: Skarmory|Drill Peck|p1a: Electric Batman
|-resisted|p1a: Electric Batman
|-damage|p1a: Electric Batman|37/100
|
|-weather|Sandstorm|[upkeep]
|-damage|p1a: Electric Batman|31/100|[from] Sandstorm
|-heal|p1a: Electric Batman|37/100|[from] item: Leftovers
|-heal|p2a: Skarmory|63/100|[from] item: Leftovers
|upkeep
|turn|21
|inactive|tycarter has 240 seconds left.
|inactive|Garpachi has 240 seconds left.
|inactive|tycarter has 210 seconds left.
|
|t:|1729395422
|move|p1a: Electric Batman|Thunderbolt|p2a: Skarmory
|-supereffective|p2a: Skarmory
|-damage|p2a: Skarmory|0 fnt
|faint|p2a: Skarmory
|
|t:|1729395424
|switch|p2a: Tyranitar|Tyranitar, F|100/100
|
|-weather|Sandstorm|[upkeep]
|-damage|p1a: Electric Batman|31/100|[from] Sandstorm
|-heal|p1a: Electric Batman|37/100|[from] item: Leftovers
|upkeep
|turn|22
|inactive|Garpachi has 240 seconds left.
|
|t:|1729395446
|move|p1a: Electric Batman|Thunderbolt|p2a: Tyranitar
|-damage|p2a: Tyranitar|57/100
|move|p2a: Tyranitar|Dragon Dance|p2a: Tyranitar
|-boost|p2a: Tyranitar|atk|1
|-boost|p2a: Tyranitar|spe|1
|
|-weather|Sandstorm|[upkeep]
|-damage|p1a: Electric Batman|31/100|[from] Sandstorm
|-heal|p2a: Tyranitar|63/100|[from] item: Leftovers
|-heal|p1a: Electric Batman|37/100|[from] item: Leftovers
|upkeep
|turn|23
|
|t:|1729395469
|move|p2a: Tyranitar|Dragon Dance|p2a: Tyranitar
|-boost|p2a: Tyranitar|atk|1
|-boost|p2a: Tyranitar|spe|1
|move|p1a: Electric Batman|Thunderbolt|p2a: Tyranitar
|-damage|p2a: Tyranitar|17/100
|
|-weather|Sandstorm|[upkeep]
|-damage|p1a: Electric Batman|31/100|[from] Sandstorm
|-heal|p2a: Tyranitar|23/100|[from] item: Leftovers
|-heal|p1a: Electric Batman|37/100|[from] item: Leftovers
|upkeep
|turn|24
|
|t:|1729395487
|move|p2a: Tyranitar|Double-Edge|p1a: Electric Batman
|-damage|p1a: Electric Batman|0 fnt
|-damage|p2a: Tyranitar|13/100|[from] Recoil|[of] p1a: Electric Batman
|faint|p1a: Electric Batman
|inactive|Garpachi has 210 seconds left.
|
|t:|1729395528
|switch|p1a: (Onion Joke)|Celebi|100/100
|-damage|p1a: (Onion Joke)|88/100|[from] Spikes
|
|-weather|Sandstorm|[upkeep]
|-damage|p1a: (Onion Joke)|82/100|[from] Sandstorm
|-heal|p2a: Tyranitar|20/100|[from] item: Leftovers
|-heal|p1a: (Onion Joke)|88/100|[from] item: Leftovers
|upkeep
|turn|25
|inactive|Garpachi has 180 seconds left.
|inactive|tycarter has 210 seconds left.
|
|t:|1729395574
|switch|p1a: Industrial Cleaner|Starmie|17/100
|-damage|p1a: Industrial Cleaner|5/100|[from] Spikes
|move|p2a: Tyranitar|Double-Edge|p1a: Industrial Cleaner
|-damage|p1a: Industrial Cleaner|0 fnt
|-damage|p2a: Tyranitar|19/100|[from] Recoil|[of] p1a: Industrial Cleaner
|faint|p1a: Industrial Cleaner
|
|t:|1729395585
|switch|p1a: (Onion Joke)|Celebi|88/100
|-damage|p1a: (Onion Joke)|75/100|[from] Spikes
|
|-weather|Sandstorm|[upkeep]
|-damage|p1a: (Onion Joke)|69/100|[from] Sandstorm
|-heal|p2a: Tyranitar|25/100|[from] item: Leftovers
|-heal|p1a: (Onion Joke)|75/100|[from] item: Leftovers
|upkeep
|turn|26
|
|t:|1729395592
|switch|p1a: Simon the Digger|Dugtrio, M|100/100
|-damage|p1a: Simon the Digger|88/100|[from] Spikes
|move|p2a: Tyranitar|Rock Slide|p1a: Simon the Digger
|-resisted|p1a: Simon the Digger
|-damage|p1a: Simon the Digger|0 fnt
|faint|p1a: Simon the Digger
|
|t:|1729395601
|switch|p1a: (Onion Joke)|Celebi|75/100
|-damage|p1a: (Onion Joke)|63/100|[from] Spikes
|
|-weather|Sandstorm|[upkeep]
|-damage|p1a: (Onion Joke)|57/100|[from] Sandstorm
|-heal|p2a: Tyranitar|31/100|[from] item: Leftovers
|-heal|p1a: (Onion Joke)|63/100|[from] item: Leftovers
|upkeep
|turn|27
|
|t:|1729395611
|move|p2a: Tyranitar|Rock Slide|p1a: (Onion Joke)
|-damage|p1a: (Onion Joke)|0 fnt
|faint|p1a: (Onion Joke)
|
|t:|1729395616
|switch|p1a: Nuclear Countdown|Metagross, shiny|76/100
|-damage|p1a: Nuclear Countdown|64/100|[from] Spikes
|
|-weather|Sandstorm|[upkeep]
|-heal|p2a: Tyranitar|37/100|[from] item: Leftovers
|-heal|p1a: Nuclear Countdown|70/100|[from] item: Leftovers
|upkeep
|turn|28
|inactive|Garpachi has 180 seconds left.
|
|t:|1729395625
|move|p1a: Nuclear Countdown|Protect|p1a: Nuclear Countdown
|-singleturn|p1a: Nuclear Countdown|Protect
|move|p2a: Tyranitar|Earthquake|p1a: Nuclear Countdown
|-activate|p1a: Nuclear Countdown|Protect
|
|-weather|Sandstorm|[upkeep]
|-heal|p2a: Tyranitar|44/100|[from] item: Leftovers
|-heal|p1a: Nuclear Countdown|76/100|[from] item: Leftovers
|upkeep
|turn|29
|
|t:|1729395634
|move|p2a: Tyranitar|Earthquake|p1a: Nuclear Countdown
|-supereffective|p1a: Nuclear Countdown
|-damage|p1a: Nuclear Countdown|0 fnt
|faint|p1a: Nuclear Countdown
|
|win|tycarter
|c|☆Garpachi|gg
|c|☆tycarter|/log tycarter made the replay of this battle unlisted.
|c|☆tycarter|gg

</script>
<script type="application/json" class="data" id="replaydata-smogtours-gen3ou-800272">
{"id":"smogtours-gen3ou-800272","format":"[Gen 3] OU","players":["Garpachi","tycarter"],"uploadtime":1729395634,"views":110,"formatid":"gen3ou","rating":null,"private":1,"password":null}
</script>

<script defer src="js/replays.js?9d40a366"></script>
