<!DOCTYPE html>
<meta charset="utf-8" />
<meta name="viewport" content="width=device-width" />

<title>[Gen 3] OU: LE DZ ORIGINEL vs. UponLink - Replays - Pok&eacute;mon Showdown!</title>

<meta name="description" content="Watch a replay of a Pok&eacute;mon battle between LE DZ ORIGINEL and UponLink! Format: [Gen 3] OU; Date: Oct 17, 2024" />
<!--

Hey, you! Looking in the source for the replay log?

You can find them in JSON format, just add `.json` at the end of a replay URL.

https://replay.pokemonshowdown.com/gen7randomdoublesbattle-865046831.json

Or, if you only need the log itself, add `.log` instead:

https://replay.pokemonshowdown.com/gen7randomdoublesbattle-865046831.log

-->

<link rel="stylesheet" href="//pokemonshowdown.com/style/global.css?0.767286132409787" />
<link rel="stylesheet" href="//play.pokemonshowdown.com/style/font-awesome.css?0.9266228007934947" />
<link rel="stylesheet" href="//play.pokemonshowdown.com/style/battle.css?0.7924700842790926" />
<link rel="stylesheet" href="//play.pokemonshowdown.com/style/utilichart.css?0.8777417872839479" />

<!-- Global site tag (gtag.js) - Google Analytics -->
<script async src="https://www.googletagmanager.com/gtag/js?id=UA-26211653-1"></script>
<script>
  window.dataLayer = window.dataLayer || [];
  function gtag(){dataLayer.push(arguments);}
  gtag('js', new Date());

  gtag('config', 'UA-26211653-1');
</script>
<!-- End Google Analytics -->
<!-- Venatus Ad Manager - Install in <HEAD> of page -->
	<script src="https://hb.vntsm.com/v3/live/ad-manager.min.js" type="text/javascript" data-site-id="642aba63ec9a7b11c3c9c1be" data-mode="scan" async></script>
<!-- / Venatus Ad Manager -->

<style>
	@media (max-width:820px) {
		.battle {
			margin: 0 auto;
		}
		.battle-log {
			margin: 7px auto 0;
			max-width: 640px;
			height: 300px;
			position: static;
		}
	}
	.optgroup {
		display: inline-block;
		line-height: 22px;
		font-size: 10pt;
	}
	.optgroup .button {
		height: 25px;
		padding-top: 0;
		padding-bottom: 0;
	}
	.optgroup button.button {
		padding-left: 12px;
		padding-right: 12px;
	}
	.linklist {
		list-style: none;
		margin: 0.5em 0;
		padding: 0;
	}
	.linklist li {
		padding: 2px 0;
	}
	.sidebar {
		float: left;
		width: 320px;
	}
	.bar-wrapper {
		max-width: 1100px;
		margin: 0 auto;
	}
	.bar-wrapper.has-sidebar {
		max-width: 1430px;
	}
	.mainbar {
		margin: 0;
		padding-right: 1px;
	}
	.mainbar.has-sidebar {
		margin-left: 330px;
	}
	@media (min-width: 1511px) {
		.sidebar {
			width: 400px;
		}
		.bar-wrapper.has-sidebar {
			max-width: 1510px;
		}
		.mainbar.has-sidebar {
			margin-left: 410px;
		}
	}
	.section.first-section {
		margin-top: 9px;
	}
	.blocklink small {
		white-space: normal;
	}
	.button {
		vertical-align: middle;
	}
	.replay-controls {
		padding-top: 10px;
	}
	.replay-controls h1 {
		font-size: 16pt;
		font-weight: normal;
		color: #CCC;
	}
	.pagelink {
		text-align: center;
	}
	.pagelink a {
		width: 150px;
	}
	.textbox, .button {
		font-size: 11pt;
		vertical-align: middle;
	}
	@media (max-width: 450px) {
		.button {
			font-size: 9pt;
		}
	}
</style>

<div>

	<header>
		<div class="nav-wrapper"><ul class="nav">
			<li><a class="button nav-first" href="//pokemonshowdown.com/"><img src="//pokemonshowdown.com/images/pokemonshowdownbeta.png" srcset="//pokemonshowdown.com/images/pokemonshowdownbeta.png 1x, //pokemonshowdown.com/images/pokemonshowdownbeta@2x.png 2x" alt="Pok&eacute;mon Showdown" width="146" height="44" /> Home</a></li>
			<li><a class="button" href="//pokemonshowdown.com/dex/">Pok&eacute;dex</a></li>
			<li><a class="button cur" href="/">Replays</a></li>
			<li><a class="button" href="//pokemonshowdown.com/ladder/">Ladder</a></li>
			<li><a class="button nav-last" href="//pokemonshowdown.com/forums/">Forum</a></li>
			<li><a class="button greenbutton nav-first nav-last" href="//play.pokemonshowdown.com/">Play</a></li>
		</ul></div>
	</header>

	<div class="main" id="main">

		<noscript><section class="section">You need to enable JavaScript to use this page; sorry!</section></noscript>

	</div>

</div>

<script defer nomodule src="//play.pokemonshowdown.com/js/lib/ps-polyfill.js"></script>
<script defer src="//play.pokemonshowdown.com/js/lib/preact.min.js"></script>

<script defer src="//play.pokemonshowdown.com/config/config.js?6dec07f6"></script>
<script defer src="//play.pokemonshowdown.com/js/lib/jquery-1.11.0.min.js"></script>
<script defer src="//play.pokemonshowdown.com/js/lib/html-sanitizer-minified.js"></script>
<script defer src="//play.pokemonshowdown.com/js/battle-sound.js"></script>
<script defer src="//play.pokemonshowdown.com/js/battledata.js?0.6315294753075389"></script>
<script defer src="//play.pokemonshowdown.com/data/pokedex-mini.js?0.7603743185311358"></script>
<script defer src="//play.pokemonshowdown.com/data/pokedex-mini-bw.js?0.030888842834281283"></script>
<script defer src="//play.pokemonshowdown.com/data/graphics.js?0.05593094747507488"></script>
<script defer src="//play.pokemonshowdown.com/data/pokedex.js?0.47064822249611904"></script>
<script defer src="//play.pokemonshowdown.com/data/moves.js?0.8583693120512459"></script>
<script defer src="//play.pokemonshowdown.com/data/abilities.js?0.16017181182386842"></script>
<script defer src="//play.pokemonshowdown.com/data/items.js?0.4163379185673943"></script>
<script defer src="//play.pokemonshowdown.com/data/teambuilder-tables.js?0.31075597372830477"></script>
<script defer src="//play.pokemonshowdown.com/js/battle-tooltips.js?0.6536193500708172"></script>
<script defer src="//play.pokemonshowdown.com/js/battle.js?0.1916591943277901"></script>

<script defer src="js/utils.js?e31f9a17"></script>
<script defer src="js/replays-battle.js?7008c182"></script>

<!-- don't scrape this data! just add .json or .log after the URL!
Full API docs: https://github.com/smogon/pokemon-showdown-client/blob/master/WEB-API.md -->
<script type="text/plain" class="log" id="replaylog-smogtours-gen3ou-799370">
|inactive|Battle timer is ON: inactive players will automatically lose when time's up.
|t:|1729196746
|gametype|singles
|player|p1|LE DZ ORIGINEL|blue|
|player|p2|UponLink|169|
|teamsize|p1|6
|teamsize|p2|6
|gen|3
|tier|[Gen 3] OU
|rule|Sleep Clause Mod: Limit one foe put to sleep
|rule|Switch Priority Clause Mod: Faster Pokémon switch first
|rule|Species Clause: Limit one of each Pokémon
|rule|OHKO Clause: OHKO moves are banned
|rule|Evasion Items Clause: Evasion items are banned
|rule|Evasion Moves Clause: Evasion moves are banned
|rule|Endless Battle Clause: Forcing endless battles is banned
|rule|HP Percentage Mod: HP is shown in percentages
|rule|One Boost Passer Clause: Limit one Baton Passer that has a way to boost its stats
|rule|Freeze Clause Mod: Limit one foe frozen
|
|t:|1729196746
|start
|switch|p1a: Milotic|Milotic, F, shiny|100/100
|switch|p2a: Regirock|Regirock|100/100
|turn|1
|inactive|LE DZ ORIGINEL also wants the timer to be on.
|
|t:|1729196769
|move|p1a: Milotic|Surf|p2a: Regirock
|-supereffective|p2a: Regirock
|-damage|p2a: Regirock|40/100
|move|p2a: Regirock|Thunder Wave|p1a: Milotic
|-status|p1a: Milotic|par
|
|-heal|p2a: Regirock|46/100|[from] item: Leftovers
|upkeep
|turn|2
|
|t:|1729196777
|move|p2a: Regirock|Explosion|p1a: Milotic
|-damage|p1a: Milotic|22/100 par
|faint|p2a: Regirock
|
|t:|1729196783
|switch|p2a: Zapdos|Zapdos|100/100
|
|-heal|p1a: Milotic|28/100 par|[from] item: Leftovers
|upkeep
|turn|3
|
|t:|1729196791
|switch|p1a: Blissey|Blissey, F|100/100
|move|p2a: Zapdos|Thunderbolt|p1a: Blissey
|-damage|p1a: Blissey|83/100
|
|-heal|p1a: Blissey|89/100|[from] item: Leftovers
|upkeep
|turn|4
|
|t:|1729196796
|move|p2a: Zapdos|Toxic|p1a: Blissey
|-status|p1a: Blissey|tox
|move|p1a: Blissey|Toxic|p2a: Zapdos
|-status|p2a: Zapdos|tox
|
|-damage|p2a: Zapdos|94/100 tox|[from] psn
|-heal|p1a: Blissey|96/100 tox|[from] item: Leftovers
|-damage|p1a: Blissey|89/100 tox|[from] psn
|upkeep
|turn|5
|
|t:|1729196815
|-curestatus|p1a: Blissey|tox|[from] ability: Natural Cure
|switch|p1a: Dugtrio|Dugtrio, F|100/100
|move|p2a: Zapdos|Thunderbolt|p1a: Dugtrio
|-immune|p1a: Dugtrio
|
|-heal|p2a: Zapdos|100/100 tox|[from] item: Leftovers
|-damage|p2a: Zapdos|88/100 tox|[from] psn
|upkeep
|turn|6
|
|t:|1729196820
|switch|p1a: Blissey|Blissey, F|89/100
|switch|p2a: Skarmory|Skarmory, M|100/100
|
|-heal|p1a: Blissey|96/100|[from] item: Leftovers
|upkeep
|turn|7
|
|t:|1729196825
|move|p2a: Skarmory|Spikes|p1a: Blissey
|-sidestart|p1: LE DZ ORIGINEL|Spikes
|move|p1a: Blissey|Fire Blast|p2a: Skarmory
|-supereffective|p2a: Skarmory
|-damage|p2a: Skarmory|41/100
|
|-heal|p2a: Skarmory|47/100|[from] item: Leftovers
|-heal|p1a: Blissey|100/100|[from] item: Leftovers
|upkeep
|turn|8
|
|t:|1729196832
|switch|p2a: Zapdos|Zapdos|88/100 tox
|switch|p1a: Milotic|Milotic, F, shiny|28/100 par
|-damage|p1a: Milotic|15/100 par|[from] Spikes
|
|-heal|p2a: Zapdos|94/100 tox|[from] item: Leftovers
|-damage|p2a: Zapdos|88/100 tox|[from] psn
|-heal|p1a: Milotic|21/100 par|[from] item: Leftovers
|upkeep
|turn|9
|
|t:|1729196841
|switch|p1a: Blissey|Blissey, F|100/100
|-damage|p1a: Blissey|88/100|[from] Spikes
|move|p2a: Zapdos|Thunderbolt|p1a: Blissey
|-damage|p1a: Blissey|71/100
|
|-heal|p2a: Zapdos|94/100 tox|[from] item: Leftovers
|-damage|p2a: Zapdos|82/100 tox|[from] psn
|-heal|p1a: Blissey|77/100|[from] item: Leftovers
|upkeep
|turn|10
|
|t:|1729196849
|switch|p2a: Blissey|Blissey, F|100/100
|move|p1a: Blissey|Soft-Boiled|p1a: Blissey
|-heal|p1a: Blissey|100/100
|
|upkeep
|turn|11
|
|t:|1729196853
|move|p1a: Blissey|Toxic|p2a: Blissey|[miss]
|-miss|p1a: Blissey|p2a: Blissey
|move|p2a: Blissey|Aromatherapy|p2a: Blissey
|-cureteam|p2a: Blissey|[from] move: Aromatherapy
|
|upkeep
|turn|12
|
|t:|1729196863
|switch|p2a: Suicune|Suicune|100/100
|move|p1a: Blissey|Toxic|p2a: Suicune|[miss]
|-miss|p1a: Blissey|p2a: Suicune
|
|upkeep
|turn|13
|
|t:|1729196868
|move|p1a: Blissey|Toxic|p2a: Suicune
|-status|p2a: Suicune|tox
|move|p2a: Suicune|Roar|p1a: Blissey
|drag|p1a: Jirachi|Jirachi|100/100
|-damage|p1a: Jirachi|88/100|[from] Spikes
|
|-heal|p1a: Jirachi|94/100|[from] item: Leftovers
|-damage|p2a: Suicune|94/100 tox|[from] psn
|upkeep
|turn|14
|
|t:|1729196878
|switch|p1a: Skarmory|Skarmory, M|100/100
|move|p2a: Suicune|Surf|p1a: Skarmory
|-damage|p1a: Skarmory|71/100
|
|-heal|p2a: Suicune|100/100 tox|[from] item: Leftovers
|-damage|p2a: Suicune|88/100 tox|[from] psn
|-heal|p1a: Skarmory|77/100|[from] item: Leftovers
|upkeep
|turn|15
|
|t:|1729196882
|switch|p2a: Zapdos|Zapdos|82/100
|move|p1a: Skarmory|Spikes|p2a: Zapdos
|-sidestart|p2: UponLink|Spikes
|
|-heal|p2a: Zapdos|88/100|[from] item: Leftovers
|-heal|p1a: Skarmory|83/100|[from] item: Leftovers
|upkeep
|turn|16
|
|t:|1729196891
|switch|p1a: Blissey|Blissey, F|100/100
|-damage|p1a: Blissey|88/100|[from] Spikes
|move|p2a: Zapdos|Thunderbolt|p1a: Blissey
|-damage|p1a: Blissey|71/100
|
|-heal|p2a: Zapdos|94/100|[from] item: Leftovers
|-heal|p1a: Blissey|77/100|[from] item: Leftovers
|upkeep
|turn|17
|
|t:|1729196896
|move|p2a: Zapdos|Toxic|p1a: Blissey
|-status|p1a: Blissey|tox
|move|p1a: Blissey|Soft-Boiled|p1a: Blissey
|-heal|p1a: Blissey|100/100 tox
|
|-heal|p2a: Zapdos|100/100|[from] item: Leftovers
|-damage|p1a: Blissey|94/100 tox|[from] psn
|upkeep
|turn|18
|
|t:|1729196902
|switch|p2a: Skarmory|Skarmory, M|47/100
|move|p1a: Blissey|Seismic Toss|p2a: Skarmory
|-damage|p2a: Skarmory|17/100
|
|-heal|p2a: Skarmory|23/100|[from] item: Leftovers
|-heal|p1a: Blissey|100/100 tox|[from] item: Leftovers
|-damage|p1a: Blissey|88/100 tox|[from] psn
|upkeep
|turn|19
|
|t:|1729196909
|switch|p2a: Zapdos|Zapdos|100/100
|-curestatus|p1a: Blissey|tox|[from] ability: Natural Cure
|switch|p1a: Milotic|Milotic, F, shiny|21/100 par
|-damage|p1a: Milotic|9/100 par|[from] Spikes
|
|-heal|p1a: Milotic|15/100 par|[from] item: Leftovers
|upkeep
|turn|20
|
|t:|1729196917
|switch|p1a: Blissey|Blissey, F|88/100
|-damage|p1a: Blissey|76/100|[from] Spikes
|move|p2a: Zapdos|Thunderbolt|p1a: Blissey
|-damage|p1a: Blissey|59/100
|
|-heal|p1a: Blissey|65/100|[from] item: Leftovers
|upkeep
|turn|21
|
|t:|1729196921
|move|p2a: Zapdos|Toxic|p1a: Blissey
|-status|p1a: Blissey|tox
|move|p1a: Blissey|Soft-Boiled|p1a: Blissey
|-heal|p1a: Blissey|100/100 tox
|
|-damage|p1a: Blissey|94/100 tox|[from] psn
|upkeep
|turn|22
|
|t:|1729196926
|move|p2a: Zapdos|Toxic|p1a: Blissey
|-fail|p1a: Blissey|tox
|move|p1a: Blissey|Toxic|p2a: Zapdos
|-status|p2a: Zapdos|tox
|
|-damage|p2a: Zapdos|94/100 tox|[from] psn
|-heal|p1a: Blissey|100/100 tox|[from] item: Leftovers
|-damage|p1a: Blissey|88/100 tox|[from] psn
|upkeep
|turn|23
|inactive|UponLink disconnected and has 300 seconds to reconnect!
|player|p2|
|inactive|UponLink reconnected and has 295 seconds left.
|player|p2|UponLink|169|
|
|t:|1729196964
|switch|p2a: Blissey|Blissey, F|100/100
|-damage|p2a: Blissey|88/100|[from] Spikes
|-curestatus|p1a: Blissey|tox|[from] ability: Natural Cure
|switch|p1a: Gengar|Gengar, M|100/100
|
|-heal|p2a: Blissey|94/100|[from] item: Leftovers
|upkeep
|turn|24
|
|t:|1729196970
|move|p1a: Gengar|Taunt|p2a: Blissey
|-start|p2a: Blissey|move: Taunt
|move|p2a: Blissey|Ice Beam|p1a: Gengar
|-damage|p1a: Gengar|74/100
|
|-heal|p1a: Gengar|80/100|[from] item: Leftovers
|-heal|p2a: Blissey|99/100|[from] item: Leftovers
|upkeep
|turn|25
|
|t:|1729196977
|move|p1a: Gengar|Will-O-Wisp|p2a: Blissey|[miss]
|-miss|p1a: Gengar|p2a: Blissey
|move|p2a: Blissey|Ice Beam|p1a: Gengar
|-damage|p1a: Gengar|52/100
|-status|p1a: Gengar|frz
|
|-heal|p1a: Gengar|58/100 frz|[from] item: Leftovers
|-heal|p2a: Blissey|100/100|[from] item: Leftovers
|-end|p2a: Blissey|move: Taunt|[silent]
|upkeep
|turn|26
|
|t:|1729196982
|switch|p1a: Skarmory|Skarmory, M|83/100
|switch|p2a: Zapdos|Zapdos|94/100 tox
|
|-heal|p2a: Zapdos|100/100 tox|[from] item: Leftovers
|-damage|p2a: Zapdos|94/100 tox|[from] psn
|-heal|p1a: Skarmory|89/100|[from] item: Leftovers
|upkeep
|turn|27
|
|t:|1729196988
|switch|p1a: Blissey|Blissey, F|88/100
|-damage|p1a: Blissey|76/100|[from] Spikes
|move|p2a: Zapdos|Thunderbolt|p1a: Blissey
|-damage|p1a: Blissey|60/100
|
|-heal|p2a: Zapdos|100/100 tox|[from] item: Leftovers
|-damage|p2a: Zapdos|88/100 tox|[from] psn
|-heal|p1a: Blissey|66/100|[from] item: Leftovers
|upkeep
|turn|28
|c|+Zoyotte|bd ig ?
|
|t:|1729196992
|move|p2a: Zapdos|Toxic|p1a: Blissey
|-status|p1a: Blissey|tox
|move|p1a: Blissey|Soft-Boiled|p1a: Blissey
|-heal|p1a: Blissey|100/100 tox
|
|-heal|p2a: Zapdos|94/100 tox|[from] item: Leftovers
|-damage|p2a: Zapdos|75/100 tox|[from] psn
|-damage|p1a: Blissey|94/100 tox|[from] psn
|upkeep
|turn|29
|
|t:|1729196998
|switch|p2a: Blissey|Blissey, F|100/100
|-damage|p2a: Blissey|88/100|[from] Spikes
|-curestatus|p1a: Blissey|tox|[from] ability: Natural Cure
|switch|p1a: Gengar|Gengar, M|58/100 frz
|
|-heal|p1a: Gengar|64/100 frz|[from] item: Leftovers
|-heal|p2a: Blissey|94/100|[from] item: Leftovers
|upkeep
|turn|30
|
|t:|1729197005
|switch|p1a: Skarmory|Skarmory, M|89/100
|move|p2a: Blissey|Aromatherapy|p2a: Blissey
|-cureteam|p2a: Blissey|[from] move: Aromatherapy
|
|-heal|p1a: Skarmory|95/100|[from] item: Leftovers
|-heal|p2a: Blissey|99/100|[from] item: Leftovers
|upkeep
|turn|31
|
|t:|1729197009
|switch|p2a: Zapdos|Zapdos|75/100
|move|p1a: Skarmory|Toxic|p2a: Zapdos
|-status|p2a: Zapdos|tox
|
|-heal|p2a: Zapdos|82/100 tox|[from] item: Leftovers
|-damage|p2a: Zapdos|75/100 tox|[from] psn
|-heal|p1a: Skarmory|100/100|[from] item: Leftovers
|upkeep
|turn|32
|
|t:|1729197013
|move|p1a: Skarmory|Spikes|p2a: Zapdos
|-sidestart|p2: UponLink|Spikes
|move|p2a: Zapdos|Roar|p1a: Skarmory
|drag|p1a: Jirachi|Jirachi|94/100
|-damage|p1a: Jirachi|82/100|[from] Spikes
|
|-heal|p1a: Jirachi|88/100|[from] item: Leftovers
|-heal|p2a: Zapdos|82/100 tox|[from] item: Leftovers
|-damage|p2a: Zapdos|69/100 tox|[from] psn
|upkeep
|turn|33
|c|+maitre apagnan|oui c lui
|
|t:|1729197029
|switch|p2a: Suicune|Suicune|88/100
|-damage|p2a: Suicune|72/100|[from] Spikes
|move|p1a: Jirachi|Wish|p1a: Jirachi
|
|-heal|p1a: Jirachi|94/100|[from] item: Leftovers
|-heal|p2a: Suicune|78/100|[from] item: Leftovers
|upkeep
|turn|34
|
|t:|1729197033
|move|p1a: Jirachi|Thunder|p2a: Suicune
|-supereffective|p2a: Suicune
|-damage|p2a: Suicune|35/100
|-status|p2a: Suicune|par
|cant|p2a: Suicune|par
|
|-heal|p1a: Jirachi|100/100|[from] move: Wish|[wisher] Jirachi
|-heal|p2a: Suicune|42/100 par|[from] item: Leftovers
|upkeep
|turn|35
|
|t:|1729197050
|move|p1a: Jirachi|Wish|p1a: Jirachi
|cant|p2a: Suicune|par
|
|-heal|p2a: Suicune|48/100 par|[from] item: Leftovers
|upkeep
|turn|36
|
|t:|1729197054
|move|p1a: Jirachi|Thunder|p2a: Suicune
|-supereffective|p2a: Suicune
|-damage|p2a: Suicune|0 fnt
|faint|p2a: Suicune
|c|+Zoyotte|apagnan maitre apagnan
|inactive|UponLink has 270 seconds left.
|
|t:|1729197089
|switch|p2a: Registeel|Registeel|100/100
|-damage|p2a: Registeel|84/100|[from] Spikes
|
|-heal|p2a: Registeel|90/100|[from] item: Leftovers
|upkeep
|turn|37
|
|t:|1729197094
|move|p1a: Jirachi|Wish|p1a: Jirachi
|move|p2a: Registeel|Curse|p2a: Registeel
|-unboost|p2a: Registeel|spe|1
|-boost|p2a: Registeel|atk|1
|-boost|p2a: Registeel|def|1
|
|-heal|p2a: Registeel|96/100|[from] item: Leftovers
|upkeep
|turn|38
|
|t:|1729197101
|switch|p1a: Gengar|Gengar, M|64/100 frz
|move|p2a: Registeel|Curse|p2a: Registeel
|-unboost|p2a: Registeel|spe|1
|-boost|p2a: Registeel|atk|1
|-boost|p2a: Registeel|def|1
|
|-heal|p1a: Gengar|100/100 frz|[from] move: Wish|[wisher] Jirachi
|-heal|p2a: Registeel|100/100|[from] item: Leftovers
|upkeep
|turn|39
|
|t:|1729197106
|switch|p1a: Skarmory|Skarmory, M|100/100
|move|p2a: Registeel|Curse|p2a: Registeel
|-unboost|p2a: Registeel|spe|1
|-boost|p2a: Registeel|atk|1
|-boost|p2a: Registeel|def|1
|
|upkeep
|turn|40
|
|t:|1729197113
|move|p2a: Registeel|Hidden Power|p1a: Skarmory
|-damage|p1a: Skarmory|71/100
|move|p1a: Skarmory|Whirlwind|p2a: Registeel
|drag|p2a: Blissey|Blissey, F|99/100
|-damage|p2a: Blissey|84/100|[from] Spikes
|
|-heal|p1a: Skarmory|77/100|[from] item: Leftovers
|-heal|p2a: Blissey|90/100|[from] item: Leftovers
|upkeep
|turn|41
|
|t:|1729197119
|switch|p2a: Skarmory|Skarmory, M|23/100
|move|p1a: Skarmory|Taunt|p2a: Skarmory
|-start|p2a: Skarmory|move: Taunt
|
|-heal|p1a: Skarmory|83/100|[from] item: Leftovers
|-heal|p2a: Skarmory|29/100|[from] item: Leftovers
|upkeep
|turn|42
|
|t:|1729197134
|switch|p2a: Zapdos|Zapdos|69/100 tox
|move|p1a: Skarmory|Spikes|p2a: Zapdos
|-sidestart|p2: UponLink|Spikes
|
|-heal|p2a: Zapdos|75/100 tox|[from] item: Leftovers
|-damage|p2a: Zapdos|69/100 tox|[from] psn
|-heal|p1a: Skarmory|89/100|[from] item: Leftovers
|upkeep
|turn|43
|
|t:|1729197141
|switch|p1a: Blissey|Blissey, F|94/100
|-damage|p1a: Blissey|82/100|[from] Spikes
|move|p2a: Zapdos|Thunderbolt|p1a: Blissey
|-damage|p1a: Blissey|67/100
|
|-heal|p2a: Zapdos|75/100 tox|[from] item: Leftovers
|-damage|p2a: Zapdos|63/100 tox|[from] psn
|-heal|p1a: Blissey|73/100|[from] item: Leftovers
|upkeep
|turn|44
|
|t:|1729197147
|move|p2a: Zapdos|Toxic|p1a: Blissey
|-status|p1a: Blissey|tox
|move|p1a: Blissey|Soft-Boiled|p1a: Blissey
|-heal|p1a: Blissey|100/100 tox
|
|-heal|p2a: Zapdos|69/100 tox|[from] item: Leftovers
|-damage|p2a: Zapdos|50/100 tox|[from] psn
|-damage|p1a: Blissey|94/100 tox|[from] psn
|upkeep
|turn|45
|
|t:|1729197154
|-curestatus|p1a: Blissey|tox|[from] ability: Natural Cure
|switch|p1a: Gengar|Gengar, M|100/100 frz
|move|p2a: Zapdos|Rest|p2a: Zapdos
|-status|p2a: Zapdos|slp|[from] move: Rest
|-heal|p2a: Zapdos|100/100 slp|[silent]
|
|upkeep
|turn|46
|
|t:|1729197165
|switch|p2a: Skarmory|Skarmory, M|29/100
|cant|p1a: Gengar|frz
|
|-heal|p2a: Skarmory|35/100|[from] item: Leftovers
|upkeep
|turn|47
|
|t:|1729197170
|switch|p1a: Milotic|Milotic, F, shiny|15/100 par
|-damage|p1a: Milotic|3/100 par|[from] Spikes
|move|p2a: Skarmory|Spikes|p1a: Milotic
|-sidestart|p1: LE DZ ORIGINEL|Spikes
|
|-heal|p2a: Skarmory|41/100|[from] item: Leftovers
|-heal|p1a: Milotic|9/100 par|[from] item: Leftovers
|upkeep
|turn|48
|
|t:|1729197175
|move|p2a: Skarmory|Spikes|p1a: Milotic
|-sidestart|p1: LE DZ ORIGINEL|Spikes
|move|p1a: Milotic|Recover|p1a: Milotic
|-heal|p1a: Milotic|59/100 par
|
|-heal|p2a: Skarmory|47/100|[from] item: Leftovers
|-heal|p1a: Milotic|65/100 par|[from] item: Leftovers
|upkeep
|turn|49
|
|t:|1729197180
|move|p1a: Milotic|Recover|p1a: Milotic
|-heal|p1a: Milotic|100/100 par
|move|p2a: Skarmory|Roar|p1a: Milotic
|drag|p1a: Gengar|Gengar, M|100/100 frz
|
|-heal|p2a: Skarmory|53/100|[from] item: Leftovers
|upkeep
|turn|50
|
|t:|1729197185
|switch|p2a: Blissey|Blissey, F|90/100
|-damage|p2a: Blissey|65/100|[from] Spikes
|-curestatus|p1a: Gengar|frz|[msg]
|move|p1a: Gengar|Thunderbolt|p2a: Blissey
|-damage|p2a: Blissey|53/100
|
|-heal|p2a: Blissey|59/100|[from] item: Leftovers
|upkeep
|turn|51
|
|t:|1729197192
|move|p1a: Gengar|Taunt|p2a: Blissey
|-start|p2a: Blissey|move: Taunt
|move|p2a: Blissey|Ice Beam|p1a: Gengar
|-damage|p1a: Gengar|74/100
|
|-heal|p1a: Gengar|80/100|[from] item: Leftovers
|-heal|p2a: Blissey|65/100|[from] item: Leftovers
|upkeep
|turn|52
|
|t:|1729197194
|move|p1a: Gengar|Will-O-Wisp|p2a: Blissey
|-status|p2a: Blissey|brn
|move|p2a: Blissey|Ice Beam|p1a: Gengar
|-damage|p1a: Gengar|50/100
|
|-heal|p1a: Gengar|56/100|[from] item: Leftovers
|-heal|p2a: Blissey|71/100 brn|[from] item: Leftovers
|-damage|p2a: Blissey|59/100 brn|[from] brn
|-end|p2a: Blissey|move: Taunt|[silent]
|upkeep
|turn|53
|
|t:|1729197197
|move|p1a: Gengar|Taunt|p2a: Blissey
|-start|p2a: Blissey|move: Taunt
|move|p2a: Blissey|Ice Beam|p1a: Gengar
|-damage|p1a: Gengar|26/100
|
|-heal|p1a: Gengar|32/100|[from] item: Leftovers
|-heal|p2a: Blissey|65/100 brn|[from] item: Leftovers
|-damage|p2a: Blissey|53/100 brn|[from] brn
|upkeep
|turn|54
|
|t:|1729197207
|move|p1a: Gengar|Ice Punch|p2a: Blissey
|-damage|p2a: Blissey|43/100 brn
|move|p2a: Blissey|Ice Beam|p1a: Gengar
|-damage|p1a: Gengar|4/100
|
|-heal|p1a: Gengar|10/100|[from] item: Leftovers
|-heal|p2a: Blissey|50/100 brn|[from] item: Leftovers
|-damage|p2a: Blissey|37/100 brn|[from] brn
|-end|p2a: Blissey|move: Taunt|[silent]
|upkeep
|turn|55
|
|t:|1729197211
|move|p1a: Gengar|Taunt|p2a: Blissey
|-start|p2a: Blissey|move: Taunt
|move|p2a: Blissey|Ice Beam|p1a: Gengar
|-damage|p1a: Gengar|0 fnt
|faint|p1a: Gengar
|
|t:|1729197214
|switch|p1a: Dugtrio|Dugtrio, F|100/100
|-damage|p1a: Dugtrio|76/100|[from] Spikes
|
|-heal|p2a: Blissey|43/100 brn|[from] item: Leftovers
|-damage|p2a: Blissey|31/100 brn|[from] brn
|upkeep
|turn|56
|
|t:|1729197217
|move|p1a: Dugtrio|Earthquake|p2a: Blissey
|-damage|p2a: Blissey|0 fnt
|faint|p2a: Blissey
|inactive|UponLink disconnected and has 275 seconds to reconnect!
|player|p2|
|inactive|UponLink has 270 seconds to reconnect!
|inactive|UponLink reconnected and has 295 seconds left.
|player|p2|UponLink|169|
|
|t:|1729197250
|switch|p2a: Skarmory|Skarmory, M|53/100
|
|-heal|p2a: Skarmory|59/100|[from] item: Leftovers
|upkeep
|turn|57
|
|t:|1729197258
|move|p1a: Dugtrio|Earthquake|p2a: Skarmory
|-immune|p2a: Skarmory
|move|p2a: Skarmory|Roar|p1a: Dugtrio
|drag|p1a: Jirachi|Jirachi|100/100
|-damage|p1a: Jirachi|75/100|[from] Spikes
|
|-heal|p1a: Jirachi|82/100|[from] item: Leftovers
|-heal|p2a: Skarmory|65/100|[from] item: Leftovers
|upkeep
|turn|58
|
|t:|1729197261
|move|p1a: Jirachi|Thunder|p2a: Skarmory|[miss]
|-miss|p1a: Jirachi|p2a: Skarmory
|move|p2a: Skarmory|Roar|p1a: Jirachi
|drag|p1a: Blissey|Blissey, F|94/100
|-damage|p1a: Blissey|69/100|[from] Spikes
|
|-heal|p2a: Skarmory|71/100|[from] item: Leftovers
|-heal|p1a: Blissey|76/100|[from] item: Leftovers
|upkeep
|turn|59
|
|t:|1729197264
|move|p2a: Skarmory|Toxic|p1a: Blissey
|-status|p1a: Blissey|tox
|move|p1a: Blissey|Fire Blast|p2a: Skarmory
|-supereffective|p2a: Skarmory
|-damage|p2a: Skarmory|14/100
|-status|p2a: Skarmory|brn
|
|-heal|p2a: Skarmory|20/100 brn|[from] item: Leftovers
|-damage|p2a: Skarmory|8/100 brn|[from] brn
|-heal|p1a: Blissey|82/100 tox|[from] item: Leftovers
|-damage|p1a: Blissey|76/100 tox|[from] psn
|upkeep
|turn|60
|
|t:|1729197268
|switch|p2a: Zapdos|Zapdos|100/100 slp
|move|p1a: Blissey|Seismic Toss|p2a: Zapdos
|-damage|p2a: Zapdos|74/100 slp
|
|-heal|p2a: Zapdos|81/100 slp|[from] item: Leftovers
|-heal|p1a: Blissey|82/100 tox|[from] item: Leftovers
|-damage|p1a: Blissey|69/100 tox|[from] psn
|upkeep
|turn|61
|
|t:|1729197284
|-curestatus|p1a: Blissey|tox|[from] ability: Natural Cure
|switch|p1a: Dugtrio|Dugtrio, F|76/100
|-damage|p1a: Dugtrio|51/100|[from] Spikes
|cant|p2a: Zapdos|slp
|
|-heal|p2a: Zapdos|87/100 slp|[from] item: Leftovers
|upkeep
|turn|62
|
|t:|1729197289
|switch|p2a: Registeel|Registeel|100/100
|-damage|p2a: Registeel|75/100|[from] Spikes
|move|p1a: Dugtrio|Rock Slide|p2a: Registeel|[miss]
|-miss|p1a: Dugtrio|p2a: Registeel
|
|-heal|p2a: Registeel|82/100|[from] item: Leftovers
|upkeep
|turn|63
|
|t:|1729197299
|switch|p1a: Skarmory|Skarmory, M|89/100
|move|p2a: Registeel|Curse|p2a: Registeel
|-unboost|p2a: Registeel|spe|1
|-boost|p2a: Registeel|atk|1
|-boost|p2a: Registeel|def|1
|
|-heal|p1a: Skarmory|95/100|[from] item: Leftovers
|-heal|p2a: Registeel|88/100|[from] item: Leftovers
|upkeep
|turn|64
|
|t:|1729197303
|move|p1a: Skarmory|Taunt|p2a: Registeel
|-start|p2a: Registeel|move: Taunt
|move|p2a: Registeel|Hidden Power|p1a: Skarmory
|-damage|p1a: Skarmory|79/100
|
|-heal|p1a: Skarmory|85/100|[from] item: Leftovers
|-heal|p2a: Registeel|94/100|[from] item: Leftovers
|upkeep
|turn|65
|
|t:|1729197311
|move|p1a: Skarmory|Spikes||[still]
|-fail|p1a: Skarmory
|move|p2a: Registeel|Hidden Power|p1a: Skarmory
|-damage|p1a: Skarmory|67/100
|
|-heal|p1a: Skarmory|73/100|[from] item: Leftovers
|-heal|p2a: Registeel|99/100|[from] item: Leftovers
|-end|p2a: Registeel|move: Taunt|[silent]
|upkeep
|turn|66
|
|t:|1729197314
|switch|p2a: Zapdos|Zapdos|87/100 slp
|move|p1a: Skarmory|Taunt|p2a: Zapdos
|-start|p2a: Zapdos|move: Taunt
|
|-heal|p2a: Zapdos|93/100 slp|[from] item: Leftovers
|-heal|p1a: Skarmory|79/100|[from] item: Leftovers
|upkeep
|turn|67
|
|t:|1729197321
|switch|p1a: Jirachi|Jirachi|82/100
|-damage|p1a: Jirachi|57/100|[from] Spikes
|cant|p2a: Zapdos|slp
|
|-heal|p1a: Jirachi|63/100|[from] item: Leftovers
|-heal|p2a: Zapdos|99/100 slp|[from] item: Leftovers
|-end|p2a: Zapdos|move: Taunt|[silent]
|upkeep
|turn|68
|
|t:|1729197326
|move|p1a: Jirachi|Wish|p1a: Jirachi
|-curestatus|p2a: Zapdos|slp|[msg]
|move|p2a: Zapdos|Thunderbolt|p1a: Jirachi
|-damage|p1a: Jirachi|27/100
|
|-heal|p1a: Jirachi|33/100|[from] item: Leftovers
|-heal|p2a: Zapdos|100/100|[from] item: Leftovers
|upkeep
|turn|69
|
|t:|1729197332
|move|p1a: Jirachi|Thunder|p2a: Zapdos
|-damage|p2a: Zapdos|79/100
|-status|p2a: Zapdos|par
|cant|p2a: Zapdos|par
|
|-heal|p1a: Jirachi|83/100|[from] move: Wish|[wisher] Jirachi
|-heal|p1a: Jirachi|90/100|[from] item: Leftovers
|-heal|p2a: Zapdos|85/100 par|[from] item: Leftovers
|upkeep
|turn|70
|
|t:|1729197341
|move|p1a: Jirachi|Calm Mind|p1a: Jirachi
|-boost|p1a: Jirachi|spa|1
|-boost|p1a: Jirachi|spd|1
|move|p2a: Zapdos|Thunderbolt|p1a: Jirachi
|-damage|p1a: Jirachi|69/100
|
|-heal|p1a: Jirachi|75/100|[from] item: Leftovers
|-heal|p2a: Zapdos|91/100 par|[from] item: Leftovers
|upkeep
|turn|71
|
|t:|1729197344
|move|p1a: Jirachi|Psychic|p2a: Zapdos
|-damage|p2a: Zapdos|58/100 par
|cant|p2a: Zapdos|par
|
|-heal|p1a: Jirachi|81/100|[from] item: Leftovers
|-heal|p2a: Zapdos|65/100 par|[from] item: Leftovers
|upkeep
|turn|72
|
|t:|1729197347
|move|p1a: Jirachi|Psychic|p2a: Zapdos
|-crit|p2a: Zapdos
|-damage|p2a: Zapdos|0 fnt
|faint|p2a: Zapdos
|c|☆LE DZ ORIGINEL|ggs
|
|t:|1729197353
|switch|p2a: Registeel|Registeel|99/100
|-damage|p2a: Registeel|75/100|[from] Spikes
|
|-heal|p1a: Jirachi|87/100|[from] item: Leftovers
|-heal|p2a: Registeel|81/100|[from] item: Leftovers
|upkeep
|turn|73
|c|☆LE DZ ORIGINEL|/log LE DZ ORIGINEL made the replay of this battle unlisted.
|
|t:|1729197363
|move|p1a: Jirachi|Thunder|p2a: Registeel|[miss]
|-miss|p1a: Jirachi|p2a: Registeel
|move|p2a: Registeel|Earthquake|p1a: Jirachi
|-supereffective|p1a: Jirachi
|-damage|p1a: Jirachi|57/100
|
|-heal|p1a: Jirachi|63/100|[from] item: Leftovers
|-heal|p2a: Registeel|87/100|[from] item: Leftovers
|upkeep
|turn|74
|
|t:|1729197365
|move|p1a: Jirachi|Wish|p1a: Jirachi
|move|p2a: Registeel|Curse|p2a: Registeel
|-unboost|p2a: Registeel|spe|1
|-boost|p2a: Registeel|atk|1
|-boost|p2a: Registeel|def|1
|
|-heal|p1a: Jirachi|69/100|[from] item: Leftovers
|-heal|p2a: Registeel|93/100|[from] item: Leftovers
|upkeep
|turn|75
|
|t:|1729197368
|move|p1a: Jirachi|Thunder|p2a: Registeel|[miss]
|-miss|p1a: Jirachi|p2a: Registeel
|move|p2a: Registeel|Curse|p2a: Registeel
|-unboost|p2a: Registeel|spe|1
|-boost|p2a: Registeel|atk|1
|-boost|p2a: Registeel|def|1
|
|-heal|p1a: Jirachi|100/100|[from] move: Wish|[wisher] Jirachi
|-heal|p2a: Registeel|99/100|[from] item: Leftovers
|upkeep
|turn|76
|
|t:|1729197372
|move|p1a: Jirachi|Thunder|p2a: Registeel
|-damage|p2a: Registeel|71/100
|-status|p2a: Registeel|par
|move|p2a: Registeel|Curse|p2a: Registeel
|-unboost|p2a: Registeel|spe|1
|-boost|p2a: Registeel|atk|1
|-boost|p2a: Registeel|def|1
|
|-heal|p2a: Registeel|77/100 par|[from] item: Leftovers
|upkeep
|turn|77
|
|t:|1729197378
|switch|p1a: Skarmory|Skarmory, M|79/100
|cant|p2a: Registeel|par
|
|-heal|p1a: Skarmory|85/100|[from] item: Leftovers
|-heal|p2a: Registeel|83/100 par|[from] item: Leftovers
|upkeep
|turn|78
|
|t:|1729197382
|move|p2a: Registeel|Rest|p2a: Registeel
|-status|p2a: Registeel|slp|[from] move: Rest
|-heal|p2a: Registeel|100/100 slp|[silent]
|move|p1a: Skarmory|Whirlwind|p2a: Registeel
|drag|p2a: Skarmory|Skarmory, M|8/100 brn
|
|-heal|p1a: Skarmory|91/100|[from] item: Leftovers
|-heal|p2a: Skarmory|14/100 brn|[from] item: Leftovers
|-damage|p2a: Skarmory|2/100 brn|[from] brn
|upkeep
|turn|79
|
|t:|1729197390
|move|p1a: Skarmory|Taunt|p2a: Skarmory
|-start|p2a: Skarmory|move: Taunt
|cant|p2a: Skarmory|move: Taunt|Roar
|
|-heal|p1a: Skarmory|97/100|[from] item: Leftovers
|-heal|p2a: Skarmory|8/100 brn|[from] item: Leftovers
|-damage|p2a: Skarmory|0 fnt|[from] brn
|faint|p2a: Skarmory
|upkeep
|
|t:|1729197391
|switch|p2a: Registeel|Registeel|100/100 slp
|-damage|p2a: Registeel|75/100 slp|[from] Spikes
|turn|80
|
|t:|1729197396
|switch|p1a: Dugtrio|Dugtrio, F|51/100
|-damage|p1a: Dugtrio|27/100|[from] Spikes
|cant|p2a: Registeel|slp
|
|-heal|p2a: Registeel|82/100 slp|[from] item: Leftovers
|upkeep
|turn|81
|
|t:|1729197400
|move|p1a: Dugtrio|Earthquake|p2a: Registeel
|-supereffective|p2a: Registeel
|-damage|p2a: Registeel|18/100 slp
|cant|p2a: Registeel|slp
|
|-heal|p2a: Registeel|24/100 slp|[from] item: Leftovers
|upkeep
|turn|82
|
|t:|1729197403
|move|p1a: Dugtrio|Earthquake|p2a: Registeel
|-supereffective|p2a: Registeel
|-damage|p2a: Registeel|0 fnt
|faint|p2a: Registeel
|
|win|LE DZ ORIGINEL
|player|p2|

</script>
<script type="application/json" class="data" id="replaydata-smogtours-gen3ou-799370">
{"id":"smogtours-gen3ou-799370","format":"[Gen 3] OU","players":["LE DZ ORIGINEL","UponLink"],"uploadtime":1729197403,"views":99,"formatid":"gen3ou","rating":null,"private":1,"password":null}
</script>

<script defer src="js/replays.js?9d40a366"></script>
