<!DOCTYPE html>
<meta charset="utf-8" />
<meta name="viewport" content="width=device-width" />

<title>[Gen 3] OU: Ivoire vs. dig boshi - Replays - Pok&eacute;mon Showdown!</title>

<meta name="description" content="Watch a replay of a Pok&eacute;mon battle between Ivoire and dig boshi! Format: [Gen 3] OU; Date: Oct 3, 2024" />
<!--

Hey, you! Looking in the source for the replay log?

You can find them in JSON format, just add `.json` at the end of a replay URL.

https://replay.pokemonshowdown.com/gen7randomdoublesbattle-865046831.json

Or, if you only need the log itself, add `.log` instead:

https://replay.pokemonshowdown.com/gen7randomdoublesbattle-865046831.log

-->

<link rel="stylesheet" href="//pokemonshowdown.com/style/global.css?0.023195364461161105" />
<link rel="stylesheet" href="//play.pokemonshowdown.com/style/font-awesome.css?0.13261647063804238" />
<link rel="stylesheet" href="//play.pokemonshowdown.com/style/battle.css?0.8753245789963631" />
<link rel="stylesheet" href="//play.pokemonshowdown.com/style/utilichart.css?0.8627959624976733" />

<!-- Global site tag (gtag.js) - Google Analytics -->
<script async src="https://www.googletagmanager.com/gtag/js?id=UA-26211653-1"></script>
<script>
  window.dataLayer = window.dataLayer || [];
  function gtag(){dataLayer.push(arguments);}
  gtag('js', new Date());

  gtag('config', 'UA-26211653-1');
</script>
<!-- End Google Analytics -->
<!-- Venatus Ad Manager - Install in <HEAD> of page -->
	<script src="https://hb.vntsm.com/v3/live/ad-manager.min.js" type="text/javascript" data-site-id="642aba63ec9a7b11c3c9c1be" data-mode="scan" async></script>
<!-- / Venatus Ad Manager -->

<style>
	@media (max-width:820px) {
		.battle {
			margin: 0 auto;
		}
		.battle-log {
			margin: 7px auto 0;
			max-width: 640px;
			height: 300px;
			position: static;
		}
	}
	.optgroup {
		display: inline-block;
		line-height: 22px;
		font-size: 10pt;
	}
	.optgroup .button {
		height: 25px;
		padding-top: 0;
		padding-bottom: 0;
	}
	.optgroup button.button {
		padding-left: 12px;
		padding-right: 12px;
	}
	.linklist {
		list-style: none;
		margin: 0.5em 0;
		padding: 0;
	}
	.linklist li {
		padding: 2px 0;
	}
	.sidebar {
		float: left;
		width: 320px;
	}
	.bar-wrapper {
		max-width: 1100px;
		margin: 0 auto;
	}
	.bar-wrapper.has-sidebar {
		max-width: 1430px;
	}
	.mainbar {
		margin: 0;
		padding-right: 1px;
	}
	.mainbar.has-sidebar {
		margin-left: 330px;
	}
	@media (min-width: 1511px) {
		.sidebar {
			width: 400px;
		}
		.bar-wrapper.has-sidebar {
			max-width: 1510px;
		}
		.mainbar.has-sidebar {
			margin-left: 410px;
		}
	}
	.section.first-section {
		margin-top: 9px;
	}
	.blocklink small {
		white-space: normal;
	}
	.button {
		vertical-align: middle;
	}
	.replay-controls {
		padding-top: 10px;
	}
	.replay-controls h1 {
		font-size: 16pt;
		font-weight: normal;
		color: #CCC;
	}
	.pagelink {
		text-align: center;
	}
	.pagelink a {
		width: 150px;
	}
	.textbox, .button {
		font-size: 11pt;
		vertical-align: middle;
	}
	@media (max-width: 450px) {
		.button {
			font-size: 9pt;
		}
	}
</style>

<div>

	<header>
		<div class="nav-wrapper"><ul class="nav">
			<li><a class="button nav-first" href="//pokemonshowdown.com/"><img src="//pokemonshowdown.com/images/pokemonshowdownbeta.png" srcset="//pokemonshowdown.com/images/pokemonshowdownbeta.png 1x, //pokemonshowdown.com/images/pokemonshowdownbeta@2x.png 2x" alt="Pok&eacute;mon Showdown" width="146" height="44" /> Home</a></li>
			<li><a class="button" href="//pokemonshowdown.com/dex/">Pok&eacute;dex</a></li>
			<li><a class="button cur" href="/">Replays</a></li>
			<li><a class="button" href="//pokemonshowdown.com/ladder/">Ladder</a></li>
			<li><a class="button nav-last" href="//pokemonshowdown.com/forums/">Forum</a></li>
			<li><a class="button greenbutton nav-first nav-last" href="//play.pokemonshowdown.com/">Play</a></li>
		</ul></div>
	</header>

	<div class="main" id="main">

		<noscript><section class="section">You need to enable JavaScript to use this page; sorry!</section></noscript>

	</div>

</div>

<script defer nomodule src="//play.pokemonshowdown.com/js/lib/ps-polyfill.js"></script>
<script defer src="//play.pokemonshowdown.com/js/lib/preact.min.js"></script>

<script defer src="//play.pokemonshowdown.com/config/config.js?2bddbc15"></script>
<script defer src="//play.pokemonshowdown.com/js/lib/jquery-1.11.0.min.js"></script>
<script defer src="//play.pokemonshowdown.com/js/lib/html-sanitizer-minified.js"></script>
<script defer src="//play.pokemonshowdown.com/js/battle-sound.js"></script>
<script defer src="//play.pokemonshowdown.com/js/battledata.js?0.7209276989879541"></script>
<script defer src="//play.pokemonshowdown.com/data/pokedex-mini.js?0.6111056340867951"></script>
<script defer src="//play.pokemonshowdown.com/data/pokedex-mini-bw.js?0.3532142036491459"></script>
<script defer src="//play.pokemonshowdown.com/data/graphics.js?0.24223875632456182"></script>
<script defer src="//play.pokemonshowdown.com/data/pokedex.js?0.38839984266356864"></script>
<script defer src="//play.pokemonshowdown.com/data/moves.js?0.21866028504024015"></script>
<script defer src="//play.pokemonshowdown.com/data/abilities.js?0.2005157953846628"></script>
<script defer src="//play.pokemonshowdown.com/data/items.js?0.9894211263848525"></script>
<script defer src="//play.pokemonshowdown.com/data/teambuilder-tables.js?0.6008791140282215"></script>
<script defer src="//play.pokemonshowdown.com/js/battle-tooltips.js?0.7580118955022959"></script>
<script defer src="//play.pokemonshowdown.com/js/battle.js?0.6057722274234274"></script>

<script defer src="js/utils.js?e31f9a17"></script>
<script defer src="js/replays-battle.js?7008c182"></script>

<!-- don't scrape this data! just add .json or .log after the URL!
Full API docs: https://github.com/smogon/pokemon-showdown-client/blob/master/WEB-API.md -->
<script type="text/plain" class="log" id="replaylog-smogtours-gen3ou-794368">
|inactive|Battle timer is ON: inactive players will automatically lose when time's up.
|t:|1727987130
|gametype|singles
|player|p1|Ivoire|volkner-masters|
|player|p2|dig boshi|2|
|teamsize|p1|6
|teamsize|p2|6
|gen|3
|tier|[Gen 3] OU
|rule|Sleep Clause Mod: Limit one foe put to sleep
|rule|Switch Priority Clause Mod: Faster Pokémon switch first
|rule|Species Clause: Limit one of each Pokémon
|rule|OHKO Clause: OHKO moves are banned
|rule|Evasion Items Clause: Evasion items are banned
|rule|Evasion Moves Clause: Evasion moves are banned
|rule|Endless Battle Clause: Forcing endless battles is banned
|rule|HP Percentage Mod: HP is shown in percentages
|rule|One Boost Passer Clause: Limit one Baton Passer that has a way to boost its stats
|rule|Freeze Clause Mod: Limit one foe frozen
|
|t:|1727987130
|start
|switch|p1a: Skarmory|Skarmory, M|100/100
|switch|p2a: Zapdos|Zapdos|100/100
|turn|1
|
|t:|1727987148
|move|p1a: Skarmory|Protect|p1a: Skarmory
|-singleturn|p1a: Skarmory|Protect
|move|p2a: Zapdos|Thunderbolt|p1a: Skarmory
|-activate|p1a: Skarmory|Protect
|
|upkeep
|turn|2
|
|t:|1727987154
|switch|p1a: Swampert|Swampert, M|100/100
|move|p2a: Zapdos|Thunderbolt|p1a: Swampert
|-immune|p1a: Swampert
|
|upkeep
|turn|3
|
|t:|1727987164
|switch|p1a: Skarmory|Skarmory, M|100/100
|move|p2a: Zapdos|Toxic|p1a: Skarmory
|-immune|p1a: Skarmory
|
|upkeep
|turn|4
|
|t:|1727987171
|switch|p1a: Blissey|Blissey, F|100/100
|move|p2a: Zapdos|Thunderbolt|p1a: Blissey
|-damage|p1a: Blissey|78/100
|-status|p1a: Blissey|par
|
|-heal|p1a: Blissey|84/100 par|[from] item: Leftovers
|upkeep
|turn|5
|
|t:|1727987187
|switch|p2a: Forretress|Forretress, M|100/100
|move|p1a: Blissey|Thunder Wave|p2a: Forretress
|-status|p2a: Forretress|par
|
|-heal|p1a: Blissey|90/100 par|[from] item: Leftovers
|upkeep
|turn|6
|
|t:|1727987193
|-curestatus|p1a: Blissey|par|[from] ability: Natural Cure
|switch|p1a: Magneton|Magneton|100/100
|cant|p2a: Forretress|par
|
|upkeep
|turn|7
|
|t:|1727987198
|move|p1a: Magneton|Hidden Power|p2a: Forretress
|-supereffective|p2a: Forretress
|-damage|p2a: Forretress|0 fnt
|faint|p2a: Forretress
|
|t:|1727987210
|switch|p2a: Dugtrio|Dugtrio, F|100/100
|
|upkeep
|turn|8
|
|t:|1727987216
|move|p2a: Dugtrio|Earthquake|p1a: Magneton
|-supereffective|p1a: Magneton
|-damage|p1a: Magneton|0 fnt
|faint|p1a: Magneton
|
|t:|1727987219
|switch|p1a: Skarmory|Skarmory, M|100/100
|
|upkeep
|turn|9
|
|t:|1727987230
|switch|p2a: Zapdos|Zapdos|100/100
|move|p1a: Skarmory|Spikes|p2a: Zapdos
|-sidestart|p2: dig boshi|Spikes
|
|upkeep
|turn|10
|
|t:|1727987239
|switch|p1a: Celebi|Celebi|100/100
|move|p2a: Zapdos|Thunderbolt|p1a: Celebi
|-resisted|p1a: Celebi
|-damage|p1a: Celebi|77/100
|
|-heal|p1a: Celebi|83/100|[from] item: Leftovers
|upkeep
|turn|11
|
|t:|1727987248
|move|p2a: Zapdos|Baton Pass|p2a: Zapdos
|
|t:|1727987249
|switch|p2a: Moltres|Moltres|100/100|[from] Baton Pass
|move|p1a: Celebi|Leech Seed|p2a: Moltres|[miss]
|-miss|p1a: Celebi|p2a: Moltres
|
|-heal|p1a: Celebi|90/100|[from] item: Leftovers
|upkeep
|turn|12
|
|t:|1727987258
|switch|p1a: Blissey|Blissey, F|90/100
|move|p2a: Moltres|Sunny Day|p2a: Moltres
|-weather|SunnyDay
|
|-weather|SunnyDay|[upkeep]
|-heal|p1a: Blissey|96/100|[from] item: Leftovers
|upkeep
|turn|13
|
|t:|1727987267
|switch|p2a: Dugtrio|Dugtrio, F|100/100
|-damage|p2a: Dugtrio|88/100|[from] Spikes
|move|p1a: Blissey|Thunder Wave|p2a: Dugtrio
|-immune|p2a: Dugtrio
|
|-weather|SunnyDay|[upkeep]
|-heal|p1a: Blissey|100/100|[from] item: Leftovers
|upkeep
|turn|14
|
|t:|1727987282
|switch|p2a: Snorlax|Snorlax, M|100/100
|-damage|p2a: Snorlax|88/100|[from] Spikes
|move|p1a: Blissey|Seismic Toss|p2a: Snorlax
|-damage|p2a: Snorlax|66/100
|
|-weather|SunnyDay|[upkeep]
|-heal|p2a: Snorlax|73/100|[from] item: Leftovers
|upkeep
|turn|15
|
|t:|1727987295
|switch|p1a: Skarmory|Skarmory, M|100/100
|switch|p2a: Zapdos|Zapdos|100/100
|
|-weather|SunnyDay|[upkeep]
|upkeep
|turn|16
|
|t:|1727987307
|move|p1a: Skarmory|Protect|p1a: Skarmory
|-singleturn|p1a: Skarmory|Protect
|move|p2a: Zapdos|Baton Pass|p2a: Zapdos
|
|t:|1727987310
|switch|p2a: Moltres|Moltres|100/100|[from] Baton Pass
|
|-weather|none
|upkeep
|turn|17
|
|t:|1727987318
|switch|p1a: Blissey|Blissey, F|100/100
|move|p2a: Moltres|Flamethrower|p1a: Blissey
|-damage|p1a: Blissey|82/100
|
|-heal|p1a: Blissey|88/100|[from] item: Leftovers
|upkeep
|turn|18
|
|t:|1727987340
|switch|p2a: Snorlax|Snorlax, M|73/100
|-damage|p2a: Snorlax|60/100|[from] Spikes
|move|p1a: Blissey|Seismic Toss|p2a: Snorlax
|-damage|p2a: Snorlax|38/100
|
|-heal|p1a: Blissey|94/100|[from] item: Leftovers
|-heal|p2a: Snorlax|45/100|[from] item: Leftovers
|upkeep
|turn|19
|inactive|dig boshi has 270 seconds left.
|
|t:|1727987364
|switch|p1a: Skarmory|Skarmory, M|100/100
|switch|p2a: Zapdos|Zapdos|100/100
|
|upkeep
|turn|20
|
|t:|1727987374
|switch|p1a: Celebi|Celebi|90/100
|move|p2a: Zapdos|Thunderbolt|p1a: Celebi
|-resisted|p1a: Celebi
|-damage|p1a: Celebi|67/100
|
|-heal|p1a: Celebi|73/100|[from] item: Leftovers
|upkeep
|turn|21
|
|t:|1727987381
|move|p2a: Zapdos|Toxic|p1a: Celebi
|-status|p1a: Celebi|tox
|move|p1a: Celebi|Leech Seed|p2a: Zapdos
|-start|p2a: Zapdos|move: Leech Seed
|
|-damage|p2a: Zapdos|88/100|[from] Leech Seed|[of] p1a: Celebi
|-heal|p1a: Celebi|83/100 tox|[silent]
|-heal|p1a: Celebi|90/100 tox|[from] item: Leftovers
|-damage|p1a: Celebi|83/100 tox|[from] psn
|upkeep
|turn|22
|
|t:|1727987395
|switch|p2a: Moltres|Moltres|100/100
|-curestatus|p1a: Celebi|tox|[from] ability: Natural Cure
|switch|p1a: Swampert|Swampert, M|100/100
|
|upkeep
|turn|23
|
|t:|1727987405
|switch|p1a: Blissey|Blissey, F|94/100
|move|p2a: Moltres|Sunny Day|p2a: Moltres
|-weather|SunnyDay
|
|-weather|SunnyDay|[upkeep]
|-heal|p1a: Blissey|99/100|[from] item: Leftovers
|upkeep
|turn|24
|
|t:|1727987417
|move|p2a: Moltres|Flamethrower|p1a: Blissey
|-damage|p1a: Blissey|71/100
|move|p1a: Blissey|Seismic Toss|p2a: Moltres
|-damage|p2a: Moltres|69/100
|
|-weather|SunnyDay|[upkeep]
|-heal|p2a: Moltres|76/100|[from] item: Leftovers
|-heal|p1a: Blissey|78/100|[from] item: Leftovers
|upkeep
|turn|25
|
|t:|1727987435
|switch|p2a: Dugtrio|Dugtrio, F|88/100
|-damage|p2a: Dugtrio|76/100|[from] Spikes
|move|p1a: Blissey|Seismic Toss|p2a: Dugtrio
|-damage|p2a: Dugtrio|28/100
|
|-weather|SunnyDay|[upkeep]
|-heal|p1a: Blissey|84/100|[from] item: Leftovers
|upkeep
|turn|26
|
|t:|1727987443
|move|p2a: Dugtrio|Earthquake|p1a: Blissey
|-damage|p1a: Blissey|39/100
|move|p1a: Blissey|Seismic Toss|p2a: Dugtrio
|-damage|p2a: Dugtrio|0 fnt
|faint|p2a: Dugtrio
|
|t:|1727987450
|switch|p2a: Moltres|Moltres|76/100
|
|-weather|SunnyDay|[upkeep]
|-heal|p2a: Moltres|82/100|[from] item: Leftovers
|-heal|p1a: Blissey|45/100|[from] item: Leftovers
|upkeep
|turn|27
|
|t:|1727987456
|move|p2a: Moltres|Overheat|p1a: Blissey|[miss]
|-miss|p2a: Moltres|p1a: Blissey
|move|p1a: Blissey|Thunder Wave|p2a: Moltres
|-status|p2a: Moltres|par
|
|-weather|none
|-heal|p1a: Blissey|51/100|[from] item: Leftovers
|-heal|p2a: Moltres|88/100 par|[from] item: Leftovers
|upkeep
|turn|28
|inactive|dig boshi has 270 seconds left.
|
|t:|1727987500
|move|p1a: Blissey|Soft-Boiled|p1a: Blissey
|-heal|p1a: Blissey|100/100
|cant|p2a: Moltres|par
|
|-heal|p2a: Moltres|94/100 par|[from] item: Leftovers
|upkeep
|turn|29
|
|t:|1727987506
|move|p1a: Blissey|Seismic Toss|p2a: Moltres
|-damage|p2a: Moltres|63/100 par
|move|p2a: Moltres|Flamethrower|p1a: Blissey
|-damage|p1a: Blissey|81/100
|
|-heal|p1a: Blissey|87/100|[from] item: Leftovers
|-heal|p2a: Moltres|69/100 par|[from] item: Leftovers
|upkeep
|turn|30
|inactive|dig boshi has 270 seconds left.
|inactive|Ivoire has 270 seconds left.
|
|t:|1727987561
|move|p1a: Blissey|Seismic Toss|p2a: Moltres
|-damage|p2a: Moltres|38/100 par
|move|p2a: Moltres|Sunny Day|p2a: Moltres
|-weather|SunnyDay
|
|-weather|SunnyDay|[upkeep]
|-heal|p1a: Blissey|94/100|[from] item: Leftovers
|-heal|p2a: Moltres|44/100 par|[from] item: Leftovers
|upkeep
|turn|31
|
|t:|1727987569
|move|p1a: Blissey|Seismic Toss|p2a: Moltres
|-damage|p2a: Moltres|13/100 par
|move|p2a: Moltres|Overheat|p1a: Blissey
|-damage|p1a: Blissey|52/100
|-unboost|p2a: Moltres|spa|2
|
|-weather|SunnyDay|[upkeep]
|-heal|p1a: Blissey|58/100|[from] item: Leftovers
|-heal|p2a: Moltres|20/100 par|[from] item: Leftovers
|upkeep
|turn|32
|
|t:|1727987579
|move|p1a: Blissey|Soft-Boiled|p1a: Blissey
|-heal|p1a: Blissey|100/100
|move|p2a: Moltres|Flamethrower|p1a: Blissey
|-damage|p1a: Blissey|86/100
|
|-weather|SunnyDay|[upkeep]
|-heal|p1a: Blissey|92/100|[from] item: Leftovers
|-heal|p2a: Moltres|26/100 par|[from] item: Leftovers
|upkeep
|turn|33
|inactive|Ivoire has 240 seconds left.
|
|t:|1727987612
|move|p1a: Blissey|Seismic Toss|p2a: Moltres
|-damage|p2a: Moltres|0 fnt
|faint|p2a: Moltres
|
|t:|1727987620
|switch|p2a: Zapdos|Zapdos|88/100
|
|-weather|SunnyDay|[upkeep]
|-heal|p1a: Blissey|98/100|[from] item: Leftovers
|upkeep
|turn|34
|inactive|dig boshi has 270 seconds left.
|
|t:|1727987627
|move|p2a: Zapdos|Toxic|p1a: Blissey
|-status|p1a: Blissey|tox
|move|p1a: Blissey|Thunder Wave|p2a: Zapdos
|-status|p2a: Zapdos|par
|
|-weather|none
|-heal|p1a: Blissey|100/100 tox|[from] item: Leftovers
|-damage|p1a: Blissey|94/100 tox|[from] psn
|upkeep
|turn|35
|inactive|dig boshi has 270 seconds left.
|
|t:|1727987639
|-curestatus|p1a: Blissey|tox|[from] ability: Natural Cure
|switch|p1a: Celebi|Celebi|83/100
|move|p2a: Zapdos|Thunderbolt|p1a: Celebi
|-resisted|p1a: Celebi
|-damage|p1a: Celebi|61/100
|
|-heal|p1a: Celebi|67/100|[from] item: Leftovers
|upkeep
|turn|36
|inactive|dig boshi has 270 seconds left.
|inactive|Ivoire has 240 seconds left.
|
|t:|1727987675
|move|p1a: Celebi|Recover|p1a: Celebi
|-heal|p1a: Celebi|100/100
|move|p2a: Zapdos|Hidden Power|p1a: Celebi
|-supereffective|p1a: Celebi
|-damage|p1a: Celebi|61/100
|
|-heal|p1a: Celebi|67/100|[from] item: Leftovers
|upkeep
|turn|37
|inactive|dig boshi has 270 seconds left.
|
|t:|1727987695
|move|p1a: Celebi|Recover|p1a: Celebi
|-heal|p1a: Celebi|100/100
|move|p2a: Zapdos|Hidden Power|p1a: Celebi
|-supereffective|p1a: Celebi
|-damage|p1a: Celebi|58/100
|
|-heal|p1a: Celebi|64/100|[from] item: Leftovers
|upkeep
|turn|38
|
|t:|1727987702
|move|p1a: Celebi|Recover|p1a: Celebi
|-heal|p1a: Celebi|100/100
|move|p2a: Zapdos|Hidden Power|p1a: Celebi
|-supereffective|p1a: Celebi
|-crit|p1a: Celebi
|-damage|p1a: Celebi|23/100
|
|-heal|p1a: Celebi|29/100|[from] item: Leftovers
|upkeep
|turn|39
|inactive|dig boshi has 270 seconds left.
|
|t:|1727987710
|switch|p2a: Houndoom|Houndoom, M|100/100
|-damage|p2a: Houndoom|88/100|[from] Spikes
|move|p1a: Celebi|Recover|p1a: Celebi
|-heal|p1a: Celebi|79/100
|
|-heal|p1a: Celebi|85/100|[from] item: Leftovers
|upkeep
|turn|40
|
|t:|1727987718
|-activate|p1a: Celebi|move: Pursuit
|move|p2a: Houndoom|Pursuit|p1a: Celebi|[from]Pursuit
|-supereffective|p1a: Celebi
|-damage|p1a: Celebi|10/100
|switch|p1a: Blissey|Blissey, F|94/100
|
|-heal|p1a: Blissey|100/100|[from] item: Leftovers
|upkeep
|turn|41
|inactive|Ivoire has 270 seconds left.
|
|t:|1727987727
|switch|p2a: Zapdos|Zapdos|88/100 par
|move|p1a: Blissey|Seismic Toss|p2a: Zapdos
|-damage|p2a: Zapdos|58/100 par
|
|upkeep
|turn|42
|
|t:|1727987740
|move|p1a: Blissey|Seismic Toss|p2a: Zapdos
|-damage|p2a: Zapdos|28/100 par
|cant|p2a: Zapdos|par
|
|upkeep
|turn|43
|
|t:|1727987746
|move|p1a: Blissey|Seismic Toss|p2a: Zapdos
|-damage|p2a: Zapdos|0 fnt
|faint|p2a: Zapdos
|
|t:|1727987750
|switch|p2a: Snorlax|Snorlax, M|45/100
|-damage|p2a: Snorlax|32/100|[from] Spikes
|
|-heal|p2a: Snorlax|38/100|[from] item: Leftovers
|upkeep
|turn|44
|
|t:|1727987769
|move|p1a: Blissey|Seismic Toss|p2a: Snorlax
|-damage|p2a: Snorlax|17/100
|move|p2a: Snorlax|Rest|p2a: Snorlax
|-status|p2a: Snorlax|slp|[from] move: Rest
|-heal|p2a: Snorlax|100/100 slp|[silent]
|
|upkeep
|turn|45
|
|t:|1727987782
|switch|p1a: Skarmory|Skarmory, M|100/100
|cant|p2a: Snorlax|slp
|
|upkeep
|turn|46
|
|t:|1727987790
|switch|p2a: Houndoom|Houndoom, M|88/100
|-damage|p2a: Houndoom|76/100|[from] Spikes
|move|p1a: Skarmory|Spikes|p2a: Houndoom
|-sidestart|p2: dig boshi|Spikes
|
|upkeep
|turn|47
|
|t:|1727987800
|switch|p1a: Blissey|Blissey, F|100/100
|move|p2a: Houndoom|Flamethrower|p1a: Blissey
|-damage|p1a: Blissey|84/100
|
|-heal|p1a: Blissey|90/100|[from] item: Leftovers
|upkeep
|turn|48
|
|t:|1727987810
|move|p2a: Houndoom|Flamethrower|p1a: Blissey
|-crit|p1a: Blissey
|-damage|p1a: Blissey|55/100
|move|p1a: Blissey|Thunder Wave|p2a: Houndoom
|-status|p2a: Houndoom|par
|
|-heal|p1a: Blissey|61/100|[from] item: Leftovers
|upkeep
|turn|49
|
|t:|1727987824
|move|p1a: Blissey|Seismic Toss|p2a: Houndoom
|-damage|p2a: Houndoom|41/100 par
|cant|p2a: Houndoom|par
|
|-heal|p1a: Blissey|67/100|[from] item: Leftovers
|upkeep
|turn|50
|
|t:|1727987833
|move|p1a: Blissey|Seismic Toss|p2a: Houndoom
|-damage|p2a: Houndoom|7/100 par
|move|p2a: Houndoom|Crunch|p1a: Blissey
|-damage|p1a: Blissey|51/100
|
|-heal|p1a: Blissey|57/100|[from] item: Leftovers
|upkeep
|turn|51
|
|t:|1727987841
|switch|p1a: Aerodactyl|Aerodactyl, M|100/100
|move|p2a: Houndoom|Flamethrower|p1a: Aerodactyl
|-resisted|p1a: Aerodactyl
|-damage|p1a: Aerodactyl|66/100
|
|upkeep
|turn|52
|
|t:|1727987849
|move|p1a: Aerodactyl|Double-Edge|p2a: Houndoom
|-damage|p2a: Houndoom|0 fnt
|faint|p2a: Houndoom
|
|t:|1727987852
|switch|p2a: Snorlax|Snorlax, M|100/100 slp
|-damage|p2a: Snorlax|84/100 slp|[from] Spikes
|
|-heal|p2a: Snorlax|90/100 slp|[from] item: Leftovers
|upkeep
|turn|53
|
|t:|1727987858
|move|p1a: Aerodactyl|Double-Edge|p2a: Snorlax
|-damage|p2a: Snorlax|42/100 slp
|cant|p2a: Snorlax|slp
|move|p2a: Snorlax|Sleep Talk|p2a: Snorlax
|move|p2a: Snorlax|Return|p1a: Aerodactyl|[from]Sleep Talk
|-resisted|p1a: Aerodactyl
|-damage|p1a: Aerodactyl|30/100
|
|-heal|p2a: Snorlax|48/100 slp|[from] item: Leftovers
|upkeep
|turn|54
|
|t:|1727987868
|move|p1a: Aerodactyl|Double-Edge|p2a: Snorlax
|-damage|p2a: Snorlax|1/100 slp
|-curestatus|p2a: Snorlax|slp|[msg]
|move|p2a: Snorlax|Rest|p2a: Snorlax
|-status|p2a: Snorlax|slp|[from] move: Rest
|-heal|p2a: Snorlax|100/100 slp|[silent]
|
|upkeep
|turn|55
|
|t:|1727987875
|move|p1a: Aerodactyl|Double-Edge|p2a: Snorlax
|-damage|p2a: Snorlax|55/100 slp
|cant|p2a: Snorlax|slp
|move|p2a: Snorlax|Sleep Talk|p2a: Snorlax
|move|p2a: Snorlax|Return|p1a: Aerodactyl|[from]Sleep Talk
|-resisted|p1a: Aerodactyl
|-damage|p1a: Aerodactyl|0 fnt
|faint|p1a: Aerodactyl
|
|t:|1727987878
|switch|p1a: Celebi|Celebi|10/100
|
|-heal|p1a: Celebi|16/100|[from] item: Leftovers
|-heal|p2a: Snorlax|61/100 slp|[from] item: Leftovers
|upkeep
|turn|56
|
|t:|1727987888
|move|p1a: Celebi|Perish Song|p1a: Celebi
|-start|p1a: Celebi|perish3|[silent]
|-start|p2a: Snorlax|perish3|[silent]
|-fieldactivate|move: Perish Song
|cant|p2a: Snorlax|slp
|move|p2a: Snorlax|Sleep Talk|p2a: Snorlax
|move|p2a: Snorlax|Return|p1a: Celebi|[from]Sleep Talk
|-damage|p1a: Celebi|0 fnt
|faint|p1a: Celebi
|
|t:|1727987896
|switch|p1a: Skarmory|Skarmory, M|100/100
|
|-heal|p2a: Snorlax|67/100 slp|[from] item: Leftovers
|-start|p2a: Snorlax|perish3
|upkeep
|turn|57
|-message|dig boshi forfeited.
|
|win|Ivoire
|c|☆dig boshi|nicely played
|c|☆Ivoire|ggs 
|c|☆dig boshi|best of 5 correct?
|c|☆Ivoire|i hadn't much to do with the luck I got tbf
|c|☆Ivoire|nah it's bo3
|c|☆dig boshi|oh gotcha
|c|☆Ivoire|bo5 only comes way later in the tour
|c|☆Ivoire|gl in rest !
|c|☆dig boshi|I gotta review the page again
|c|☆Ivoire|/log Ivoire made the replay of this battle unlisted.
|c|☆dig boshi|you too!
|player|p2|

</script>
<script type="application/json" class="data" id="replaydata-smogtours-gen3ou-794368">
{"id":"smogtours-gen3ou-794368","format":"[Gen 3] OU","players":["Ivoire","dig boshi"],"uploadtime":1727987904,"views":106,"formatid":"gen3ou","rating":null,"private":1,"password":null}
</script>

<script defer src="js/replays.js?9d40a366"></script>
