<!DOCTYPE html>
<meta charset="utf-8" />
<meta name="viewport" content="width=device-width" />

<title>[Gen 3] OU: triangles vs. Blaniom - Replays - Pok&eacute;mon Showdown!</title>

<meta name="description" content="Watch a replay of a Pok&eacute;mon battle between triangles and Blaniom! Format: [Gen 3] OU; Date: Nov 4, 2024" />
<!--

Hey, you! Looking in the source for the replay log?

You can find them in JSON format, just add `.json` at the end of a replay URL.

https://replay.pokemonshowdown.com/gen7randomdoublesbattle-865046831.json

Or, if you only need the log itself, add `.log` instead:

https://replay.pokemonshowdown.com/gen7randomdoublesbattle-865046831.log

-->

<link rel="stylesheet" href="//pokemonshowdown.com/style/global.css?0.023195364461161105" />
<link rel="stylesheet" href="//play.pokemonshowdown.com/style/font-awesome.css?0.13261647063804238" />
<link rel="stylesheet" href="//play.pokemonshowdown.com/style/battle.css?0.8753245789963631" />
<link rel="stylesheet" href="//play.pokemonshowdown.com/style/utilichart.css?0.8627959624976733" />

<!-- Global site tag (gtag.js) - Google Analytics -->
<script async src="https://www.googletagmanager.com/gtag/js?id=UA-26211653-1"></script>
<script>
  window.dataLayer = window.dataLayer || [];
  function gtag(){dataLayer.push(arguments);}
  gtag('js', new Date());

  gtag('config', 'UA-26211653-1');
</script>
<!-- End Google Analytics -->
<!-- Venatus Ad Manager - Install in <HEAD> of page -->
	<script src="https://hb.vntsm.com/v3/live/ad-manager.min.js" type="text/javascript" data-site-id="642aba63ec9a7b11c3c9c1be" data-mode="scan" async></script>
<!-- / Venatus Ad Manager -->

<style>
	@media (max-width:820px) {
		.battle {
			margin: 0 auto;
		}
		.battle-log {
			margin: 7px auto 0;
			max-width: 640px;
			height: 300px;
			position: static;
		}
	}
	.optgroup {
		display: inline-block;
		line-height: 22px;
		font-size: 10pt;
	}
	.optgroup .button {
		height: 25px;
		padding-top: 0;
		padding-bottom: 0;
	}
	.optgroup button.button {
		padding-left: 12px;
		padding-right: 12px;
	}
	.linklist {
		list-style: none;
		margin: 0.5em 0;
		padding: 0;
	}
	.linklist li {
		padding: 2px 0;
	}
	.sidebar {
		float: left;
		width: 320px;
	}
	.bar-wrapper {
		max-width: 1100px;
		margin: 0 auto;
	}
	.bar-wrapper.has-sidebar {
		max-width: 1430px;
	}
	.mainbar {
		margin: 0;
		padding-right: 1px;
	}
	.mainbar.has-sidebar {
		margin-left: 330px;
	}
	@media (min-width: 1511px) {
		.sidebar {
			width: 400px;
		}
		.bar-wrapper.has-sidebar {
			max-width: 1510px;
		}
		.mainbar.has-sidebar {
			margin-left: 410px;
		}
	}
	.section.first-section {
		margin-top: 9px;
	}
	.blocklink small {
		white-space: normal;
	}
	.button {
		vertical-align: middle;
	}
	.replay-controls {
		padding-top: 10px;
	}
	.replay-controls h1 {
		font-size: 16pt;
		font-weight: normal;
		color: #CCC;
	}
	.pagelink {
		text-align: center;
	}
	.pagelink a {
		width: 150px;
	}
	.textbox, .button {
		font-size: 11pt;
		vertical-align: middle;
	}
	@media (max-width: 450px) {
		.button {
			font-size: 9pt;
		}
	}
</style>

<div>

	<header>
		<div class="nav-wrapper"><ul class="nav">
			<li><a class="button nav-first" href="//pokemonshowdown.com/"><img src="//pokemonshowdown.com/images/pokemonshowdownbeta.png" srcset="//pokemonshowdown.com/images/pokemonshowdownbeta.png 1x, //pokemonshowdown.com/images/pokemonshowdownbeta@2x.png 2x" alt="Pok&eacute;mon Showdown" width="146" height="44" /> Home</a></li>
			<li><a class="button" href="//pokemonshowdown.com/dex/">Pok&eacute;dex</a></li>
			<li><a class="button cur" href="/">Replays</a></li>
			<li><a class="button" href="//pokemonshowdown.com/ladder/">Ladder</a></li>
			<li><a class="button nav-last" href="//pokemonshowdown.com/forums/">Forum</a></li>
			<li><a class="button greenbutton nav-first nav-last" href="//play.pokemonshowdown.com/">Play</a></li>
		</ul></div>
	</header>

	<div class="main" id="main">

		<noscript><section class="section">You need to enable JavaScript to use this page; sorry!</section></noscript>

	</div>

</div>

<script defer nomodule src="//play.pokemonshowdown.com/js/lib/ps-polyfill.js"></script>
<script defer src="//play.pokemonshowdown.com/js/lib/preact.min.js"></script>

<script defer src="//play.pokemonshowdown.com/config/config.js?2bddbc15"></script>
<script defer src="//play.pokemonshowdown.com/js/lib/jquery-1.11.0.min.js"></script>
<script defer src="//play.pokemonshowdown.com/js/lib/html-sanitizer-minified.js"></script>
<script defer src="//play.pokemonshowdown.com/js/battle-sound.js"></script>
<script defer src="//play.pokemonshowdown.com/js/battledata.js?0.7209276989879541"></script>
<script defer src="//play.pokemonshowdown.com/data/pokedex-mini.js?0.6111056340867951"></script>
<script defer src="//play.pokemonshowdown.com/data/pokedex-mini-bw.js?0.3532142036491459"></script>
<script defer src="//play.pokemonshowdown.com/data/graphics.js?0.24223875632456182"></script>
<script defer src="//play.pokemonshowdown.com/data/pokedex.js?0.38839984266356864"></script>
<script defer src="//play.pokemonshowdown.com/data/moves.js?0.21866028504024015"></script>
<script defer src="//play.pokemonshowdown.com/data/abilities.js?0.2005157953846628"></script>
<script defer src="//play.pokemonshowdown.com/data/items.js?0.9894211263848525"></script>
<script defer src="//play.pokemonshowdown.com/data/teambuilder-tables.js?0.6008791140282215"></script>
<script defer src="//play.pokemonshowdown.com/js/battle-tooltips.js?0.7580118955022959"></script>
<script defer src="//play.pokemonshowdown.com/js/battle.js?0.6057722274234274"></script>

<script defer src="js/utils.js?e31f9a17"></script>
<script defer src="js/replays-battle.js?7008c182"></script>

<!-- don't scrape this data! just add .json or .log after the URL!
Full API docs: https://github.com/smogon/pokemon-showdown-client/blob/master/WEB-API.md -->
<script type="text/plain" class="log" id="replaylog-smogtours-gen3ou-804743">
|inactive|Battle timer is ON: inactive players will automatically lose when time's up.
|t:|1730726818
|gametype|singles
|player|p1|triangles|lucas|
|player|p2|Blaniom|clerkf|
|teamsize|p1|6
|teamsize|p2|6
|gen|3
|tier|[Gen 3] OU
|rule|Sleep Clause Mod: Limit one foe put to sleep
|rule|Switch Priority Clause Mod: Faster Pokémon switch first
|rule|Species Clause: Limit one of each Pokémon
|rule|OHKO Clause: OHKO moves are banned
|rule|Evasion Items Clause: Evasion items are banned
|rule|Evasion Moves Clause: Evasion moves are banned
|rule|Endless Battle Clause: Forcing endless battles is banned
|rule|HP Percentage Mod: HP is shown in percentages
|rule|One Boost Passer Clause: Limit one Baton Passer that has a way to boost its stats
|rule|Freeze Clause Mod: Limit one foe frozen
|
|t:|1730726818
|start
|switch|p1a: Zapdos|Zapdos|100/100
|switch|p2a: Celebi|Celebi|100/100
|turn|1
|c|☆triangles|hf
|c|☆Blaniom|u2
|
|t:|1730726833
|move|p2a: Celebi|Calm Mind|p2a: Celebi
|-boost|p2a: Celebi|spa|1
|-boost|p2a: Celebi|spd|1
|move|p1a: Zapdos|Roar|p2a: Celebi
|drag|p2a: Raikou|Raikou|100/100
|
|upkeep
|turn|2
|
|t:|1730726849
|move|p2a: Raikou|Thunderbolt|p1a: Zapdos
|-damage|p1a: Zapdos|67/100
|move|p1a: Zapdos|Roar|p2a: Raikou
|drag|p2a: Dugtrio|Dugtrio, F|100/100
|
|-heal|p1a: Zapdos|73/100|[from] item: Leftovers
|upkeep
|turn|3
|
|t:|1730726875
|switch|p1a: Swampert|Swampert, M, shiny|100/100
|move|p2a: Dugtrio|Rock Slide|p1a: Swampert
|-resisted|p1a: Swampert
|-damage|p1a: Swampert|90/100
|
|-heal|p1a: Swampert|97/100|[from] item: Leftovers
|upkeep
|turn|4
|
|t:|1730726884
|switch|p2a: Celebi|Celebi|100/100
|move|p1a: Swampert|Ice Beam|p2a: Celebi
|-supereffective|p2a: Celebi
|-damage|p2a: Celebi|68/100
|-status|p2a: Celebi|frz
|
|-heal|p2a: Celebi|75/100 frz|[from] item: Leftovers
|-heal|p1a: Swampert|100/100|[from] item: Leftovers
|upkeep
|turn|5
|
|t:|1730726898
|-curestatus|p2a: Celebi|frz|[from] ability: Natural Cure
|switch|p2a: Suicune|Suicune|100/100
|switch|p1a: Forretress|Forretress, F, shiny|100/100
|
|upkeep
|turn|6
|inactive|triangles has 270 seconds left.
|
|t:|1730726924
|move|p2a: Suicune|Calm Mind|p2a: Suicune
|-boost|p2a: Suicune|spa|1
|-boost|p2a: Suicune|spd|1
|move|p1a: Forretress|Spikes|p2a: Suicune
|-sidestart|p2: Blaniom|Spikes
|
|upkeep
|turn|7
|inactive|triangles has 270 seconds left.
|
|t:|1730726929
|move|p2a: Suicune|Surf|p1a: Forretress
|-damage|p1a: Forretress|54/100
|move|p1a: Forretress|Zap Cannon|p2a: Suicune|[miss]
|-miss|p1a: Forretress|p2a: Suicune
|
|-heal|p1a: Forretress|61/100|[from] item: Leftovers
|upkeep
|turn|8
|inactive|triangles has 270 seconds left.
|
|t:|1730726949
|switch|p1a: Zapdos|Zapdos|73/100
|move|p2a: Suicune|Surf|p1a: Zapdos
|-damage|p1a: Zapdos|41/100
|
|-heal|p1a: Zapdos|47/100|[from] item: Leftovers
|upkeep
|turn|9
|inactive|triangles has 270 seconds left.
|
|t:|1730726972
|move|p1a: Zapdos|Thunderbolt|p2a: Suicune
|-supereffective|p2a: Suicune
|-damage|p2a: Suicune|62/100
|move|p2a: Suicune|Ice Beam|p1a: Zapdos
|-supereffective|p1a: Zapdos
|-damage|p1a: Zapdos|6/100
|
|-heal|p1a: Zapdos|12/100|[from] item: Leftovers
|-heal|p2a: Suicune|68/100|[from] item: Leftovers
|upkeep
|turn|10
|
|t:|1730726992
|move|p1a: Zapdos|Rest|p1a: Zapdos
|-status|p1a: Zapdos|slp|[from] move: Rest
|-heal|p1a: Zapdos|100/100 slp|[silent]
|move|p2a: Suicune|Ice Beam|p1a: Zapdos
|-supereffective|p1a: Zapdos
|-damage|p1a: Zapdos|60/100 slp
|
|-heal|p1a: Zapdos|66/100 slp|[from] item: Leftovers
|-heal|p2a: Suicune|74/100|[from] item: Leftovers
|upkeep
|turn|11
|
|t:|1730726999
|cant|p1a: Zapdos|slp
|move|p1a: Zapdos|Sleep Talk|p1a: Zapdos
|move|p1a: Zapdos|Roar|p2a: Suicune|[from]Sleep Talk
|drag|p2a: Forretress|Forretress, M|100/100
|-damage|p2a: Forretress|88/100|[from] Spikes
|
|-heal|p1a: Zapdos|72/100 slp|[from] item: Leftovers
|-heal|p2a: Forretress|94/100|[from] item: Leftovers
|upkeep
|turn|12
|
|t:|1730727008
|cant|p1a: Zapdos|slp
|move|p1a: Zapdos|Sleep Talk|p1a: Zapdos
|move|p1a: Zapdos|Thunderbolt|p2a: Forretress|[from]Sleep Talk
|-damage|p2a: Forretress|32/100
|-status|p2a: Forretress|par
|cant|p2a: Forretress|par
|
|-heal|p1a: Zapdos|78/100 slp|[from] item: Leftovers
|-heal|p2a: Forretress|38/100 par|[from] item: Leftovers
|upkeep
|turn|13
|c|☆triangles|damn 
|c|☆triangles|thats tough
|c|☆triangles|sorry
|
|t:|1730727018
|switch|p2a: Celebi|Celebi|75/100
|-damage|p2a: Celebi|62/100|[from] Spikes
|-curestatus|p1a: Zapdos|slp|[msg]
|move|p1a: Zapdos|Thunderbolt|p2a: Celebi
|-resisted|p2a: Celebi
|-damage|p2a: Celebi|46/100
|
|-heal|p1a: Zapdos|84/100|[from] item: Leftovers
|-heal|p2a: Celebi|52/100|[from] item: Leftovers
|upkeep
|turn|14
|c|☆Blaniom|np
|
|t:|1730727026
|move|p2a: Celebi|Recover|p2a: Celebi
|-heal|p2a: Celebi|100/100
|move|p1a: Zapdos|Roar|p2a: Celebi
|drag|p2a: Aerodactyl|Aerodactyl, M|100/100
|
|-heal|p1a: Zapdos|90/100|[from] item: Leftovers
|upkeep
|turn|15
|
|t:|1730727032
|switch|p2a: Celebi|Celebi|100/100
|-damage|p2a: Celebi|88/100|[from] Spikes
|switch|p1a: Swampert|Swampert, M, shiny|100/100
|
|-heal|p2a: Celebi|94/100|[from] item: Leftovers
|upkeep
|turn|16
|
|t:|1730727043
|switch|p1a: Zapdos|Zapdos|90/100
|move|p2a: Celebi|Leech Seed|p1a: Zapdos
|-start|p1a: Zapdos|move: Leech Seed
|
|-heal|p1a: Zapdos|96/100|[from] item: Leftovers
|-damage|p1a: Zapdos|84/100|[from] Leech Seed|[of] p2a: Celebi
|-heal|p2a: Celebi|100/100|[silent]
|upkeep
|turn|17
|
|t:|1730727051
|switch|p1a: Swampert|Swampert, M, shiny|100/100
|move|p2a: Celebi|Calm Mind|p2a: Celebi
|-boost|p2a: Celebi|spa|1
|-boost|p2a: Celebi|spd|1
|
|upkeep
|turn|18
|
|t:|1730727054
|switch|p1a: Zapdos|Zapdos|84/100
|move|p2a: Celebi|Leech Seed|p1a: Zapdos|[miss]
|-miss|p2a: Celebi|p1a: Zapdos
|
|-heal|p1a: Zapdos|90/100|[from] item: Leftovers
|upkeep
|turn|19
|
|t:|1730727058
|move|p2a: Celebi|Leech Seed|p1a: Zapdos
|-start|p1a: Zapdos|move: Leech Seed
|move|p1a: Zapdos|Roar|p2a: Celebi
|drag|p2a: Raikou|Raikou|100/100
|-damage|p2a: Raikou|88/100|[from] Spikes
|
|-heal|p2a: Raikou|94/100|[from] item: Leftovers
|-heal|p1a: Zapdos|96/100|[from] item: Leftovers
|-damage|p1a: Zapdos|83/100|[from] Leech Seed|[of] p2a: Raikou
|-heal|p2a: Raikou|100/100|[silent]
|upkeep
|turn|20
|
|t:|1730727062
|switch|p1a: Registeel|Registeel, shiny|100/100
|move|p2a: Raikou|Thunderbolt|p1a: Registeel
|-damage|p1a: Registeel|73/100
|-status|p1a: Registeel|par
|
|-heal|p1a: Registeel|79/100 par|[from] item: Leftovers
|upkeep
|turn|21
|
|t:|1730727076
|switch|p2a: Celebi|Celebi|100/100
|-damage|p2a: Celebi|88/100|[from] Spikes
|move|p1a: Registeel|Seismic Toss|p2a: Celebi
|-damage|p2a: Celebi|63/100
|
|-heal|p2a: Celebi|70/100|[from] item: Leftovers
|-heal|p1a: Registeel|85/100 par|[from] item: Leftovers
|upkeep
|turn|22
|
|t:|1730727093
|switch|p1a: Tyranitar|Tyranitar, F, shiny|100/100
|-weather|Sandstorm|[from] ability: Sand Stream|[of] p1a: Tyranitar
|move|p2a: Celebi|Leech Seed|p1a: Tyranitar|[miss]
|-miss|p2a: Celebi|p1a: Tyranitar
|
|-weather|Sandstorm|[upkeep]
|-damage|p2a: Celebi|63/100|[from] Sandstorm
|-heal|p2a: Celebi|70/100|[from] item: Leftovers
|upkeep
|turn|23
|
|t:|1730727101
|switch|p2a: Suicune|Suicune|74/100
|-damage|p2a: Suicune|62/100|[from] Spikes
|move|p1a: Tyranitar|Crunch|p2a: Suicune
|-damage|p2a: Suicune|35/100
|
|-weather|Sandstorm|[upkeep]
|-damage|p2a: Suicune|29/100|[from] Sandstorm
|-heal|p2a: Suicune|35/100|[from] item: Leftovers
|upkeep
|turn|24
|
|t:|1730727105
|switch|p1a: Zapdos|Zapdos|83/100
|move|p2a: Suicune|Rest|p2a: Suicune
|-status|p2a: Suicune|slp|[from] move: Rest
|-heal|p2a: Suicune|100/100 slp|[silent]
|
|-weather|Sandstorm|[upkeep]
|-damage|p1a: Zapdos|77/100|[from] Sandstorm
|-damage|p2a: Suicune|94/100 slp|[from] Sandstorm
|-heal|p1a: Zapdos|83/100|[from] item: Leftovers
|-heal|p2a: Suicune|100/100 slp|[from] item: Leftovers
|upkeep
|turn|25
|
|t:|1730727110
|switch|p2a: Celebi|Celebi|70/100
|-damage|p2a: Celebi|57/100|[from] Spikes
|move|p1a: Zapdos|Roar|p2a: Celebi
|drag|p2a: Raikou|Raikou|100/100
|-damage|p2a: Raikou|88/100|[from] Spikes
|
|-weather|Sandstorm|[upkeep]
|-damage|p2a: Raikou|82/100|[from] Sandstorm
|-damage|p1a: Zapdos|77/100|[from] Sandstorm
|-heal|p2a: Raikou|88/100|[from] item: Leftovers
|-heal|p1a: Zapdos|83/100|[from] item: Leftovers
|upkeep
|turn|26
|
|t:|1730727118
|switch|p1a: Registeel|Registeel, shiny|85/100 par
|move|p2a: Raikou|Calm Mind|p2a: Raikou
|-boost|p2a: Raikou|spa|1
|-boost|p2a: Raikou|spd|1
|
|-weather|Sandstorm|[upkeep]
|-damage|p2a: Raikou|82/100|[from] Sandstorm
|-heal|p2a: Raikou|88/100|[from] item: Leftovers
|-heal|p1a: Registeel|91/100 par|[from] item: Leftovers
|upkeep
|turn|27
|
|t:|1730727120
|move|p2a: Raikou|Thunderbolt|p1a: Registeel
|-damage|p1a: Registeel|52/100 par
|move|p1a: Registeel|Earthquake|p2a: Raikou
|-supereffective|p2a: Raikou
|-damage|p2a: Raikou|39/100
|
|-weather|Sandstorm|[upkeep]
|-damage|p2a: Raikou|33/100|[from] Sandstorm
|-heal|p2a: Raikou|39/100|[from] item: Leftovers
|-heal|p1a: Registeel|58/100 par|[from] item: Leftovers
|upkeep
|turn|28
|
|t:|1730727132
|switch|p2a: Dugtrio|Dugtrio, F|100/100
|-damage|p2a: Dugtrio|88/100|[from] Spikes
|move|p1a: Registeel|Earthquake|p2a: Dugtrio
|-damage|p2a: Dugtrio|37/100
|
|-weather|Sandstorm|[upkeep]
|-heal|p1a: Registeel|65/100 par|[from] item: Leftovers
|upkeep
|turn|29
|
|t:|1730727147
|move|p1a: Registeel|Protect|p1a: Registeel
|-singleturn|p1a: Registeel|Protect
|move|p2a: Dugtrio|Earthquake|p1a: Registeel
|-activate|p1a: Registeel|Protect
|
|-weather|Sandstorm|[upkeep]
|-heal|p1a: Registeel|71/100 par|[from] item: Leftovers
|upkeep
|turn|30
|
|t:|1730727150
|move|p2a: Dugtrio|Earthquake|p1a: Registeel
|-supereffective|p1a: Registeel
|-damage|p1a: Registeel|0 fnt
|faint|p1a: Registeel
|
|t:|1730727159
|switch|p1a: Salamence|Salamence, M, shiny|100/100
|-ability|p1a: Salamence|Intimidate|boost
|-unboost|p2a: Dugtrio|atk|1
|
|-weather|Sandstorm|[upkeep]
|-damage|p1a: Salamence|94/100|[from] Sandstorm
|-heal|p1a: Salamence|100/100|[from] item: Leftovers
|upkeep
|turn|31
|
|t:|1730727172
|switch|p2a: Celebi|Celebi|57/100
|-damage|p2a: Celebi|45/100|[from] Spikes
|move|p1a: Salamence|Dragon Claw|p2a: Celebi
|-damage|p2a: Celebi|12/100
|
|-weather|Sandstorm|[upkeep]
|-damage|p1a: Salamence|94/100|[from] Sandstorm
|-damage|p2a: Celebi|6/100|[from] Sandstorm
|-heal|p1a: Salamence|100/100|[from] item: Leftovers
|-heal|p2a: Celebi|12/100|[from] item: Leftovers
|upkeep
|turn|32
|
|t:|1730727175
|move|p1a: Salamence|Dragon Claw|p2a: Celebi
|-damage|p2a: Celebi|0 fnt
|faint|p2a: Celebi
|
|t:|1730727179
|switch|p2a: Aerodactyl|Aerodactyl, M|100/100
|
|-weather|Sandstorm|[upkeep]
|-damage|p1a: Salamence|94/100|[from] Sandstorm
|-heal|p1a: Salamence|100/100|[from] item: Leftovers
|upkeep
|turn|33
|
|t:|1730727189
|switch|p2a: Raikou|Raikou|39/100
|-damage|p2a: Raikou|27/100|[from] Spikes
|switch|p1a: Tyranitar|Tyranitar, F, shiny|100/100
|
|-weather|Sandstorm|[upkeep]
|-damage|p2a: Raikou|21/100|[from] Sandstorm
|-heal|p2a: Raikou|27/100|[from] item: Leftovers
|upkeep
|turn|34
|
|t:|1730727202
|move|p2a: Raikou|Thunderbolt|p1a: Tyranitar
|-damage|p1a: Tyranitar|62/100
|move|p1a: Tyranitar|Crunch|p2a: Raikou
|-damage|p2a: Raikou|0 fnt
|faint|p2a: Raikou
|
|t:|1730727205
|switch|p2a: Dugtrio|Dugtrio, F|37/100
|-damage|p2a: Dugtrio|25/100|[from] Spikes
|
|-weather|Sandstorm|[upkeep]
|-heal|p1a: Tyranitar|69/100|[from] item: Leftovers
|upkeep
|turn|35
|
|t:|1730727206
|move|p2a: Dugtrio|Earthquake|p1a: Tyranitar
|-supereffective|p1a: Tyranitar
|-damage|p1a: Tyranitar|0 fnt
|faint|p1a: Tyranitar
|
|t:|1730727213
|switch|p1a: Zapdos|Zapdos|83/100
|
|-weather|Sandstorm|[upkeep]
|-damage|p1a: Zapdos|77/100|[from] Sandstorm
|-heal|p1a: Zapdos|83/100|[from] item: Leftovers
|upkeep
|turn|36
|
|t:|1730727216
|move|p2a: Dugtrio|Earthquake|p1a: Zapdos
|-immune|p1a: Zapdos
|move|p1a: Zapdos|Thunderbolt|p2a: Dugtrio
|-immune|p2a: Dugtrio
|
|-weather|Sandstorm|[upkeep]
|-damage|p1a: Zapdos|77/100|[from] Sandstorm
|-heal|p1a: Zapdos|83/100|[from] item: Leftovers
|upkeep
|turn|37
|
|t:|1730727221
|move|p2a: Dugtrio|Earthquake|p1a: Zapdos
|-immune|p1a: Zapdos
|move|p1a: Zapdos|Thunderbolt|p2a: Dugtrio
|-immune|p2a: Dugtrio
|
|-weather|Sandstorm|[upkeep]
|-damage|p1a: Zapdos|77/100|[from] Sandstorm
|-heal|p1a: Zapdos|83/100|[from] item: Leftovers
|upkeep
|turn|38
|
|t:|1730727223
|switch|p2a: Forretress|Forretress, M|38/100 par
|-damage|p2a: Forretress|26/100 par|[from] Spikes
|move|p1a: Zapdos|Thunderbolt|p2a: Forretress
|-damage|p2a: Forretress|0 fnt
|faint|p2a: Forretress
|
|t:|1730727225
|switch|p2a: Aerodactyl|Aerodactyl, M|100/100
|
|-weather|Sandstorm|[upkeep]
|-damage|p1a: Zapdos|77/100|[from] Sandstorm
|-heal|p1a: Zapdos|83/100|[from] item: Leftovers
|upkeep
|turn|39
|
|t:|1730727229
|switch|p1a: Swampert|Swampert, M, shiny|100/100
|move|p2a: Aerodactyl|Double-Edge|p1a: Swampert
|-damage|p1a: Swampert|65/100
|
|-weather|Sandstorm|[upkeep]
|-heal|p1a: Swampert|72/100|[from] item: Leftovers
|upkeep
|turn|40
|
|t:|1730727233
|switch|p2a: Suicune|Suicune|100/100 slp
|-damage|p2a: Suicune|88/100 slp|[from] Spikes
|move|p1a: Swampert|Ice Beam|p2a: Suicune
|-resisted|p2a: Suicune
|-damage|p2a: Suicune|81/100 slp
|
|-weather|Sandstorm|[upkeep]
|-damage|p2a: Suicune|75/100 slp|[from] Sandstorm
|-heal|p2a: Suicune|81/100 slp|[from] item: Leftovers
|-heal|p1a: Swampert|78/100|[from] item: Leftovers
|upkeep
|turn|41
|
|t:|1730727237
|switch|p1a: Zapdos|Zapdos|83/100
|cant|p2a: Suicune|slp
|
|-weather|Sandstorm|[upkeep]
|-damage|p1a: Zapdos|77/100|[from] Sandstorm
|-damage|p2a: Suicune|75/100 slp|[from] Sandstorm
|-heal|p1a: Zapdos|83/100|[from] item: Leftovers
|-heal|p2a: Suicune|81/100 slp|[from] item: Leftovers
|upkeep
|turn|42
|
|t:|1730727241
|switch|p2a: Dugtrio|Dugtrio, F|25/100
|-damage|p2a: Dugtrio|13/100|[from] Spikes
|move|p1a: Zapdos|Roar|p2a: Dugtrio
|drag|p2a: Aerodactyl|Aerodactyl, M|100/100
|
|-weather|Sandstorm|[upkeep]
|-damage|p1a: Zapdos|77/100|[from] Sandstorm
|-heal|p1a: Zapdos|83/100|[from] item: Leftovers
|upkeep
|turn|43
|
|t:|1730727249
|switch|p1a: Forretress|Forretress, F, shiny|61/100
|move|p2a: Aerodactyl|Rock Slide|p1a: Forretress
|-damage|p1a: Forretress|24/100
|
|-weather|Sandstorm|[upkeep]
|-heal|p1a: Forretress|30/100|[from] item: Leftovers
|upkeep
|turn|44
|
|t:|1730727251
|switch|p1a: Swampert|Swampert, M, shiny|78/100
|move|p2a: Aerodactyl|Rock Slide|p1a: Swampert
|-resisted|p1a: Swampert
|-damage|p1a: Swampert|61/100
|
|-weather|Sandstorm|[upkeep]
|-heal|p1a: Swampert|67/100|[from] item: Leftovers
|upkeep
|turn|45
|
|t:|1730727255
|switch|p2a: Suicune|Suicune|81/100 slp
|-damage|p2a: Suicune|68/100 slp|[from] Spikes
|move|p1a: Swampert|Earthquake|p2a: Suicune
|-damage|p2a: Suicune|47/100 slp
|
|-weather|Sandstorm|[upkeep]
|-damage|p2a: Suicune|40/100 slp|[from] Sandstorm
|-heal|p2a: Suicune|47/100 slp|[from] item: Leftovers
|-heal|p1a: Swampert|73/100|[from] item: Leftovers
|upkeep
|turn|46
|
|t:|1730727259
|switch|p1a: Zapdos|Zapdos|83/100
|cant|p2a: Suicune|slp
|
|-weather|Sandstorm|[upkeep]
|-damage|p1a: Zapdos|77/100|[from] Sandstorm
|-damage|p2a: Suicune|40/100 slp|[from] Sandstorm
|-heal|p1a: Zapdos|83/100|[from] item: Leftovers
|-heal|p2a: Suicune|47/100 slp|[from] item: Leftovers
|upkeep
|turn|47
|
|t:|1730727267
|-curestatus|p2a: Suicune|slp|[msg]
|move|p2a: Suicune|Rest|p2a: Suicune
|-status|p2a: Suicune|slp|[from] move: Rest
|-heal|p2a: Suicune|100/100 slp|[silent]
|move|p1a: Zapdos|Roar|p2a: Suicune
|drag|p2a: Dugtrio|Dugtrio, F|13/100
|-damage|p2a: Dugtrio|0 fnt|[from] Spikes
|faint|p2a: Dugtrio
|
|t:|1730727272
|switch|p2a: Aerodactyl|Aerodactyl, M|100/100
|
|-weather|Sandstorm|[upkeep]
|-damage|p1a: Zapdos|77/100|[from] Sandstorm
|-heal|p1a: Zapdos|83/100|[from] item: Leftovers
|upkeep
|turn|48
|
|t:|1730727276
|switch|p1a: Forretress|Forretress, F, shiny|30/100
|move|p2a: Aerodactyl|Double-Edge|p1a: Forretress
|-resisted|p1a: Forretress
|-damage|p1a: Forretress|12/100
|
|-weather|Sandstorm|[upkeep]
|-heal|p1a: Forretress|18/100|[from] item: Leftovers
|upkeep
|turn|49
|
|t:|1730727280
|move|p2a: Aerodactyl|Double-Edge|p1a: Forretress
|-resisted|p1a: Forretress
|-damage|p1a: Forretress|0 fnt
|faint|p1a: Forretress
|
|t:|1730727284
|switch|p1a: Swampert|Swampert, M, shiny|73/100
|
|-weather|Sandstorm|[upkeep]
|-heal|p1a: Swampert|79/100|[from] item: Leftovers
|upkeep
|turn|50
|
|t:|1730727293
|move|p2a: Aerodactyl|Double-Edge|p1a: Swampert
|-damage|p1a: Swampert|44/100
|move|p1a: Swampert|Earthquake|p2a: Aerodactyl
|-immune|p2a: Aerodactyl
|
|-weather|Sandstorm|[upkeep]
|-heal|p1a: Swampert|50/100|[from] item: Leftovers
|upkeep
|turn|51
|
|t:|1730727299
|switch|p2a: Suicune|Suicune|100/100 slp
|-damage|p2a: Suicune|88/100 slp|[from] Spikes
|move|p1a: Swampert|Protect||[still]
|-fail|p1a: Swampert
|
|-weather|Sandstorm|[upkeep]
|-damage|p2a: Suicune|82/100 slp|[from] Sandstorm
|-heal|p2a: Suicune|88/100 slp|[from] item: Leftovers
|-heal|p1a: Swampert|56/100|[from] item: Leftovers
|upkeep
|turn|52
|
|t:|1730727304
|switch|p2a: Aerodactyl|Aerodactyl, M|100/100
|move|p1a: Swampert|Earthquake|p2a: Aerodactyl
|-immune|p2a: Aerodactyl
|
|-weather|Sandstorm|[upkeep]
|-heal|p1a: Swampert|63/100|[from] item: Leftovers
|upkeep
|turn|53
|
|t:|1730727308
|switch|p2a: Suicune|Suicune|88/100 slp
|-damage|p2a: Suicune|76/100 slp|[from] Spikes
|move|p1a: Swampert|Protect||[still]
|-fail|p1a: Swampert
|
|-weather|Sandstorm|[upkeep]
|-damage|p2a: Suicune|70/100 slp|[from] Sandstorm
|-heal|p2a: Suicune|76/100 slp|[from] item: Leftovers
|-heal|p1a: Swampert|69/100|[from] item: Leftovers
|upkeep
|turn|54
|
|t:|1730727311
|switch|p1a: Zapdos|Zapdos|83/100
|cant|p2a: Suicune|slp
|
|-weather|Sandstorm|[upkeep]
|-damage|p1a: Zapdos|77/100|[from] Sandstorm
|-damage|p2a: Suicune|70/100 slp|[from] Sandstorm
|-heal|p1a: Zapdos|83/100|[from] item: Leftovers
|-heal|p2a: Suicune|76/100 slp|[from] item: Leftovers
|upkeep
|turn|55
|
|t:|1730727314
|move|p1a: Zapdos|Thunderbolt|p2a: Suicune
|-supereffective|p2a: Suicune
|-damage|p2a: Suicune|17/100 slp
|cant|p2a: Suicune|slp
|
|-weather|Sandstorm|[upkeep]
|-damage|p1a: Zapdos|77/100|[from] Sandstorm
|-damage|p2a: Suicune|11/100 slp|[from] Sandstorm
|-heal|p1a: Zapdos|83/100|[from] item: Leftovers
|-heal|p2a: Suicune|17/100 slp|[from] item: Leftovers
|upkeep
|turn|56
|
|t:|1730727317
|move|p1a: Zapdos|Thunderbolt|p2a: Suicune
|-supereffective|p2a: Suicune
|-crit|p2a: Suicune
|-damage|p2a: Suicune|0 fnt
|faint|p2a: Suicune
|
|t:|1730727319
|switch|p2a: Aerodactyl|Aerodactyl, M|100/100
|
|-weather|Sandstorm|[upkeep]
|-damage|p1a: Zapdos|77/100|[from] Sandstorm
|-heal|p1a: Zapdos|83/100|[from] item: Leftovers
|upkeep
|turn|57
|
|t:|1730727324
|move|p2a: Aerodactyl|Rock Slide|p1a: Zapdos
|-supereffective|p1a: Zapdos
|-damage|p1a: Zapdos|0 fnt
|faint|p1a: Zapdos
|
|t:|1730727328
|switch|p1a: Salamence|Salamence, M, shiny|100/100
|-ability|p1a: Salamence|Intimidate|boost
|-unboost|p2a: Aerodactyl|atk|1
|
|-weather|Sandstorm|[upkeep]
|-damage|p1a: Salamence|94/100|[from] Sandstorm
|-heal|p1a: Salamence|100/100|[from] item: Leftovers
|upkeep
|turn|58
|
|t:|1730727330
|move|p2a: Aerodactyl|Rock Slide|p1a: Salamence
|-supereffective|p1a: Salamence
|-damage|p1a: Salamence|17/100
|move|p1a: Salamence|Dragon Claw|p2a: Aerodactyl
|-damage|p2a: Aerodactyl|42/100
|
|-weather|Sandstorm|[upkeep]
|-damage|p1a: Salamence|11/100|[from] Sandstorm
|-heal|p1a: Salamence|17/100|[from] item: Leftovers
|upkeep
|turn|59
|
|t:|1730727332
|move|p2a: Aerodactyl|Rock Slide|p1a: Salamence
|-supereffective|p1a: Salamence
|-damage|p1a: Salamence|0 fnt
|faint|p1a: Salamence
|
|t:|1730727333
|switch|p1a: Swampert|Swampert, M, shiny|69/100
|
|-weather|Sandstorm|[upkeep]
|-heal|p1a: Swampert|75/100|[from] item: Leftovers
|upkeep
|turn|60
|
|t:|1730727335
|move|p1a: Swampert|Protect|p1a: Swampert
|-singleturn|p1a: Swampert|Protect
|move|p2a: Aerodactyl|Rock Slide|p1a: Swampert
|-activate|p1a: Swampert|Protect
|
|-weather|Sandstorm|[upkeep]
|-heal|p1a: Swampert|81/100|[from] item: Leftovers
|upkeep
|turn|61
|
|t:|1730727338
|move|p2a: Aerodactyl|Rock Slide|p1a: Swampert
|-resisted|p1a: Swampert
|-damage|p1a: Swampert|69/100
|move|p1a: Swampert|Ice Beam|p2a: Aerodactyl
|-supereffective|p2a: Aerodactyl
|-damage|p2a: Aerodactyl|0 fnt
|faint|p2a: Aerodactyl
|
|win|triangles
|c|☆triangles|gg
|c|☆Blaniom|gg

</script>
<script type="application/json" class="data" id="replaydata-smogtours-gen3ou-804743">
{"id":"smogtours-gen3ou-804743","format":"[Gen 3] OU","players":["triangles","Blaniom"],"uploadtime":1730727338,"views":78,"formatid":"gen3ou","rating":null,"private":0,"password":null}
</script>

<script defer src="js/replays.js?9d40a366"></script>
