<!DOCTYPE html>
<meta charset="utf-8" />
<meta name="viewport" content="width=device-width" />

<title>[Gen 3] OU: Baptosta vs. thedolla - Replays - Pok&eacute;mon Showdown!</title>

<meta name="description" content="Watch a replay of a Pok&eacute;mon battle between Baptosta and thedolla! Format: [Gen 3] OU; Date: Oct 20, 2024" />
<!--

Hey, you! Looking in the source for the replay log?

You can find them in JSON format, just add `.json` at the end of a replay URL.

https://replay.pokemonshowdown.com/gen7randomdoublesbattle-865046831.json

Or, if you only need the log itself, add `.log` instead:

https://replay.pokemonshowdown.com/gen7randomdoublesbattle-865046831.log

-->

<link rel="stylesheet" href="//pokemonshowdown.com/style/global.css?0.767286132409787" />
<link rel="stylesheet" href="//play.pokemonshowdown.com/style/font-awesome.css?0.9266228007934947" />
<link rel="stylesheet" href="//play.pokemonshowdown.com/style/battle.css?0.7924700842790926" />
<link rel="stylesheet" href="//play.pokemonshowdown.com/style/utilichart.css?0.8777417872839479" />

<!-- Global site tag (gtag.js) - Google Analytics -->
<script async src="https://www.googletagmanager.com/gtag/js?id=UA-26211653-1"></script>
<script>
  window.dataLayer = window.dataLayer || [];
  function gtag(){dataLayer.push(arguments);}
  gtag('js', new Date());

  gtag('config', 'UA-26211653-1');
</script>
<!-- End Google Analytics -->
<!-- Venatus Ad Manager - Install in <HEAD> of page -->
	<script src="https://hb.vntsm.com/v3/live/ad-manager.min.js" type="text/javascript" data-site-id="642aba63ec9a7b11c3c9c1be" data-mode="scan" async></script>
<!-- / Venatus Ad Manager -->

<style>
	@media (max-width:820px) {
		.battle {
			margin: 0 auto;
		}
		.battle-log {
			margin: 7px auto 0;
			max-width: 640px;
			height: 300px;
			position: static;
		}
	}
	.optgroup {
		display: inline-block;
		line-height: 22px;
		font-size: 10pt;
	}
	.optgroup .button {
		height: 25px;
		padding-top: 0;
		padding-bottom: 0;
	}
	.optgroup button.button {
		padding-left: 12px;
		padding-right: 12px;
	}
	.linklist {
		list-style: none;
		margin: 0.5em 0;
		padding: 0;
	}
	.linklist li {
		padding: 2px 0;
	}
	.sidebar {
		float: left;
		width: 320px;
	}
	.bar-wrapper {
		max-width: 1100px;
		margin: 0 auto;
	}
	.bar-wrapper.has-sidebar {
		max-width: 1430px;
	}
	.mainbar {
		margin: 0;
		padding-right: 1px;
	}
	.mainbar.has-sidebar {
		margin-left: 330px;
	}
	@media (min-width: 1511px) {
		.sidebar {
			width: 400px;
		}
		.bar-wrapper.has-sidebar {
			max-width: 1510px;
		}
		.mainbar.has-sidebar {
			margin-left: 410px;
		}
	}
	.section.first-section {
		margin-top: 9px;
	}
	.blocklink small {
		white-space: normal;
	}
	.button {
		vertical-align: middle;
	}
	.replay-controls {
		padding-top: 10px;
	}
	.replay-controls h1 {
		font-size: 16pt;
		font-weight: normal;
		color: #CCC;
	}
	.pagelink {
		text-align: center;
	}
	.pagelink a {
		width: 150px;
	}
	.textbox, .button {
		font-size: 11pt;
		vertical-align: middle;
	}
	@media (max-width: 450px) {
		.button {
			font-size: 9pt;
		}
	}
</style>

<div>

	<header>
		<div class="nav-wrapper"><ul class="nav">
			<li><a class="button nav-first" href="//pokemonshowdown.com/"><img src="//pokemonshowdown.com/images/pokemonshowdownbeta.png" srcset="//pokemonshowdown.com/images/pokemonshowdownbeta.png 1x, //pokemonshowdown.com/images/pokemonshowdownbeta@2x.png 2x" alt="Pok&eacute;mon Showdown" width="146" height="44" /> Home</a></li>
			<li><a class="button" href="//pokemonshowdown.com/dex/">Pok&eacute;dex</a></li>
			<li><a class="button cur" href="/">Replays</a></li>
			<li><a class="button" href="//pokemonshowdown.com/ladder/">Ladder</a></li>
			<li><a class="button nav-last" href="//pokemonshowdown.com/forums/">Forum</a></li>
			<li><a class="button greenbutton nav-first nav-last" href="//play.pokemonshowdown.com/">Play</a></li>
		</ul></div>
	</header>

	<div class="main" id="main">

		<noscript><section class="section">You need to enable JavaScript to use this page; sorry!</section></noscript>

	</div>

</div>

<script defer nomodule src="//play.pokemonshowdown.com/js/lib/ps-polyfill.js"></script>
<script defer src="//play.pokemonshowdown.com/js/lib/preact.min.js"></script>

<script defer src="//play.pokemonshowdown.com/config/config.js?6dec07f6"></script>
<script defer src="//play.pokemonshowdown.com/js/lib/jquery-1.11.0.min.js"></script>
<script defer src="//play.pokemonshowdown.com/js/lib/html-sanitizer-minified.js"></script>
<script defer src="//play.pokemonshowdown.com/js/battle-sound.js"></script>
<script defer src="//play.pokemonshowdown.com/js/battledata.js?0.6315294753075389"></script>
<script defer src="//play.pokemonshowdown.com/data/pokedex-mini.js?0.7603743185311358"></script>
<script defer src="//play.pokemonshowdown.com/data/pokedex-mini-bw.js?0.030888842834281283"></script>
<script defer src="//play.pokemonshowdown.com/data/graphics.js?0.05593094747507488"></script>
<script defer src="//play.pokemonshowdown.com/data/pokedex.js?0.47064822249611904"></script>
<script defer src="//play.pokemonshowdown.com/data/moves.js?0.8583693120512459"></script>
<script defer src="//play.pokemonshowdown.com/data/abilities.js?0.16017181182386842"></script>
<script defer src="//play.pokemonshowdown.com/data/items.js?0.4163379185673943"></script>
<script defer src="//play.pokemonshowdown.com/data/teambuilder-tables.js?0.31075597372830477"></script>
<script defer src="//play.pokemonshowdown.com/js/battle-tooltips.js?0.6536193500708172"></script>
<script defer src="//play.pokemonshowdown.com/js/battle.js?0.1916591943277901"></script>

<script defer src="js/utils.js?e31f9a17"></script>
<script defer src="js/replays-battle.js?7008c182"></script>

<!-- don't scrape this data! just add .json or .log after the URL!
Full API docs: https://github.com/smogon/pokemon-showdown-client/blob/master/WEB-API.md -->
<script type="text/plain" class="log" id="replaylog-smogtours-gen3ou-800392">
|inactive|Battle timer is ON: inactive players will automatically lose when time's up.
|t:|1729436482
|gametype|singles
|player|p1|Baptosta|102|
|player|p2|thedolla|265|
|teamsize|p1|6
|teamsize|p2|6
|gen|3
|tier|[Gen 3] OU
|rule|Sleep Clause Mod: Limit one foe put to sleep
|rule|Switch Priority Clause Mod: Faster Pokémon switch first
|rule|Species Clause: Limit one of each Pokémon
|rule|OHKO Clause: OHKO moves are banned
|rule|Evasion Items Clause: Evasion items are banned
|rule|Evasion Moves Clause: Evasion moves are banned
|rule|Endless Battle Clause: Forcing endless battles is banned
|rule|HP Percentage Mod: HP is shown in percentages
|rule|One Boost Passer Clause: Limit one Baton Passer that has a way to boost its stats
|rule|Freeze Clause Mod: Limit one foe frozen
|
|t:|1729436482
|start
|switch|p1a: Give me Bug|Heracross, F|100/100
|switch|p2a: Hariyama|Hariyama, F|100/100
|turn|1
|c|☆Baptosta|gl hf
|c|☆thedolla|u2
|inactive|thedolla has 270 seconds left.
|
|t:|1729436524
|switch|p2a: Salamence|Salamence, M|100/100
|-ability|p2a: Salamence|Intimidate|boost
|-unboost|p1a: Give me Bug|atk|1
|move|p1a: Give me Bug|Megahorn|p2a: Salamence
|-resisted|p2a: Salamence
|-damage|p2a: Salamence|75/100
|
|-heal|p2a: Salamence|81/100|[from] item: Leftovers
|upkeep
|turn|2
|
|t:|1729436536
|switch|p1a: Ugly Duckling|Porygon2|100/100
|-ability|p1a: Ugly Duckling|Intimidate|[from] ability: Trace|[of] p2a: Salamence
|move|p2a: Salamence|Toxic|p1a: Ugly Duckling
|-status|p1a: Ugly Duckling|tox
|
|-heal|p2a: Salamence|87/100|[from] item: Leftovers
|-damage|p1a: Ugly Duckling|94/100 tox|[from] psn
|upkeep
|turn|3
|inactive|thedolla has 270 seconds left.
|inactive|thedolla has 240 seconds left.
|
|t:|1729436611
|switch|p2a: Hariyama|Hariyama, F|100/100
|move|p1a: Ugly Duckling|Thunder Wave|p2a: Hariyama
|-status|p2a: Hariyama|par
|
|-heal|p1a: Ugly Duckling|100/100 tox|[from] item: Leftovers
|-damage|p1a: Ugly Duckling|88/100 tox|[from] psn
|upkeep
|turn|4
|
|t:|1729436625
|switch|p1a: Champion|Hariyama, F|100/100
|move|p2a: Hariyama|Knock Off|p1a: Champion
|-resisted|p1a: Champion
|-damage|p1a: Champion|99/100
|-enditem|p1a: Champion|Leftovers|[from] move: Knock Off|[of] p2a: Hariyama
|-hint|In Gens 3-4, Knock Off only makes the target's item unusable; it cannot obtain a new item.
|
|upkeep
|turn|5
|inactive|thedolla has 240 seconds left.
|inactive|thedolla has 210 seconds left.
|
|t:|1729436665
|move|p1a: Champion|Knock Off|p2a: Hariyama
|-resisted|p2a: Hariyama
|-damage|p2a: Hariyama|99/100 par
|-enditem|p2a: Hariyama|Leftovers|[from] move: Knock Off|[of] p1a: Champion
|move|p2a: Hariyama|Brick Break|p1a: Champion
|-damage|p1a: Champion|45/100
|
|upkeep
|turn|6
|
|t:|1729436678
|move|p1a: Champion|Cross Chop|p2a: Hariyama
|-crit|p2a: Hariyama
|-damage|p2a: Hariyama|0 fnt
|faint|p2a: Hariyama
|inactive|thedolla has 210 seconds left.
|inactive|thedolla has 180 seconds left.
|inactive|thedolla has 150 seconds left.
|
|t:|1729436766
|switch|p2a: Marowak|Marowak, M|100/100
|
|upkeep
|turn|7
|
|t:|1729436770
|move|p2a: Marowak|Earthquake|p1a: Champion
|-crit|p1a: Champion
|-damage|p1a: Champion|0 fnt
|faint|p1a: Champion
|
|t:|1729436775
|switch|p1a: Ball room toy|Claydol|100/100
|
|upkeep
|turn|8
|inactive|thedolla has 150 seconds left.
|
|t:|1729436793
|switch|p2a: Jirachi|Jirachi|100/100
|move|p1a: Ball room toy|Psychic|p2a: Jirachi
|-resisted|p2a: Jirachi
|-damage|p2a: Jirachi|97/100
|-unboost|p2a: Jirachi|spd|1
|
|-heal|p2a: Jirachi|100/100|[from] item: Leftovers
|upkeep
|turn|9
|inactive|thedolla has 150 seconds left.
|
|t:|1729436801
|move|p2a: Jirachi|Body Slam|p1a: Ball room toy
|-damage|p1a: Ball room toy|86/100
|move|p1a: Ball room toy|Earthquake|p2a: Jirachi
|-supereffective|p2a: Jirachi
|-crit|p2a: Jirachi
|-damage|p2a: Jirachi|23/100
|
|-heal|p2a: Jirachi|29/100|[from] item: Leftovers
|-heal|p1a: Ball room toy|92/100|[from] item: Leftovers
|upkeep
|turn|10
|c|☆Baptosta|sry for the crits
|inactive|thedolla has 150 seconds left.
|
|t:|1729436818
|switch|p2a: Celebi|Celebi|100/100
|move|p1a: Ball room toy|Earthquake|p2a: Celebi
|-resisted|p2a: Celebi
|-damage|p2a: Celebi|92/100
|
|-heal|p2a: Celebi|98/100|[from] item: Leftovers
|-heal|p1a: Ball room toy|99/100|[from] item: Leftovers
|upkeep
|turn|11
|inactive|thedolla has 150 seconds left.
|
|t:|1729436824
|switch|p1a: Ugly Duckling|Porygon2|88/100 tox
|-ability|p1a: Ugly Duckling|Natural Cure|[from] ability: Trace|[of] p2a: Celebi
|move|p2a: Celebi|Leech Seed|p1a: Ugly Duckling
|-start|p1a: Ugly Duckling|move: Leech Seed
|
|-heal|p2a: Celebi|100/100|[from] item: Leftovers
|-heal|p1a: Ugly Duckling|94/100 tox|[from] item: Leftovers
|-damage|p1a: Ugly Duckling|82/100 tox|[from] Leech Seed|[of] p2a: Celebi
|-damage|p1a: Ugly Duckling|76/100 tox|[from] psn
|upkeep
|turn|12
|inactive|thedolla has 150 seconds left.
|
|t:|1729436837
|switch|p2a: Jirachi|Jirachi|29/100
|-curestatus|p1a: Ugly Duckling|tox|[from] ability: Natural Cure
|switch|p1a: One|Celebi|100/100
|
|-heal|p2a: Jirachi|35/100|[from] item: Leftovers
|upkeep
|turn|13
|
|t:|1729436841
|move|p1a: One|Leech Seed|p2a: Jirachi|[miss]
|-miss|p1a: One|p2a: Jirachi
|move|p2a: Jirachi|Wish|p2a: Jirachi
|
|-heal|p2a: Jirachi|42/100|[from] item: Leftovers
|upkeep
|turn|14
|
|t:|1729436847
|switch|p1a: Ball room toy|Claydol|99/100
|move|p2a: Jirachi|Protect||[still]
|-fail|p2a: Jirachi
|
|-heal|p2a: Jirachi|92/100|[from] move: Wish|[wisher] Jirachi
|-heal|p2a: Jirachi|98/100|[from] item: Leftovers
|-heal|p1a: Ball room toy|100/100|[from] item: Leftovers
|upkeep
|turn|15
|
|t:|1729436850
|switch|p2a: Salamence|Salamence, M|87/100
|-ability|p2a: Salamence|Intimidate|boost
|-unboost|p1a: Ball room toy|atk|1
|move|p1a: Ball room toy|Earthquake|p2a: Salamence
|-immune|p2a: Salamence
|
|-heal|p2a: Salamence|93/100|[from] item: Leftovers
|upkeep
|turn|16
|
|t:|1729436859
|switch|p1a: Wyvern|Milotic, F|100/100
|move|p2a: Salamence|Protect||[still]
|-fail|p2a: Salamence
|
|-heal|p2a: Salamence|99/100|[from] item: Leftovers
|upkeep
|turn|17
|inactive|thedolla has 180 seconds left.
|
|t:|1729436882
|switch|p2a: Starmie|Starmie|100/100
|move|p1a: Wyvern|Hypnosis|p2a: Starmie
|-status|p2a: Starmie|slp|[from] move: Hypnosis
|
|upkeep
|turn|18
|
|t:|1729436889
|-curestatus|p2a: Starmie|slp|[from] ability: Natural Cure
|switch|p2a: Jirachi|Jirachi|98/100
|switch|p1a: Give me Bug|Heracross, F|100/100
|
|-heal|p2a: Jirachi|100/100|[from] item: Leftovers
|upkeep
|turn|19
|
|t:|1729436900
|switch|p1a: One|Celebi|100/100
|move|p2a: Jirachi|Fire Punch|p1a: One
|-supereffective|p1a: One
|-damage|p1a: One|78/100
|
|-heal|p1a: One|84/100|[from] item: Leftovers
|upkeep
|turn|20
|
|t:|1729436917
|switch|p2a: Marowak|Marowak, M|100/100
|move|p1a: One|Leech Seed|p2a: Marowak|[miss]
|-miss|p1a: One|p2a: Marowak
|
|-heal|p1a: One|90/100|[from] item: Leftovers
|upkeep
|turn|21
|
|t:|1729436920
|move|p1a: One|Leech Seed|p2a: Marowak
|-start|p2a: Marowak|move: Leech Seed
|move|p2a: Marowak|Hidden Power|p1a: One
|-supereffective|p1a: One
|-damage|p1a: One|0 fnt
|faint|p1a: One
|
|t:|1729436927
|switch|p1a: Give me Bug|Heracross, F|100/100
|
|-damage|p2a: Marowak|88/100|[from] Leech Seed|[of] p1a: Give me Bug
|upkeep
|turn|22
|
|t:|1729436945
|switch|p2a: Salamence|Salamence, M|99/100
|-ability|p2a: Salamence|Intimidate|boost
|-unboost|p1a: Give me Bug|atk|1
|move|p1a: Give me Bug|Rock Slide|p2a: Salamence
|-supereffective|p2a: Salamence
|-damage|p2a: Salamence|59/100
|
|-heal|p2a: Salamence|65/100|[from] item: Leftovers
|upkeep
|turn|23
|
|t:|1729436955
|switch|p1a: Wyvern|Milotic, F|100/100
|move|p2a: Salamence|Toxic|p1a: Wyvern|[miss]
|-miss|p2a: Salamence|p1a: Wyvern
|
|-heal|p2a: Salamence|72/100|[from] item: Leftovers
|upkeep
|turn|24
|
|t:|1729436969
|switch|p1a: Ugly Duckling|Porygon2|76/100
|-ability|p1a: Ugly Duckling|Intimidate|[from] ability: Trace|[of] p2a: Salamence
|move|p2a: Salamence|Protect||[still]
|-fail|p2a: Salamence
|
|-heal|p2a: Salamence|78/100|[from] item: Leftovers
|-heal|p1a: Ugly Duckling|82/100|[from] item: Leftovers
|upkeep
|turn|25
|inactive|thedolla has 180 seconds left.
|c|☆thedolla|did I miss something
|c|☆thedolla|why isn't the porygon2 toxiced
|inactive|thedolla has 150 seconds left.
|c|☆thedolla|oh natural cure duh
|c|☆thedolla|nice
|c|☆Baptosta|yeah
|
|t:|1729437050
|switch|p2a: Celebi|Celebi|100/100
|move|p1a: Ugly Duckling|Thunder|p2a: Celebi
|-resisted|p2a: Celebi
|-damage|p2a: Celebi|89/100
|
|-heal|p2a: Celebi|95/100|[from] item: Leftovers
|-heal|p1a: Ugly Duckling|88/100|[from] item: Leftovers
|upkeep
|turn|26
|
|t:|1729437063
|move|p2a: Celebi|Leech Seed|p1a: Ugly Duckling
|-start|p1a: Ugly Duckling|move: Leech Seed
|move|p1a: Ugly Duckling|Thunder Wave|p2a: Celebi
|-status|p2a: Celebi|par
|
|-heal|p1a: Ugly Duckling|94/100|[from] item: Leftovers
|-damage|p1a: Ugly Duckling|82/100|[from] Leech Seed|[of] p2a: Celebi
|-heal|p2a: Celebi|100/100 par|[silent]
|upkeep
|turn|27
|
|t:|1729437077
|switch|p1a: Wyvern|Milotic, F|100/100
|-curestatus|p2a: Celebi|par|[from] ability: Natural Cure
|switch|p2a: Starmie|Starmie|100/100
|
|upkeep
|turn|28
|
|t:|1729437086
|move|p2a: Starmie|Surf|p1a: Wyvern
|-resisted|p1a: Wyvern
|-damage|p1a: Wyvern|89/100
|move|p1a: Wyvern|Hypnosis|p2a: Starmie|[miss]
|-miss|p1a: Wyvern|p2a: Starmie
|
|-heal|p1a: Wyvern|95/100|[from] item: Leftovers
|upkeep
|turn|29
|
|t:|1729437098
|switch|p2a: Celebi|Celebi|100/100
|move|p1a: Wyvern|Hypnosis|p2a: Celebi|[miss]
|-miss|p1a: Wyvern|p2a: Celebi
|
|-heal|p1a: Wyvern|100/100|[from] item: Leftovers
|upkeep
|turn|30
|
|t:|1729437102
|move|p2a: Celebi|Leech Seed|p1a: Wyvern
|-start|p1a: Wyvern|move: Leech Seed
|move|p1a: Wyvern|Ice Beam|p2a: Celebi
|-supereffective|p2a: Celebi
|-damage|p2a: Celebi|65/100
|
|-heal|p2a: Celebi|71/100|[from] item: Leftovers
|-damage|p1a: Wyvern|88/100|[from] Leech Seed|[of] p2a: Celebi
|-heal|p2a: Celebi|83/100|[silent]
|upkeep
|turn|31
|
|t:|1729437107
|move|p2a: Celebi|Hidden Power|p1a: Wyvern
|-supereffective|p1a: Wyvern
|-damage|p1a: Wyvern|52/100
|move|p1a: Wyvern|Hypnosis|p2a: Celebi|[miss]
|-miss|p1a: Wyvern|p2a: Celebi
|
|-heal|p2a: Celebi|89/100|[from] item: Leftovers
|-heal|p1a: Wyvern|58/100|[from] item: Leftovers
|-damage|p1a: Wyvern|46/100|[from] Leech Seed|[of] p2a: Celebi
|-heal|p2a: Celebi|100/100|[silent]
|upkeep
|turn|32
|
|t:|1729437118
|switch|p1a: Ugly Duckling|Porygon2|82/100
|-ability|p1a: Ugly Duckling|Natural Cure|[from] ability: Trace|[of] p2a: Celebi
|move|p2a: Celebi|Hidden Power|p1a: Ugly Duckling
|-damage|p1a: Ugly Duckling|61/100
|
|-heal|p1a: Ugly Duckling|67/100|[from] item: Leftovers
|upkeep
|turn|33
|c|☆Baptosta|this is why hypnosis sucks
|inactive|thedolla has 150 seconds left.
|
|t:|1729437134
|move|p2a: Celebi|Leech Seed|p1a: Ugly Duckling
|-start|p1a: Ugly Duckling|move: Leech Seed
|move|p1a: Ugly Duckling|Thunder Wave|p2a: Celebi
|-status|p2a: Celebi|par
|
|-heal|p1a: Ugly Duckling|73/100|[from] item: Leftovers
|-damage|p1a: Ugly Duckling|61/100|[from] Leech Seed|[of] p2a: Celebi
|upkeep
|turn|34
|inactive|thedolla has 150 seconds left.
|
|t:|1729437144
|-curestatus|p2a: Celebi|par|[from] ability: Natural Cure
|switch|p2a: Starmie|Starmie|100/100
|move|p1a: Ugly Duckling|Recover|p1a: Ugly Duckling
|-heal|p1a: Ugly Duckling|100/100
|
|-damage|p1a: Ugly Duckling|88/100|[from] Leech Seed|[of] p2a: Starmie
|upkeep
|turn|35
|
|t:|1729437149
|move|p2a: Starmie|Surf|p1a: Ugly Duckling
|-damage|p1a: Ugly Duckling|58/100
|move|p1a: Ugly Duckling|Thunder Wave|p2a: Starmie
|-status|p2a: Starmie|par
|
|-heal|p1a: Ugly Duckling|64/100|[from] item: Leftovers
|-damage|p1a: Ugly Duckling|52/100|[from] Leech Seed|[of] p2a: Starmie
|upkeep
|turn|36
|
|t:|1729437154
|switch|p1a: Give me Bug|Heracross, F|100/100
|-curestatus|p2a: Starmie|par|[from] ability: Natural Cure
|switch|p2a: Celebi|Celebi|100/100
|
|upkeep
|turn|37
|
|t:|1729437160
|switch|p2a: Jirachi|Jirachi|100/100
|move|p1a: Give me Bug|Megahorn|p2a: Jirachi
|-damage|p2a: Jirachi|24/100
|
|-heal|p2a: Jirachi|30/100|[from] item: Leftovers
|upkeep
|turn|38
|
|t:|1729437165
|move|p2a: Jirachi|Protect|p2a: Jirachi
|-singleturn|p2a: Jirachi|Protect
|move|p1a: Give me Bug|Megahorn|p2a: Jirachi
|-activate|p2a: Jirachi|Protect
|
|-heal|p2a: Jirachi|36/100|[from] item: Leftovers
|upkeep
|turn|39
|
|t:|1729437169
|switch|p2a: Salamence|Salamence, M|78/100
|-ability|p2a: Salamence|Intimidate|boost
|-unboost|p1a: Give me Bug|atk|1
|move|p1a: Give me Bug|Megahorn|p2a: Salamence
|-resisted|p2a: Salamence
|-damage|p2a: Salamence|55/100
|
|-heal|p2a: Salamence|61/100|[from] item: Leftovers
|upkeep
|turn|40
|
|t:|1729437176
|switch|p1a: Ugly Duckling|Porygon2|52/100
|-ability|p1a: Ugly Duckling|Intimidate|[from] ability: Trace|[of] p2a: Salamence
|move|p2a: Salamence|Protect||[still]
|-fail|p2a: Salamence
|
|-heal|p2a: Salamence|67/100|[from] item: Leftovers
|-heal|p1a: Ugly Duckling|58/100|[from] item: Leftovers
|upkeep
|turn|41
|
|t:|1729437186
|switch|p2a: Starmie|Starmie|100/100
|move|p1a: Ugly Duckling|Recover|p1a: Ugly Duckling
|-heal|p1a: Ugly Duckling|100/100
|
|upkeep
|turn|42
|
|t:|1729437193
|move|p2a: Starmie|Thunder Wave|p1a: Ugly Duckling
|-status|p1a: Ugly Duckling|par
|move|p1a: Ugly Duckling|Thunder|p2a: Starmie|[miss]
|-miss|p1a: Ugly Duckling|p2a: Starmie
|
|upkeep
|turn|43
|
|t:|1729437197
|switch|p2a: Celebi|Celebi|100/100
|move|p1a: Ugly Duckling|Thunder Wave|p2a: Celebi
|-status|p2a: Celebi|par
|
|upkeep
|turn|44
|
|t:|1729437203
|move|p2a: Celebi|Leech Seed|p1a: Ugly Duckling
|-start|p1a: Ugly Duckling|move: Leech Seed
|move|p1a: Ugly Duckling|Ice Beam|p2a: Celebi
|-supereffective|p2a: Celebi
|-damage|p2a: Celebi|64/100 par
|
|-heal|p2a: Celebi|71/100 par|[from] item: Leftovers
|-damage|p1a: Ugly Duckling|88/100 par|[from] Leech Seed|[of] p2a: Celebi
|-heal|p2a: Celebi|82/100 par|[silent]
|upkeep
|turn|45
|
|t:|1729437218
|switch|p1a: Give me Bug|Heracross, F|100/100
|move|p2a: Celebi|Psychic|p1a: Give me Bug
|-supereffective|p1a: Give me Bug
|-crit|p1a: Give me Bug
|-damage|p1a: Give me Bug|0 fnt
|faint|p1a: Give me Bug
|
|t:|1729437224
|switch|p1a: Ball room toy|Claydol|100/100
|
|-heal|p2a: Celebi|88/100 par|[from] item: Leftovers
|upkeep
|turn|46
|c|☆thedolla|oof these crits man
|c|☆Baptosta|yeah
|inactive|thedolla has 210 seconds left.
|
|t:|1729437249
|-curestatus|p2a: Celebi|par|[from] ability: Natural Cure
|switch|p2a: Marowak|Marowak, M|88/100
|move|p1a: Ball room toy|Earthquake|p2a: Marowak
|-damage|p2a: Marowak|59/100
|
|upkeep
|turn|47
|
|t:|1729437260
|move|p2a: Marowak|Hidden Power|p1a: Ball room toy
|-supereffective|p1a: Ball room toy
|-damage|p1a: Ball room toy|43/100
|move|p1a: Ball room toy|Psychic|p2a: Marowak
|-damage|p2a: Marowak|19/100
|
|-heal|p1a: Ball room toy|49/100|[from] item: Leftovers
|upkeep
|turn|48
|
|t:|1729437266
|switch|p1a: Ugly Duckling|Porygon2|88/100 par
|-ability|p1a: Ugly Duckling|Rock Head|[from] ability: Trace|[of] p2a: Marowak
|move|p2a: Marowak|Hidden Power|p1a: Ugly Duckling
|-damage|p1a: Ugly Duckling|61/100 par
|
|-heal|p1a: Ugly Duckling|67/100 par|[from] item: Leftovers
|upkeep
|turn|49
|
|t:|1729437275
|switch|p2a: Celebi|Celebi|88/100
|move|p1a: Ugly Duckling|Ice Beam|p2a: Celebi
|-supereffective|p2a: Celebi
|-damage|p2a: Celebi|48/100
|-status|p2a: Celebi|frz
|
|-heal|p2a: Celebi|54/100 frz|[from] item: Leftovers
|-heal|p1a: Ugly Duckling|73/100 par|[from] item: Leftovers
|upkeep
|turn|50
|
|t:|1729437281
|-curestatus|p2a: Celebi|frz|[from] ability: Natural Cure
|switch|p2a: Jirachi|Jirachi|36/100
|switch|p1a: Ball room toy|Claydol|49/100
|
|-heal|p2a: Jirachi|42/100|[from] item: Leftovers
|-heal|p1a: Ball room toy|55/100|[from] item: Leftovers
|upkeep
|turn|51
|
|t:|1729437284
|move|p2a: Jirachi|Protect|p2a: Jirachi
|-singleturn|p2a: Jirachi|Protect
|move|p1a: Ball room toy|Earthquake|p2a: Jirachi
|-activate|p2a: Jirachi|Protect
|
|-heal|p2a: Jirachi|49/100|[from] item: Leftovers
|-heal|p1a: Ball room toy|61/100|[from] item: Leftovers
|upkeep
|turn|52
|inactive|thedolla has 240 seconds left.
|
|t:|1729437307
|switch|p2a: Salamence|Salamence, M|67/100
|-ability|p2a: Salamence|Intimidate|boost
|-unboost|p1a: Ball room toy|atk|1
|move|p1a: Ball room toy|Earthquake|p2a: Salamence
|-immune|p2a: Salamence
|
|-heal|p2a: Salamence|73/100|[from] item: Leftovers
|-heal|p1a: Ball room toy|68/100|[from] item: Leftovers
|upkeep
|turn|53
|inactive|thedolla has 240 seconds left.
|
|t:|1729437318
|move|p2a: Salamence|Wish|p2a: Salamence
|move|p1a: Ball room toy|Psychic|p2a: Salamence
|-damage|p2a: Salamence|49/100
|
|-heal|p2a: Salamence|55/100|[from] item: Leftovers
|-heal|p1a: Ball room toy|74/100|[from] item: Leftovers
|upkeep
|turn|54
|inactive|thedolla has 240 seconds left.
|
|t:|1729437323
|move|p2a: Salamence|Protect|p2a: Salamence
|-singleturn|p2a: Salamence|Protect
|move|p1a: Ball room toy|Psychic|p2a: Salamence
|-activate|p2a: Salamence|Protect
|
|-heal|p2a: Salamence|100/100|[from] move: Wish|[wisher] Salamence
|-heal|p1a: Ball room toy|80/100|[from] item: Leftovers
|upkeep
|turn|55
|
|t:|1729437330
|move|p2a: Salamence|Wish|p2a: Salamence
|move|p1a: Ball room toy|Psychic|p2a: Salamence
|-damage|p2a: Salamence|78/100
|
|-heal|p2a: Salamence|84/100|[from] item: Leftovers
|-heal|p1a: Ball room toy|86/100|[from] item: Leftovers
|upkeep
|turn|56
|inactive|thedolla has 240 seconds left.
|
|t:|1729437359
|switch|p1a: Ugly Duckling|Porygon2|73/100 par
|-ability|p1a: Ugly Duckling|Intimidate|[from] ability: Trace|[of] p2a: Salamence
|move|p2a: Salamence|Toxic|p1a: Ugly Duckling|[miss]
|-miss|p2a: Salamence|p1a: Ugly Duckling
|
|-heal|p2a: Salamence|100/100|[from] move: Wish|[wisher] Salamence
|-heal|p1a: Ugly Duckling|79/100 par|[from] item: Leftovers
|upkeep
|turn|57
|
|t:|1729437376
|switch|p2a: Jirachi|Jirachi|49/100
|move|p1a: Ugly Duckling|Thunder|p2a: Jirachi
|-damage|p2a: Jirachi|28/100
|-status|p2a: Jirachi|par
|
|-heal|p2a: Jirachi|34/100 par|[from] item: Leftovers
|-heal|p1a: Ugly Duckling|85/100 par|[from] item: Leftovers
|upkeep
|turn|58
|
|t:|1729437384
|switch|p1a: Ball room toy|Claydol|86/100
|move|p2a: Jirachi|Wish|p2a: Jirachi
|
|-heal|p1a: Ball room toy|92/100|[from] item: Leftovers
|-heal|p2a: Jirachi|41/100 par|[from] item: Leftovers
|upkeep
|turn|59
|inactive|thedolla has 240 seconds left.
|
|t:|1729437395
|move|p1a: Ball room toy|Earthquake|p2a: Jirachi
|-supereffective|p2a: Jirachi
|-damage|p2a: Jirachi|1/100 par
|move|p2a: Jirachi|Body Slam|p1a: Ball room toy
|-damage|p1a: Ball room toy|78/100
|-status|p1a: Ball room toy|par
|
|-heal|p2a: Jirachi|51/100 par|[from] move: Wish|[wisher] Jirachi
|-heal|p2a: Jirachi|58/100 par|[from] item: Leftovers
|-heal|p1a: Ball room toy|84/100 par|[from] item: Leftovers
|upkeep
|turn|60
|inactive|thedolla has 240 seconds left.
|
|t:|1729437413
|move|p2a: Jirachi|Wish|p2a: Jirachi
|move|p1a: Ball room toy|Earthquake|p2a: Jirachi
|-supereffective|p2a: Jirachi
|-crit|p2a: Jirachi
|-damage|p2a: Jirachi|0 fnt
|faint|p2a: Jirachi
|
|t:|1729437417
|switch|p2a: Marowak|Marowak, M|19/100
|
|-heal|p1a: Ball room toy|90/100 par|[from] item: Leftovers
|upkeep
|turn|61
|
|t:|1729437423
|move|p2a: Marowak|Hidden Power|p1a: Ball room toy
|-supereffective|p1a: Ball room toy
|-damage|p1a: Ball room toy|33/100 par
|move|p1a: Ball room toy|Psychic|p2a: Marowak
|-damage|p2a: Marowak|0 fnt
|faint|p2a: Marowak
|inactive|thedolla has 240 seconds left.
|
|t:|1729437452
|switch|p2a: Celebi|Celebi|54/100
|
|-heal|p2a: Celebi|100/100|[from] move: Wish|[wisher] Jirachi
|-heal|p1a: Ball room toy|39/100 par|[from] item: Leftovers
|upkeep
|turn|62
|
|t:|1729437458
|switch|p1a: Ugly Duckling|Porygon2|85/100 par
|-ability|p1a: Ugly Duckling|Natural Cure|[from] ability: Trace|[of] p2a: Celebi
|move|p2a: Celebi|Hidden Power|p1a: Ugly Duckling
|-damage|p1a: Ugly Duckling|64/100 par
|
|-heal|p1a: Ugly Duckling|70/100 par|[from] item: Leftovers
|upkeep
|turn|63
|inactive|thedolla has 240 seconds left.
|
|t:|1729437466
|move|p2a: Celebi|Leech Seed|p1a: Ugly Duckling
|-start|p1a: Ugly Duckling|move: Leech Seed
|move|p1a: Ugly Duckling|Thunder Wave|p2a: Celebi
|-status|p2a: Celebi|par
|
|-heal|p1a: Ugly Duckling|76/100 par|[from] item: Leftovers
|-damage|p1a: Ugly Duckling|64/100 par|[from] Leech Seed|[of] p2a: Celebi
|upkeep
|turn|64
|
|t:|1729437474
|-curestatus|p1a: Ugly Duckling|par|[from] ability: Natural Cure
|switch|p1a: Ball room toy|Claydol|39/100 par
|cant|p2a: Celebi|par
|
|-heal|p1a: Ball room toy|45/100 par|[from] item: Leftovers
|upkeep
|turn|65
|
|t:|1729437477
|move|p2a: Celebi|Hidden Power|p1a: Ball room toy
|-supereffective|p1a: Ball room toy
|-damage|p1a: Ball room toy|3/100 par
|cant|p1a: Ball room toy|par
|
|-heal|p1a: Ball room toy|9/100 par|[from] item: Leftovers
|upkeep
|turn|66
|
|t:|1729437483
|move|p2a: Celebi|Hidden Power|p1a: Ball room toy
|-supereffective|p1a: Ball room toy
|-damage|p1a: Ball room toy|0 fnt
|faint|p1a: Ball room toy
|
|t:|1729437486
|switch|p1a: Wyvern|Milotic, F|46/100
|
|-heal|p1a: Wyvern|52/100|[from] item: Leftovers
|upkeep
|turn|67
|inactive|thedolla has 270 seconds left.
|
|t:|1729437495
|move|p1a: Wyvern|Ice Beam|p2a: Celebi
|-supereffective|p2a: Celebi
|-damage|p2a: Celebi|65/100 par
|move|p2a: Celebi|Leech Seed|p1a: Wyvern
|-start|p1a: Wyvern|move: Leech Seed
|
|-heal|p1a: Wyvern|58/100|[from] item: Leftovers
|-damage|p1a: Wyvern|46/100|[from] Leech Seed|[of] p2a: Celebi
|-heal|p2a: Celebi|77/100 par|[silent]
|-heal|p2a: Celebi|83/100 par|[from] item: Leftovers
|upkeep
|turn|68
|inactive|thedolla has 270 seconds left.
|
|t:|1729437507
|move|p1a: Wyvern|Recover|p1a: Wyvern
|-heal|p1a: Wyvern|95/100
|move|p2a: Celebi|Leech Seed||[still]
|-fail|p2a: Celebi
|
|-heal|p1a: Wyvern|100/100|[from] item: Leftovers
|-damage|p1a: Wyvern|88/100|[from] Leech Seed|[of] p2a: Celebi
|-heal|p2a: Celebi|95/100 par|[silent]
|-heal|p2a: Celebi|100/100 par|[from] item: Leftovers
|upkeep
|turn|69
|
|t:|1729437510
|switch|p1a: Ugly Duckling|Porygon2|64/100
|-ability|p1a: Ugly Duckling|Natural Cure|[from] ability: Trace|[of] p2a: Celebi
|move|p2a: Celebi|Psychic|p1a: Ugly Duckling
|-damage|p1a: Ugly Duckling|35/100
|
|-heal|p1a: Ugly Duckling|41/100|[from] item: Leftovers
|upkeep
|turn|70
|
|t:|1729437516
|move|p1a: Ugly Duckling|Recover|p1a: Ugly Duckling
|-heal|p1a: Ugly Duckling|91/100
|move|p2a: Celebi|Leech Seed|p1a: Ugly Duckling
|-start|p1a: Ugly Duckling|move: Leech Seed
|
|-heal|p1a: Ugly Duckling|97/100|[from] item: Leftovers
|-damage|p1a: Ugly Duckling|85/100|[from] Leech Seed|[of] p2a: Celebi
|upkeep
|turn|71
|
|t:|1729437519
|switch|p1a: Wyvern|Milotic, F|88/100
|move|p2a: Celebi|Psychic|p1a: Wyvern
|-crit|p1a: Wyvern
|-damage|p1a: Wyvern|45/100
|
|-heal|p1a: Wyvern|51/100|[from] item: Leftovers
|upkeep
|turn|72
|
|t:|1729437528
|move|p1a: Wyvern|Recover|p1a: Wyvern
|-heal|p1a: Wyvern|100/100
|cant|p2a: Celebi|par
|
|upkeep
|turn|73
|
|t:|1729437534
|move|p1a: Wyvern|Ice Beam|p2a: Celebi
|-supereffective|p2a: Celebi
|-damage|p2a: Celebi|61/100 par
|move|p2a: Celebi|Psychic|p1a: Wyvern
|-damage|p1a: Wyvern|77/100
|
|-heal|p1a: Wyvern|83/100|[from] item: Leftovers
|-heal|p2a: Celebi|68/100 par|[from] item: Leftovers
|upkeep
|turn|74
|
|t:|1729437537
|-curestatus|p2a: Celebi|par|[from] ability: Natural Cure
|switch|p2a: Starmie|Starmie|100/100
|move|p1a: Wyvern|Ice Beam|p2a: Starmie
|-resisted|p2a: Starmie
|-damage|p2a: Starmie|89/100
|
|-heal|p2a: Starmie|95/100|[from] item: Leftovers
|-heal|p1a: Wyvern|89/100|[from] item: Leftovers
|upkeep
|turn|75
|
|t:|1729437543
|move|p2a: Starmie|Surf|p1a: Wyvern
|-resisted|p1a: Wyvern
|-damage|p1a: Wyvern|76/100
|move|p1a: Wyvern|Hypnosis|p2a: Starmie
|-status|p2a: Starmie|slp|[from] move: Hypnosis
|
|-heal|p2a: Starmie|100/100 slp|[from] item: Leftovers
|-heal|p1a: Wyvern|82/100|[from] item: Leftovers
|upkeep
|turn|76
|
|t:|1729437552
|cant|p2a: Starmie|slp
|move|p1a: Wyvern|Surf|p2a: Starmie
|-resisted|p2a: Starmie
|-damage|p2a: Starmie|80/100 slp
|
|-heal|p2a: Starmie|87/100 slp|[from] item: Leftovers
|-heal|p1a: Wyvern|89/100|[from] item: Leftovers
|upkeep
|turn|77
|
|t:|1729437557
|cant|p2a: Starmie|slp
|move|p1a: Wyvern|Surf|p2a: Starmie
|-resisted|p2a: Starmie
|-damage|p2a: Starmie|68/100 slp
|
|-heal|p2a: Starmie|74/100 slp|[from] item: Leftovers
|-heal|p1a: Wyvern|95/100|[from] item: Leftovers
|upkeep
|turn|78
|
|t:|1729437560
|-curestatus|p2a: Starmie|slp|[msg]
|move|p2a: Starmie|Thunder Wave|p1a: Wyvern
|-status|p1a: Wyvern|par
|cant|p1a: Wyvern|par
|
|-heal|p2a: Starmie|80/100|[from] item: Leftovers
|-heal|p1a: Wyvern|100/100 par|[from] item: Leftovers
|upkeep
|turn|79
|
|t:|1729437564
|move|p2a: Starmie|Recover|p2a: Starmie
|-heal|p2a: Starmie|100/100
|move|p1a: Wyvern|Hypnosis|p2a: Starmie
|-status|p2a: Starmie|slp|[from] move: Hypnosis
|
|upkeep
|turn|80
|
|t:|1729437567
|-curestatus|p2a: Starmie|slp|[from] ability: Natural Cure
|switch|p2a: Celebi|Celebi|68/100
|switch|p1a: Ugly Duckling|Porygon2|85/100
|-ability|p1a: Ugly Duckling|Natural Cure|[from] ability: Trace|[of] p2a: Celebi
|
|-heal|p2a: Celebi|74/100|[from] item: Leftovers
|-heal|p1a: Ugly Duckling|91/100|[from] item: Leftovers
|upkeep
|turn|81
|
|t:|1729437571
|move|p2a: Celebi|Recover|p2a: Celebi
|-heal|p2a: Celebi|100/100
|move|p1a: Ugly Duckling|Ice Beam|p2a: Celebi
|-supereffective|p2a: Celebi
|-damage|p2a: Celebi|64/100
|
|-heal|p2a: Celebi|70/100|[from] item: Leftovers
|-heal|p1a: Ugly Duckling|97/100|[from] item: Leftovers
|upkeep
|turn|82
|inactive|thedolla has 270 seconds left.
|
|t:|1729437601
|move|p2a: Celebi|Recover|p2a: Celebi
|-heal|p2a: Celebi|100/100
|move|p1a: Ugly Duckling|Thunder Wave|p2a: Celebi
|-status|p2a: Celebi|par
|
|-heal|p1a: Ugly Duckling|100/100|[from] item: Leftovers
|upkeep
|turn|83
|
|t:|1729437608
|move|p1a: Ugly Duckling|Ice Beam|p2a: Celebi
|-supereffective|p2a: Celebi
|-damage|p2a: Celebi|64/100 par
|cant|p2a: Celebi|par
|
|-heal|p2a: Celebi|71/100 par|[from] item: Leftovers
|upkeep
|turn|84
|
|t:|1729437611
|move|p1a: Ugly Duckling|Ice Beam|p2a: Celebi
|-supereffective|p2a: Celebi
|-damage|p2a: Celebi|31/100 par
|move|p2a: Celebi|Recover|p2a: Celebi
|-heal|p2a: Celebi|81/100 par
|
|-heal|p2a: Celebi|87/100 par|[from] item: Leftovers
|upkeep
|turn|85
|
|t:|1729437613
|move|p1a: Ugly Duckling|Ice Beam|p2a: Celebi
|-supereffective|p2a: Celebi
|-damage|p2a: Celebi|50/100 par
|move|p2a: Celebi|Recover|p2a: Celebi
|-heal|p2a: Celebi|99/100 par
|
|-heal|p2a: Celebi|100/100 par|[from] item: Leftovers
|upkeep
|turn|86
|
|t:|1729437618
|move|p1a: Ugly Duckling|Ice Beam|p2a: Celebi
|-supereffective|p2a: Celebi
|-damage|p2a: Celebi|61/100 par
|cant|p2a: Celebi|par
|
|-heal|p2a: Celebi|67/100 par|[from] item: Leftovers
|upkeep
|turn|87
|
|t:|1729437623
|move|p1a: Ugly Duckling|Ice Beam|p2a: Celebi
|-supereffective|p2a: Celebi
|-damage|p2a: Celebi|26/100 par
|move|p2a: Celebi|Recover|p2a: Celebi
|-heal|p2a: Celebi|76/100 par
|
|-heal|p2a: Celebi|82/100 par|[from] item: Leftovers
|upkeep
|turn|88
|
|t:|1729437627
|-curestatus|p2a: Celebi|par|[from] ability: Natural Cure
|switch|p2a: Starmie|Starmie|100/100
|move|p1a: Ugly Duckling|Ice Beam|p2a: Starmie
|-resisted|p2a: Starmie
|-damage|p2a: Starmie|88/100
|
|-heal|p2a: Starmie|94/100|[from] item: Leftovers
|upkeep
|turn|89
|
|t:|1729437629
|switch|p2a: Celebi|Celebi|82/100
|move|p1a: Ugly Duckling|Thunder|p2a: Celebi|[miss]
|-miss|p1a: Ugly Duckling|p2a: Celebi
|
|-heal|p2a: Celebi|88/100|[from] item: Leftovers
|upkeep
|turn|90
|
|t:|1729437635
|move|p2a: Celebi|Recover|p2a: Celebi
|-heal|p2a: Celebi|100/100
|move|p1a: Ugly Duckling|Thunder Wave|p2a: Celebi
|-status|p2a: Celebi|par
|
|upkeep
|turn|91
|
|t:|1729437637
|switch|p1a: Wyvern|Milotic, F|100/100 par
|move|p2a: Celebi|Recover||[still]
|-fail|p2a: Celebi|heal
|
|upkeep
|turn|92
|
|t:|1729437639
|-curestatus|p2a: Celebi|par|[from] ability: Natural Cure
|switch|p2a: Starmie|Starmie|94/100
|cant|p1a: Wyvern|par
|
|-heal|p2a: Starmie|100/100|[from] item: Leftovers
|upkeep
|turn|93
|
|t:|1729437649
|switch|p2a: Celebi|Celebi|100/100
|move|p1a: Wyvern|Hypnosis|p2a: Celebi
|-status|p2a: Celebi|slp|[from] move: Hypnosis
|
|upkeep
|turn|94
|
|t:|1729437652
|-curestatus|p2a: Celebi|slp|[from] ability: Natural Cure
|switch|p2a: Starmie|Starmie|100/100
|move|p1a: Wyvern|Ice Beam|p2a: Starmie
|-resisted|p2a: Starmie
|-damage|p2a: Starmie|89/100
|
|-heal|p2a: Starmie|95/100|[from] item: Leftovers
|upkeep
|turn|95
|
|t:|1729437661
|switch|p2a: Celebi|Celebi|100/100
|move|p1a: Wyvern|Surf|p2a: Celebi
|-resisted|p2a: Celebi
|-damage|p2a: Celebi|88/100
|
|-heal|p2a: Celebi|94/100|[from] item: Leftovers
|upkeep
|turn|96
|
|t:|1729437666
|switch|p2a: Starmie|Starmie|95/100
|move|p1a: Wyvern|Ice Beam|p2a: Starmie
|-resisted|p2a: Starmie
|-damage|p2a: Starmie|83/100
|
|-heal|p2a: Starmie|89/100|[from] item: Leftovers
|upkeep
|turn|97
|
|t:|1729437669
|switch|p2a: Celebi|Celebi|94/100
|move|p1a: Wyvern|Surf|p2a: Celebi
|-resisted|p2a: Celebi
|-damage|p2a: Celebi|80/100
|
|-heal|p2a: Celebi|86/100|[from] item: Leftovers
|upkeep
|turn|98
|
|t:|1729437673
|move|p2a: Celebi|Hidden Power|p1a: Wyvern
|-supereffective|p1a: Wyvern
|-damage|p1a: Wyvern|61/100 par
|move|p1a: Wyvern|Surf|p2a: Celebi
|-resisted|p2a: Celebi
|-damage|p2a: Celebi|73/100
|
|-heal|p2a: Celebi|79/100|[from] item: Leftovers
|-heal|p1a: Wyvern|67/100 par|[from] item: Leftovers
|upkeep
|turn|99
|
|t:|1729437678
|switch|p1a: Ugly Duckling|Porygon2|100/100
|-ability|p1a: Ugly Duckling|Natural Cure|[from] ability: Trace|[of] p2a: Celebi
|move|p2a: Celebi|Hidden Power|p1a: Ugly Duckling
|-damage|p1a: Ugly Duckling|78/100
|
|-heal|p2a: Celebi|85/100|[from] item: Leftovers
|-heal|p1a: Ugly Duckling|84/100|[from] item: Leftovers
|upkeep
|turn|100
|
|t:|1729437698
|move|p2a: Celebi|Leech Seed|p1a: Ugly Duckling
|-start|p1a: Ugly Duckling|move: Leech Seed
|move|p1a: Ugly Duckling|Thunder|p2a: Celebi
|-resisted|p2a: Celebi
|-damage|p2a: Celebi|73/100
|
|-heal|p2a: Celebi|79/100|[from] item: Leftovers
|-heal|p1a: Ugly Duckling|90/100|[from] item: Leftovers
|-damage|p1a: Ugly Duckling|78/100|[from] Leech Seed|[of] p2a: Celebi
|-heal|p2a: Celebi|90/100|[silent]
|upkeep
|turn|101
|
|t:|1729437709
|switch|p1a: Wyvern|Milotic, F|67/100 par
|move|p2a: Celebi|Psychic|p1a: Wyvern
|-damage|p1a: Wyvern|44/100 par
|
|-heal|p2a: Celebi|97/100|[from] item: Leftovers
|-heal|p1a: Wyvern|50/100 par|[from] item: Leftovers
|upkeep
|turn|102
|
|t:|1729437714
|move|p2a: Celebi|Leech Seed|p1a: Wyvern|[miss]
|-miss|p2a: Celebi|p1a: Wyvern
|move|p1a: Wyvern|Recover|p1a: Wyvern
|-heal|p1a: Wyvern|99/100 par
|
|-heal|p2a: Celebi|100/100|[from] item: Leftovers
|-heal|p1a: Wyvern|100/100 par|[from] item: Leftovers
|upkeep
|turn|103
|
|t:|1729437721
|switch|p2a: Starmie|Starmie|89/100
|move|p1a: Wyvern|Surf|p2a: Starmie
|-resisted|p2a: Starmie
|-damage|p2a: Starmie|69/100
|
|-heal|p2a: Starmie|75/100|[from] item: Leftovers
|upkeep
|turn|104
|
|t:|1729437724
|switch|p2a: Celebi|Celebi|100/100
|move|p1a: Wyvern|Hypnosis|p2a: Celebi
|-status|p2a: Celebi|slp|[from] move: Hypnosis
|
|upkeep
|turn|105
|
|t:|1729437727
|-curestatus|p2a: Celebi|slp|[from] ability: Natural Cure
|switch|p2a: Starmie|Starmie|75/100
|move|p1a: Wyvern|Surf|p2a: Starmie
|-resisted|p2a: Starmie
|-damage|p2a: Starmie|55/100
|
|-heal|p2a: Starmie|61/100|[from] item: Leftovers
|upkeep
|turn|106
|
|t:|1729437729
|move|p2a: Starmie|Recover|p2a: Starmie
|-heal|p2a: Starmie|100/100
|move|p1a: Wyvern|Hypnosis|p2a: Starmie
|-status|p2a: Starmie|slp|[from] move: Hypnosis
|
|upkeep
|turn|107
|
|t:|1729437732
|-curestatus|p2a: Starmie|slp|[from] ability: Natural Cure
|switch|p2a: Celebi|Celebi|100/100
|switch|p1a: Ugly Duckling|Porygon2|78/100
|-ability|p1a: Ugly Duckling|Natural Cure|[from] ability: Trace|[of] p2a: Celebi
|
|-heal|p1a: Ugly Duckling|84/100|[from] item: Leftovers
|upkeep
|turn|108
|
|t:|1729437743
|move|p2a: Celebi|Hidden Power|p1a: Ugly Duckling
|-damage|p1a: Ugly Duckling|63/100
|move|p1a: Ugly Duckling|Thunder|p2a: Celebi
|-resisted|p2a: Celebi
|-damage|p2a: Celebi|88/100
|-status|p2a: Celebi|par
|
|-heal|p1a: Ugly Duckling|69/100|[from] item: Leftovers
|-heal|p2a: Celebi|95/100 par|[from] item: Leftovers
|upkeep
|turn|109
|
|t:|1729437754
|move|p1a: Ugly Duckling|Thunder|p2a: Celebi
|-resisted|p2a: Celebi
|-damage|p2a: Celebi|81/100 par
|cant|p2a: Celebi|par
|
|-heal|p1a: Ugly Duckling|75/100|[from] item: Leftovers
|-heal|p2a: Celebi|88/100 par|[from] item: Leftovers
|upkeep
|turn|110
|
|t:|1729437757
|move|p1a: Ugly Duckling|Ice Beam|p2a: Celebi
|-supereffective|p2a: Celebi
|-damage|p2a: Celebi|46/100 par
|move|p2a: Celebi|Hidden Power|p1a: Ugly Duckling
|-damage|p1a: Ugly Duckling|53/100
|
|-heal|p1a: Ugly Duckling|59/100|[from] item: Leftovers
|-heal|p2a: Celebi|52/100 par|[from] item: Leftovers
|upkeep
|turn|111
|
|t:|1729437762
|move|p1a: Ugly Duckling|Thunder|p2a: Celebi
|-resisted|p2a: Celebi
|-damage|p2a: Celebi|41/100 par
|cant|p2a: Celebi|par
|
|-heal|p1a: Ugly Duckling|65/100|[from] item: Leftovers
|-heal|p2a: Celebi|47/100 par|[from] item: Leftovers
|upkeep
|turn|112
|
|t:|1729437768
|move|p1a: Ugly Duckling|Ice Beam|p2a: Celebi
|-supereffective|p2a: Celebi
|-damage|p2a: Celebi|8/100 par
|move|p2a: Celebi|Recover|p2a: Celebi
|-heal|p2a: Celebi|58/100 par
|
|-heal|p1a: Ugly Duckling|71/100|[from] item: Leftovers
|-heal|p2a: Celebi|64/100 par|[from] item: Leftovers
|upkeep
|turn|113
|
|t:|1729437773
|move|p1a: Ugly Duckling|Thunder|p2a: Celebi
|-resisted|p2a: Celebi
|-damage|p2a: Celebi|52/100 par
|move|p2a: Celebi|Recover|p2a: Celebi
|-heal|p2a: Celebi|100/100 par
|
|-heal|p1a: Ugly Duckling|77/100|[from] item: Leftovers
|upkeep
|turn|114
|
|t:|1729437784
|move|p1a: Ugly Duckling|Thunder|p2a: Celebi
|-resisted|p2a: Celebi
|-damage|p2a: Celebi|88/100 par
|move|p2a: Celebi|Recover|p2a: Celebi
|-heal|p2a: Celebi|100/100 par
|
|-heal|p1a: Ugly Duckling|83/100|[from] item: Leftovers
|upkeep
|turn|115
|
|t:|1729437793
|move|p1a: Ugly Duckling|Thunder Wave|p2a: Celebi
|-fail|p2a: Celebi|par
|move|p2a: Celebi|Psychic|p1a: Ugly Duckling
|-damage|p1a: Ugly Duckling|55/100
|
|-heal|p1a: Ugly Duckling|61/100|[from] item: Leftovers
|upkeep
|turn|116
|
|t:|1729437797
|move|p1a: Ugly Duckling|Thunder Wave|p2a: Celebi
|-fail|p2a: Celebi|par
|cant|p2a: Celebi|par
|
|-heal|p1a: Ugly Duckling|68/100|[from] item: Leftovers
|upkeep
|turn|117
|
|t:|1729437822
|move|p1a: Ugly Duckling|Thunder Wave|p2a: Celebi
|-fail|p2a: Celebi|par
|move|p2a: Celebi|Psychic|p1a: Ugly Duckling
|-damage|p1a: Ugly Duckling|37/100
|
|-heal|p1a: Ugly Duckling|43/100|[from] item: Leftovers
|upkeep
|turn|118
|
|t:|1729437828
|move|p1a: Ugly Duckling|Recover|p1a: Ugly Duckling
|-heal|p1a: Ugly Duckling|93/100
|move|p2a: Celebi|Leech Seed|p1a: Ugly Duckling
|-start|p1a: Ugly Duckling|move: Leech Seed
|
|-heal|p1a: Ugly Duckling|99/100|[from] item: Leftovers
|-damage|p1a: Ugly Duckling|87/100|[from] Leech Seed|[of] p2a: Celebi
|upkeep
|turn|119
|
|t:|1729437839
|switch|p1a: Wyvern|Milotic, F|100/100 par
|move|p2a: Celebi|Hidden Power|p1a: Wyvern
|-supereffective|p1a: Wyvern
|-damage|p1a: Wyvern|66/100 par
|
|-heal|p1a: Wyvern|73/100 par|[from] item: Leftovers
|upkeep
|turn|120
|
|t:|1729437859
|-curestatus|p2a: Celebi|par|[from] ability: Natural Cure
|switch|p2a: Starmie|Starmie|100/100
|cant|p1a: Wyvern|par
|
|-heal|p1a: Wyvern|79/100 par|[from] item: Leftovers
|upkeep
|turn|121
|
|t:|1729437864
|move|p2a: Starmie|Surf|p1a: Wyvern
|-resisted|p1a: Wyvern
|-damage|p1a: Wyvern|67/100 par
|move|p1a: Wyvern|Hypnosis|p2a: Starmie|[miss]
|-miss|p1a: Wyvern|p2a: Starmie
|
|-heal|p1a: Wyvern|73/100 par|[from] item: Leftovers
|upkeep
|turn|122
|
|t:|1729437868
|move|p2a: Starmie|Surf|p1a: Wyvern
|-resisted|p1a: Wyvern
|-damage|p1a: Wyvern|62/100 par
|move|p1a: Wyvern|Hypnosis|p2a: Starmie
|-status|p2a: Starmie|slp|[from] move: Hypnosis
|
|-heal|p1a: Wyvern|68/100 par|[from] item: Leftovers
|upkeep
|turn|123
|
|t:|1729437871
|cant|p2a: Starmie|slp
|move|p1a: Wyvern|Hypnosis|p2a: Starmie|[miss]
|-miss|p1a: Wyvern|p2a: Starmie
|
|-heal|p1a: Wyvern|74/100 par|[from] item: Leftovers
|upkeep
|turn|124
|
|t:|1729437878
|-curestatus|p2a: Starmie|slp|[msg]
|move|p2a: Starmie|Surf|p1a: Wyvern
|-resisted|p1a: Wyvern
|-damage|p1a: Wyvern|62/100 par
|move|p1a: Wyvern|Recover|p1a: Wyvern
|-heal|p1a: Wyvern|100/100 par
|
|upkeep
|turn|125
|
|t:|1729437886
|move|p2a: Starmie|Rapid Spin|p1a: Wyvern
|-damage|p1a: Wyvern|99/100 par
|move|p1a: Wyvern|Hypnosis|p2a: Starmie
|-status|p2a: Starmie|slp|[from] move: Hypnosis
|
|-heal|p1a: Wyvern|100/100 par|[from] item: Leftovers
|upkeep
|turn|126
|
|t:|1729437893
|switch|p1a: Ugly Duckling|Porygon2|87/100
|-ability|p1a: Ugly Duckling|Natural Cure|[from] ability: Trace|[of] p2a: Starmie
|cant|p2a: Starmie|slp
|
|-heal|p1a: Ugly Duckling|93/100|[from] item: Leftovers
|upkeep
|turn|127
|
|t:|1729437896
|-curestatus|p2a: Starmie|slp|[from] ability: Natural Cure
|switch|p2a: Celebi|Celebi|100/100
|move|p1a: Ugly Duckling|Thunder Wave|p2a: Celebi
|-status|p2a: Celebi|par
|
|-heal|p1a: Ugly Duckling|99/100|[from] item: Leftovers
|upkeep
|turn|128
|
|t:|1729437899
|switch|p1a: Wyvern|Milotic, F|100/100 par
|move|p2a: Celebi|Recover||[still]
|-fail|p2a: Celebi|heal
|
|upkeep
|turn|129
|
|t:|1729437906
|-curestatus|p2a: Celebi|par|[from] ability: Natural Cure
|switch|p2a: Starmie|Starmie|100/100
|cant|p1a: Wyvern|par
|
|upkeep
|turn|130
|inactive|thedolla has 270 seconds left.
|
|t:|1729437948
|move|p2a: Starmie|Surf|p1a: Wyvern
|-resisted|p1a: Wyvern
|-damage|p1a: Wyvern|89/100 par
|move|p1a: Wyvern|Surf|p2a: Starmie
|-resisted|p2a: Starmie
|-damage|p2a: Starmie|80/100
|
|-heal|p2a: Starmie|86/100|[from] item: Leftovers
|-heal|p1a: Wyvern|95/100 par|[from] item: Leftovers
|upkeep
|turn|131
|
|t:|1729437975
|move|p2a: Starmie|Surf|p1a: Wyvern
|-resisted|p1a: Wyvern
|-damage|p1a: Wyvern|83/100 par
|move|p1a: Wyvern|Hypnosis|p2a: Starmie
|-status|p2a: Starmie|slp|[from] move: Hypnosis
|
|-heal|p2a: Starmie|92/100 slp|[from] item: Leftovers
|-heal|p1a: Wyvern|90/100 par|[from] item: Leftovers
|upkeep
|turn|132
|
|t:|1729437984
|-curestatus|p2a: Starmie|slp|[from] ability: Natural Cure
|switch|p2a: Celebi|Celebi|100/100
|switch|p1a: Ugly Duckling|Porygon2|99/100
|-ability|p1a: Ugly Duckling|Natural Cure|[from] ability: Trace|[of] p2a: Celebi
|
|-heal|p1a: Ugly Duckling|100/100|[from] item: Leftovers
|upkeep
|turn|133
|inactive|thedolla has 240 seconds left.
|inactive|thedolla has 210 seconds left.
|inactive|thedolla has 180 seconds left.
|
|t:|1729438066
|switch|p2a: Starmie|Starmie|92/100
|switch|p1a: Wyvern|Milotic, F|90/100 par
|
|-heal|p2a: Starmie|99/100|[from] item: Leftovers
|-heal|p1a: Wyvern|96/100 par|[from] item: Leftovers
|upkeep
|turn|134
|inactive|thedolla has 180 seconds left.
|
|t:|1729438091
|move|p2a: Starmie|Rapid Spin|p1a: Wyvern
|-damage|p1a: Wyvern|94/100 par
|move|p1a: Wyvern|Hypnosis|p2a: Starmie
|-status|p2a: Starmie|slp|[from] move: Hypnosis
|
|-heal|p2a: Starmie|100/100 slp|[from] item: Leftovers
|-heal|p1a: Wyvern|99/100 par|[from] item: Leftovers
|upkeep
|turn|135
|inactive|Baptosta has 270 seconds left.
|
|t:|1729438132
|cant|p2a: Starmie|slp
|move|p1a: Wyvern|Hypnosis|p2a: Starmie
|-fail|p2a: Starmie|slp
|
|-heal|p1a: Wyvern|100/100 par|[from] item: Leftovers
|upkeep
|turn|136
|inactive|thedolla has 180 seconds left.
|
|t:|1729438141
|cant|p2a: Starmie|slp
|cant|p1a: Wyvern|par
|
|upkeep
|turn|137
|
|t:|1729438145
|switch|p1a: Ugly Duckling|Porygon2|100/100
|-ability|p1a: Ugly Duckling|Natural Cure|[from] ability: Trace|[of] p2a: Starmie
|cant|p2a: Starmie|slp
|
|upkeep
|turn|138
|
|t:|1729438149
|-curestatus|p2a: Starmie|slp|[from] ability: Natural Cure
|switch|p2a: Celebi|Celebi|100/100
|switch|p1a: Wyvern|Milotic, F|100/100 par
|
|upkeep
|turn|139
|
|t:|1729438158
|switch|p2a: Starmie|Starmie|100/100
|switch|p1a: Ugly Duckling|Porygon2|100/100
|-ability|p1a: Ugly Duckling|Natural Cure|[from] ability: Trace|[of] p2a: Starmie
|
|upkeep
|turn|140
|inactive|thedolla has 210 seconds left.
|inactive|thedolla has 180 seconds left.
|
|t:|1729438214
|switch|p1a: Wyvern|Milotic, F|100/100 par
|move|p2a: Starmie|Surf|p1a: Wyvern
|-resisted|p1a: Wyvern
|-damage|p1a: Wyvern|89/100 par
|
|-heal|p1a: Wyvern|95/100 par|[from] item: Leftovers
|upkeep
|turn|141
|
|t:|1729438223
|switch|p2a: Celebi|Celebi|100/100
|move|p1a: Wyvern|Surf|p2a: Celebi
|-resisted|p2a: Celebi
|-damage|p2a: Celebi|86/100
|
|-heal|p2a: Celebi|92/100|[from] item: Leftovers
|-heal|p1a: Wyvern|100/100 par|[from] item: Leftovers
|upkeep
|turn|142
|
|t:|1729438232
|switch|p2a: Starmie|Starmie|100/100
|switch|p1a: Ugly Duckling|Porygon2|100/100
|-ability|p1a: Ugly Duckling|Natural Cure|[from] ability: Trace|[of] p2a: Starmie
|
|upkeep
|turn|143
|
|t:|1729438240
|switch|p1a: Wyvern|Milotic, F|100/100 par
|move|p2a: Starmie|Surf|p1a: Wyvern
|-resisted|p1a: Wyvern
|-damage|p1a: Wyvern|89/100 par
|
|-heal|p1a: Wyvern|95/100 par|[from] item: Leftovers
|upkeep
|turn|144
|
|t:|1729438243
|switch|p2a: Celebi|Celebi|92/100
|switch|p1a: Ugly Duckling|Porygon2|100/100
|-ability|p1a: Ugly Duckling|Natural Cure|[from] ability: Trace|[of] p2a: Celebi
|
|-heal|p2a: Celebi|99/100|[from] item: Leftovers
|upkeep
|turn|145
|
|t:|1729438259
|switch|p2a: Starmie|Starmie|100/100
|switch|p1a: Wyvern|Milotic, F|95/100 par
|
|-heal|p1a: Wyvern|100/100 par|[from] item: Leftovers
|upkeep
|turn|146
|
|t:|1729438265
|switch|p2a: Celebi|Celebi|99/100
|switch|p1a: Ugly Duckling|Porygon2|100/100
|-ability|p1a: Ugly Duckling|Natural Cure|[from] ability: Trace|[of] p2a: Celebi
|
|-heal|p2a: Celebi|100/100|[from] item: Leftovers
|upkeep
|turn|147
|c|☆Baptosta|this is always like this
|c|☆thedolla|this end game is quite tough
|c|☆Baptosta|my round 2 game was 240 turns with this team
|
|t:|1729438293
|switch|p2a: Starmie|Starmie|100/100
|switch|p1a: Wyvern|Milotic, F|100/100 par
|
|upkeep
|turn|148
|inactive|thedolla has 210 seconds left.
|
|t:|1729438310
|switch|p2a: Salamence|Salamence, M|100/100
|-ability|p2a: Salamence|Intimidate|boost
|-unboost|p1a: Wyvern|atk|1
|switch|p1a: Ugly Duckling|Porygon2|100/100
|-ability|p1a: Ugly Duckling|Intimidate|[from] ability: Trace|[of] p2a: Salamence
|
|upkeep
|turn|149
|
|t:|1729438321
|move|p2a: Salamence|Protect|p2a: Salamence
|-singleturn|p2a: Salamence|Protect
|move|p1a: Ugly Duckling|Ice Beam|p2a: Salamence
|-activate|p2a: Salamence|Protect
|
|upkeep
|turn|150
|
|t:|1729438334
|switch|p2a: Starmie|Starmie|100/100
|switch|p1a: Wyvern|Milotic, F|100/100 par
|
|upkeep
|turn|151
|inactive|thedolla has 210 seconds left.
|
|t:|1729438351
|move|p2a: Starmie|Rapid Spin|p1a: Wyvern
|-damage|p1a: Wyvern|99/100 par
|cant|p1a: Wyvern|par
|
|-heal|p1a: Wyvern|100/100 par|[from] item: Leftovers
|upkeep
|turn|152
|
|t:|1729438371
|move|p2a: Starmie|Rapid Spin|p1a: Wyvern
|-damage|p1a: Wyvern|99/100 par
|move|p1a: Wyvern|Surf|p2a: Starmie
|-resisted|p2a: Starmie
|-damage|p2a: Starmie|81/100
|
|-heal|p2a: Starmie|87/100|[from] item: Leftovers
|-heal|p1a: Wyvern|100/100 par|[from] item: Leftovers
|upkeep
|turn|153
|
|t:|1729438378
|switch|p1a: Ugly Duckling|Porygon2|100/100
|-ability|p1a: Ugly Duckling|Natural Cure|[from] ability: Trace|[of] p2a: Starmie
|move|p2a: Starmie|Rapid Spin|p1a: Ugly Duckling
|-damage|p1a: Ugly Duckling|99/100
|
|-heal|p2a: Starmie|93/100|[from] item: Leftovers
|-heal|p1a: Ugly Duckling|100/100|[from] item: Leftovers
|upkeep
|turn|154
|
|t:|1729438384
|switch|p1a: Wyvern|Milotic, F|100/100 par
|move|p2a: Starmie|Rapid Spin|p1a: Wyvern
|-damage|p1a: Wyvern|99/100 par
|
|-heal|p2a: Starmie|99/100|[from] item: Leftovers
|-heal|p1a: Wyvern|100/100 par|[from] item: Leftovers
|upkeep
|turn|155
|
|t:|1729438387
|switch|p1a: Ugly Duckling|Porygon2|100/100
|-ability|p1a: Ugly Duckling|Natural Cure|[from] ability: Trace|[of] p2a: Starmie
|move|p2a: Starmie|Rapid Spin|p1a: Ugly Duckling
|-damage|p1a: Ugly Duckling|98/100
|
|-heal|p2a: Starmie|100/100|[from] item: Leftovers
|-heal|p1a: Ugly Duckling|100/100|[from] item: Leftovers
|upkeep
|turn|156
|
|t:|1729438392
|switch|p2a: Celebi|Celebi|100/100
|switch|p1a: Wyvern|Milotic, F|100/100 par
|
|upkeep
|turn|157
|
|t:|1729438401
|switch|p2a: Starmie|Starmie|100/100
|move|p1a: Wyvern|Hypnosis|p2a: Starmie|[miss]
|-miss|p1a: Wyvern|p2a: Starmie
|
|upkeep
|turn|158
|
|t:|1729438406
|switch|p1a: Ugly Duckling|Porygon2|100/100
|-ability|p1a: Ugly Duckling|Natural Cure|[from] ability: Trace|[of] p2a: Starmie
|move|p2a: Starmie|Rapid Spin|p1a: Ugly Duckling
|-damage|p1a: Ugly Duckling|98/100
|
|-heal|p1a: Ugly Duckling|100/100|[from] item: Leftovers
|upkeep
|turn|159
|
|t:|1729438411
|switch|p2a: Celebi|Celebi|100/100
|switch|p1a: Wyvern|Milotic, F|100/100 par
|
|upkeep
|turn|160
|
|t:|1729438419
|switch|p1a: Ugly Duckling|Porygon2|100/100
|-ability|p1a: Ugly Duckling|Natural Cure|[from] ability: Trace|[of] p2a: Celebi
|move|p2a: Celebi|Leech Seed|p1a: Ugly Duckling
|-start|p1a: Ugly Duckling|move: Leech Seed
|
|-damage|p1a: Ugly Duckling|88/100|[from] Leech Seed|[of] p2a: Celebi
|upkeep
|turn|161
|
|t:|1729438425
|switch|p1a: Wyvern|Milotic, F|100/100 par
|move|p2a: Celebi|Psychic|p1a: Wyvern
|-damage|p1a: Wyvern|76/100 par
|
|-heal|p1a: Wyvern|82/100 par|[from] item: Leftovers
|upkeep
|turn|162
|
|t:|1729438433
|switch|p1a: Ugly Duckling|Porygon2|88/100
|-ability|p1a: Ugly Duckling|Natural Cure|[from] ability: Trace|[of] p2a: Celebi
|move|p2a: Celebi|Hidden Power|p1a: Ugly Duckling
|-damage|p1a: Ugly Duckling|64/100
|
|-heal|p1a: Ugly Duckling|70/100|[from] item: Leftovers
|upkeep
|turn|163
|
|t:|1729438439
|switch|p1a: Wyvern|Milotic, F|82/100 par
|move|p2a: Celebi|Hidden Power|p1a: Wyvern
|-supereffective|p1a: Wyvern
|-damage|p1a: Wyvern|46/100 par
|
|-heal|p1a: Wyvern|52/100 par|[from] item: Leftovers
|upkeep
|turn|164
|
|t:|1729438443
|move|p2a: Celebi|Hidden Power|p1a: Wyvern
|-supereffective|p1a: Wyvern
|-damage|p1a: Wyvern|14/100 par
|move|p1a: Wyvern|Recover|p1a: Wyvern
|-heal|p1a: Wyvern|64/100 par
|
|-heal|p1a: Wyvern|70/100 par|[from] item: Leftovers
|upkeep
|turn|165
|
|t:|1729438447
|move|p2a: Celebi|Hidden Power|p1a: Wyvern
|-supereffective|p1a: Wyvern
|-damage|p1a: Wyvern|32/100 par
|move|p1a: Wyvern|Recover|p1a: Wyvern
|-heal|p1a: Wyvern|82/100 par
|
|-heal|p1a: Wyvern|88/100 par|[from] item: Leftovers
|upkeep
|turn|166
|
|t:|1729438451
|switch|p2a: Starmie|Starmie|100/100
|switch|p1a: Ugly Duckling|Porygon2|70/100
|-ability|p1a: Ugly Duckling|Natural Cure|[from] ability: Trace|[of] p2a: Starmie
|
|-heal|p1a: Ugly Duckling|76/100|[from] item: Leftovers
|upkeep
|turn|167
|
|t:|1729438458
|move|p2a: Starmie|Thunder Wave|p1a: Ugly Duckling
|-status|p1a: Ugly Duckling|par
|move|p1a: Ugly Duckling|Recover|p1a: Ugly Duckling
|-heal|p1a: Ugly Duckling|100/100 par
|
|upkeep
|turn|168
|
|t:|1729438461
|-curestatus|p1a: Ugly Duckling|par|[from] ability: Natural Cure
|switch|p1a: Wyvern|Milotic, F|88/100 par
|move|p2a: Starmie|Surf|p1a: Wyvern
|-resisted|p1a: Wyvern
|-damage|p1a: Wyvern|76/100 par
|
|-heal|p1a: Wyvern|82/100 par|[from] item: Leftovers
|upkeep
|turn|169
|
|t:|1729438466
|switch|p1a: Ugly Duckling|Porygon2|100/100
|-ability|p1a: Ugly Duckling|Natural Cure|[from] ability: Trace|[of] p2a: Starmie
|move|p2a: Starmie|Rapid Spin|p1a: Ugly Duckling
|-damage|p1a: Ugly Duckling|98/100
|
|-heal|p1a: Ugly Duckling|100/100|[from] item: Leftovers
|upkeep
|turn|170
|
|t:|1729438471
|switch|p1a: Wyvern|Milotic, F|82/100 par
|move|p2a: Starmie|Thunder Wave|p1a: Wyvern
|-fail|p1a: Wyvern|par
|
|-heal|p1a: Wyvern|88/100 par|[from] item: Leftovers
|upkeep
|turn|171
|
|t:|1729438474
|switch|p2a: Celebi|Celebi|100/100
|switch|p1a: Ugly Duckling|Porygon2|100/100
|-ability|p1a: Ugly Duckling|Natural Cure|[from] ability: Trace|[of] p2a: Celebi
|
|upkeep
|turn|172
|
|t:|1729438478
|switch|p2a: Starmie|Starmie|100/100
|move|p1a: Ugly Duckling|Thunder Wave|p2a: Starmie
|-status|p2a: Starmie|par
|
|upkeep
|turn|173
|
|t:|1729438480
|switch|p1a: Wyvern|Milotic, F|88/100 par
|-curestatus|p2a: Starmie|par|[from] ability: Natural Cure
|switch|p2a: Celebi|Celebi|100/100
|
|-heal|p1a: Wyvern|94/100 par|[from] item: Leftovers
|upkeep
|turn|174
|inactive|thedolla has 270 seconds left.
|
|t:|1729438530
|switch|p2a: Starmie|Starmie|100/100
|switch|p1a: Ugly Duckling|Porygon2|100/100
|-ability|p1a: Ugly Duckling|Natural Cure|[from] ability: Trace|[of] p2a: Starmie
|
|upkeep
|turn|175
|
|t:|1729438544
|switch|p1a: Wyvern|Milotic, F|94/100 par
|move|p2a: Starmie|Rapid Spin|p1a: Wyvern
|-damage|p1a: Wyvern|93/100 par
|
|-heal|p1a: Wyvern|99/100 par|[from] item: Leftovers
|upkeep
|turn|176
|
|t:|1729438550
|switch|p1a: Ugly Duckling|Porygon2|100/100
|-ability|p1a: Ugly Duckling|Natural Cure|[from] ability: Trace|[of] p2a: Starmie
|move|p2a: Starmie|Rapid Spin|p1a: Ugly Duckling
|-damage|p1a: Ugly Duckling|98/100
|
|-heal|p1a: Ugly Duckling|100/100|[from] item: Leftovers
|upkeep
|turn|177
|
|t:|1729438556
|switch|p1a: Wyvern|Milotic, F|99/100 par
|move|p2a: Starmie|Rapid Spin|p1a: Wyvern
|-damage|p1a: Wyvern|97/100 par
|
|-heal|p1a: Wyvern|100/100 par|[from] item: Leftovers
|upkeep
|turn|178
|
|t:|1729438563
|switch|p2a: Celebi|Celebi|100/100
|switch|p1a: Ugly Duckling|Porygon2|100/100
|-ability|p1a: Ugly Duckling|Natural Cure|[from] ability: Trace|[of] p2a: Celebi
|
|upkeep
|turn|179
|
|t:|1729438567
|switch|p2a: Starmie|Starmie|100/100
|move|p1a: Ugly Duckling|Thunder Wave|p2a: Starmie
|-status|p2a: Starmie|par
|
|upkeep
|turn|180
|
|t:|1729438573
|switch|p1a: Wyvern|Milotic, F|100/100 par
|move|p2a: Starmie|Surf|p1a: Wyvern
|-resisted|p1a: Wyvern
|-damage|p1a: Wyvern|89/100 par
|
|-heal|p1a: Wyvern|95/100 par|[from] item: Leftovers
|upkeep
|turn|181
|
|t:|1729438582
|-curestatus|p2a: Starmie|par|[from] ability: Natural Cure
|switch|p2a: Celebi|Celebi|100/100
|switch|p1a: Ugly Duckling|Porygon2|100/100
|-ability|p1a: Ugly Duckling|Natural Cure|[from] ability: Trace|[of] p2a: Celebi
|
|upkeep
|turn|182
|
|t:|1729438595
|switch|p2a: Starmie|Starmie|100/100
|switch|p1a: Wyvern|Milotic, F|95/100 par
|
|-heal|p1a: Wyvern|100/100 par|[from] item: Leftovers
|upkeep
|turn|183
|
|t:|1729438600
|switch|p2a: Celebi|Celebi|100/100
|switch|p1a: Ugly Duckling|Porygon2|100/100
|-ability|p1a: Ugly Duckling|Natural Cure|[from] ability: Trace|[of] p2a: Celebi
|
|upkeep
|turn|184
|
|t:|1729438605
|switch|p2a: Starmie|Starmie|100/100
|switch|p1a: Wyvern|Milotic, F|100/100 par
|
|upkeep
|turn|185
|
|t:|1729438607
|switch|p2a: Celebi|Celebi|100/100
|switch|p1a: Ugly Duckling|Porygon2|100/100
|-ability|p1a: Ugly Duckling|Natural Cure|[from] ability: Trace|[of] p2a: Celebi
|
|upkeep
|turn|186
|c|☆Baptosta|is there a way to draw
|c|☆Baptosta|outside the 1000 turn rule?
|
|t:|1729438622
|switch|p2a: Starmie|Starmie|100/100
|switch|p1a: Wyvern|Milotic, F|100/100 par
|
|upkeep
|turn|187
|c|☆thedolla|let me take a look at the rules
|c|☆Baptosta|mee too
|inactive|thedolla has 270 seconds left.
|inactive|thedolla has 240 seconds left.
|inactive|thedolla has 210 seconds left.
|
|t:|1729438733
|switch|p2a: Celebi|Celebi|100/100
|switch|p1a: Ugly Duckling|Porygon2|100/100
|-ability|p1a: Ugly Duckling|Natural Cure|[from] ability: Trace|[of] p2a: Celebi
|
|upkeep
|turn|188
|c|☆thedolla|i do not see anything about draws
|c|☆Baptosta|can we ping the mods about it?
|c|☆thedolla|we can try
|c|☆Baptosta|i will
|inactive|Baptosta has 270 seconds left.
|inactive|Baptosta has 240 seconds left.
|c|☆thedolla|we could also make a gentleman's agreement to not excessively switch
|inactive|Baptosta has 210 seconds left.
|c|☆Baptosta|we could but then i would lose 100%
|c|☆thedolla|that's fair
|inactive|Baptosta has 180 seconds left.
|inactive|Baptosta has 150 seconds left.
|
|t:|1729438889
|switch|p2a: Salamence|Salamence, M|100/100
|-ability|p2a: Salamence|Intimidate|boost
|-unboost|p1a: Ugly Duckling|atk|1
|switch|p1a: Wyvern|Milotic, F|100/100 par
|
|upkeep
|turn|189
|inactive|Baptosta has 150 seconds left.
|
|t:|1729438896
|switch|p1a: Ugly Duckling|Porygon2|100/100
|-ability|p1a: Ugly Duckling|Intimidate|[from] ability: Trace|[of] p2a: Salamence
|move|p2a: Salamence|Protect||[still]
|-fail|p2a: Salamence
|
|upkeep
|turn|190
|
|t:|1729438902
|switch|p2a: Celebi|Celebi|100/100
|switch|p1a: Wyvern|Milotic, F|100/100 par
|
|upkeep
|turn|191
|c|☆Baptosta|can we just agree this game didnt happen?
|inactive|Baptosta has 150 seconds left.
|
|t:|1729438934
|switch|p2a: Starmie|Starmie|100/100
|switch|p1a: Ugly Duckling|Porygon2|100/100
|-ability|p1a: Ugly Duckling|Natural Cure|[from] ability: Trace|[of] p2a: Starmie
|
|upkeep
|turn|192
|inactive|thedolla has 210 seconds left.
|c|☆thedolla|we could if we agree that we use different teams for the next game
|inactive|thedolla has 180 seconds left.
|c|☆thedolla|so that this doesn't happen again
|c|☆Baptosta|for me its ok
|c|☆thedolla|okay
|
|t:|1729438998
|switch|p2a: Celebi|Celebi|100/100
|switch|p1a: Wyvern|Milotic, F|100/100 par
|
|upkeep
|turn|193
|c|☆Baptosta|lets tell the mods we agreed on a draw
|inactive|Baptosta has 150 seconds left.
|c|☆thedolla|okay
|-message|Baptosta forfeited.
|
|win|thedolla
|player|p1|
|c|☆thedolla|we can also save this replay so that the chat is recorded on our agreement

</script>
<script type="application/json" class="data" id="replaydata-smogtours-gen3ou-800392">
{"id":"smogtours-gen3ou-800392","format":"[Gen 3] OU","players":["Baptosta","thedolla"],"uploadtime":1729439020,"views":86,"formatid":"gen3ou","rating":null,"private":0,"password":null}
</script>

<script defer src="js/replays.js?9d40a366"></script>
