<!DOCTYPE html>
<meta charset="utf-8" />
<meta name="viewport" content="width=device-width" />

<title>[Gen 3] OU: Usbreon vs. GoldThe1andOnly - Replays - Pok&eacute;mon Showdown!</title>

<meta name="description" content="Watch a replay of a Pok&eacute;mon battle between Usbreon and GoldThe1andOnly! Format: [Gen 3] OU; Date: Oct 24, 2024" />
<!--

Hey, you! Looking in the source for the replay log?

You can find them in JSON format, just add `.json` at the end of a replay URL.

https://replay.pokemonshowdown.com/gen7randomdoublesbattle-865046831.json

Or, if you only need the log itself, add `.log` instead:

https://replay.pokemonshowdown.com/gen7randomdoublesbattle-865046831.log

-->

<link rel="stylesheet" href="//pokemonshowdown.com/style/global.css?0.023195364461161105" />
<link rel="stylesheet" href="//play.pokemonshowdown.com/style/font-awesome.css?0.13261647063804238" />
<link rel="stylesheet" href="//play.pokemonshowdown.com/style/battle.css?0.8753245789963631" />
<link rel="stylesheet" href="//play.pokemonshowdown.com/style/utilichart.css?0.8627959624976733" />

<!-- Global site tag (gtag.js) - Google Analytics -->
<script async src="https://www.googletagmanager.com/gtag/js?id=UA-26211653-1"></script>
<script>
  window.dataLayer = window.dataLayer || [];
  function gtag(){dataLayer.push(arguments);}
  gtag('js', new Date());

  gtag('config', 'UA-26211653-1');
</script>
<!-- End Google Analytics -->
<!-- Venatus Ad Manager - Install in <HEAD> of page -->
	<script src="https://hb.vntsm.com/v3/live/ad-manager.min.js" type="text/javascript" data-site-id="642aba63ec9a7b11c3c9c1be" data-mode="scan" async></script>
<!-- / Venatus Ad Manager -->

<style>
	@media (max-width:820px) {
		.battle {
			margin: 0 auto;
		}
		.battle-log {
			margin: 7px auto 0;
			max-width: 640px;
			height: 300px;
			position: static;
		}
	}
	.optgroup {
		display: inline-block;
		line-height: 22px;
		font-size: 10pt;
	}
	.optgroup .button {
		height: 25px;
		padding-top: 0;
		padding-bottom: 0;
	}
	.optgroup button.button {
		padding-left: 12px;
		padding-right: 12px;
	}
	.linklist {
		list-style: none;
		margin: 0.5em 0;
		padding: 0;
	}
	.linklist li {
		padding: 2px 0;
	}
	.sidebar {
		float: left;
		width: 320px;
	}
	.bar-wrapper {
		max-width: 1100px;
		margin: 0 auto;
	}
	.bar-wrapper.has-sidebar {
		max-width: 1430px;
	}
	.mainbar {
		margin: 0;
		padding-right: 1px;
	}
	.mainbar.has-sidebar {
		margin-left: 330px;
	}
	@media (min-width: 1511px) {
		.sidebar {
			width: 400px;
		}
		.bar-wrapper.has-sidebar {
			max-width: 1510px;
		}
		.mainbar.has-sidebar {
			margin-left: 410px;
		}
	}
	.section.first-section {
		margin-top: 9px;
	}
	.blocklink small {
		white-space: normal;
	}
	.button {
		vertical-align: middle;
	}
	.replay-controls {
		padding-top: 10px;
	}
	.replay-controls h1 {
		font-size: 16pt;
		font-weight: normal;
		color: #CCC;
	}
	.pagelink {
		text-align: center;
	}
	.pagelink a {
		width: 150px;
	}
	.textbox, .button {
		font-size: 11pt;
		vertical-align: middle;
	}
	@media (max-width: 450px) {
		.button {
			font-size: 9pt;
		}
	}
</style>

<div>

	<header>
		<div class="nav-wrapper"><ul class="nav">
			<li><a class="button nav-first" href="//pokemonshowdown.com/"><img src="//pokemonshowdown.com/images/pokemonshowdownbeta.png" srcset="//pokemonshowdown.com/images/pokemonshowdownbeta.png 1x, //pokemonshowdown.com/images/pokemonshowdownbeta@2x.png 2x" alt="Pok&eacute;mon Showdown" width="146" height="44" /> Home</a></li>
			<li><a class="button" href="//pokemonshowdown.com/dex/">Pok&eacute;dex</a></li>
			<li><a class="button cur" href="/">Replays</a></li>
			<li><a class="button" href="//pokemonshowdown.com/ladder/">Ladder</a></li>
			<li><a class="button nav-last" href="//pokemonshowdown.com/forums/">Forum</a></li>
			<li><a class="button greenbutton nav-first nav-last" href="//play.pokemonshowdown.com/">Play</a></li>
		</ul></div>
	</header>

	<div class="main" id="main">

		<noscript><section class="section">You need to enable JavaScript to use this page; sorry!</section></noscript>

	</div>

</div>

<script defer nomodule src="//play.pokemonshowdown.com/js/lib/ps-polyfill.js"></script>
<script defer src="//play.pokemonshowdown.com/js/lib/preact.min.js"></script>

<script defer src="//play.pokemonshowdown.com/config/config.js?2bddbc15"></script>
<script defer src="//play.pokemonshowdown.com/js/lib/jquery-1.11.0.min.js"></script>
<script defer src="//play.pokemonshowdown.com/js/lib/html-sanitizer-minified.js"></script>
<script defer src="//play.pokemonshowdown.com/js/battle-sound.js"></script>
<script defer src="//play.pokemonshowdown.com/js/battledata.js?0.7209276989879541"></script>
<script defer src="//play.pokemonshowdown.com/data/pokedex-mini.js?0.6111056340867951"></script>
<script defer src="//play.pokemonshowdown.com/data/pokedex-mini-bw.js?0.3532142036491459"></script>
<script defer src="//play.pokemonshowdown.com/data/graphics.js?0.24223875632456182"></script>
<script defer src="//play.pokemonshowdown.com/data/pokedex.js?0.38839984266356864"></script>
<script defer src="//play.pokemonshowdown.com/data/moves.js?0.21866028504024015"></script>
<script defer src="//play.pokemonshowdown.com/data/abilities.js?0.2005157953846628"></script>
<script defer src="//play.pokemonshowdown.com/data/items.js?0.9894211263848525"></script>
<script defer src="//play.pokemonshowdown.com/data/teambuilder-tables.js?0.6008791140282215"></script>
<script defer src="//play.pokemonshowdown.com/js/battle-tooltips.js?0.7580118955022959"></script>
<script defer src="//play.pokemonshowdown.com/js/battle.js?0.6057722274234274"></script>

<script defer src="js/utils.js?e31f9a17"></script>
<script defer src="js/replays-battle.js?7008c182"></script>

<!-- don't scrape this data! just add .json or .log after the URL!
Full API docs: https://github.com/smogon/pokemon-showdown-client/blob/master/WEB-API.md -->
<script type="text/plain" class="log" id="replaylog-smogtours-gen3ou-801603">
|inactive|Battle timer is ON: inactive players will automatically lose when time's up.
|t:|1729797016
|gametype|singles
|player|p1|Usbreon|sailor|
|player|p2|GoldThe1andOnly|elesa-masters|
|teamsize|p1|6
|teamsize|p2|6
|gen|3
|tier|[Gen 3] OU
|rule|Sleep Clause Mod: Limit one foe put to sleep
|rule|Switch Priority Clause Mod: Faster Pokémon switch first
|rule|Species Clause: Limit one of each Pokémon
|rule|OHKO Clause: OHKO moves are banned
|rule|Evasion Items Clause: Evasion items are banned
|rule|Evasion Moves Clause: Evasion moves are banned
|rule|Endless Battle Clause: Forcing endless battles is banned
|rule|HP Percentage Mod: HP is shown in percentages
|rule|One Boost Passer Clause: Limit one Baton Passer that has a way to boost its stats
|rule|Freeze Clause Mod: Limit one foe frozen
|
|t:|1729797016
|start
|switch|p1a: Zapdos|Zapdos|100/100
|switch|p2a: Celebi|Celebi|100/100
|turn|1
|
|t:|1729797031
|switch|p1a: Celebi|Celebi|100/100
|move|p2a: Celebi|Leech Seed|p1a: Celebi
|-immune|p1a: Celebi
|
|upkeep
|turn|2
|
|t:|1729797041
|switch|p2a: Moltres|Moltres|100/100
|move|p1a: Celebi|Calm Mind|p1a: Celebi
|-boost|p1a: Celebi|spa|1
|-boost|p1a: Celebi|spd|1
|
|upkeep
|turn|3
|
|t:|1729797050
|move|p1a: Celebi|Baton Pass|p1a: Celebi
|
|t:|1729797052
|switch|p1a: Zapdos|Zapdos|100/100|[from] Baton Pass
|move|p2a: Moltres|Flamethrower|p1a: Zapdos
|-damage|p1a: Zapdos|59/100
|
|-heal|p1a: Zapdos|65/100|[from] item: Leftovers
|upkeep
|turn|4
|inactive|Usbreon has 270 seconds left.
|
|t:|1729797085
|switch|p2a: Celebi|Celebi|100/100
|move|p1a: Zapdos|Thunderbolt|p2a: Celebi
|-resisted|p2a: Celebi
|-damage|p2a: Celebi|73/100
|-status|p2a: Celebi|par
|
|-heal|p1a: Zapdos|71/100|[from] item: Leftovers
|-heal|p2a: Celebi|79/100 par|[from] item: Leftovers
|upkeep
|turn|5
|inactive|Usbreon has 270 seconds left.
|
|t:|1729797098
|move|p1a: Zapdos|Baton Pass|p1a: Zapdos
|inactive|Usbreon has 270 seconds left.
|
|t:|1729797103
|switch|p1a: Celebi|Celebi|100/100|[from] Baton Pass
|move|p2a: Celebi|Leech Seed|p1a: Celebi
|-immune|p1a: Celebi
|
|-heal|p2a: Celebi|85/100 par|[from] item: Leftovers
|upkeep
|turn|6
|
|t:|1729797108
|-curestatus|p2a: Celebi|par|[from] ability: Natural Cure
|switch|p2a: Moltres|Moltres|100/100
|move|p1a: Celebi|Calm Mind|p1a: Celebi
|-boost|p1a: Celebi|spa|1
|-boost|p1a: Celebi|spd|1
|
|upkeep
|turn|7
|
|t:|1729797118
|move|p1a: Celebi|Baton Pass|p1a: Celebi
|
|t:|1729797120
|switch|p1a: Charizard|Charizard, F|100/100|[from] Baton Pass
|move|p2a: Moltres|Roar|p1a: Charizard
|drag|p1a: Swampert|Swampert, F|100/100
|
|upkeep
|turn|8
|
|t:|1729797138
|move|p2a: Moltres|Will-O-Wisp|p1a: Swampert|[miss]
|-miss|p2a: Moltres|p1a: Swampert
|move|p1a: Swampert|Surf|p2a: Moltres
|-supereffective|p2a: Moltres
|-damage|p2a: Moltres|18/100
|
|-heal|p2a: Moltres|24/100|[from] item: Leftovers
|upkeep
|turn|9
|inactive|GoldThe1andOnly has 270 seconds left.
|
|t:|1729797172
|switch|p2a: Celebi|Celebi|85/100
|switch|p1a: Charizard|Charizard, F|100/100
|
|-heal|p2a: Celebi|91/100|[from] item: Leftovers
|upkeep
|turn|10
|inactive|GoldThe1andOnly has 270 seconds left.
|
|t:|1729797200
|switch|p2a: Aerodactyl|Aerodactyl, F|100/100
|move|p1a: Charizard|Flamethrower|p2a: Aerodactyl
|-resisted|p2a: Aerodactyl
|-damage|p2a: Aerodactyl|68/100
|
|upkeep
|turn|11
|
|t:|1729797215
|switch|p1a: Metagross|Metagross|100/100
|move|p2a: Aerodactyl|Double-Edge|p1a: Metagross
|-resisted|p1a: Metagross
|-damage|p1a: Metagross|81/100
|
|-heal|p1a: Metagross|87/100|[from] item: Leftovers
|upkeep
|turn|12
|
|t:|1729797228
|switch|p2a: Forretress|Forretress, M|100/100
|move|p1a: Metagross|Hidden Power|p2a: Forretress
|-supereffective|p2a: Forretress
|-damage|p2a: Forretress|20/100
|
|-heal|p1a: Metagross|93/100|[from] item: Leftovers
|-heal|p2a: Forretress|26/100|[from] item: Leftovers
|upkeep
|turn|13
|inactive|GoldThe1andOnly has 270 seconds left.
|
|t:|1729797243
|switch|p2a: Celebi|Celebi|91/100
|move|p1a: Metagross|Hidden Power|p2a: Celebi
|-supereffective|p2a: Celebi
|-damage|p2a: Celebi|60/100
|
|-heal|p2a: Celebi|66/100|[from] item: Leftovers
|-heal|p1a: Metagross|99/100|[from] item: Leftovers
|upkeep
|turn|14
|inactive|GoldThe1andOnly has 270 seconds left.
|
|t:|1729797251
|switch|p1a: Celebi|Celebi|100/100
|move|p2a: Celebi|Recover|p2a: Celebi
|-heal|p2a: Celebi|100/100
|
|upkeep
|turn|15
|
|t:|1729797258
|switch|p2a: Tyranitar|Tyranitar, M|100/100
|-weather|Sandstorm|[from] ability: Sand Stream|[of] p2a: Tyranitar
|move|p1a: Celebi|Calm Mind|p1a: Celebi
|-boost|p1a: Celebi|spa|1
|-boost|p1a: Celebi|spd|1
|
|-weather|Sandstorm|[upkeep]
|-damage|p1a: Celebi|94/100|[from] Sandstorm
|-heal|p1a: Celebi|100/100|[from] item: Leftovers
|upkeep
|turn|16
|inactive|Usbreon has 270 seconds left.
|inactive|Usbreon has 240 seconds left.
|
|t:|1729797332
|move|p1a: Celebi|Baton Pass|p1a: Celebi
|
|t:|1729797335
|switch|p1a: Zapdos|Zapdos|71/100|[from] Baton Pass
|move|p2a: Tyranitar|Pursuit|p1a: Zapdos
|-damage|p1a: Zapdos|62/100
|
|-weather|Sandstorm|[upkeep]
|-damage|p1a: Zapdos|56/100|[from] Sandstorm
|-heal|p1a: Zapdos|62/100|[from] item: Leftovers
|upkeep
|turn|17
|inactive|Usbreon has 240 seconds left.
|
|t:|1729797350
|move|p1a: Zapdos|Baton Pass|p1a: Zapdos
|
|t:|1729797356
|switch|p1a: Metagross|Metagross|99/100|[from] Baton Pass
|move|p2a: Tyranitar|Rock Slide|p1a: Metagross
|-resisted|p1a: Metagross
|-damage|p1a: Metagross|83/100
|
|-weather|Sandstorm|[upkeep]
|-heal|p1a: Metagross|90/100|[from] item: Leftovers
|upkeep
|turn|18
|
|t:|1729797365
|switch|p2a: Swampert|Swampert, F|100/100
|move|p1a: Metagross|Meteor Mash|p2a: Swampert
|-resisted|p2a: Swampert
|-damage|p2a: Swampert|86/100
|
|-weather|Sandstorm|[upkeep]
|-heal|p2a: Swampert|93/100|[from] item: Leftovers
|-heal|p1a: Metagross|96/100|[from] item: Leftovers
|upkeep
|turn|19
|inactive|Usbreon has 240 seconds left.
|
|t:|1729797383
|switch|p2a: Aerodactyl|Aerodactyl, F|68/100
|move|p1a: Metagross|Psychic|p2a: Aerodactyl
|-damage|p2a: Aerodactyl|0 fnt
|faint|p2a: Aerodactyl
|
|t:|1729797402
|switch|p2a: Celebi|Celebi|100/100
|
|-weather|Sandstorm|[upkeep]
|-damage|p2a: Celebi|94/100|[from] Sandstorm
|-heal|p2a: Celebi|100/100|[from] item: Leftovers
|-heal|p1a: Metagross|100/100|[from] item: Leftovers
|upkeep
|turn|20
|
|t:|1729797408
|switch|p1a: Celebi|Celebi|100/100
|move|p2a: Celebi|Leech Seed|p1a: Celebi
|-immune|p1a: Celebi
|
|-weather|Sandstorm|[upkeep]
|-damage|p1a: Celebi|94/100|[from] Sandstorm
|-damage|p2a: Celebi|94/100|[from] Sandstorm
|-heal|p1a: Celebi|100/100|[from] item: Leftovers
|-heal|p2a: Celebi|100/100|[from] item: Leftovers
|upkeep
|turn|21
|
|t:|1729797418
|switch|p2a: Forretress|Forretress, M|26/100
|move|p1a: Celebi|Calm Mind|p1a: Celebi
|-boost|p1a: Celebi|spa|1
|-boost|p1a: Celebi|spd|1
|
|-weather|Sandstorm|[upkeep]
|-damage|p1a: Celebi|94/100|[from] Sandstorm
|-heal|p1a: Celebi|100/100|[from] item: Leftovers
|-heal|p2a: Forretress|33/100|[from] item: Leftovers
|upkeep
|turn|22
|
|t:|1729797428
|move|p1a: Celebi|Hidden Power|p2a: Forretress
|-supereffective|p2a: Forretress
|-damage|p2a: Forretress|0 fnt
|faint|p2a: Forretress
|
|t:|1729797431
|switch|p2a: Tyranitar|Tyranitar, M|100/100
|
|-weather|Sandstorm|[upkeep]
|-damage|p1a: Celebi|94/100|[from] Sandstorm
|-heal|p1a: Celebi|100/100|[from] item: Leftovers
|upkeep
|turn|23
|inactive|Usbreon has 270 seconds left.
|
|t:|1729797448
|move|p1a: Celebi|Baton Pass|p1a: Celebi
|
|t:|1729797449
|switch|p1a: Metagross|Metagross|100/100|[from] Baton Pass
|move|p2a: Tyranitar|Rock Slide|p1a: Metagross
|-resisted|p1a: Metagross
|-damage|p1a: Metagross|83/100
|
|-weather|Sandstorm|[upkeep]
|-heal|p1a: Metagross|89/100|[from] item: Leftovers
|upkeep
|turn|24
|
|t:|1729797459
|move|p1a: Metagross|Meteor Mash|p2a: Tyranitar
|-supereffective|p2a: Tyranitar
|-damage|p2a: Tyranitar|29/100
|move|p2a: Tyranitar|Earthquake|p1a: Metagross
|-supereffective|p1a: Metagross
|-damage|p1a: Metagross|31/100
|
|-weather|Sandstorm|[upkeep]
|-heal|p1a: Metagross|37/100|[from] item: Leftovers
|-heal|p2a: Tyranitar|35/100|[from] item: Leftovers
|upkeep
|turn|25
|
|t:|1729797466
|switch|p2a: Swampert|Swampert, F|93/100
|move|p1a: Metagross|Meteor Mash|p2a: Swampert
|-resisted|p2a: Swampert
|-damage|p2a: Swampert|78/100
|
|-weather|Sandstorm|[upkeep]
|-heal|p2a: Swampert|84/100|[from] item: Leftovers
|-heal|p1a: Metagross|43/100|[from] item: Leftovers
|upkeep
|turn|26
|
|t:|1729797472
|move|p2a: Swampert|Surf|p1a: Metagross
|-damage|p1a: Metagross|24/100
|move|p1a: Metagross|Psychic|p2a: Swampert
|-damage|p2a: Swampert|32/100
|
|-weather|Sandstorm|[upkeep]
|-heal|p2a: Swampert|38/100|[from] item: Leftovers
|-heal|p1a: Metagross|30/100|[from] item: Leftovers
|upkeep
|turn|27
|
|t:|1729797485
|move|p2a: Swampert|Surf|p1a: Metagross
|-damage|p1a: Metagross|9/100
|move|p1a: Metagross|Psychic|p2a: Swampert
|-damage|p2a: Swampert|0 fnt
|faint|p2a: Swampert
|
|t:|1729797489
|switch|p2a: Moltres|Moltres|24/100
|
|-weather|Sandstorm|[upkeep]
|-damage|p2a: Moltres|18/100|[from] Sandstorm
|-heal|p2a: Moltres|24/100|[from] item: Leftovers
|-heal|p1a: Metagross|15/100|[from] item: Leftovers
|upkeep
|turn|28
|
|t:|1729797494
|move|p2a: Moltres|Flamethrower|p1a: Metagross
|-supereffective|p1a: Metagross
|-damage|p1a: Metagross|0 fnt
|faint|p1a: Metagross
|
|t:|1729797502
|switch|p1a: Tyranitar|Tyranitar, M|100/100
|
|-weather|Sandstorm|[upkeep]
|-damage|p2a: Moltres|18/100|[from] Sandstorm
|-heal|p2a: Moltres|24/100|[from] item: Leftovers
|upkeep
|turn|29
|
|t:|1729797505
|move|p1a: Tyranitar|Rock Slide|p2a: Moltres
|-supereffective|p2a: Moltres
|-damage|p2a: Moltres|0 fnt
|faint|p2a: Moltres
|c|☆GoldThe1andOnly|gg
|
|t:|1729797511
|switch|p2a: Celebi|Celebi|100/100
|
|-weather|Sandstorm|[upkeep]
|-damage|p2a: Celebi|94/100|[from] Sandstorm
|-heal|p2a: Celebi|100/100|[from] item: Leftovers
|upkeep
|turn|30
|
|t:|1729797518
|switch|p2a: Tyranitar|Tyranitar, M|35/100
|switch|p1a: Celebi|Celebi|100/100
|
|-weather|Sandstorm|[upkeep]
|-damage|p1a: Celebi|94/100|[from] Sandstorm
|-heal|p1a: Celebi|100/100|[from] item: Leftovers
|-heal|p2a: Tyranitar|41/100|[from] item: Leftovers
|upkeep
|turn|31
|
|t:|1729797523
|move|p1a: Celebi|Calm Mind|p1a: Celebi
|-boost|p1a: Celebi|spa|1
|-boost|p1a: Celebi|spd|1
|move|p2a: Tyranitar|Rock Slide|p1a: Celebi
|-damage|p1a: Celebi|61/100
|
|-weather|Sandstorm|[upkeep]
|-damage|p1a: Celebi|54/100|[from] Sandstorm
|-heal|p1a: Celebi|61/100|[from] item: Leftovers
|-heal|p2a: Tyranitar|47/100|[from] item: Leftovers
|upkeep
|turn|32
|
|t:|1729797526
|switch|p2a: Celebi|Celebi|100/100
|move|p1a: Celebi|Giga Drain|p2a: Celebi
|-resisted|p2a: Celebi
|-damage|p2a: Celebi|89/100
|-heal|p1a: Celebi|66/100|[from] drain|[of] p2a: Celebi
|
|-weather|Sandstorm|[upkeep]
|-damage|p1a: Celebi|60/100|[from] Sandstorm
|-damage|p2a: Celebi|83/100|[from] Sandstorm
|-heal|p1a: Celebi|66/100|[from] item: Leftovers
|-heal|p2a: Celebi|89/100|[from] item: Leftovers
|upkeep
|turn|33
|
|t:|1729797530
|move|p1a: Celebi|Calm Mind|p1a: Celebi
|-boost|p1a: Celebi|spa|1
|-boost|p1a: Celebi|spd|1
|move|p2a: Celebi|Psychic|p1a: Celebi
|-resisted|p1a: Celebi
|-damage|p1a: Celebi|60/100
|
|-weather|Sandstorm|[upkeep]
|-damage|p1a: Celebi|54/100|[from] Sandstorm
|-damage|p2a: Celebi|83/100|[from] Sandstorm
|-heal|p1a: Celebi|60/100|[from] item: Leftovers
|-heal|p2a: Celebi|89/100|[from] item: Leftovers
|upkeep
|turn|34
|
|t:|1729797533
|move|p1a: Celebi|Calm Mind|p1a: Celebi
|-boost|p1a: Celebi|spa|1
|-boost|p1a: Celebi|spd|1
|move|p2a: Celebi|Psychic|p1a: Celebi
|-resisted|p1a: Celebi
|-damage|p1a: Celebi|55/100
|
|-weather|Sandstorm|[upkeep]
|-damage|p1a: Celebi|49/100|[from] Sandstorm
|-damage|p2a: Celebi|83/100|[from] Sandstorm
|-heal|p1a: Celebi|55/100|[from] item: Leftovers
|-heal|p2a: Celebi|89/100|[from] item: Leftovers
|upkeep
|turn|35
|
|t:|1729797546
|move|p1a: Celebi|Baton Pass|p1a: Celebi
|
|t:|1729797547
|switch|p1a: Charizard|Charizard, F|100/100|[from] Baton Pass
|move|p2a: Celebi|Psychic|p1a: Charizard
|-damage|p1a: Charizard|84/100
|
|-weather|Sandstorm|[upkeep]
|-damage|p1a: Charizard|78/100|[from] Sandstorm
|-damage|p2a: Celebi|83/100|[from] Sandstorm
|-heal|p1a: Charizard|84/100|[from] item: Leftovers
|-heal|p2a: Celebi|89/100|[from] item: Leftovers
|upkeep
|turn|36
|
|t:|1729797550
|move|p1a: Charizard|Flamethrower|p2a: Celebi
|-supereffective|p2a: Celebi
|-damage|p2a: Celebi|0 fnt
|faint|p2a: Celebi
|c|☆Usbreon|gg
|
|t:|1729797553
|switch|p2a: Tyranitar|Tyranitar, M|47/100
|
|-weather|Sandstorm|[upkeep]
|-damage|p1a: Charizard|78/100|[from] Sandstorm
|-heal|p1a: Charizard|84/100|[from] item: Leftovers
|-heal|p2a: Tyranitar|53/100|[from] item: Leftovers
|upkeep
|turn|37
|
|t:|1729797560
|move|p1a: Charizard|Flamethrower|p2a: Tyranitar
|-resisted|p2a: Tyranitar
|-damage|p2a: Tyranitar|9/100
|move|p2a: Tyranitar|Crunch|p1a: Charizard
|-damage|p1a: Charizard|69/100
|
|-weather|Sandstorm|[upkeep]
|-damage|p1a: Charizard|63/100|[from] Sandstorm
|-heal|p1a: Charizard|69/100|[from] item: Leftovers
|-heal|p2a: Tyranitar|16/100|[from] item: Leftovers
|upkeep
|turn|38
|
|t:|1729797566
|move|p1a: Charizard|Flamethrower|p2a: Tyranitar
|-resisted|p2a: Tyranitar
|-damage|p2a: Tyranitar|0 fnt
|faint|p2a: Tyranitar
|
|win|Usbreon

</script>
<script type="application/json" class="data" id="replaydata-smogtours-gen3ou-801603">
{"id":"smogtours-gen3ou-801603","format":"[Gen 3] OU","players":["Usbreon","GoldThe1andOnly"],"uploadtime":1729797566,"views":71,"formatid":"gen3ou","rating":null,"private":0,"password":null}
</script>

<script defer src="js/replays.js?9d40a366"></script>
