<!DOCTYPE html>
<meta charset="utf-8" />
<meta name="viewport" content="width=device-width" />

<title>[Gen 3] OU: RoomTemperatureIVs vs. Precure Moonlight - Replays - Pok&eacute;mon Showdown!</title>

<meta name="description" content="Watch a replay of a Pok&eacute;mon battle between RoomTemperatureIVs and Precure Moonlight! Format: [Gen 3] OU; Date: Oct 10, 2024" />
<!--

Hey, you! Looking in the source for the replay log?

You can find them in JSON format, just add `.json` at the end of a replay URL.

https://replay.pokemonshowdown.com/gen7randomdoublesbattle-865046831.json

Or, if you only need the log itself, add `.log` instead:

https://replay.pokemonshowdown.com/gen7randomdoublesbattle-865046831.log

-->

<link rel="stylesheet" href="//pokemonshowdown.com/style/global.css?0.023195364461161105" />
<link rel="stylesheet" href="//play.pokemonshowdown.com/style/font-awesome.css?0.13261647063804238" />
<link rel="stylesheet" href="//play.pokemonshowdown.com/style/battle.css?0.8753245789963631" />
<link rel="stylesheet" href="//play.pokemonshowdown.com/style/utilichart.css?0.8627959624976733" />

<!-- Global site tag (gtag.js) - Google Analytics -->
<script async src="https://www.googletagmanager.com/gtag/js?id=UA-26211653-1"></script>
<script>
  window.dataLayer = window.dataLayer || [];
  function gtag(){dataLayer.push(arguments);}
  gtag('js', new Date());

  gtag('config', 'UA-26211653-1');
</script>
<!-- End Google Analytics -->
<!-- Venatus Ad Manager - Install in <HEAD> of page -->
	<script src="https://hb.vntsm.com/v3/live/ad-manager.min.js" type="text/javascript" data-site-id="642aba63ec9a7b11c3c9c1be" data-mode="scan" async></script>
<!-- / Venatus Ad Manager -->

<style>
	@media (max-width:820px) {
		.battle {
			margin: 0 auto;
		}
		.battle-log {
			margin: 7px auto 0;
			max-width: 640px;
			height: 300px;
			position: static;
		}
	}
	.optgroup {
		display: inline-block;
		line-height: 22px;
		font-size: 10pt;
	}
	.optgroup .button {
		height: 25px;
		padding-top: 0;
		padding-bottom: 0;
	}
	.optgroup button.button {
		padding-left: 12px;
		padding-right: 12px;
	}
	.linklist {
		list-style: none;
		margin: 0.5em 0;
		padding: 0;
	}
	.linklist li {
		padding: 2px 0;
	}
	.sidebar {
		float: left;
		width: 320px;
	}
	.bar-wrapper {
		max-width: 1100px;
		margin: 0 auto;
	}
	.bar-wrapper.has-sidebar {
		max-width: 1430px;
	}
	.mainbar {
		margin: 0;
		padding-right: 1px;
	}
	.mainbar.has-sidebar {
		margin-left: 330px;
	}
	@media (min-width: 1511px) {
		.sidebar {
			width: 400px;
		}
		.bar-wrapper.has-sidebar {
			max-width: 1510px;
		}
		.mainbar.has-sidebar {
			margin-left: 410px;
		}
	}
	.section.first-section {
		margin-top: 9px;
	}
	.blocklink small {
		white-space: normal;
	}
	.button {
		vertical-align: middle;
	}
	.replay-controls {
		padding-top: 10px;
	}
	.replay-controls h1 {
		font-size: 16pt;
		font-weight: normal;
		color: #CCC;
	}
	.pagelink {
		text-align: center;
	}
	.pagelink a {
		width: 150px;
	}
	.textbox, .button {
		font-size: 11pt;
		vertical-align: middle;
	}
	@media (max-width: 450px) {
		.button {
			font-size: 9pt;
		}
	}
</style>

<div>

	<header>
		<div class="nav-wrapper"><ul class="nav">
			<li><a class="button nav-first" href="//pokemonshowdown.com/"><img src="//pokemonshowdown.com/images/pokemonshowdownbeta.png" srcset="//pokemonshowdown.com/images/pokemonshowdownbeta.png 1x, //pokemonshowdown.com/images/pokemonshowdownbeta@2x.png 2x" alt="Pok&eacute;mon Showdown" width="146" height="44" /> Home</a></li>
			<li><a class="button" href="//pokemonshowdown.com/dex/">Pok&eacute;dex</a></li>
			<li><a class="button cur" href="/">Replays</a></li>
			<li><a class="button" href="//pokemonshowdown.com/ladder/">Ladder</a></li>
			<li><a class="button nav-last" href="//pokemonshowdown.com/forums/">Forum</a></li>
			<li><a class="button greenbutton nav-first nav-last" href="//play.pokemonshowdown.com/">Play</a></li>
		</ul></div>
	</header>

	<div class="main" id="main">

		<noscript><section class="section">You need to enable JavaScript to use this page; sorry!</section></noscript>

	</div>

</div>

<script defer nomodule src="//play.pokemonshowdown.com/js/lib/ps-polyfill.js"></script>
<script defer src="//play.pokemonshowdown.com/js/lib/preact.min.js"></script>

<script defer src="//play.pokemonshowdown.com/config/config.js?2bddbc15"></script>
<script defer src="//play.pokemonshowdown.com/js/lib/jquery-1.11.0.min.js"></script>
<script defer src="//play.pokemonshowdown.com/js/lib/html-sanitizer-minified.js"></script>
<script defer src="//play.pokemonshowdown.com/js/battle-sound.js"></script>
<script defer src="//play.pokemonshowdown.com/js/battledata.js?0.7209276989879541"></script>
<script defer src="//play.pokemonshowdown.com/data/pokedex-mini.js?0.6111056340867951"></script>
<script defer src="//play.pokemonshowdown.com/data/pokedex-mini-bw.js?0.3532142036491459"></script>
<script defer src="//play.pokemonshowdown.com/data/graphics.js?0.24223875632456182"></script>
<script defer src="//play.pokemonshowdown.com/data/pokedex.js?0.38839984266356864"></script>
<script defer src="//play.pokemonshowdown.com/data/moves.js?0.21866028504024015"></script>
<script defer src="//play.pokemonshowdown.com/data/abilities.js?0.2005157953846628"></script>
<script defer src="//play.pokemonshowdown.com/data/items.js?0.9894211263848525"></script>
<script defer src="//play.pokemonshowdown.com/data/teambuilder-tables.js?0.6008791140282215"></script>
<script defer src="//play.pokemonshowdown.com/js/battle-tooltips.js?0.7580118955022959"></script>
<script defer src="//play.pokemonshowdown.com/js/battle.js?0.6057722274234274"></script>

<script defer src="js/utils.js?e31f9a17"></script>
<script defer src="js/replays-battle.js?7008c182"></script>

<!-- don't scrape this data! just add .json or .log after the URL!
Full API docs: https://github.com/smogon/pokemon-showdown-client/blob/master/WEB-API.md -->
<script type="text/plain" class="log" id="replaylog-smogtours-gen3ou-796884">
|inactive|Battle timer is ON: inactive players will automatically lose when time's up.
|t:|1728568618
|gametype|singles
|player|p1|RoomTemperatureIVs|scientistf|
|player|p2|Precure Moonlight|miku-ground|
|teamsize|p1|6
|teamsize|p2|6
|gen|3
|tier|[Gen 3] OU
|rule|Sleep Clause Mod: Limit one foe put to sleep
|rule|Switch Priority Clause Mod: Faster Pokémon switch first
|rule|Species Clause: Limit one of each Pokémon
|rule|OHKO Clause: OHKO moves are banned
|rule|Evasion Items Clause: Evasion items are banned
|rule|Evasion Moves Clause: Evasion moves are banned
|rule|Endless Battle Clause: Forcing endless battles is banned
|rule|HP Percentage Mod: HP is shown in percentages
|rule|One Boost Passer Clause: Limit one Baton Passer that has a way to boost its stats
|rule|Freeze Clause Mod: Limit one foe frozen
|
|t:|1728568618
|start
|switch|p1a: Tyranitar|Tyranitar, F|100/100
|switch|p2a: Sweetheart|Tyranitar, F|100/100
|-weather|Sandstorm|[from] ability: Sand Stream|[of] p2a: Sweetheart
|turn|1
|
|t:|1728568632
|switch|p2a: Caw Caw|Skarmory, F|100/100
|move|p1a: Tyranitar|Earthquake|p2a: Caw Caw
|-immune|p2a: Caw Caw
|
|-weather|Sandstorm|[upkeep]
|upkeep
|turn|2
|
|t:|1728568658
|switch|p1a: Blissey|Blissey, F|100/100
|move|p2a: Caw Caw|Spikes|p1a: Blissey
|-sidestart|p1: RoomTemperatureIVs|Spikes
|
|-weather|Sandstorm|[upkeep]
|-damage|p1a: Blissey|94/100|[from] Sandstorm
|-heal|p1a: Blissey|100/100|[from] item: Leftovers
|upkeep
|turn|3
|inactive|Precure Moonlight has 270 seconds left.
|
|t:|1728568697
|move|p2a: Caw Caw|Taunt|p1a: Blissey
|-start|p1a: Blissey|move: Taunt
|cant|p1a: Blissey|move: Taunt|Thunder Wave
|
|-weather|Sandstorm|[upkeep]
|-damage|p1a: Blissey|94/100|[from] Sandstorm
|-heal|p1a: Blissey|100/100|[from] item: Leftovers
|upkeep
|turn|4
|inactive|Precure Moonlight has 270 seconds left.
|
|t:|1728568705
|move|p2a: Caw Caw|Spikes|p1a: Blissey
|-sidestart|p1: RoomTemperatureIVs|Spikes
|move|p1a: Blissey|Fire Blast|p2a: Caw Caw
|-supereffective|p2a: Caw Caw
|-damage|p2a: Caw Caw|36/100
|
|-weather|Sandstorm|[upkeep]
|-damage|p1a: Blissey|94/100|[from] Sandstorm
|-heal|p2a: Caw Caw|42/100|[from] item: Leftovers
|-heal|p1a: Blissey|100/100|[from] item: Leftovers
|-end|p1a: Blissey|move: Taunt|[silent]
|upkeep
|turn|5
|inactive|Precure Moonlight has 270 seconds left.
|
|t:|1728568719
|switch|p2a: That Guy|Swampert, M|100/100
|move|p1a: Blissey|Fire Blast|p2a: That Guy
|-resisted|p2a: That Guy
|-damage|p2a: That Guy|86/100
|
|-weather|Sandstorm|[upkeep]
|-damage|p1a: Blissey|94/100|[from] Sandstorm
|-heal|p2a: That Guy|92/100|[from] item: Leftovers
|-heal|p1a: Blissey|100/100|[from] item: Leftovers
|upkeep
|turn|6
|inactive|Precure Moonlight has 270 seconds left.
|
|t:|1728568740
|switch|p2a: Sweetheart|Tyranitar, F|100/100
|switch|p1a: Celebi|Celebi|100/100
|-damage|p1a: Celebi|84/100|[from] Spikes
|
|-weather|Sandstorm|[upkeep]
|-damage|p1a: Celebi|78/100|[from] Sandstorm
|-heal|p1a: Celebi|84/100|[from] item: Leftovers
|upkeep
|turn|7
|
|t:|1728568756
|switch|p2a: Caw Caw|Skarmory, F|42/100
|move|p1a: Celebi|Baton Pass|p1a: Celebi
|
|t:|1728568764
|switch|p1a: Tyranitar|Tyranitar, F|100/100|[from] Baton Pass
|-damage|p1a: Tyranitar|84/100|[from] Spikes
|
|-weather|Sandstorm|[upkeep]
|-heal|p2a: Caw Caw|48/100|[from] item: Leftovers
|upkeep
|turn|8
|
|t:|1728568786
|-singleturn|p1a: Tyranitar|move: Focus Punch
|switch|p2a: ;D|Gengar, F|100/100
|move|p1a: Tyranitar|Focus Punch|p2a: ;D
|-immune|p2a: ;D
|
|-weather|Sandstorm|[upkeep]
|-damage|p2a: ;D|94/100|[from] Sandstorm
|-heal|p2a: ;D|100/100|[from] item: Leftovers
|upkeep
|turn|9
|
|t:|1728568800
|switch|p1a: Celebi|Celebi|84/100
|-damage|p1a: Celebi|67/100|[from] Spikes
|move|p2a: ;D|Will-O-Wisp|p1a: Celebi
|-status|p1a: Celebi|brn
|
|-weather|Sandstorm|[upkeep]
|-damage|p2a: ;D|94/100|[from] Sandstorm
|-damage|p1a: Celebi|61/100 brn|[from] Sandstorm
|-heal|p2a: ;D|100/100|[from] item: Leftovers
|-heal|p1a: Celebi|67/100 brn|[from] item: Leftovers
|-damage|p1a: Celebi|55/100 brn|[from] brn
|upkeep
|turn|10
|
|t:|1728568812
|move|p2a: ;D|Taunt|p1a: Celebi
|-start|p1a: Celebi|move: Taunt
|cant|p1a: Celebi|move: Taunt|Recover
|
|-weather|Sandstorm|[upkeep]
|-damage|p2a: ;D|94/100|[from] Sandstorm
|-damage|p1a: Celebi|49/100 brn|[from] Sandstorm
|-heal|p2a: ;D|100/100|[from] item: Leftovers
|-heal|p1a: Celebi|55/100 brn|[from] item: Leftovers
|-damage|p1a: Celebi|43/100 brn|[from] brn
|upkeep
|turn|11
|inactive|Precure Moonlight has 240 seconds left.
|
|t:|1728568851
|-curestatus|p1a: Celebi|brn|[from] ability: Natural Cure
|switch|p1a: Blissey|Blissey, F|100/100
|-damage|p1a: Blissey|84/100|[from] Spikes
|move|p2a: ;D|Ice Punch|p1a: Blissey
|-damage|p1a: Blissey|76/100
|
|-weather|Sandstorm|[upkeep]
|-damage|p2a: ;D|94/100|[from] Sandstorm
|-damage|p1a: Blissey|70/100|[from] Sandstorm
|-heal|p2a: ;D|100/100|[from] item: Leftovers
|-heal|p1a: Blissey|76/100|[from] item: Leftovers
|upkeep
|turn|12
|inactive|RoomTemperatureIVs has 270 seconds left.
|inactive|Precure Moonlight has 210 seconds left.
|inactive|RoomTemperatureIVs has 240 seconds left.
|
|t:|1728568914
|switch|p1a: Aerodactyl|Aerodactyl, F|100/100
|move|p2a: ;D|Taunt|p1a: Aerodactyl
|-start|p1a: Aerodactyl|move: Taunt
|
|-weather|Sandstorm|[upkeep]
|-damage|p2a: ;D|94/100|[from] Sandstorm
|-heal|p2a: ;D|100/100|[from] item: Leftovers
|upkeep
|turn|13
|inactive|Precure Moonlight has 210 seconds left.
|
|t:|1728568936
|switch|p2a: That Guy|Swampert, M|92/100
|move|p1a: Aerodactyl|Rock Slide|p2a: That Guy
|-resisted|p2a: That Guy
|-damage|p2a: That Guy|80/100
|
|-weather|Sandstorm|[upkeep]
|-end|p1a: Aerodactyl|move: Taunt|[silent]
|-heal|p2a: That Guy|87/100|[from] item: Leftovers
|upkeep
|turn|14
|inactive|Precure Moonlight has 210 seconds left.
|inactive|RoomTemperatureIVs has 210 seconds left.
|
|t:|1728568961
|switch|p1a: Metagross|Metagross|100/100
|-damage|p1a: Metagross|84/100|[from] Spikes
|move|p2a: That Guy|Ice Beam|p1a: Metagross
|-resisted|p1a: Metagross
|-damage|p1a: Metagross|73/100
|
|-weather|Sandstorm|[upkeep]
|-heal|p2a: That Guy|93/100|[from] item: Leftovers
|upkeep
|turn|15
|inactive|RoomTemperatureIVs has 210 seconds left.
|inactive|Precure Moonlight has 210 seconds left.
|
|t:|1728568986
|switch|p2a: Caw Caw|Skarmory, F|48/100
|move|p1a: Metagross|Agility|p1a: Metagross
|-boost|p1a: Metagross|spe|2
|
|-weather|Sandstorm|[upkeep]
|-heal|p2a: Caw Caw|53/100|[from] item: Leftovers
|upkeep
|turn|16
|
|t:|1728569007
|move|p1a: Metagross|Rock Slide|p2a: Caw Caw|[miss]
|-miss|p1a: Metagross|p2a: Caw Caw
|move|p2a: Caw Caw|Spikes|p1a: Metagross
|-sidestart|p1: RoomTemperatureIVs|Spikes
|
|-weather|Sandstorm|[upkeep]
|-heal|p2a: Caw Caw|59/100|[from] item: Leftovers
|upkeep
|turn|17
|
|t:|1728569021
|move|p1a: Metagross|Explosion|p2a: Caw Caw
|-resisted|p2a: Caw Caw
|-damage|p2a: Caw Caw|0 fnt
|faint|p1a: Metagross
|faint|p2a: Caw Caw
|inactive|Precure Moonlight has 180 seconds left.
|
|t:|1728569045
|switch|p1a: Celebi|Celebi|43/100
|switch|p2a: ;D|Gengar, F|100/100
|-damage|p1a: Celebi|18/100|[from] Spikes
|
|-weather|Sandstorm|[upkeep]
|-damage|p2a: ;D|94/100|[from] Sandstorm
|-damage|p1a: Celebi|11/100|[from] Sandstorm
|-heal|p2a: ;D|100/100|[from] item: Leftovers
|-heal|p1a: Celebi|18/100|[from] item: Leftovers
|upkeep
|turn|18
|
|t:|1728569055
|move|p2a: ;D|Ice Punch|p1a: Celebi
|-supereffective|p1a: Celebi
|-damage|p1a: Celebi|0 fnt
|faint|p1a: Celebi
|inactive|RoomTemperatureIVs has 180 seconds left.
|
|t:|1728569111
|switch|p1a: Blissey|Blissey, F|76/100
|-damage|p1a: Blissey|51/100|[from] Spikes
|
|-weather|Sandstorm|[upkeep]
|-damage|p2a: ;D|94/100|[from] Sandstorm
|-damage|p1a: Blissey|45/100|[from] Sandstorm
|-heal|p2a: ;D|100/100|[from] item: Leftovers
|-heal|p1a: Blissey|51/100|[from] item: Leftovers
|upkeep
|turn|19
|
|t:|1728569121
|move|p2a: ;D|Taunt|p1a: Blissey
|-start|p1a: Blissey|move: Taunt
|cant|p1a: Blissey|move: Taunt|Soft-Boiled
|
|-weather|Sandstorm|[upkeep]
|-damage|p2a: ;D|94/100|[from] Sandstorm
|-damage|p1a: Blissey|45/100|[from] Sandstorm
|-heal|p2a: ;D|100/100|[from] item: Leftovers
|-heal|p1a: Blissey|51/100|[from] item: Leftovers
|upkeep
|turn|20
|
|t:|1728569139
|switch|p2a: Sweetheart|Tyranitar, F|100/100
|move|p1a: Blissey|Ice Beam|p2a: Sweetheart
|-damage|p2a: Sweetheart|78/100
|
|-weather|Sandstorm|[upkeep]
|-damage|p1a: Blissey|45/100|[from] Sandstorm
|-heal|p2a: Sweetheart|84/100|[from] item: Leftovers
|-heal|p1a: Blissey|51/100|[from] item: Leftovers
|-end|p1a: Blissey|move: Taunt|[silent]
|upkeep
|turn|21
|inactive|RoomTemperatureIVs has 150 seconds left.
|
|t:|1728569178
|-singleturn|p2a: Sweetheart|move: Focus Punch
|move|p1a: Blissey|Thunder Wave|p2a: Sweetheart
|-status|p2a: Sweetheart|par
|move|p2a: Sweetheart|Focus Punch|p1a: Blissey
|-supereffective|p1a: Blissey
|-damage|p1a: Blissey|0 fnt
|faint|p1a: Blissey
|
|t:|1728569192
|switch|p1a: Tyranitar|Tyranitar, F|84/100
|-damage|p1a: Tyranitar|59/100|[from] Spikes
|
|-weather|Sandstorm|[upkeep]
|-heal|p2a: Sweetheart|90/100 par|[from] item: Leftovers
|upkeep
|turn|22
|inactive|Precure Moonlight has 210 seconds left.
|inactive|Precure Moonlight has 180 seconds left.
|
|t:|1728569231
|-singleturn|p1a: Tyranitar|move: Focus Punch
|move|p2a: Sweetheart|Earthquake|p1a: Tyranitar
|-supereffective|p1a: Tyranitar
|-damage|p1a: Tyranitar|0 fnt
|faint|p1a: Tyranitar
|
|t:|1728569243
|switch|p1a: Swampert|Swampert, M|100/100
|-damage|p1a: Swampert|75/100|[from] Spikes
|
|-weather|Sandstorm|[upkeep]
|-heal|p1a: Swampert|82/100|[from] item: Leftovers
|-heal|p2a: Sweetheart|97/100 par|[from] item: Leftovers
|upkeep
|turn|23
|
|t:|1728569253
|switch|p2a: Toxic Yuri|Blissey, F|100/100
|move|p1a: Swampert|Hydro Pump|p2a: Toxic Yuri
|-damage|p2a: Toxic Yuri|85/100
|
|-weather|Sandstorm|[upkeep]
|-damage|p2a: Toxic Yuri|78/100|[from] Sandstorm
|-heal|p2a: Toxic Yuri|85/100|[from] item: Leftovers
|-heal|p1a: Swampert|88/100|[from] item: Leftovers
|upkeep
|turn|24
|
|t:|1728569262
|move|p2a: Toxic Yuri|Toxic|p1a: Swampert|[miss]
|-miss|p2a: Toxic Yuri|p1a: Swampert
|move|p1a: Swampert|Earthquake|p2a: Toxic Yuri
|-damage|p2a: Toxic Yuri|48/100
|
|-weather|Sandstorm|[upkeep]
|-damage|p2a: Toxic Yuri|42/100|[from] Sandstorm
|-heal|p2a: Toxic Yuri|48/100|[from] item: Leftovers
|-heal|p1a: Swampert|94/100|[from] item: Leftovers
|upkeep
|turn|25
|
|t:|1728569272
|move|p2a: Toxic Yuri|Soft-Boiled|p2a: Toxic Yuri
|-heal|p2a: Toxic Yuri|98/100
|move|p1a: Swampert|Earthquake|p2a: Toxic Yuri
|-crit|p2a: Toxic Yuri
|-damage|p2a: Toxic Yuri|26/100
|
|-weather|Sandstorm|[upkeep]
|-damage|p2a: Toxic Yuri|20/100|[from] Sandstorm
|-heal|p2a: Toxic Yuri|26/100|[from] item: Leftovers
|-heal|p1a: Swampert|99/100|[from] item: Leftovers
|upkeep
|turn|26
|
|t:|1728569282
|move|p2a: Toxic Yuri|Soft-Boiled|p2a: Toxic Yuri
|-heal|p2a: Toxic Yuri|76/100
|move|p1a: Swampert|Earthquake|p2a: Toxic Yuri
|-damage|p2a: Toxic Yuri|43/100
|
|-weather|Sandstorm|[upkeep]
|-damage|p2a: Toxic Yuri|37/100|[from] Sandstorm
|-heal|p2a: Toxic Yuri|43/100|[from] item: Leftovers
|-heal|p1a: Swampert|100/100|[from] item: Leftovers
|upkeep
|turn|27
|
|t:|1728569292
|move|p2a: Toxic Yuri|Soft-Boiled|p2a: Toxic Yuri
|-heal|p2a: Toxic Yuri|93/100
|move|p1a: Swampert|Earthquake|p2a: Toxic Yuri
|-damage|p2a: Toxic Yuri|56/100
|
|-weather|Sandstorm|[upkeep]
|-damage|p2a: Toxic Yuri|50/100|[from] Sandstorm
|-heal|p2a: Toxic Yuri|56/100|[from] item: Leftovers
|upkeep
|turn|28
|
|t:|1728569299
|move|p2a: Toxic Yuri|Toxic|p1a: Swampert|[miss]
|-miss|p2a: Toxic Yuri|p1a: Swampert
|move|p1a: Swampert|Earthquake|p2a: Toxic Yuri
|-damage|p2a: Toxic Yuri|21/100
|
|-weather|Sandstorm|[upkeep]
|-damage|p2a: Toxic Yuri|15/100|[from] Sandstorm
|-heal|p2a: Toxic Yuri|21/100|[from] item: Leftovers
|upkeep
|turn|29
|inactive|Precure Moonlight has 210 seconds left.
|
|t:|1728569308
|move|p2a: Toxic Yuri|Soft-Boiled|p2a: Toxic Yuri
|-heal|p2a: Toxic Yuri|71/100
|move|p1a: Swampert|Earthquake|p2a: Toxic Yuri
|-damage|p2a: Toxic Yuri|38/100
|
|-weather|Sandstorm|[upkeep]
|-damage|p2a: Toxic Yuri|32/100|[from] Sandstorm
|-heal|p2a: Toxic Yuri|38/100|[from] item: Leftovers
|upkeep
|turn|30
|
|t:|1728569317
|move|p2a: Toxic Yuri|Soft-Boiled|p2a: Toxic Yuri
|-heal|p2a: Toxic Yuri|88/100
|move|p1a: Swampert|Earthquake|p2a: Toxic Yuri
|-damage|p2a: Toxic Yuri|54/100
|
|-weather|Sandstorm|[upkeep]
|-damage|p2a: Toxic Yuri|48/100|[from] Sandstorm
|-heal|p2a: Toxic Yuri|54/100|[from] item: Leftovers
|upkeep
|turn|31
|
|t:|1728569325
|move|p2a: Toxic Yuri|Toxic|p1a: Swampert
|-status|p1a: Swampert|tox
|move|p1a: Swampert|Earthquake|p2a: Toxic Yuri
|-damage|p2a: Toxic Yuri|20/100
|
|-weather|Sandstorm|[upkeep]
|-damage|p2a: Toxic Yuri|14/100|[from] Sandstorm
|-heal|p2a: Toxic Yuri|20/100|[from] item: Leftovers
|-damage|p1a: Swampert|94/100 tox|[from] psn
|upkeep
|turn|32
|
|t:|1728569335
|move|p2a: Toxic Yuri|Soft-Boiled|p2a: Toxic Yuri
|-heal|p2a: Toxic Yuri|70/100
|move|p1a: Swampert|Earthquake|p2a: Toxic Yuri
|-damage|p2a: Toxic Yuri|36/100
|
|-weather|Sandstorm|[upkeep]
|-damage|p2a: Toxic Yuri|29/100|[from] Sandstorm
|-heal|p2a: Toxic Yuri|36/100|[from] item: Leftovers
|-heal|p1a: Swampert|100/100 tox|[from] item: Leftovers
|-damage|p1a: Swampert|88/100 tox|[from] psn
|upkeep
|turn|33
|inactive|RoomTemperatureIVs has 240 seconds left.
|
|t:|1728569352
|move|p2a: Toxic Yuri|Soft-Boiled|p2a: Toxic Yuri
|-heal|p2a: Toxic Yuri|85/100
|move|p1a: Swampert|Earthquake|p2a: Toxic Yuri
|-damage|p2a: Toxic Yuri|49/100
|
|-weather|Sandstorm|[upkeep]
|-damage|p2a: Toxic Yuri|42/100|[from] Sandstorm
|-heal|p2a: Toxic Yuri|49/100|[from] item: Leftovers
|-heal|p1a: Swampert|94/100 tox|[from] item: Leftovers
|-damage|p1a: Swampert|76/100 tox|[from] psn
|upkeep
|turn|34
|
|t:|1728569363
|move|p2a: Toxic Yuri|Soft-Boiled|p2a: Toxic Yuri
|-heal|p2a: Toxic Yuri|99/100
|move|p1a: Swampert|Earthquake|p2a: Toxic Yuri
|-damage|p2a: Toxic Yuri|64/100
|
|-weather|Sandstorm|[upkeep]
|-damage|p2a: Toxic Yuri|57/100|[from] Sandstorm
|-heal|p2a: Toxic Yuri|64/100|[from] item: Leftovers
|-heal|p1a: Swampert|82/100 tox|[from] item: Leftovers
|-damage|p1a: Swampert|57/100 tox|[from] psn
|upkeep
|turn|35
|
|t:|1728569375
|move|p2a: Toxic Yuri|Soft-Boiled|p2a: Toxic Yuri
|-heal|p2a: Toxic Yuri|100/100
|move|p1a: Swampert|Earthquake|p2a: Toxic Yuri
|-damage|p2a: Toxic Yuri|63/100
|
|-weather|Sandstorm|[upkeep]
|-damage|p2a: Toxic Yuri|57/100|[from] Sandstorm
|-heal|p2a: Toxic Yuri|63/100|[from] item: Leftovers
|-heal|p1a: Swampert|63/100 tox|[from] item: Leftovers
|-damage|p1a: Swampert|32/100 tox|[from] psn
|upkeep
|turn|36
|
|t:|1728569389
|move|p2a: Toxic Yuri|Soft-Boiled|p2a: Toxic Yuri
|-heal|p2a: Toxic Yuri|100/100
|move|p1a: Swampert|Earthquake|p2a: Toxic Yuri
|-damage|p2a: Toxic Yuri|64/100
|
|-weather|Sandstorm|[upkeep]
|-damage|p2a: Toxic Yuri|57/100|[from] Sandstorm
|-heal|p2a: Toxic Yuri|64/100|[from] item: Leftovers
|-heal|p1a: Swampert|39/100 tox|[from] item: Leftovers
|-damage|p1a: Swampert|1/100 tox|[from] psn
|upkeep
|turn|37
|
|t:|1728569400
|move|p2a: Toxic Yuri|Seismic Toss|p1a: Swampert
|-damage|p1a: Swampert|0 fnt
|faint|p1a: Swampert
|
|t:|1728569402
|switch|p1a: Aerodactyl|Aerodactyl, F|100/100
|
|-weather|Sandstorm|[upkeep]
|-damage|p2a: Toxic Yuri|57/100|[from] Sandstorm
|-heal|p2a: Toxic Yuri|64/100|[from] item: Leftovers
|upkeep
|turn|38
|
|t:|1728569415
|move|p1a: Aerodactyl|Substitute|p1a: Aerodactyl
|-start|p1a: Aerodactyl|Substitute
|-damage|p1a: Aerodactyl|75/100
|move|p2a: Toxic Yuri|Toxic||[still]
|-fail|p2a: Toxic Yuri
|
|-weather|Sandstorm|[upkeep]
|-damage|p2a: Toxic Yuri|57/100|[from] Sandstorm
|-heal|p2a: Toxic Yuri|64/100|[from] item: Leftovers
|upkeep
|turn|39
|
|t:|1728569439
|move|p1a: Aerodactyl|Rock Slide|p2a: Toxic Yuri
|-damage|p2a: Toxic Yuri|33/100
|move|p2a: Toxic Yuri|Soft-Boiled|p2a: Toxic Yuri
|-heal|p2a: Toxic Yuri|83/100
|
|-weather|Sandstorm|[upkeep]
|-damage|p2a: Toxic Yuri|76/100|[from] Sandstorm
|-heal|p2a: Toxic Yuri|83/100|[from] item: Leftovers
|upkeep
|turn|40
|
|t:|1728569449
|move|p1a: Aerodactyl|Double-Edge|p2a: Toxic Yuri
|-damage|p2a: Toxic Yuri|46/100
|move|p2a: Toxic Yuri|Seismic Toss|p1a: Aerodactyl
|-end|p1a: Aerodactyl|Substitute
|
|-weather|Sandstorm|[upkeep]
|-damage|p2a: Toxic Yuri|40/100|[from] Sandstorm
|-heal|p2a: Toxic Yuri|46/100|[from] item: Leftovers
|upkeep
|turn|41
|
|t:|1728569458
|move|p1a: Aerodactyl|Substitute|p1a: Aerodactyl
|-start|p1a: Aerodactyl|Substitute
|-damage|p1a: Aerodactyl|50/100
|move|p2a: Toxic Yuri|Seismic Toss|p1a: Aerodactyl
|-end|p1a: Aerodactyl|Substitute
|
|-weather|Sandstorm|[upkeep]
|-damage|p2a: Toxic Yuri|40/100|[from] Sandstorm
|-heal|p2a: Toxic Yuri|46/100|[from] item: Leftovers
|upkeep
|turn|42
|
|t:|1728569466
|move|p1a: Aerodactyl|Substitute|p1a: Aerodactyl
|-start|p1a: Aerodactyl|Substitute
|-damage|p1a: Aerodactyl|25/100
|move|p2a: Toxic Yuri|Seismic Toss|p1a: Aerodactyl
|-end|p1a: Aerodactyl|Substitute
|
|-weather|Sandstorm|[upkeep]
|-damage|p2a: Toxic Yuri|40/100|[from] Sandstorm
|-enditem|p1a: Aerodactyl|Liechi Berry|[eat]
|-boost|p1a: Aerodactyl|atk|1|[from] item: Liechi Berry
|-heal|p2a: Toxic Yuri|46/100|[from] item: Leftovers
|upkeep
|turn|43
|inactive|Precure Moonlight has 240 seconds left.
|
|t:|1728569477
|move|p1a: Aerodactyl|Double-Edge|p2a: Toxic Yuri
|-damage|p2a: Toxic Yuri|0 fnt
|faint|p2a: Toxic Yuri
|
|t:|1728569482
|switch|p2a: That Guy|Swampert, M|93/100
|
|-weather|Sandstorm|[upkeep]
|-heal|p2a: That Guy|99/100|[from] item: Leftovers
|upkeep
|turn|44
|
|t:|1728569487
|move|p1a: Aerodactyl|Double-Edge|p2a: That Guy
|-damage|p2a: That Guy|60/100
|move|p2a: That Guy|Ice Beam|p1a: Aerodactyl
|-supereffective|p1a: Aerodactyl
|-damage|p1a: Aerodactyl|0 fnt
|faint|p1a: Aerodactyl
|
|win|Precure Moonlight
|c|☆RoomTemperatureIVs|ggs
|c|☆Precure Moonlight|ggs
|player|p1|

</script>
<script type="application/json" class="data" id="replaydata-smogtours-gen3ou-796884">
{"id":"smogtours-gen3ou-796884","format":"[Gen 3] OU","players":["RoomTemperatureIVs","Precure Moonlight"],"uploadtime":1728569487,"views":100,"formatid":"gen3ou","rating":null,"private":0,"password":null}
</script>

<script defer src="js/replays.js?9d40a366"></script>
