<!DOCTYPE html>
<meta charset="utf-8" />
<meta name="viewport" content="width=device-width" />

<title>[Gen 3] OU: BluesEnergy00 vs. JakeConway - Replays - Pok&eacute;mon Showdown!</title>

<meta name="description" content="Watch a replay of a Pok&eacute;mon battle between BluesEnergy00 and JakeConway! Format: [Gen 3] OU; Date: Oct 5, 2024" />
<!--

Hey, you! Looking in the source for the replay log?

You can find them in JSON format, just add `.json` at the end of a replay URL.

https://replay.pokemonshowdown.com/gen7randomdoublesbattle-865046831.json

Or, if you only need the log itself, add `.log` instead:

https://replay.pokemonshowdown.com/gen7randomdoublesbattle-865046831.log

-->

<link rel="stylesheet" href="//pokemonshowdown.com/style/global.css?0.023195364461161105" />
<link rel="stylesheet" href="//play.pokemonshowdown.com/style/font-awesome.css?0.13261647063804238" />
<link rel="stylesheet" href="//play.pokemonshowdown.com/style/battle.css?0.8753245789963631" />
<link rel="stylesheet" href="//play.pokemonshowdown.com/style/utilichart.css?0.8627959624976733" />

<!-- Global site tag (gtag.js) - Google Analytics -->
<script async src="https://www.googletagmanager.com/gtag/js?id=UA-26211653-1"></script>
<script>
  window.dataLayer = window.dataLayer || [];
  function gtag(){dataLayer.push(arguments);}
  gtag('js', new Date());

  gtag('config', 'UA-26211653-1');
</script>
<!-- End Google Analytics -->
<!-- Venatus Ad Manager - Install in <HEAD> of page -->
	<script src="https://hb.vntsm.com/v3/live/ad-manager.min.js" type="text/javascript" data-site-id="642aba63ec9a7b11c3c9c1be" data-mode="scan" async></script>
<!-- / Venatus Ad Manager -->

<style>
	@media (max-width:820px) {
		.battle {
			margin: 0 auto;
		}
		.battle-log {
			margin: 7px auto 0;
			max-width: 640px;
			height: 300px;
			position: static;
		}
	}
	.optgroup {
		display: inline-block;
		line-height: 22px;
		font-size: 10pt;
	}
	.optgroup .button {
		height: 25px;
		padding-top: 0;
		padding-bottom: 0;
	}
	.optgroup button.button {
		padding-left: 12px;
		padding-right: 12px;
	}
	.linklist {
		list-style: none;
		margin: 0.5em 0;
		padding: 0;
	}
	.linklist li {
		padding: 2px 0;
	}
	.sidebar {
		float: left;
		width: 320px;
	}
	.bar-wrapper {
		max-width: 1100px;
		margin: 0 auto;
	}
	.bar-wrapper.has-sidebar {
		max-width: 1430px;
	}
	.mainbar {
		margin: 0;
		padding-right: 1px;
	}
	.mainbar.has-sidebar {
		margin-left: 330px;
	}
	@media (min-width: 1511px) {
		.sidebar {
			width: 400px;
		}
		.bar-wrapper.has-sidebar {
			max-width: 1510px;
		}
		.mainbar.has-sidebar {
			margin-left: 410px;
		}
	}
	.section.first-section {
		margin-top: 9px;
	}
	.blocklink small {
		white-space: normal;
	}
	.button {
		vertical-align: middle;
	}
	.replay-controls {
		padding-top: 10px;
	}
	.replay-controls h1 {
		font-size: 16pt;
		font-weight: normal;
		color: #CCC;
	}
	.pagelink {
		text-align: center;
	}
	.pagelink a {
		width: 150px;
	}
	.textbox, .button {
		font-size: 11pt;
		vertical-align: middle;
	}
	@media (max-width: 450px) {
		.button {
			font-size: 9pt;
		}
	}
</style>

<div>

	<header>
		<div class="nav-wrapper"><ul class="nav">
			<li><a class="button nav-first" href="//pokemonshowdown.com/"><img src="//pokemonshowdown.com/images/pokemonshowdownbeta.png" srcset="//pokemonshowdown.com/images/pokemonshowdownbeta.png 1x, //pokemonshowdown.com/images/pokemonshowdownbeta@2x.png 2x" alt="Pok&eacute;mon Showdown" width="146" height="44" /> Home</a></li>
			<li><a class="button" href="//pokemonshowdown.com/dex/">Pok&eacute;dex</a></li>
			<li><a class="button cur" href="/">Replays</a></li>
			<li><a class="button" href="//pokemonshowdown.com/ladder/">Ladder</a></li>
			<li><a class="button nav-last" href="//pokemonshowdown.com/forums/">Forum</a></li>
			<li><a class="button greenbutton nav-first nav-last" href="//play.pokemonshowdown.com/">Play</a></li>
		</ul></div>
	</header>

	<div class="main" id="main">

		<noscript><section class="section">You need to enable JavaScript to use this page; sorry!</section></noscript>

	</div>

</div>

<script defer nomodule src="//play.pokemonshowdown.com/js/lib/ps-polyfill.js"></script>
<script defer src="//play.pokemonshowdown.com/js/lib/preact.min.js"></script>

<script defer src="//play.pokemonshowdown.com/config/config.js?2bddbc15"></script>
<script defer src="//play.pokemonshowdown.com/js/lib/jquery-1.11.0.min.js"></script>
<script defer src="//play.pokemonshowdown.com/js/lib/html-sanitizer-minified.js"></script>
<script defer src="//play.pokemonshowdown.com/js/battle-sound.js"></script>
<script defer src="//play.pokemonshowdown.com/js/battledata.js?0.7209276989879541"></script>
<script defer src="//play.pokemonshowdown.com/data/pokedex-mini.js?0.6111056340867951"></script>
<script defer src="//play.pokemonshowdown.com/data/pokedex-mini-bw.js?0.3532142036491459"></script>
<script defer src="//play.pokemonshowdown.com/data/graphics.js?0.24223875632456182"></script>
<script defer src="//play.pokemonshowdown.com/data/pokedex.js?0.38839984266356864"></script>
<script defer src="//play.pokemonshowdown.com/data/moves.js?0.21866028504024015"></script>
<script defer src="//play.pokemonshowdown.com/data/abilities.js?0.2005157953846628"></script>
<script defer src="//play.pokemonshowdown.com/data/items.js?0.9894211263848525"></script>
<script defer src="//play.pokemonshowdown.com/data/teambuilder-tables.js?0.6008791140282215"></script>
<script defer src="//play.pokemonshowdown.com/js/battle-tooltips.js?0.7580118955022959"></script>
<script defer src="//play.pokemonshowdown.com/js/battle.js?0.6057722274234274"></script>

<script defer src="js/utils.js?e31f9a17"></script>
<script defer src="js/replays-battle.js?7008c182"></script>

<!-- don't scrape this data! just add .json or .log after the URL!
Full API docs: https://github.com/smogon/pokemon-showdown-client/blob/master/WEB-API.md -->
<script type="text/plain" class="log" id="replaylog-gen3ou-2216729131">
|j|☆BluesEnergy00
|j|☆JakeConway
|t:|1728165826
|gametype|singles
|player|p1|BluesEnergy00|red|
|player|p2|JakeConway|biker-gen1rb|
|teamsize|p1|6
|teamsize|p2|6
|gen|3
|tier|[Gen 3] OU
|rule|Sleep Clause Mod: Limit one foe put to sleep
|rule|Switch Priority Clause Mod: Faster Pokémon switch first
|rule|Species Clause: Limit one of each Pokémon
|rule|OHKO Clause: OHKO moves are banned
|rule|Evasion Items Clause: Evasion items are banned
|rule|Evasion Moves Clause: Evasion moves are banned
|rule|Endless Battle Clause: Forcing endless battles is banned
|rule|HP Percentage Mod: HP is shown in percentages
|rule|One Boost Passer Clause: Limit one Baton Passer that has a way to boost its stats
|rule|Freeze Clause Mod: Limit one foe frozen
|
|t:|1728165826
|start
|switch|p1a: Slaking|Slaking, F|100/100
|switch|p2a: Skarmory|Skarmory, F|100/100
|turn|1
|
|t:|1728165835
|-singleturn|p1a: Slaking|move: Focus Punch
|move|p2a: Skarmory|Protect|p2a: Skarmory
|-singleturn|p2a: Skarmory|Protect
|move|p1a: Slaking|Focus Punch|p2a: Skarmory
|-activate|p2a: Skarmory|Protect
|
|upkeep
|turn|2
|
|t:|1728165846
|switch|p1a: Blastoise|Blastoise, F|100/100
|move|p2a: Skarmory|Spikes|p1a: Blastoise
|-sidestart|p1: BluesEnergy00|Spikes
|
|upkeep
|turn|3
|
|t:|1728165851
|move|p1a: Blastoise|Rapid Spin|p2a: Skarmory
|-resisted|p2a: Skarmory
|-damage|p2a: Skarmory|99/100
|-sideend|p1: BluesEnergy00|Spikes|[from] move: Rapid Spin|[of] p1a: Blastoise
|move|p2a: Skarmory|Spikes|p1a: Blastoise
|-sidestart|p1: BluesEnergy00|Spikes
|
|-heal|p2a: Skarmory|100/100|[from] item: Leftovers
|upkeep
|turn|4
|
|t:|1728165862
|move|p1a: Blastoise|Rapid Spin|p2a: Skarmory
|-resisted|p2a: Skarmory
|-damage|p2a: Skarmory|99/100
|-sideend|p1: BluesEnergy00|Spikes|[from] move: Rapid Spin|[of] p1a: Blastoise
|move|p2a: Skarmory|Toxic|p1a: Blastoise
|-status|p1a: Blastoise|tox
|
|-damage|p1a: Blastoise|94/100 tox|[from] psn
|-heal|p2a: Skarmory|100/100|[from] item: Leftovers
|upkeep
|turn|5
|c|☆BluesEnergy00|hf
|
|t:|1728165888
|move|p1a: Blastoise|Refresh|p1a: Blastoise
|-curestatus|p1a: Blastoise|tox|[msg]
|move|p2a: Skarmory|Spikes|p1a: Blastoise
|-sidestart|p1: BluesEnergy00|Spikes
|
|-heal|p1a: Blastoise|100/100|[from] item: Leftovers
|upkeep
|turn|6
|inactive|Battle timer is ON: inactive players will automatically lose when time's up. (requested by BluesEnergy00)
|
|t:|1728165898
|move|p1a: Blastoise|Rapid Spin|p2a: Skarmory
|-resisted|p2a: Skarmory
|-crit|p2a: Skarmory
|-damage|p2a: Skarmory|98/100
|-sideend|p1: BluesEnergy00|Spikes|[from] move: Rapid Spin|[of] p1a: Blastoise
|move|p2a: Skarmory|Roar|p1a: Blastoise
|drag|p1a: Blissey|Blissey, F|100/100
|
|-heal|p2a: Skarmory|100/100|[from] item: Leftovers
|upkeep
|turn|7
|c|☆JakeConway|glhf
|
|t:|1728165917
|switch|p1a: Blastoise|Blastoise, F|100/100
|move|p2a: Skarmory|Protect||[still]
|-fail|p2a: Skarmory
|
|upkeep
|turn|8
|
|t:|1728165943
|move|p1a: Blastoise|Hydro Pump|p2a: Skarmory
|-damage|p2a: Skarmory|66/100
|move|p2a: Skarmory|Toxic|p1a: Blastoise
|-status|p1a: Blastoise|tox
|
|-damage|p1a: Blastoise|94/100 tox|[from] psn
|-heal|p2a: Skarmory|72/100|[from] item: Leftovers
|upkeep
|turn|9
|inactive|JakeConway has 270 seconds left.
|
|t:|1728165969
|move|p1a: Blastoise|Hydro Pump|p2a: Skarmory
|-damage|p2a: Skarmory|39/100
|move|p2a: Skarmory|Spikes|p1a: Blastoise
|-sidestart|p1: BluesEnergy00|Spikes
|
|-heal|p1a: Blastoise|100/100 tox|[from] item: Leftovers
|-damage|p1a: Blastoise|88/100 tox|[from] psn
|-heal|p2a: Skarmory|45/100|[from] item: Leftovers
|upkeep
|turn|10
|
|t:|1728165979
|move|p2a: Skarmory|Protect|p2a: Skarmory
|-singleturn|p2a: Skarmory|Protect
|move|p1a: Blastoise|Refresh|p1a: Blastoise
|-curestatus|p1a: Blastoise|tox|[msg]
|
|-heal|p1a: Blastoise|94/100|[from] item: Leftovers
|-heal|p2a: Skarmory|50/100|[from] item: Leftovers
|upkeep
|turn|11
|inactive|JakeConway has 270 seconds left.
|
|t:|1728165992
|switch|p2a: Gengar|Gengar, F|100/100
|move|p1a: Blastoise|Hydro Pump|p2a: Gengar|[miss]
|-miss|p1a: Blastoise|p2a: Gengar
|
|-heal|p1a: Blastoise|100/100|[from] item: Leftovers
|upkeep
|turn|12
|inactive|JakeConway has 270 seconds left.
|
|t:|1728166002
|move|p2a: Gengar|Thunderbolt|p1a: Blastoise
|-supereffective|p1a: Blastoise
|-damage|p1a: Blastoise|52/100
|move|p1a: Blastoise|Hydro Pump|p2a: Gengar
|-damage|p2a: Gengar|37/100
|
|-heal|p2a: Gengar|44/100|[from] item: Leftovers
|-heal|p1a: Blastoise|58/100|[from] item: Leftovers
|upkeep
|turn|13
|inactive|JakeConway has 270 seconds left.
|
|t:|1728166013
|switch|p1a: Jirachi|Jirachi|100/100
|-damage|p1a: Jirachi|88/100|[from] Spikes
|move|p2a: Gengar|Thunderbolt|p1a: Jirachi
|-damage|p1a: Jirachi|58/100
|
|-heal|p2a: Gengar|50/100|[from] item: Leftovers
|-heal|p1a: Jirachi|64/100|[from] item: Leftovers
|upkeep
|turn|14
|inactive|JakeConway has 270 seconds left.
|
|t:|1728166025
|move|p1a: Jirachi|Protect|p1a: Jirachi
|-singleturn|p1a: Jirachi|Protect
|move|p2a: Gengar|Thunderbolt|p1a: Jirachi
|-activate|p1a: Jirachi|Protect
|
|-heal|p2a: Gengar|56/100|[from] item: Leftovers
|-heal|p1a: Jirachi|70/100|[from] item: Leftovers
|upkeep
|turn|15
|inactive|JakeConway has 270 seconds left.
|
|t:|1728166033
|move|p2a: Gengar|Thunderbolt|p1a: Jirachi
|-damage|p1a: Jirachi|43/100
|move|p1a: Jirachi|Fire Punch|p2a: Gengar
|-damage|p2a: Gengar|27/100
|-status|p2a: Gengar|brn
|
|-heal|p2a: Gengar|34/100 brn|[from] item: Leftovers
|-damage|p2a: Gengar|21/100 brn|[from] brn
|-heal|p1a: Jirachi|49/100|[from] item: Leftovers
|upkeep
|turn|16
|inactive|JakeConway has 270 seconds left.
|
|t:|1728166043
|move|p2a: Gengar|Thunderbolt|p1a: Jirachi
|-damage|p1a: Jirachi|22/100
|move|p1a: Jirachi|Wish|p1a: Jirachi
|
|-heal|p2a: Gengar|27/100 brn|[from] item: Leftovers
|-damage|p2a: Gengar|15/100 brn|[from] brn
|-heal|p1a: Jirachi|28/100|[from] item: Leftovers
|upkeep
|turn|17
|inactive|JakeConway has 270 seconds left.
|
|t:|1728166064
|switch|p2a: Skarmory|Skarmory, F|50/100
|move|p1a: Jirachi|Protect||[still]
|-fail|p1a: Jirachi
|
|-heal|p1a: Jirachi|78/100|[from] move: Wish|[wisher] Jirachi
|-heal|p1a: Jirachi|84/100|[from] item: Leftovers
|-heal|p2a: Skarmory|56/100|[from] item: Leftovers
|upkeep
|turn|18
|
|t:|1728166076
|move|p1a: Jirachi|Fire Punch|p2a: Skarmory
|-supereffective|p2a: Skarmory
|-damage|p2a: Skarmory|24/100
|-status|p2a: Skarmory|brn
|move|p2a: Skarmory|Spikes|p1a: Jirachi
|-sidestart|p1: BluesEnergy00|Spikes
|
|-heal|p1a: Jirachi|91/100|[from] item: Leftovers
|-heal|p2a: Skarmory|30/100 brn|[from] item: Leftovers
|-damage|p2a: Skarmory|18/100 brn|[from] brn
|upkeep
|turn|19
|inactive|JakeConway has 270 seconds left.
|
|t:|1728166111
|switch|p2a: Swampert|Swampert, F|100/100
|move|p1a: Jirachi|Fire Punch|p2a: Swampert
|-resisted|p2a: Swampert
|-damage|p2a: Swampert|93/100
|
|-heal|p1a: Jirachi|97/100|[from] item: Leftovers
|-heal|p2a: Swampert|99/100|[from] item: Leftovers
|upkeep
|turn|20
|
|t:|1728166120
|move|p1a: Jirachi|Toxic|p2a: Swampert|[miss]
|-miss|p1a: Jirachi|p2a: Swampert
|move|p2a: Swampert|Surf|p1a: Jirachi
|-damage|p1a: Jirachi|74/100
|
|-heal|p1a: Jirachi|80/100|[from] item: Leftovers
|-heal|p2a: Swampert|100/100|[from] item: Leftovers
|upkeep
|turn|21
|
|t:|1728166128
|move|p1a: Jirachi|Wish|p1a: Jirachi
|move|p2a: Swampert|Surf|p1a: Jirachi
|-damage|p1a: Jirachi|54/100
|
|-heal|p1a: Jirachi|60/100|[from] item: Leftovers
|upkeep
|turn|22
|
|t:|1728166147
|move|p1a: Jirachi|Toxic|p2a: Swampert
|-status|p2a: Swampert|tox
|move|p2a: Swampert|Surf|p1a: Jirachi
|-damage|p1a: Jirachi|37/100
|
|-heal|p1a: Jirachi|87/100|[from] move: Wish|[wisher] Jirachi
|-heal|p1a: Jirachi|93/100|[from] item: Leftovers
|-damage|p2a: Swampert|94/100 tox|[from] psn
|upkeep
|turn|23
|
|t:|1728166160
|move|p1a: Jirachi|Wish|p1a: Jirachi
|move|p2a: Swampert|Refresh|p2a: Swampert
|-curestatus|p2a: Swampert|tox|[msg]
|
|-heal|p1a: Jirachi|99/100|[from] item: Leftovers
|-heal|p2a: Swampert|100/100|[from] item: Leftovers
|upkeep
|turn|24
|inactive|JakeConway has 240 seconds left.
|
|t:|1728166194
|switch|p1a: Blastoise|Blastoise, F|58/100
|-damage|p1a: Blastoise|41/100|[from] Spikes
|move|p2a: Swampert|Surf|p1a: Blastoise
|-resisted|p1a: Blastoise
|-damage|p1a: Blastoise|30/100
|
|-heal|p1a: Blastoise|80/100|[from] move: Wish|[wisher] Jirachi
|-heal|p1a: Blastoise|86/100|[from] item: Leftovers
|upkeep
|turn|25
|
|t:|1728166210
|switch|p2a: Gengar|Gengar, F|15/100 brn
|move|p1a: Blastoise|Rapid Spin|p2a: Gengar
|-immune|p2a: Gengar
|
|-heal|p2a: Gengar|21/100 brn|[from] item: Leftovers
|-damage|p2a: Gengar|9/100 brn|[from] brn
|-heal|p1a: Blastoise|92/100|[from] item: Leftovers
|upkeep
|turn|26
|
|t:|1728166228
|switch|p1a: Flygon|Flygon, M|100/100
|move|p2a: Gengar|Thunderbolt|p1a: Flygon
|-immune|p1a: Flygon
|
|-heal|p2a: Gengar|15/100 brn|[from] item: Leftovers
|-damage|p2a: Gengar|3/100 brn|[from] brn
|upkeep
|turn|27
|
|t:|1728166235
|move|p1a: Flygon|Protect|p1a: Flygon
|-singleturn|p1a: Flygon|Protect
|move|p2a: Gengar|Ice Punch|p1a: Flygon
|-activate|p1a: Flygon|Protect
|
|-heal|p2a: Gengar|9/100 brn|[from] item: Leftovers
|-damage|p2a: Gengar|0 fnt|[from] brn
|faint|p2a: Gengar
|upkeep
|
|t:|1728166247
|switch|p2a: Swampert|Swampert, F|100/100
|turn|28
|
|t:|1728166251
|switch|p1a: Blastoise|Blastoise, F|92/100
|-damage|p1a: Blastoise|76/100|[from] Spikes
|move|p2a: Swampert|Surf|p1a: Blastoise
|-resisted|p1a: Blastoise
|-damage|p1a: Blastoise|65/100
|
|-heal|p1a: Blastoise|71/100|[from] item: Leftovers
|upkeep
|turn|29
|
|t:|1728166264
|move|p1a: Blastoise|Rapid Spin|p2a: Swampert
|-damage|p2a: Swampert|98/100
|-sideend|p1: BluesEnergy00|Spikes|[from] move: Rapid Spin|[of] p1a: Blastoise
|move|p2a: Swampert|Toxic|p1a: Blastoise
|-status|p1a: Blastoise|tox
|
|-heal|p1a: Blastoise|77/100 tox|[from] item: Leftovers
|-damage|p1a: Blastoise|71/100 tox|[from] psn
|-heal|p2a: Swampert|100/100|[from] item: Leftovers
|upkeep
|turn|30
|inactive|JakeConway has 210 seconds left.
|
|t:|1728166297
|switch|p2a: Zapdos|Zapdos|100/100
|move|p1a: Blastoise|Refresh|p1a: Blastoise
|-curestatus|p1a: Blastoise|tox|[msg]
|
|-heal|p1a: Blastoise|77/100|[from] item: Leftovers
|upkeep
|turn|31
|
|t:|1728166307
|switch|p1a: Blissey|Blissey, F|100/100
|move|p2a: Zapdos|Hidden Power|p1a: Blissey
|-damage|p1a: Blissey|90/100
|
|-heal|p1a: Blissey|96/100|[from] item: Leftovers
|upkeep
|turn|32
|
|t:|1728166326
|switch|p2a: Swampert|Swampert, F|100/100
|move|p1a: Blissey|Ice Beam|p2a: Swampert
|-damage|p2a: Swampert|80/100
|-status|p2a: Swampert|frz
|
|-heal|p2a: Swampert|86/100 frz|[from] item: Leftovers
|-heal|p1a: Blissey|100/100|[from] item: Leftovers
|upkeep
|turn|33
|c|☆BluesEnergy00|my b
|
|t:|1728166349
|switch|p1a: Slaking|Slaking, F|100/100
|-curestatus|p2a: Swampert|frz|[msg]
|move|p2a: Swampert|Toxic|p1a: Slaking
|-status|p1a: Slaking|tox
|
|-damage|p1a: Slaking|94/100 tox|[from] psn
|-heal|p2a: Swampert|92/100|[from] item: Leftovers
|upkeep
|turn|34
|
|t:|1728166358
|switch|p1a: Skarmory|Skarmory, F|100/100
|move|p2a: Swampert|Surf|p1a: Skarmory
|-damage|p1a: Skarmory|72/100
|
|-heal|p1a: Skarmory|78/100|[from] item: Leftovers
|-heal|p2a: Swampert|98/100|[from] item: Leftovers
|upkeep
|turn|35
|
|t:|1728166367
|move|p1a: Skarmory|Spikes|p2a: Swampert
|-sidestart|p2: JakeConway|Spikes
|move|p2a: Swampert|Surf|p1a: Skarmory
|-damage|p1a: Skarmory|50/100
|
|-heal|p1a: Skarmory|56/100|[from] item: Leftovers
|-heal|p2a: Swampert|100/100|[from] item: Leftovers
|upkeep
|turn|36
|
|t:|1728166376
|move|p1a: Skarmory|Protect|p1a: Skarmory
|-singleturn|p1a: Skarmory|Protect
|move|p2a: Swampert|Surf|p1a: Skarmory
|-activate|p1a: Skarmory|Protect
|
|-heal|p1a: Skarmory|62/100|[from] item: Leftovers
|upkeep
|turn|37
|
|t:|1728166385
|switch|p1a: Blissey|Blissey, F|100/100
|move|p2a: Swampert|Surf|p1a: Blissey
|-damage|p1a: Blissey|89/100
|
|-heal|p1a: Blissey|95/100|[from] item: Leftovers
|upkeep
|turn|38
|inactive|JakeConway has 240 seconds left.
|
|t:|1728166391
|switch|p1a: Skarmory|Skarmory, F|62/100
|move|p2a: Swampert|Toxic|p1a: Skarmory
|-immune|p1a: Skarmory
|
|-heal|p1a: Skarmory|68/100|[from] item: Leftovers
|upkeep
|turn|39
|inactive|JakeConway has 240 seconds left.
|
|t:|1728166411
|move|p1a: Skarmory|Spikes|p2a: Swampert
|-sidestart|p2: JakeConway|Spikes
|move|p2a: Swampert|Surf|p1a: Skarmory
|-damage|p1a: Skarmory|41/100
|
|-heal|p1a: Skarmory|47/100|[from] item: Leftovers
|upkeep
|turn|40
|inactive|JakeConway has 240 seconds left.
|
|t:|1728166418
|switch|p2a: Skarmory|Skarmory, F|18/100 brn
|move|p1a: Skarmory|Protect||[still]
|-fail|p1a: Skarmory
|
|-heal|p1a: Skarmory|53/100|[from] item: Leftovers
|-heal|p2a: Skarmory|24/100 brn|[from] item: Leftovers
|-damage|p2a: Skarmory|12/100 brn|[from] brn
|upkeep
|turn|41
|
|t:|1728166428
|move|p1a: Skarmory|Spikes|p2a: Skarmory
|-sidestart|p2: JakeConway|Spikes
|move|p2a: Skarmory|Spikes|p1a: Skarmory
|-sidestart|p1: BluesEnergy00|Spikes
|
|-heal|p1a: Skarmory|59/100|[from] item: Leftovers
|-heal|p2a: Skarmory|18/100 brn|[from] item: Leftovers
|-damage|p2a: Skarmory|6/100 brn|[from] brn
|upkeep
|turn|42
|
|t:|1728166442
|move|p1a: Skarmory|Drill Peck|p2a: Skarmory
|-resisted|p2a: Skarmory
|-damage|p2a: Skarmory|0 fnt
|faint|p2a: Skarmory
|
|t:|1728166451
|switch|p2a: Zapdos|Zapdos|100/100
|
|-heal|p1a: Skarmory|65/100|[from] item: Leftovers
|upkeep
|turn|43
|
|t:|1728166468
|move|p1a: Skarmory|Protect|p1a: Skarmory
|-singleturn|p1a: Skarmory|Protect
|move|p2a: Zapdos|Roar|p1a: Skarmory
|-activate|p1a: Skarmory|Protect
|
|-heal|p1a: Skarmory|71/100|[from] item: Leftovers
|upkeep
|turn|44
|
|t:|1728166475
|switch|p1a: Blissey|Blissey, F|95/100
|-damage|p1a: Blissey|82/100|[from] Spikes
|move|p2a: Zapdos|Roar|p1a: Blissey
|drag|p1a: Skarmory|Skarmory, F|71/100
|
|-heal|p1a: Skarmory|77/100|[from] item: Leftovers
|upkeep
|turn|45
|inactive|JakeConway has 240 seconds left.
|
|t:|1728166496
|move|p1a: Skarmory|Protect|p1a: Skarmory
|-singleturn|p1a: Skarmory|Protect
|move|p2a: Zapdos|Thunderbolt|p1a: Skarmory
|-activate|p1a: Skarmory|Protect
|
|-heal|p1a: Skarmory|83/100|[from] item: Leftovers
|upkeep
|turn|46
|
|t:|1728166503
|switch|p1a: Blissey|Blissey, F|82/100
|-damage|p1a: Blissey|70/100|[from] Spikes
|move|p2a: Zapdos|Roar|p1a: Blissey
|drag|p1a: Jirachi|Jirachi|99/100
|-damage|p1a: Jirachi|87/100|[from] Spikes
|
|-heal|p1a: Jirachi|93/100|[from] item: Leftovers
|upkeep
|turn|47
|inactive|JakeConway has 240 seconds left.
|
|t:|1728166533
|move|p1a: Jirachi|Protect|p1a: Jirachi
|-singleturn|p1a: Jirachi|Protect
|move|p2a: Zapdos|Thunder Wave|p1a: Jirachi
|-activate|p1a: Jirachi|Protect
|
|-heal|p1a: Jirachi|99/100|[from] item: Leftovers
|upkeep
|turn|48
|
|t:|1728166540
|move|p2a: Zapdos|Thunder Wave|p1a: Jirachi
|-status|p1a: Jirachi|par
|cant|p1a: Jirachi|par
|
|-heal|p1a: Jirachi|100/100 par|[from] item: Leftovers
|upkeep
|turn|49
|
|t:|1728166559
|move|p1a: Jirachi|Toxic|p2a: Zapdos
|-status|p2a: Zapdos|tox
|move|p2a: Zapdos|Roar|p1a: Jirachi
|drag|p1a: Blissey|Blissey, F|70/100
|-damage|p1a: Blissey|57/100|[from] Spikes
|
|-damage|p2a: Zapdos|94/100 tox|[from] psn
|-heal|p1a: Blissey|64/100|[from] item: Leftovers
|upkeep
|turn|50
|
|t:|1728166571
|move|p2a: Zapdos|Thunder Wave|p1a: Blissey
|-status|p1a: Blissey|par
|move|p1a: Blissey|Soft-Boiled|p1a: Blissey
|-heal|p1a: Blissey|100/100 par
|
|-heal|p2a: Zapdos|100/100 tox|[from] item: Leftovers
|-damage|p2a: Zapdos|88/100 tox|[from] psn
|upkeep
|turn|51
|
|t:|1728166589
|switch|p2a: Swampert|Swampert, F|100/100
|-damage|p2a: Swampert|76/100|[from] Spikes
|move|p1a: Blissey|Ice Beam|p2a: Swampert
|-damage|p2a: Swampert|55/100
|
|-heal|p2a: Swampert|61/100|[from] item: Leftovers
|upkeep
|turn|52
|
|t:|1728166604
|move|p2a: Swampert|Protect|p2a: Swampert
|-singleturn|p2a: Swampert|Protect
|cant|p1a: Blissey|par
|
|-heal|p2a: Swampert|67/100|[from] item: Leftovers
|upkeep
|turn|53
|
|t:|1728166611
|move|p2a: Swampert|Surf|p1a: Blissey
|-damage|p1a: Blissey|89/100 par
|move|p1a: Blissey|Ice Beam|p2a: Swampert
|-damage|p2a: Swampert|43/100
|
|-heal|p2a: Swampert|50/100|[from] item: Leftovers
|-heal|p1a: Blissey|95/100 par|[from] item: Leftovers
|upkeep
|turn|54
|inactive|JakeConway has 240 seconds left.
|
|t:|1728166623
|move|p2a: Swampert|Surf|p1a: Blissey
|-crit|p1a: Blissey
|-damage|p1a: Blissey|72/100 par
|move|p1a: Blissey|Calm Mind|p1a: Blissey
|-boost|p1a: Blissey|spa|1
|-boost|p1a: Blissey|spd|1
|
|-heal|p2a: Swampert|56/100|[from] item: Leftovers
|-heal|p1a: Blissey|78/100 par|[from] item: Leftovers
|upkeep
|turn|55
|inactive|JakeConway has 240 seconds left.
|
|t:|1728166631
|move|p2a: Swampert|Surf|p1a: Blissey
|-damage|p1a: Blissey|70/100 par
|cant|p1a: Blissey|par
|
|-heal|p2a: Swampert|62/100|[from] item: Leftovers
|-heal|p1a: Blissey|76/100 par|[from] item: Leftovers
|upkeep
|turn|56
|inactive|JakeConway has 240 seconds left.
|
|t:|1728166650
|move|p2a: Swampert|Surf|p1a: Blissey
|-damage|p1a: Blissey|69/100 par
|cant|p1a: Blissey|par
|
|-heal|p2a: Swampert|68/100|[from] item: Leftovers
|-heal|p1a: Blissey|75/100 par|[from] item: Leftovers
|upkeep
|turn|57
|inactive|JakeConway has 240 seconds left.
|
|t:|1728166657
|move|p2a: Swampert|Surf|p1a: Blissey
|-damage|p1a: Blissey|67/100 par
|move|p1a: Blissey|Ice Beam|p2a: Swampert
|-damage|p2a: Swampert|37/100
|
|-heal|p2a: Swampert|43/100|[from] item: Leftovers
|-heal|p1a: Blissey|73/100 par|[from] item: Leftovers
|upkeep
|turn|58
|inactive|JakeConway has 240 seconds left.
|
|t:|1728166681
|move|p2a: Swampert|Surf|p1a: Blissey
|-damage|p1a: Blissey|65/100 par
|move|p1a: Blissey|Ice Beam|p2a: Swampert
|-damage|p2a: Swampert|11/100
|
|-heal|p2a: Swampert|17/100|[from] item: Leftovers
|-heal|p1a: Blissey|72/100 par|[from] item: Leftovers
|upkeep
|turn|59
|inactive|JakeConway has 240 seconds left.
|
|t:|1728166688
|move|p2a: Swampert|Surf|p1a: Blissey
|-damage|p1a: Blissey|59/100 par
|move|p1a: Blissey|Calm Mind|p1a: Blissey
|-boost|p1a: Blissey|spa|1
|-boost|p1a: Blissey|spd|1
|
|-heal|p2a: Swampert|24/100|[from] item: Leftovers
|-heal|p1a: Blissey|65/100 par|[from] item: Leftovers
|upkeep
|turn|60
|inactive|JakeConway has 240 seconds left.
|
|t:|1728166705
|move|p2a: Swampert|Surf|p1a: Blissey
|-damage|p1a: Blissey|56/100 par
|cant|p1a: Blissey|par
|
|-heal|p2a: Swampert|30/100|[from] item: Leftovers
|-heal|p1a: Blissey|62/100 par|[from] item: Leftovers
|upkeep
|turn|61
|inactive|JakeConway has 240 seconds left.
|
|t:|1728166711
|move|p2a: Swampert|Surf|p1a: Blissey
|-damage|p1a: Blissey|53/100 par
|move|p1a: Blissey|Soft-Boiled|p1a: Blissey
|-heal|p1a: Blissey|100/100 par
|
|-heal|p2a: Swampert|36/100|[from] item: Leftovers
|upkeep
|turn|62
|inactive|JakeConway has 240 seconds left.
|
|t:|1728166741
|switch|p2a: Zapdos|Zapdos|88/100 tox
|move|p1a: Blissey|Calm Mind|p1a: Blissey
|-boost|p1a: Blissey|spa|1
|-boost|p1a: Blissey|spd|1
|
|-heal|p2a: Zapdos|94/100 tox|[from] item: Leftovers
|-damage|p2a: Zapdos|88/100 tox|[from] psn
|upkeep
|turn|63
|
|t:|1728166749
|move|p1a: Blissey|Ice Beam|p2a: Zapdos
|-supereffective|p2a: Zapdos
|-damage|p2a: Zapdos|0 fnt
|faint|p2a: Zapdos
|
|t:|1728166759
|switch|p2a: Dugtrio|Dugtrio, F|100/100
|-damage|p2a: Dugtrio|76/100|[from] Spikes
|
|upkeep
|turn|64
|
|t:|1728166763
|move|p2a: Dugtrio|Earthquake|p1a: Blissey
|-damage|p1a: Blissey|33/100 par
|move|p1a: Blissey|Ice Beam|p2a: Dugtrio
|-supereffective|p2a: Dugtrio
|-damage|p2a: Dugtrio|0 fnt
|faint|p2a: Dugtrio
|
|t:|1728166770
|switch|p2a: Aerodactyl|Aerodactyl, F|100/100
|
|-heal|p1a: Blissey|39/100 par|[from] item: Leftovers
|upkeep
|turn|65
|
|t:|1728166785
|-curestatus|p1a: Blissey|par|[from] ability: Natural Cure
|switch|p1a: Flygon|Flygon, M|100/100
|move|p2a: Aerodactyl|Rock Slide|p1a: Flygon
|-resisted|p1a: Flygon
|-damage|p1a: Flygon|77/100
|
|-heal|p1a: Flygon|83/100|[from] item: Leftovers
|upkeep
|turn|66
|
|t:|1728166794
|switch|p2a: Swampert|Swampert, F|36/100
|-damage|p2a: Swampert|11/100|[from] Spikes
|move|p1a: Flygon|Toxic|p2a: Swampert
|-status|p2a: Swampert|tox
|
|-heal|p1a: Flygon|89/100|[from] item: Leftovers
|-heal|p2a: Swampert|17/100 tox|[from] item: Leftovers
|-damage|p2a: Swampert|11/100 tox|[from] psn
|upkeep
|turn|67
|
|t:|1728166805
|move|p1a: Flygon|Earthquake|p2a: Swampert
|-damage|p2a: Swampert|0 fnt
|faint|p2a: Swampert
|
|t:|1728166809
|switch|p2a: Aerodactyl|Aerodactyl, F|100/100
|
|-heal|p1a: Flygon|95/100|[from] item: Leftovers
|upkeep
|turn|68
|c|☆BluesEnergy00|gg
|inactive|JakeConway has 240 seconds left.
|
|t:|1728166835
|move|p2a: Aerodactyl|Double-Edge|p1a: Flygon
|-damage|p1a: Flygon|43/100
|move|p1a: Flygon|Toxic|p2a: Aerodactyl
|-status|p2a: Aerodactyl|tox
|
|-damage|p2a: Aerodactyl|95/100 tox|[from] psn
|-heal|p1a: Flygon|49/100|[from] item: Leftovers
|upkeep
|turn|69
|
|t:|1728166842
|move|p1a: Flygon|Protect|p1a: Flygon
|-singleturn|p1a: Flygon|Protect
|move|p2a: Aerodactyl|Double-Edge|p1a: Flygon
|-activate|p1a: Flygon|Protect
|
|-damage|p2a: Aerodactyl|83/100 tox|[from] psn
|-heal|p1a: Flygon|55/100|[from] item: Leftovers
|upkeep
|turn|70
|
|t:|1728166849
|move|p2a: Aerodactyl|Double-Edge|p1a: Flygon
|-damage|p1a: Flygon|9/100
|move|p1a: Flygon|Fire Blast|p2a: Aerodactyl|[miss]
|-miss|p1a: Flygon|p2a: Aerodactyl
|
|-damage|p2a: Aerodactyl|65/100 tox|[from] psn
|-heal|p1a: Flygon|15/100|[from] item: Leftovers
|upkeep
|turn|71
|
|t:|1728166856
|move|p1a: Flygon|Protect|p1a: Flygon
|-singleturn|p1a: Flygon|Protect
|move|p2a: Aerodactyl|Double-Edge|p1a: Flygon
|-activate|p1a: Flygon|Protect
|
|-damage|p2a: Aerodactyl|41/100 tox|[from] psn
|-heal|p1a: Flygon|21/100|[from] item: Leftovers
|upkeep
|turn|72
|
|t:|1728166864
|switch|p1a: Skarmory|Skarmory, F|83/100
|move|p2a: Aerodactyl|Double-Edge|p1a: Skarmory
|-resisted|p1a: Skarmory
|-damage|p1a: Skarmory|60/100
|
|-damage|p2a: Aerodactyl|11/100 tox|[from] psn
|-heal|p1a: Skarmory|66/100|[from] item: Leftovers
|upkeep
|turn|73
|
|t:|1728166871
|move|p2a: Aerodactyl|Double-Edge|p1a: Skarmory
|-resisted|p1a: Skarmory
|-damage|p1a: Skarmory|43/100
|move|p1a: Skarmory|Drill Peck|p2a: Aerodactyl
|-resisted|p2a: Aerodactyl
|-damage|p2a: Aerodactyl|0 fnt
|faint|p2a: Aerodactyl
|
|win|BluesEnergy00
|c|☆BluesEnergy00|ggs
|c|☆JakeConway|gg

</script>
<script type="application/json" class="data" id="replaydata-gen3ou-2216729131">
{"id":"gen3ou-2216729131","format":"[Gen 3] OU","players":["BluesEnergy00","JakeConway"],"uploadtime":1728166879,"views":247,"formatid":"gen3ou","rating":null,"private":0,"password":null}
</script>

<script defer src="js/replays.js?9d40a366"></script>
