<!DOCTYPE html>
<meta charset="utf-8" />
<meta name="viewport" content="width=device-width" />

<title>[Gen 3] OU: thestonewallsmith vs. Msousagamer - Replays - Pok&eacute;mon Showdown!</title>

<meta name="description" content="Watch a replay of a Pok&eacute;mon battle between thestonewallsmith and Msousagamer! Format: [Gen 3] OU; Date: Oct 5, 2024" />
<!--

Hey, you! Looking in the source for the replay log?

You can find them in JSON format, just add `.json` at the end of a replay URL.

https://replay.pokemonshowdown.com/gen7randomdoublesbattle-865046831.json

Or, if you only need the log itself, add `.log` instead:

https://replay.pokemonshowdown.com/gen7randomdoublesbattle-865046831.log

-->

<link rel="stylesheet" href="//pokemonshowdown.com/style/global.css?0.023195364461161105" />
<link rel="stylesheet" href="//play.pokemonshowdown.com/style/font-awesome.css?0.13261647063804238" />
<link rel="stylesheet" href="//play.pokemonshowdown.com/style/battle.css?0.8753245789963631" />
<link rel="stylesheet" href="//play.pokemonshowdown.com/style/utilichart.css?0.8627959624976733" />

<!-- Global site tag (gtag.js) - Google Analytics -->
<script async src="https://www.googletagmanager.com/gtag/js?id=UA-26211653-1"></script>
<script>
  window.dataLayer = window.dataLayer || [];
  function gtag(){dataLayer.push(arguments);}
  gtag('js', new Date());

  gtag('config', 'UA-26211653-1');
</script>
<!-- End Google Analytics -->
<!-- Venatus Ad Manager - Install in <HEAD> of page -->
	<script src="https://hb.vntsm.com/v3/live/ad-manager.min.js" type="text/javascript" data-site-id="642aba63ec9a7b11c3c9c1be" data-mode="scan" async></script>
<!-- / Venatus Ad Manager -->

<style>
	@media (max-width:820px) {
		.battle {
			margin: 0 auto;
		}
		.battle-log {
			margin: 7px auto 0;
			max-width: 640px;
			height: 300px;
			position: static;
		}
	}
	.optgroup {
		display: inline-block;
		line-height: 22px;
		font-size: 10pt;
	}
	.optgroup .button {
		height: 25px;
		padding-top: 0;
		padding-bottom: 0;
	}
	.optgroup button.button {
		padding-left: 12px;
		padding-right: 12px;
	}
	.linklist {
		list-style: none;
		margin: 0.5em 0;
		padding: 0;
	}
	.linklist li {
		padding: 2px 0;
	}
	.sidebar {
		float: left;
		width: 320px;
	}
	.bar-wrapper {
		max-width: 1100px;
		margin: 0 auto;
	}
	.bar-wrapper.has-sidebar {
		max-width: 1430px;
	}
	.mainbar {
		margin: 0;
		padding-right: 1px;
	}
	.mainbar.has-sidebar {
		margin-left: 330px;
	}
	@media (min-width: 1511px) {
		.sidebar {
			width: 400px;
		}
		.bar-wrapper.has-sidebar {
			max-width: 1510px;
		}
		.mainbar.has-sidebar {
			margin-left: 410px;
		}
	}
	.section.first-section {
		margin-top: 9px;
	}
	.blocklink small {
		white-space: normal;
	}
	.button {
		vertical-align: middle;
	}
	.replay-controls {
		padding-top: 10px;
	}
	.replay-controls h1 {
		font-size: 16pt;
		font-weight: normal;
		color: #CCC;
	}
	.pagelink {
		text-align: center;
	}
	.pagelink a {
		width: 150px;
	}
	.textbox, .button {
		font-size: 11pt;
		vertical-align: middle;
	}
	@media (max-width: 450px) {
		.button {
			font-size: 9pt;
		}
	}
</style>

<div>

	<header>
		<div class="nav-wrapper"><ul class="nav">
			<li><a class="button nav-first" href="//pokemonshowdown.com/"><img src="//pokemonshowdown.com/images/pokemonshowdownbeta.png" srcset="//pokemonshowdown.com/images/pokemonshowdownbeta.png 1x, //pokemonshowdown.com/images/pokemonshowdownbeta@2x.png 2x" alt="Pok&eacute;mon Showdown" width="146" height="44" /> Home</a></li>
			<li><a class="button" href="//pokemonshowdown.com/dex/">Pok&eacute;dex</a></li>
			<li><a class="button cur" href="/">Replays</a></li>
			<li><a class="button" href="//pokemonshowdown.com/ladder/">Ladder</a></li>
			<li><a class="button nav-last" href="//pokemonshowdown.com/forums/">Forum</a></li>
			<li><a class="button greenbutton nav-first nav-last" href="//play.pokemonshowdown.com/">Play</a></li>
		</ul></div>
	</header>

	<div class="main" id="main">

		<noscript><section class="section">You need to enable JavaScript to use this page; sorry!</section></noscript>

	</div>

</div>

<script defer nomodule src="//play.pokemonshowdown.com/js/lib/ps-polyfill.js"></script>
<script defer src="//play.pokemonshowdown.com/js/lib/preact.min.js"></script>

<script defer src="//play.pokemonshowdown.com/config/config.js?2bddbc15"></script>
<script defer src="//play.pokemonshowdown.com/js/lib/jquery-1.11.0.min.js"></script>
<script defer src="//play.pokemonshowdown.com/js/lib/html-sanitizer-minified.js"></script>
<script defer src="//play.pokemonshowdown.com/js/battle-sound.js"></script>
<script defer src="//play.pokemonshowdown.com/js/battledata.js?0.7209276989879541"></script>
<script defer src="//play.pokemonshowdown.com/data/pokedex-mini.js?0.6111056340867951"></script>
<script defer src="//play.pokemonshowdown.com/data/pokedex-mini-bw.js?0.3532142036491459"></script>
<script defer src="//play.pokemonshowdown.com/data/graphics.js?0.24223875632456182"></script>
<script defer src="//play.pokemonshowdown.com/data/pokedex.js?0.38839984266356864"></script>
<script defer src="//play.pokemonshowdown.com/data/moves.js?0.21866028504024015"></script>
<script defer src="//play.pokemonshowdown.com/data/abilities.js?0.2005157953846628"></script>
<script defer src="//play.pokemonshowdown.com/data/items.js?0.9894211263848525"></script>
<script defer src="//play.pokemonshowdown.com/data/teambuilder-tables.js?0.6008791140282215"></script>
<script defer src="//play.pokemonshowdown.com/js/battle-tooltips.js?0.7580118955022959"></script>
<script defer src="//play.pokemonshowdown.com/js/battle.js?0.6057722274234274"></script>

<script defer src="js/utils.js?e31f9a17"></script>
<script defer src="js/replays-battle.js?7008c182"></script>

<!-- don't scrape this data! just add .json or .log after the URL!
Full API docs: https://github.com/smogon/pokemon-showdown-client/blob/master/WEB-API.md -->
<script type="text/plain" class="log" id="replaylog-smogtours-gen3ou-794921">
|inactive|Battle timer is ON: inactive players will automatically lose when time's up.
|t:|1728136182
|gametype|singles
|player|p1|thestonewallsmith|169|
|player|p2|Msousagamer|veteran|
|teamsize|p1|6
|teamsize|p2|6
|gen|3
|tier|[Gen 3] OU
|rule|Sleep Clause Mod: Limit one foe put to sleep
|rule|Switch Priority Clause Mod: Faster Pokémon switch first
|rule|Species Clause: Limit one of each Pokémon
|rule|OHKO Clause: OHKO moves are banned
|rule|Evasion Items Clause: Evasion items are banned
|rule|Evasion Moves Clause: Evasion moves are banned
|rule|Endless Battle Clause: Forcing endless battles is banned
|rule|HP Percentage Mod: HP is shown in percentages
|rule|One Boost Passer Clause: Limit one Baton Passer that has a way to boost its stats
|rule|Freeze Clause Mod: Limit one foe frozen
|
|t:|1728136182
|start
|switch|p1a: Zapdos|Zapdos|100/100
|switch|p2a: Green Lizard|Tyranitar, M|100/100
|-weather|Sandstorm|[from] ability: Sand Stream|[of] p2a: Green Lizard
|turn|1
|c|☆thestonewallsmith|gl
|c|☆Msousagamer|gl hf!
|
|t:|1728136201
|switch|p1a: Swampert|Swampert, F|100/100
|move|p2a: Green Lizard|Dragon Dance|p2a: Green Lizard
|-boost|p2a: Green Lizard|atk|1
|-boost|p2a: Green Lizard|spe|1
|
|-weather|Sandstorm|[upkeep]
|upkeep
|turn|2
|inactive|Msousagamer has 270 seconds left.
|
|t:|1728136234
|switch|p2a: Miros Vulture|Zapdos|100/100
|move|p1a: Swampert|Earthquake|p2a: Miros Vulture
|-immune|p2a: Miros Vulture
|
|-weather|Sandstorm|[upkeep]
|-damage|p2a: Miros Vulture|94/100|[from] Sandstorm
|-heal|p2a: Miros Vulture|100/100|[from] item: Leftovers
|upkeep
|turn|3
|
|t:|1728136242
|switch|p1a: Celebi|Celebi|100/100
|move|p2a: Miros Vulture|Hidden Power|p1a: Celebi
|-supereffective|p1a: Celebi
|-damage|p1a: Celebi|76/100
|
|-weather|Sandstorm|[upkeep]
|-damage|p1a: Celebi|70/100|[from] Sandstorm
|-damage|p2a: Miros Vulture|94/100|[from] Sandstorm
|-heal|p1a: Celebi|76/100|[from] item: Leftovers
|-heal|p2a: Miros Vulture|100/100|[from] item: Leftovers
|upkeep
|turn|4
|
|t:|1728136253
|move|p1a: Celebi|Calm Mind|p1a: Celebi
|-boost|p1a: Celebi|spa|1
|-boost|p1a: Celebi|spd|1
|move|p2a: Miros Vulture|Hidden Power|p1a: Celebi
|-supereffective|p1a: Celebi
|-damage|p1a: Celebi|60/100
|
|-weather|Sandstorm|[upkeep]
|-damage|p1a: Celebi|54/100|[from] Sandstorm
|-damage|p2a: Miros Vulture|94/100|[from] Sandstorm
|-heal|p1a: Celebi|60/100|[from] item: Leftovers
|-heal|p2a: Miros Vulture|100/100|[from] item: Leftovers
|upkeep
|turn|5
|
|t:|1728136261
|switch|p2a: Leviathan|Metagross|100/100
|move|p1a: Celebi|Calm Mind|p1a: Celebi
|-boost|p1a: Celebi|spa|1
|-boost|p1a: Celebi|spd|1
|
|-weather|Sandstorm|[upkeep]
|-damage|p1a: Celebi|54/100|[from] Sandstorm
|-heal|p1a: Celebi|60/100|[from] item: Leftovers
|upkeep
|turn|6
|
|t:|1728136268
|move|p1a: Celebi|Baton Pass|p1a: Celebi
|
|t:|1728136271
|switch|p1a: Swampert|Swampert, F|100/100|[from] Baton Pass
|move|p2a: Leviathan|Agility|p2a: Leviathan
|-boost|p2a: Leviathan|spe|2
|
|-weather|Sandstorm|[upkeep]
|upkeep
|turn|7
|
|t:|1728136280
|switch|p2a: Eel Lizard|Milotic, F|100/100
|move|p1a: Swampert|Earthquake|p2a: Eel Lizard
|-damage|p2a: Eel Lizard|70/100
|
|-weather|Sandstorm|[upkeep]
|-damage|p2a: Eel Lizard|64/100|[from] Sandstorm
|-heal|p2a: Eel Lizard|70/100|[from] item: Leftovers
|upkeep
|turn|8
|
|t:|1728136284
|move|p2a: Eel Lizard|Toxic|p1a: Swampert
|-status|p1a: Swampert|tox
|move|p1a: Swampert|Toxic|p2a: Eel Lizard
|-status|p2a: Eel Lizard|tox
|
|-weather|Sandstorm|[upkeep]
|-damage|p2a: Eel Lizard|64/100 tox|[from] Sandstorm
|-heal|p2a: Eel Lizard|70/100 tox|[from] item: Leftovers
|-damage|p2a: Eel Lizard|64/100 tox|[from] psn
|-damage|p1a: Swampert|94/100 tox|[from] psn
|upkeep
|turn|9
|
|t:|1728136294
|switch|p1a: Zapdos|Zapdos|100/100
|move|p2a: Eel Lizard|Recover|p2a: Eel Lizard
|-heal|p2a: Eel Lizard|100/100 tox
|
|-weather|Sandstorm|[upkeep]
|-damage|p1a: Zapdos|94/100|[from] Sandstorm
|-damage|p2a: Eel Lizard|94/100 tox|[from] Sandstorm
|-heal|p1a: Zapdos|100/100|[from] item: Leftovers
|-heal|p2a: Eel Lizard|100/100 tox|[from] item: Leftovers
|-damage|p2a: Eel Lizard|88/100 tox|[from] psn
|upkeep
|turn|10
|
|t:|1728136308
|switch|p2a: Miros Vulture|Zapdos|100/100
|move|p1a: Zapdos|Substitute|p1a: Zapdos
|-start|p1a: Zapdos|Substitute
|-damage|p1a: Zapdos|76/100
|
|-weather|Sandstorm|[upkeep]
|-damage|p1a: Zapdos|69/100|[from] Sandstorm
|-damage|p2a: Miros Vulture|94/100|[from] Sandstorm
|-heal|p1a: Zapdos|76/100|[from] item: Leftovers
|-heal|p2a: Miros Vulture|100/100|[from] item: Leftovers
|upkeep
|turn|11
|
|t:|1728136319
|move|p1a: Zapdos|Baton Pass|p1a: Zapdos
|
|t:|1728136320
|switch|p1a: Tyranitar|Tyranitar, M|100/100|[from] Baton Pass
|move|p2a: Miros Vulture|Hidden Power|p1a: Tyranitar
|-activate|p1a: Tyranitar|Substitute|[damage]
|
|-weather|Sandstorm|[upkeep]
|-damage|p2a: Miros Vulture|94/100|[from] Sandstorm
|-heal|p2a: Miros Vulture|100/100|[from] item: Leftovers
|upkeep
|turn|12
|inactive|Msousagamer has 270 seconds left.
|
|t:|1728136354
|move|p2a: Miros Vulture|Thunderbolt|p1a: Tyranitar
|-end|p1a: Tyranitar|Substitute
|move|p1a: Tyranitar|Rock Slide|p2a: Miros Vulture
|-supereffective|p2a: Miros Vulture
|-damage|p2a: Miros Vulture|10/100
|
|-weather|Sandstorm|[upkeep]
|-damage|p2a: Miros Vulture|4/100|[from] Sandstorm
|-heal|p2a: Miros Vulture|10/100|[from] item: Leftovers
|upkeep
|turn|13
|inactive|Msousagamer has 270 seconds left.
|
|t:|1728136383
|move|p2a: Miros Vulture|Thunderbolt|p1a: Tyranitar
|-damage|p1a: Tyranitar|67/100
|move|p1a: Tyranitar|Pursuit|p2a: Miros Vulture
|-damage|p2a: Miros Vulture|0 fnt
|faint|p2a: Miros Vulture
|
|t:|1728136386
|switch|p2a: Worm Grass|Dugtrio, M|100/100
|
|-weather|Sandstorm|[upkeep]
|upkeep
|turn|14
|
|t:|1728136393
|move|p2a: Worm Grass|Earthquake|p1a: Tyranitar
|-supereffective|p1a: Tyranitar
|-damage|p1a: Tyranitar|0 fnt
|faint|p1a: Tyranitar
|
|t:|1728136398
|switch|p1a: Zapdos|Zapdos|76/100
|
|-weather|Sandstorm|[upkeep]
|-damage|p1a: Zapdos|69/100|[from] Sandstorm
|-heal|p1a: Zapdos|76/100|[from] item: Leftovers
|upkeep
|turn|15
|
|t:|1728136409
|switch|p2a: Coalescipede|Magneton|100/100
|move|p1a: Zapdos|Substitute|p1a: Zapdos
|-start|p1a: Zapdos|Substitute
|-damage|p1a: Zapdos|51/100
|
|-weather|Sandstorm|[upkeep]
|-damage|p1a: Zapdos|44/100|[from] Sandstorm
|-heal|p1a: Zapdos|51/100|[from] item: Leftovers
|upkeep
|turn|16
|
|t:|1728136418
|move|p1a: Zapdos|Baton Pass|p1a: Zapdos
|
|t:|1728136419
|switch|p1a: Dugtrio|Dugtrio, M|100/100|[from] Baton Pass
|move|p2a: Coalescipede|Thunderbolt|p1a: Dugtrio
|-immune|p1a: Dugtrio
|
|-weather|Sandstorm|[upkeep]
|upkeep
|turn|17
|
|t:|1728136428
|move|p1a: Dugtrio|Earthquake|p2a: Coalescipede
|-supereffective|p2a: Coalescipede
|-damage|p2a: Coalescipede|0 fnt
|faint|p2a: Coalescipede
|
|t:|1728136433
|switch|p2a: Eel Lizard|Milotic, F|88/100 tox
|
|-weather|Sandstorm|[upkeep]
|-damage|p2a: Eel Lizard|82/100 tox|[from] Sandstorm
|-heal|p2a: Eel Lizard|88/100 tox|[from] item: Leftovers
|-damage|p2a: Eel Lizard|82/100 tox|[from] psn
|upkeep
|turn|18
|
|t:|1728136436
|move|p1a: Dugtrio|Earthquake|p2a: Eel Lizard
|-damage|p2a: Eel Lizard|59/100 tox
|move|p2a: Eel Lizard|Surf|p1a: Dugtrio
|-supereffective|p1a: Dugtrio
|-end|p1a: Dugtrio|Substitute
|
|-weather|Sandstorm|[upkeep]
|-damage|p2a: Eel Lizard|53/100 tox|[from] Sandstorm
|-heal|p2a: Eel Lizard|59/100 tox|[from] item: Leftovers
|-damage|p2a: Eel Lizard|47/100 tox|[from] psn
|upkeep
|turn|19
|
|t:|1728136463
|switch|p1a: Zapdos|Zapdos|51/100
|move|p2a: Eel Lizard|Recover|p2a: Eel Lizard
|-heal|p2a: Eel Lizard|96/100 tox
|
|-weather|Sandstorm|[upkeep]
|-damage|p1a: Zapdos|44/100|[from] Sandstorm
|-damage|p2a: Eel Lizard|90/100 tox|[from] Sandstorm
|-heal|p1a: Zapdos|51/100|[from] item: Leftovers
|-heal|p2a: Eel Lizard|96/100 tox|[from] item: Leftovers
|-damage|p2a: Eel Lizard|78/100 tox|[from] psn
|upkeep
|turn|20
|
|t:|1728136477
|move|p1a: Zapdos|Thunderbolt|p2a: Eel Lizard
|-supereffective|p2a: Eel Lizard
|-damage|p2a: Eel Lizard|11/100 tox
|move|p2a: Eel Lizard|Ice Beam|p1a: Zapdos
|-supereffective|p1a: Zapdos
|-damage|p1a: Zapdos|0 fnt
|faint|p1a: Zapdos
|inactive|thestonewallsmith has 270 seconds left.
|
|t:|1728136492
|switch|p1a: Swampert|Swampert, F|94/100 tox
|
|-weather|Sandstorm|[upkeep]
|-damage|p2a: Eel Lizard|5/100 tox|[from] Sandstorm
|-heal|p2a: Eel Lizard|11/100 tox|[from] item: Leftovers
|-damage|p2a: Eel Lizard|0 fnt|[from] psn
|faint|p2a: Eel Lizard
|-heal|p1a: Swampert|100/100 tox|[from] item: Leftovers
|-damage|p1a: Swampert|94/100 tox|[from] psn
|upkeep
|
|t:|1728136508
|switch|p2a: Leviathan|Metagross|100/100
|turn|21
|
|t:|1728136520
|move|p2a: Leviathan|Explosion|p1a: Swampert
|-damage|p1a: Swampert|0 fnt
|faint|p2a: Leviathan
|faint|p1a: Swampert
|
|t:|1728136534
|switch|p2a: Worm Grass|Dugtrio, M|100/100
|switch|p1a: Celebi|Celebi|60/100
|
|-weather|Sandstorm|[upkeep]
|-damage|p1a: Celebi|54/100|[from] Sandstorm
|-heal|p1a: Celebi|60/100|[from] item: Leftovers
|upkeep
|turn|22
|
|t:|1728136544
|move|p2a: Worm Grass|Hidden Power|p1a: Celebi
|-supereffective|p1a: Celebi
|-damage|p1a: Celebi|0 fnt
|faint|p1a: Celebi
|
|t:|1728136556
|switch|p1a: Dugtrio|Dugtrio, M|100/100
|
|-weather|Sandstorm|[upkeep]
|upkeep
|turn|23
|
|t:|1728136559
|move|p2a: Worm Grass|Hidden Power|p1a: Dugtrio
|-damage|p1a: Dugtrio|12/100
|move|p1a: Dugtrio|Earthquake|p2a: Worm Grass
|-damage|p2a: Worm Grass|0 fnt
|faint|p2a: Worm Grass
|
|t:|1728136563
|switch|p2a: Green Lizard|Tyranitar, M|100/100
|
|-weather|Sandstorm|[upkeep]
|upkeep
|turn|24
|
|t:|1728136570
|move|p1a: Dugtrio|Earthquake|p2a: Green Lizard
|-supereffective|p2a: Green Lizard
|-damage|p2a: Green Lizard|1/100
|move|p2a: Green Lizard|Earthquake|p1a: Dugtrio
|-damage|p1a: Dugtrio|0 fnt
|faint|p1a: Dugtrio
|
|t:|1728136574
|switch|p1a: Starmie|Starmie|100/100
|
|-weather|Sandstorm|[upkeep]
|-damage|p1a: Starmie|94/100|[from] Sandstorm
|-heal|p1a: Starmie|100/100|[from] item: Leftovers
|upkeep
|turn|25
|c|☆Msousagamer|Gg lol
|
|t:|1728136579
|move|p1a: Starmie|Ice Beam|p2a: Green Lizard
|-damage|p2a: Green Lizard|0 fnt
|faint|p2a: Green Lizard
|
|win|thestonewallsmith
|c|☆thestonewallsmith|gg
|player|p2|
|player|p1|
|player|p2|Msousagamer|veteran|
|player|p2|
|player|p2|Msousagamer|veteran|
|player|p2|
|player|p1|thestonewallsmith|169|

</script>
<script type="application/json" class="data" id="replaydata-smogtours-gen3ou-794921">
{"id":"smogtours-gen3ou-794921","format":"[Gen 3] OU","players":["thestonewallsmith","Msousagamer"],"uploadtime":1728136579,"views":106,"formatid":"gen3ou","rating":null,"private":0,"password":null}
</script>

<script defer src="js/replays.js?9d40a366"></script>
