<!DOCTYPE html>
<meta charset="utf-8" />
<meta name="viewport" content="width=device-width" />

<title>[Gen 3] OU: SpeccyGames vs. Rebatca - Replays - Pok&eacute;mon Showdown!</title>

<meta name="description" content="Watch a replay of a Pok&eacute;mon battle between SpeccyGames and Rebatca! Format: [Gen 3] OU; Date: Oct 20, 2024" />
<!--

Hey, you! Looking in the source for the replay log?

You can find them in JSON format, just add `.json` at the end of a replay URL.

https://replay.pokemonshowdown.com/gen7randomdoublesbattle-865046831.json

Or, if you only need the log itself, add `.log` instead:

https://replay.pokemonshowdown.com/gen7randomdoublesbattle-865046831.log

-->

<link rel="stylesheet" href="//pokemonshowdown.com/style/global.css?0.767286132409787" />
<link rel="stylesheet" href="//play.pokemonshowdown.com/style/font-awesome.css?0.9266228007934947" />
<link rel="stylesheet" href="//play.pokemonshowdown.com/style/battle.css?0.7924700842790926" />
<link rel="stylesheet" href="//play.pokemonshowdown.com/style/utilichart.css?0.8777417872839479" />

<!-- Global site tag (gtag.js) - Google Analytics -->
<script async src="https://www.googletagmanager.com/gtag/js?id=UA-26211653-1"></script>
<script>
  window.dataLayer = window.dataLayer || [];
  function gtag(){dataLayer.push(arguments);}
  gtag('js', new Date());

  gtag('config', 'UA-26211653-1');
</script>
<!-- End Google Analytics -->
<!-- Venatus Ad Manager - Install in <HEAD> of page -->
	<script src="https://hb.vntsm.com/v3/live/ad-manager.min.js" type="text/javascript" data-site-id="642aba63ec9a7b11c3c9c1be" data-mode="scan" async></script>
<!-- / Venatus Ad Manager -->

<style>
	@media (max-width:820px) {
		.battle {
			margin: 0 auto;
		}
		.battle-log {
			margin: 7px auto 0;
			max-width: 640px;
			height: 300px;
			position: static;
		}
	}
	.optgroup {
		display: inline-block;
		line-height: 22px;
		font-size: 10pt;
	}
	.optgroup .button {
		height: 25px;
		padding-top: 0;
		padding-bottom: 0;
	}
	.optgroup button.button {
		padding-left: 12px;
		padding-right: 12px;
	}
	.linklist {
		list-style: none;
		margin: 0.5em 0;
		padding: 0;
	}
	.linklist li {
		padding: 2px 0;
	}
	.sidebar {
		float: left;
		width: 320px;
	}
	.bar-wrapper {
		max-width: 1100px;
		margin: 0 auto;
	}
	.bar-wrapper.has-sidebar {
		max-width: 1430px;
	}
	.mainbar {
		margin: 0;
		padding-right: 1px;
	}
	.mainbar.has-sidebar {
		margin-left: 330px;
	}
	@media (min-width: 1511px) {
		.sidebar {
			width: 400px;
		}
		.bar-wrapper.has-sidebar {
			max-width: 1510px;
		}
		.mainbar.has-sidebar {
			margin-left: 410px;
		}
	}
	.section.first-section {
		margin-top: 9px;
	}
	.blocklink small {
		white-space: normal;
	}
	.button {
		vertical-align: middle;
	}
	.replay-controls {
		padding-top: 10px;
	}
	.replay-controls h1 {
		font-size: 16pt;
		font-weight: normal;
		color: #CCC;
	}
	.pagelink {
		text-align: center;
	}
	.pagelink a {
		width: 150px;
	}
	.textbox, .button {
		font-size: 11pt;
		vertical-align: middle;
	}
	@media (max-width: 450px) {
		.button {
			font-size: 9pt;
		}
	}
</style>

<div>

	<header>
		<div class="nav-wrapper"><ul class="nav">
			<li><a class="button nav-first" href="//pokemonshowdown.com/"><img src="//pokemonshowdown.com/images/pokemonshowdownbeta.png" srcset="//pokemonshowdown.com/images/pokemonshowdownbeta.png 1x, //pokemonshowdown.com/images/pokemonshowdownbeta@2x.png 2x" alt="Pok&eacute;mon Showdown" width="146" height="44" /> Home</a></li>
			<li><a class="button" href="//pokemonshowdown.com/dex/">Pok&eacute;dex</a></li>
			<li><a class="button cur" href="/">Replays</a></li>
			<li><a class="button" href="//pokemonshowdown.com/ladder/">Ladder</a></li>
			<li><a class="button nav-last" href="//pokemonshowdown.com/forums/">Forum</a></li>
			<li><a class="button greenbutton nav-first nav-last" href="//play.pokemonshowdown.com/">Play</a></li>
		</ul></div>
	</header>

	<div class="main" id="main">

		<noscript><section class="section">You need to enable JavaScript to use this page; sorry!</section></noscript>

	</div>

</div>

<script defer nomodule src="//play.pokemonshowdown.com/js/lib/ps-polyfill.js"></script>
<script defer src="//play.pokemonshowdown.com/js/lib/preact.min.js"></script>

<script defer src="//play.pokemonshowdown.com/config/config.js?6dec07f6"></script>
<script defer src="//play.pokemonshowdown.com/js/lib/jquery-1.11.0.min.js"></script>
<script defer src="//play.pokemonshowdown.com/js/lib/html-sanitizer-minified.js"></script>
<script defer src="//play.pokemonshowdown.com/js/battle-sound.js"></script>
<script defer src="//play.pokemonshowdown.com/js/battledata.js?0.6315294753075389"></script>
<script defer src="//play.pokemonshowdown.com/data/pokedex-mini.js?0.7603743185311358"></script>
<script defer src="//play.pokemonshowdown.com/data/pokedex-mini-bw.js?0.030888842834281283"></script>
<script defer src="//play.pokemonshowdown.com/data/graphics.js?0.05593094747507488"></script>
<script defer src="//play.pokemonshowdown.com/data/pokedex.js?0.47064822249611904"></script>
<script defer src="//play.pokemonshowdown.com/data/moves.js?0.8583693120512459"></script>
<script defer src="//play.pokemonshowdown.com/data/abilities.js?0.16017181182386842"></script>
<script defer src="//play.pokemonshowdown.com/data/items.js?0.4163379185673943"></script>
<script defer src="//play.pokemonshowdown.com/data/teambuilder-tables.js?0.31075597372830477"></script>
<script defer src="//play.pokemonshowdown.com/js/battle-tooltips.js?0.6536193500708172"></script>
<script defer src="//play.pokemonshowdown.com/js/battle.js?0.1916591943277901"></script>

<script defer src="js/utils.js?e31f9a17"></script>
<script defer src="js/replays-battle.js?7008c182"></script>

<!-- don't scrape this data! just add .json or .log after the URL!
Full API docs: https://github.com/smogon/pokemon-showdown-client/blob/master/WEB-API.md -->
<script type="text/plain" class="log" id="replaylog-smogtours-gen3ou-800740">
|inactive|Battle timer is ON: inactive players will automatically lose when time's up.
|t:|1729454511
|gametype|singles
|player|p1|SpeccyGames|cynthia-gen4|
|player|p2|Rebatca|102|
|teamsize|p1|6
|teamsize|p2|6
|gen|3
|tier|[Gen 3] OU
|rule|Sleep Clause Mod: Limit one foe put to sleep
|rule|Switch Priority Clause Mod: Faster Pokémon switch first
|rule|Species Clause: Limit one of each Pokémon
|rule|OHKO Clause: OHKO moves are banned
|rule|Evasion Items Clause: Evasion items are banned
|rule|Evasion Moves Clause: Evasion moves are banned
|rule|Endless Battle Clause: Forcing endless battles is banned
|rule|HP Percentage Mod: HP is shown in percentages
|rule|One Boost Passer Clause: Limit one Baton Passer that has a way to boost its stats
|rule|Freeze Clause Mod: Limit one foe frozen
|
|t:|1729454511
|start
|switch|p1a: Medicham|Medicham, F|100/100
|switch|p2a: Anti-Beat|Zapdos|100/100
|turn|1
|inactive|SpeccyGames has 270 seconds left.
|inactive|Rebatca has 270 seconds left.
|inactive|SpeccyGames has 240 seconds left.
|
|t:|1729454597
|move|p1a: Medicham|Rock Slide|p2a: Anti-Beat
|-supereffective|p2a: Anti-Beat
|-damage|p2a: Anti-Beat|35/100
|move|p2a: Anti-Beat|Thunderbolt|p1a: Medicham
|-damage|p1a: Medicham|32/100
|
|-heal|p2a: Anti-Beat|41/100|[from] item: Leftovers
|upkeep
|turn|2
|inactive|SpeccyGames has 270 seconds left.
|inactive|Rebatca has 270 seconds left.
|inactive|SpeccyGames has 240 seconds left.
|
|t:|1729454660
|switch|p2a: needLe|Starmie|100/100
|move|p1a: Medicham|Rock Slide|p2a: needLe
|-damage|p2a: needLe|59/100
|
|-heal|p2a: needLe|66/100|[from] item: Leftovers
|upkeep
|turn|3
|inactive|SpeccyGames has 240 seconds left.
|inactive|Rebatca has 270 seconds left.
|
|t:|1729454697
|switch|p1a: Suicune|Suicune|100/100
|move|p2a: needLe|Recover|p2a: needLe
|-heal|p2a: needLe|100/100
|
|upkeep
|turn|4
|inactive|Rebatca has 270 seconds left.
|inactive|SpeccyGames has 210 seconds left.
|inactive|Rebatca has 240 seconds left.
|
|t:|1729454736
|switch|p2a: Poison Apple|Snorlax, M|100/100
|switch|p1a: Magneton|Magneton|100/100
|
|upkeep
|turn|5
|inactive|Rebatca has 240 seconds left.
|inactive|SpeccyGames has 180 seconds left.
|
|t:|1729454760
|switch|p1a: Tyranitar|Tyranitar, F|100/100
|-weather|Sandstorm|[from] ability: Sand Stream|[of] p1a: Tyranitar
|move|p2a: Poison Apple|Body Slam|p1a: Tyranitar
|-resisted|p1a: Tyranitar
|-damage|p1a: Tyranitar|89/100
|
|-weather|Sandstorm|[upkeep]
|-damage|p2a: Poison Apple|94/100|[from] Sandstorm
|-heal|p1a: Tyranitar|96/100|[from] item: Leftovers
|-heal|p2a: Poison Apple|100/100|[from] item: Leftovers
|upkeep
|turn|6
|inactive|SpeccyGames has 180 seconds left.
|inactive|Rebatca has 240 seconds left.
|inactive|Rebatca has 210 seconds left.
|
|t:|1729454816
|move|p1a: Tyranitar|Thunder Wave|p2a: Poison Apple
|-status|p2a: Poison Apple|par
|move|p2a: Poison Apple|Curse|p2a: Poison Apple
|-unboost|p2a: Poison Apple|spe|1
|-boost|p2a: Poison Apple|atk|1
|-boost|p2a: Poison Apple|def|1
|
|-weather|Sandstorm|[upkeep]
|-damage|p2a: Poison Apple|94/100 par|[from] Sandstorm
|-heal|p1a: Tyranitar|100/100|[from] item: Leftovers
|-heal|p2a: Poison Apple|100/100 par|[from] item: Leftovers
|upkeep
|turn|7
|inactive|Rebatca has 210 seconds left.
|
|t:|1729454832
|switch|p1a: Salamence|Salamence, M|100/100
|-ability|p1a: Salamence|Intimidate|boost
|-unboost|p2a: Poison Apple|atk|1
|move|p2a: Poison Apple|Earthquake|p1a: Salamence
|-immune|p1a: Salamence
|
|-weather|Sandstorm|[upkeep]
|-damage|p1a: Salamence|94/100|[from] Sandstorm
|-damage|p2a: Poison Apple|94/100 par|[from] Sandstorm
|-heal|p1a: Salamence|100/100|[from] item: Leftovers
|-heal|p2a: Poison Apple|100/100 par|[from] item: Leftovers
|upkeep
|turn|8
|inactive|SpeccyGames has 150 seconds left.
|
|t:|1729454859
|move|p1a: Salamence|Dragon Dance|p1a: Salamence
|-boost|p1a: Salamence|atk|1
|-boost|p1a: Salamence|spe|1
|cant|p2a: Poison Apple|par
|
|-weather|Sandstorm|[upkeep]
|-damage|p1a: Salamence|94/100|[from] Sandstorm
|-damage|p2a: Poison Apple|94/100 par|[from] Sandstorm
|-heal|p1a: Salamence|100/100|[from] item: Leftovers
|-heal|p2a: Poison Apple|100/100 par|[from] item: Leftovers
|upkeep
|turn|9
|inactive|SpeccyGames has 150 seconds left.
|
|t:|1729454872
|move|p1a: Salamence|Dragon Claw|p2a: Poison Apple
|-damage|p2a: Poison Apple|85/100 par
|move|p2a: Poison Apple|Body Slam|p1a: Salamence
|-damage|p1a: Salamence|57/100
|
|-weather|Sandstorm|[upkeep]
|-damage|p1a: Salamence|51/100|[from] Sandstorm
|-damage|p2a: Poison Apple|79/100 par|[from] Sandstorm
|-heal|p1a: Salamence|57/100|[from] item: Leftovers
|-heal|p2a: Poison Apple|85/100 par|[from] item: Leftovers
|upkeep
|turn|10
|inactive|Rebatca has 210 seconds left.
|inactive|SpeccyGames has 150 seconds left.
|
|t:|1729454894
|switch|p1a: Magneton|Magneton|100/100
|move|p2a: Poison Apple|Body Slam|p1a: Magneton
|-resisted|p1a: Magneton
|-damage|p1a: Magneton|78/100
|-status|p1a: Magneton|par
|
|-weather|Sandstorm|[upkeep]
|-damage|p2a: Poison Apple|79/100 par|[from] Sandstorm
|-heal|p2a: Poison Apple|85/100 par|[from] item: Leftovers
|upkeep
|turn|11
|inactive|Rebatca has 210 seconds left.
|
|t:|1729454910
|cant|p1a: Magneton|par
|move|p2a: Poison Apple|Curse|p2a: Poison Apple
|-unboost|p2a: Poison Apple|spe|1
|-boost|p2a: Poison Apple|atk|1
|-boost|p2a: Poison Apple|def|1
|
|-weather|Sandstorm|[upkeep]
|-damage|p2a: Poison Apple|79/100 par|[from] Sandstorm
|-heal|p2a: Poison Apple|85/100 par|[from] item: Leftovers
|upkeep
|turn|12
|inactive|Rebatca has 210 seconds left.
|inactive|SpeccyGames has 120 seconds left.
|
|t:|1729454937
|move|p1a: Magneton|Thunderbolt|p2a: Poison Apple
|-damage|p2a: Poison Apple|59/100 par
|move|p2a: Poison Apple|Body Slam|p1a: Magneton
|-resisted|p1a: Magneton
|-damage|p1a: Magneton|41/100 par
|
|-weather|Sandstorm|[upkeep]
|-damage|p2a: Poison Apple|53/100 par|[from] Sandstorm
|-heal|p2a: Poison Apple|59/100 par|[from] item: Leftovers
|upkeep
|turn|13
|
|t:|1729454947
|move|p1a: Magneton|Protect|p1a: Magneton
|-singleturn|p1a: Magneton|Protect
|cant|p2a: Poison Apple|par
|
|-weather|Sandstorm|[upkeep]
|-damage|p2a: Poison Apple|53/100 par|[from] Sandstorm
|-heal|p2a: Poison Apple|59/100 par|[from] item: Leftovers
|upkeep
|turn|14
|
|t:|1729454953
|switch|p1a: Suicune|Suicune|100/100
|move|p2a: Poison Apple|Rest|p2a: Poison Apple
|-status|p2a: Poison Apple|slp|[from] move: Rest
|-heal|p2a: Poison Apple|100/100 slp|[silent]
|
|-weather|Sandstorm|[upkeep]
|-damage|p1a: Suicune|94/100|[from] Sandstorm
|-damage|p2a: Poison Apple|94/100 slp|[from] Sandstorm
|-heal|p1a: Suicune|100/100|[from] item: Leftovers
|-heal|p2a: Poison Apple|100/100 slp|[from] item: Leftovers
|upkeep
|turn|15
|inactive|Rebatca has 210 seconds left.
|
|t:|1729454980
|switch|p2a: Anti-Beat|Zapdos|41/100
|move|p1a: Suicune|Surf|p2a: Anti-Beat
|-damage|p2a: Anti-Beat|3/100
|
|-weather|Sandstorm|[upkeep]
|-damage|p2a: Anti-Beat|0 fnt|[from] Sandstorm
|-damage|p1a: Suicune|94/100|[from] Sandstorm
|faint|p2a: Anti-Beat
|-heal|p1a: Suicune|100/100|[from] item: Leftovers
|upkeep
|inactive|Rebatca has 180 seconds left.
|
|t:|1729455003
|switch|p2a: Rhythm|Ludicolo, F|100/100
|turn|16
|inactive|SpeccyGames has 120 seconds left.
|
|t:|1729455030
|switch|p1a: Magneton|Magneton|41/100 par
|move|p2a: Rhythm|Leech Seed|p1a: Magneton
|-start|p1a: Magneton|move: Leech Seed
|
|-weather|Sandstorm|[upkeep]
|-damage|p2a: Rhythm|94/100|[from] Sandstorm
|-heal|p2a: Rhythm|100/100|[from] item: Leftovers
|-damage|p1a: Magneton|29/100 par|[from] Leech Seed|[of] p2a: Rhythm
|upkeep
|turn|17
|
|t:|1729455045
|move|p2a: Rhythm|Surf|p1a: Magneton
|-damage|p1a: Magneton|0 fnt
|faint|p1a: Magneton
|
|t:|1729455053
|switch|p1a: Medicham|Medicham, F|32/100
|
|-weather|Sandstorm|[upkeep]
|-damage|p1a: Medicham|25/100|[from] Sandstorm
|-damage|p2a: Rhythm|94/100|[from] Sandstorm
|-heal|p2a: Rhythm|100/100|[from] item: Leftovers
|upkeep
|turn|18
|
|t:|1729455075
|switch|p2a: needLe|Starmie|100/100
|move|p1a: Medicham|Brick Break|p2a: needLe
|-resisted|p2a: needLe
|-damage|p2a: needLe|72/100
|
|-weather|Sandstorm|[upkeep]
|-damage|p1a: Medicham|19/100|[from] Sandstorm
|-damage|p2a: needLe|66/100|[from] Sandstorm
|-heal|p2a: needLe|72/100|[from] item: Leftovers
|upkeep
|turn|19
|
|t:|1729455094
|switch|p1a: Snorlax|Snorlax, M|100/100
|move|p2a: needLe|Rain Dance|p2a: needLe
|-weather|RainDance
|
|-weather|RainDance|[upkeep]
|-heal|p2a: needLe|78/100|[from] item: Leftovers
|upkeep
|turn|20
|inactive|SpeccyGames has 120 seconds left.
|inactive|Rebatca has 180 seconds left.
|
|t:|1729455116
|move|p2a: needLe|Surf|p1a: Snorlax
|-damage|p1a: Snorlax|72/100
|move|p1a: Snorlax|Return|p2a: needLe
|-damage|p2a: needLe|31/100
|
|-weather|RainDance|[upkeep]
|-heal|p2a: needLe|37/100|[from] item: Leftovers
|-heal|p1a: Snorlax|78/100|[from] item: Leftovers
|upkeep
|turn|21
|inactive|SpeccyGames has 120 seconds left.
|inactive|Rebatca has 180 seconds left.
|inactive|Rebatca has 150 seconds left.
|
|t:|1729455170
|switch|p2a: Chimera|Suicune|100/100
|move|p1a: Snorlax|Return|p2a: Chimera
|-damage|p2a: Chimera|70/100
|
|-weather|RainDance|[upkeep]
|-heal|p2a: Chimera|76/100|[from] item: Leftovers
|-heal|p1a: Snorlax|84/100|[from] item: Leftovers
|upkeep
|turn|22
|inactive|SpeccyGames has 120 seconds left.
|inactive|Rebatca has 120 seconds left.
|
|t:|1729455207
|move|p2a: Chimera|Substitute|p2a: Chimera
|-start|p2a: Chimera|Substitute
|-damage|p2a: Chimera|51/100
|move|p1a: Snorlax|Return|p2a: Chimera
|-end|p2a: Chimera|Substitute
|
|-weather|RainDance|[upkeep]
|-heal|p2a: Chimera|57/100|[from] item: Leftovers
|-heal|p1a: Snorlax|90/100|[from] item: Leftovers
|upkeep
|turn|23
|
|t:|1729455215
|move|p2a: Chimera|Protect|p2a: Chimera
|-singleturn|p2a: Chimera|Protect
|move|p1a: Snorlax|Return|p2a: Chimera
|-activate|p2a: Chimera|Protect
|
|-weather|none
|-heal|p2a: Chimera|64/100|[from] item: Leftovers
|-heal|p1a: Snorlax|96/100|[from] item: Leftovers
|upkeep
|turn|24
|inactive|Rebatca has 120 seconds left.
|
|t:|1729455237
|move|p2a: Chimera|Calm Mind|p2a: Chimera
|-boost|p2a: Chimera|spa|1
|-boost|p2a: Chimera|spd|1
|move|p1a: Snorlax|Return|p2a: Chimera
|-damage|p2a: Chimera|37/100
|
|-heal|p2a: Chimera|43/100|[from] item: Leftovers
|-heal|p1a: Snorlax|100/100|[from] item: Leftovers
|upkeep
|turn|25
|
|t:|1729455253
|move|p2a: Chimera|Protect|p2a: Chimera
|-singleturn|p2a: Chimera|Protect
|move|p1a: Snorlax|Curse|p1a: Snorlax
|-unboost|p1a: Snorlax|spe|1
|-boost|p1a: Snorlax|atk|1
|-boost|p1a: Snorlax|def|1
|
|-heal|p2a: Chimera|50/100|[from] item: Leftovers
|upkeep
|turn|26
|
|t:|1729455266
|move|p2a: Chimera|Water Pulse|p1a: Snorlax
|-damage|p1a: Snorlax|84/100
|move|p1a: Snorlax|Return|p2a: Chimera
|-damage|p2a: Chimera|9/100
|
|-heal|p2a: Chimera|16/100|[from] item: Leftovers
|-heal|p1a: Snorlax|90/100|[from] item: Leftovers
|upkeep
|turn|27
|
|t:|1729455280
|move|p2a: Chimera|Water Pulse|p1a: Snorlax
|-damage|p1a: Snorlax|73/100
|-start|p1a: Snorlax|confusion
|-activate|p1a: Snorlax|confusion
|move|p1a: Snorlax|Return|p2a: Chimera
|-damage|p2a: Chimera|0 fnt
|faint|p2a: Chimera
|
|t:|1729455301
|switch|p2a: Poison Apple|Snorlax, M|100/100 slp
|
|-heal|p1a: Snorlax|79/100|[from] item: Leftovers
|upkeep
|turn|28
|
|t:|1729455308
|cant|p2a: Poison Apple|slp
|-activate|p1a: Snorlax|confusion
|move|p1a: Snorlax|Brick Break|p2a: Poison Apple
|-supereffective|p2a: Poison Apple
|-damage|p2a: Poison Apple|40/100 slp
|
|-heal|p2a: Poison Apple|46/100 slp|[from] item: Leftovers
|-heal|p1a: Snorlax|85/100|[from] item: Leftovers
|upkeep
|turn|29
|inactive|SpeccyGames has 120 seconds left.
|
|t:|1729455337
|switch|p2a: Rhythm|Ludicolo, F|100/100
|-activate|p1a: Snorlax|confusion
|move|p1a: Snorlax|Return|p2a: Rhythm
|-damage|p2a: Rhythm|3/100
|
|-heal|p2a: Rhythm|9/100|[from] item: Leftovers
|-heal|p1a: Snorlax|91/100|[from] item: Leftovers
|upkeep
|turn|30
|
|t:|1729455356
|move|p2a: Rhythm|Leech Seed|p1a: Snorlax
|-start|p1a: Snorlax|move: Leech Seed
|-end|p1a: Snorlax|confusion
|move|p1a: Snorlax|Return|p2a: Rhythm
|-damage|p2a: Rhythm|0 fnt
|faint|p2a: Rhythm
|
|t:|1729455360
|switch|p2a: Poison Apple|Snorlax, M|46/100 slp
|
|-heal|p2a: Poison Apple|52/100 slp|[from] item: Leftovers
|-heal|p1a: Snorlax|97/100|[from] item: Leftovers
|-damage|p1a: Snorlax|85/100|[from] Leech Seed|[of] p2a: Poison Apple
|-heal|p2a: Poison Apple|65/100 slp|[silent]
|upkeep
|turn|31
|
|t:|1729455363
|cant|p2a: Poison Apple|slp
|move|p1a: Snorlax|Brick Break|p2a: Poison Apple
|-supereffective|p2a: Poison Apple
|-damage|p2a: Poison Apple|3/100 slp
|
|-heal|p2a: Poison Apple|9/100 slp|[from] item: Leftovers
|-heal|p1a: Snorlax|91/100|[from] item: Leftovers
|-damage|p1a: Snorlax|78/100|[from] Leech Seed|[of] p2a: Poison Apple
|-heal|p2a: Poison Apple|22/100 slp|[silent]
|upkeep
|turn|32
|
|t:|1729455376
|-curestatus|p2a: Poison Apple|slp|[msg]
|move|p2a: Poison Apple|Rest|p2a: Poison Apple
|-status|p2a: Poison Apple|slp|[from] move: Rest
|-heal|p2a: Poison Apple|100/100 slp|[silent]
|move|p1a: Snorlax|Brick Break|p2a: Poison Apple
|-supereffective|p2a: Poison Apple
|-damage|p2a: Poison Apple|34/100 slp
|
|-heal|p2a: Poison Apple|40/100 slp|[from] item: Leftovers
|-heal|p1a: Snorlax|84/100|[from] item: Leftovers
|-damage|p1a: Snorlax|72/100|[from] Leech Seed|[of] p2a: Poison Apple
|-heal|p2a: Poison Apple|54/100 slp|[silent]
|upkeep
|turn|33
|
|t:|1729455380
|switch|p2a: needLe|Starmie|37/100
|move|p1a: Snorlax|Brick Break|p2a: needLe
|-resisted|p2a: needLe
|-crit|p2a: needLe
|-damage|p2a: needLe|3/100
|
|-heal|p2a: needLe|9/100|[from] item: Leftovers
|-heal|p1a: Snorlax|78/100|[from] item: Leftovers
|-damage|p1a: Snorlax|66/100|[from] Leech Seed|[of] p2a: needLe
|-heal|p2a: needLe|30/100|[silent]
|upkeep
|turn|34
|
|t:|1729455396
|move|p2a: needLe|Recover|p2a: needLe
|-heal|p2a: needLe|80/100
|move|p1a: Snorlax|Brick Break|p2a: needLe
|-resisted|p2a: needLe
|-damage|p2a: needLe|64/100
|
|-heal|p2a: needLe|71/100|[from] item: Leftovers
|-heal|p1a: Snorlax|72/100|[from] item: Leftovers
|-damage|p1a: Snorlax|59/100|[from] Leech Seed|[of] p2a: needLe
|-heal|p2a: needLe|91/100|[silent]
|upkeep
|turn|35
|inactive|Rebatca has 150 seconds left.
|
|t:|1729455405
|switch|p1a: Suicune|Suicune|100/100
|move|p2a: needLe|Surf|p1a: Suicune
|-resisted|p1a: Suicune
|-damage|p1a: Suicune|88/100
|
|-heal|p2a: needLe|97/100|[from] item: Leftovers
|-heal|p1a: Suicune|94/100|[from] item: Leftovers
|upkeep
|turn|36
|
|t:|1729455416
|switch|p2a: Poison Apple|Snorlax, M|54/100 slp
|move|p1a: Suicune|Calm Mind|p1a: Suicune
|-boost|p1a: Suicune|spa|1
|-boost|p1a: Suicune|spd|1
|
|-heal|p1a: Suicune|99/100|[from] item: Leftovers
|-heal|p2a: Poison Apple|60/100 slp|[from] item: Leftovers
|upkeep
|turn|37
|
|t:|1729455420
|move|p1a: Suicune|Surf|p2a: Poison Apple
|-damage|p2a: Poison Apple|30/100 slp
|cant|p2a: Poison Apple|slp
|
|-heal|p1a: Suicune|100/100|[from] item: Leftovers
|-heal|p2a: Poison Apple|36/100 slp|[from] item: Leftovers
|upkeep
|turn|38
|
|t:|1729455427
|move|p1a: Suicune|Surf|p2a: Poison Apple
|-damage|p2a: Poison Apple|0 fnt
|faint|p2a: Poison Apple
|
|t:|1729455431
|switch|p2a: needLe|Starmie|97/100
|
|-heal|p2a: needLe|100/100|[from] item: Leftovers
|upkeep
|turn|39
|-message|Rebatca forfeited.
|
|win|SpeccyGames
|c|☆Rebatca|gg
|c|☆SpeccyGames|ggs!
|player|p1|

</script>
<script type="application/json" class="data" id="replaydata-smogtours-gen3ou-800740">
{"id":"smogtours-gen3ou-800740","format":"[Gen 3] OU","players":["SpeccyGames","Rebatca"],"uploadtime":1729455438,"views":92,"formatid":"gen3ou","rating":null,"private":0,"password":null}
</script>

<script defer src="js/replays.js?9d40a366"></script>
