<!DOCTYPE html>
<meta charset="utf-8" />
<meta name="viewport" content="width=device-width" />

<title>[Gen 3] OU: zinc3 vs. Garpachi - Replays - Pok&eacute;mon Showdown!</title>

<meta name="description" content="Watch a replay of a Pok&eacute;mon battle between zinc3 and Garpachi! Format: [Gen 3] OU; Date: Nov 7, 2024" />
<!--

Hey, you! Looking in the source for the replay log?

You can find them in JSON format, just add `.json` at the end of a replay URL.

https://replay.pokemonshowdown.com/gen7randomdoublesbattle-865046831.json

Or, if you only need the log itself, add `.log` instead:

https://replay.pokemonshowdown.com/gen7randomdoublesbattle-865046831.log

-->

<link rel="stylesheet" href="//pokemonshowdown.com/style/global.css?0.023195364461161105" />
<link rel="stylesheet" href="//play.pokemonshowdown.com/style/font-awesome.css?0.13261647063804238" />
<link rel="stylesheet" href="//play.pokemonshowdown.com/style/battle.css?0.8753245789963631" />
<link rel="stylesheet" href="//play.pokemonshowdown.com/style/utilichart.css?0.8627959624976733" />

<!-- Global site tag (gtag.js) - Google Analytics -->
<script async src="https://www.googletagmanager.com/gtag/js?id=UA-26211653-1"></script>
<script>
  window.dataLayer = window.dataLayer || [];
  function gtag(){dataLayer.push(arguments);}
  gtag('js', new Date());

  gtag('config', 'UA-26211653-1');
</script>
<!-- End Google Analytics -->
<!-- Venatus Ad Manager - Install in <HEAD> of page -->
	<script src="https://hb.vntsm.com/v3/live/ad-manager.min.js" type="text/javascript" data-site-id="642aba63ec9a7b11c3c9c1be" data-mode="scan" async></script>
<!-- / Venatus Ad Manager -->

<style>
	@media (max-width:820px) {
		.battle {
			margin: 0 auto;
		}
		.battle-log {
			margin: 7px auto 0;
			max-width: 640px;
			height: 300px;
			position: static;
		}
	}
	.optgroup {
		display: inline-block;
		line-height: 22px;
		font-size: 10pt;
	}
	.optgroup .button {
		height: 25px;
		padding-top: 0;
		padding-bottom: 0;
	}
	.optgroup button.button {
		padding-left: 12px;
		padding-right: 12px;
	}
	.linklist {
		list-style: none;
		margin: 0.5em 0;
		padding: 0;
	}
	.linklist li {
		padding: 2px 0;
	}
	.sidebar {
		float: left;
		width: 320px;
	}
	.bar-wrapper {
		max-width: 1100px;
		margin: 0 auto;
	}
	.bar-wrapper.has-sidebar {
		max-width: 1430px;
	}
	.mainbar {
		margin: 0;
		padding-right: 1px;
	}
	.mainbar.has-sidebar {
		margin-left: 330px;
	}
	@media (min-width: 1511px) {
		.sidebar {
			width: 400px;
		}
		.bar-wrapper.has-sidebar {
			max-width: 1510px;
		}
		.mainbar.has-sidebar {
			margin-left: 410px;
		}
	}
	.section.first-section {
		margin-top: 9px;
	}
	.blocklink small {
		white-space: normal;
	}
	.button {
		vertical-align: middle;
	}
	.replay-controls {
		padding-top: 10px;
	}
	.replay-controls h1 {
		font-size: 16pt;
		font-weight: normal;
		color: #CCC;
	}
	.pagelink {
		text-align: center;
	}
	.pagelink a {
		width: 150px;
	}
	.textbox, .button {
		font-size: 11pt;
		vertical-align: middle;
	}
	@media (max-width: 450px) {
		.button {
			font-size: 9pt;
		}
	}
</style>

<div>

	<header>
		<div class="nav-wrapper"><ul class="nav">
			<li><a class="button nav-first" href="//pokemonshowdown.com/"><img src="//pokemonshowdown.com/images/pokemonshowdownbeta.png" srcset="//pokemonshowdown.com/images/pokemonshowdownbeta.png 1x, //pokemonshowdown.com/images/pokemonshowdownbeta@2x.png 2x" alt="Pok&eacute;mon Showdown" width="146" height="44" /> Home</a></li>
			<li><a class="button" href="//pokemonshowdown.com/dex/">Pok&eacute;dex</a></li>
			<li><a class="button cur" href="/">Replays</a></li>
			<li><a class="button" href="//pokemonshowdown.com/ladder/">Ladder</a></li>
			<li><a class="button nav-last" href="//pokemonshowdown.com/forums/">Forum</a></li>
			<li><a class="button greenbutton nav-first nav-last" href="//play.pokemonshowdown.com/">Play</a></li>
		</ul></div>
	</header>

	<div class="main" id="main">

		<noscript><section class="section">You need to enable JavaScript to use this page; sorry!</section></noscript>

	</div>

</div>

<script defer nomodule src="//play.pokemonshowdown.com/js/lib/ps-polyfill.js"></script>
<script defer src="//play.pokemonshowdown.com/js/lib/preact.min.js"></script>

<script defer src="//play.pokemonshowdown.com/config/config.js?2bddbc15"></script>
<script defer src="//play.pokemonshowdown.com/js/lib/jquery-1.11.0.min.js"></script>
<script defer src="//play.pokemonshowdown.com/js/lib/html-sanitizer-minified.js"></script>
<script defer src="//play.pokemonshowdown.com/js/battle-sound.js"></script>
<script defer src="//play.pokemonshowdown.com/js/battledata.js?0.7209276989879541"></script>
<script defer src="//play.pokemonshowdown.com/data/pokedex-mini.js?0.6111056340867951"></script>
<script defer src="//play.pokemonshowdown.com/data/pokedex-mini-bw.js?0.3532142036491459"></script>
<script defer src="//play.pokemonshowdown.com/data/graphics.js?0.24223875632456182"></script>
<script defer src="//play.pokemonshowdown.com/data/pokedex.js?0.38839984266356864"></script>
<script defer src="//play.pokemonshowdown.com/data/moves.js?0.21866028504024015"></script>
<script defer src="//play.pokemonshowdown.com/data/abilities.js?0.2005157953846628"></script>
<script defer src="//play.pokemonshowdown.com/data/items.js?0.9894211263848525"></script>
<script defer src="//play.pokemonshowdown.com/data/teambuilder-tables.js?0.6008791140282215"></script>
<script defer src="//play.pokemonshowdown.com/js/battle-tooltips.js?0.7580118955022959"></script>
<script defer src="//play.pokemonshowdown.com/js/battle.js?0.6057722274234274"></script>

<script defer src="js/utils.js?e31f9a17"></script>
<script defer src="js/replays-battle.js?7008c182"></script>

<!-- don't scrape this data! just add .json or .log after the URL!
Full API docs: https://github.com/smogon/pokemon-showdown-client/blob/master/WEB-API.md -->
<script type="text/plain" class="log" id="replaylog-smogtours-gen3ou-805058">
|inactive|Battle timer is ON: inactive players will automatically lose when time's up.
|t:|1730944737
|gametype|singles
|player|p1|zinc3|touristf|
|player|p2|Garpachi|266|
|teamsize|p1|6
|teamsize|p2|6
|gen|3
|tier|[Gen 3] OU
|rule|Sleep Clause Mod: Limit one foe put to sleep
|rule|Switch Priority Clause Mod: Faster Pokémon switch first
|rule|Species Clause: Limit one of each Pokémon
|rule|OHKO Clause: OHKO moves are banned
|rule|Evasion Items Clause: Evasion items are banned
|rule|Evasion Moves Clause: Evasion moves are banned
|rule|Endless Battle Clause: Forcing endless battles is banned
|rule|HP Percentage Mod: HP is shown in percentages
|rule|One Boost Passer Clause: Limit one Baton Passer that has a way to boost its stats
|rule|Freeze Clause Mod: Limit one foe frozen
|
|t:|1730944737
|start
|switch|p1a: Tyranitar|Tyranitar, F|100/100
|switch|p2a: Zapdos|Zapdos|100/100
|-weather|Sandstorm|[from] ability: Sand Stream|[of] p1a: Tyranitar
|turn|1
|c|☆zinc3|hf
|c|☆Garpachi|glhf
|inactive|Garpachi has 270 seconds left.
|
|t:|1730944777
|move|p2a: Zapdos|Baton Pass|p2a: Zapdos
|
|t:|1730944779
|switch|p2a: Swampert|Swampert, F|100/100|[from] Baton Pass
|move|p1a: Tyranitar|Rock Slide|p2a: Swampert
|-resisted|p2a: Swampert
|-damage|p2a: Swampert|85/100
|
|-weather|Sandstorm|[upkeep]
|-heal|p2a: Swampert|92/100|[from] item: Leftovers
|upkeep
|turn|2
|
|t:|1730944806
|switch|p1a: Celebi|Celebi|100/100
|move|p2a: Swampert|Earthquake|p1a: Celebi
|-resisted|p1a: Celebi
|-damage|p1a: Celebi|84/100
|
|-weather|Sandstorm|[upkeep]
|-damage|p1a: Celebi|78/100|[from] Sandstorm
|-heal|p1a: Celebi|84/100|[from] item: Leftovers
|-heal|p2a: Swampert|98/100|[from] item: Leftovers
|upkeep
|turn|3
|inactive|Garpachi has 270 seconds left.
|inactive|zinc3 has 270 seconds left.
|
|t:|1730944841
|switch|p2a: Celebi|Celebi|100/100
|move|p1a: Celebi|Giga Drain|p2a: Celebi
|-resisted|p2a: Celebi
|-damage|p2a: Celebi|89/100
|-heal|p1a: Celebi|89/100|[from] drain|[of] p2a: Celebi
|
|-weather|Sandstorm|[upkeep]
|-damage|p2a: Celebi|83/100|[from] Sandstorm
|-damage|p1a: Celebi|83/100|[from] Sandstorm
|-heal|p2a: Celebi|89/100|[from] item: Leftovers
|-heal|p1a: Celebi|89/100|[from] item: Leftovers
|upkeep
|turn|4
|inactive|Garpachi has 270 seconds left.
|
|t:|1730944852
|switch|p2a: Snorlax|Snorlax, F|100/100
|switch|p1a: Skarmory|Skarmory, F|100/100
|
|-weather|Sandstorm|[upkeep]
|-damage|p2a: Snorlax|94/100|[from] Sandstorm
|-heal|p2a: Snorlax|100/100|[from] item: Leftovers
|upkeep
|turn|5
|inactive|Garpachi has 270 seconds left.
|
|t:|1730944864
|switch|p2a: Starmie|Starmie|100/100
|move|p1a: Skarmory|Spikes|p2a: Starmie
|-sidestart|p2: Garpachi|Spikes
|
|-weather|Sandstorm|[upkeep]
|-damage|p2a: Starmie|94/100|[from] Sandstorm
|-heal|p2a: Starmie|100/100|[from] item: Leftovers
|upkeep
|turn|6
|inactive|Garpachi has 270 seconds left.
|
|t:|1730944878
|switch|p1a: Celebi|Celebi|89/100
|move|p2a: Starmie|Thunderbolt|p1a: Celebi
|-resisted|p1a: Celebi
|-damage|p1a: Celebi|78/100
|
|-weather|Sandstorm|[upkeep]
|-damage|p2a: Starmie|94/100|[from] Sandstorm
|-damage|p1a: Celebi|72/100|[from] Sandstorm
|-heal|p2a: Starmie|100/100|[from] item: Leftovers
|-heal|p1a: Celebi|78/100|[from] item: Leftovers
|upkeep
|turn|7
|inactive|Garpachi has 270 seconds left.
|
|t:|1730944896
|switch|p2a: Snorlax|Snorlax, F|100/100
|-damage|p2a: Snorlax|88/100|[from] Spikes
|move|p1a: Celebi|Giga Drain|p2a: Snorlax
|-damage|p2a: Snorlax|71/100
|-heal|p1a: Celebi|87/100|[from] drain|[of] p2a: Snorlax
|
|-weather|Sandstorm|[upkeep]
|-damage|p1a: Celebi|81/100|[from] Sandstorm
|-damage|p2a: Snorlax|65/100|[from] Sandstorm
|-heal|p1a: Celebi|87/100|[from] item: Leftovers
|-heal|p2a: Snorlax|71/100|[from] item: Leftovers
|upkeep
|turn|8
|
|t:|1730944916
|switch|p2a: Zapdos|Zapdos|100/100
|move|p1a: Celebi|Leech Seed|p2a: Zapdos
|-start|p2a: Zapdos|move: Leech Seed
|
|-weather|Sandstorm|[upkeep]
|-damage|p2a: Zapdos|94/100|[from] Sandstorm
|-damage|p1a: Celebi|81/100|[from] Sandstorm
|-heal|p2a: Zapdos|100/100|[from] item: Leftovers
|-damage|p2a: Zapdos|88/100|[from] Leech Seed|[of] p1a: Celebi
|-heal|p1a: Celebi|91/100|[silent]
|-heal|p1a: Celebi|97/100|[from] item: Leftovers
|upkeep
|turn|9
|inactive|Garpachi has 240 seconds left.
|
|t:|1730944944
|switch|p2a: Celebi|Celebi|89/100
|-damage|p2a: Celebi|77/100|[from] Spikes
|move|p1a: Celebi|Psychic|p2a: Celebi
|-resisted|p2a: Celebi
|-damage|p2a: Celebi|60/100
|
|-weather|Sandstorm|[upkeep]
|-damage|p2a: Celebi|54/100|[from] Sandstorm
|-damage|p1a: Celebi|91/100|[from] Sandstorm
|-heal|p2a: Celebi|60/100|[from] item: Leftovers
|-heal|p1a: Celebi|97/100|[from] item: Leftovers
|upkeep
|turn|10
|inactive|Garpachi has 240 seconds left.
|
|t:|1730944962
|switch|p2a: Snorlax|Snorlax, F|71/100
|-damage|p2a: Snorlax|59/100|[from] Spikes
|move|p1a: Celebi|Hidden Power|p2a: Snorlax
|-damage|p2a: Snorlax|47/100
|
|-weather|Sandstorm|[upkeep]
|-damage|p1a: Celebi|91/100|[from] Sandstorm
|-damage|p2a: Snorlax|40/100|[from] Sandstorm
|-heal|p1a: Celebi|97/100|[from] item: Leftovers
|-heal|p2a: Snorlax|47/100|[from] item: Leftovers
|upkeep
|turn|11
|inactive|Garpachi has 240 seconds left.
|
|t:|1730944974
|switch|p1a: Skarmory|Skarmory, F|100/100
|move|p2a: Snorlax|Body Slam|p1a: Skarmory
|-resisted|p1a: Skarmory
|-damage|p1a: Skarmory|85/100
|
|-weather|Sandstorm|[upkeep]
|-damage|p2a: Snorlax|40/100|[from] Sandstorm
|-heal|p1a: Skarmory|91/100|[from] item: Leftovers
|-heal|p2a: Snorlax|47/100|[from] item: Leftovers
|upkeep
|turn|12
|inactive|Garpachi has 240 seconds left.
|
|t:|1730944988
|switch|p2a: Zapdos|Zapdos|88/100
|move|p1a: Skarmory|Drill Peck|p2a: Zapdos
|-resisted|p2a: Zapdos
|-damage|p2a: Zapdos|74/100
|
|-weather|Sandstorm|[upkeep]
|-damage|p2a: Zapdos|67/100|[from] Sandstorm
|-heal|p2a: Zapdos|74/100|[from] item: Leftovers
|-heal|p1a: Skarmory|97/100|[from] item: Leftovers
|upkeep
|turn|13
|inactive|Garpachi has 240 seconds left.
|inactive|zinc3 has 270 seconds left.
|inactive|zinc3 has 240 seconds left.
|
|t:|1730945052
|switch|p1a: Celebi|Celebi|97/100
|move|p2a: Zapdos|Substitute|p2a: Zapdos
|-start|p2a: Zapdos|Substitute
|-damage|p2a: Zapdos|49/100
|
|-weather|Sandstorm|[upkeep]
|-damage|p2a: Zapdos|43/100|[from] Sandstorm
|-damage|p1a: Celebi|91/100|[from] Sandstorm
|-heal|p2a: Zapdos|49/100|[from] item: Leftovers
|-heal|p1a: Celebi|97/100|[from] item: Leftovers
|upkeep
|turn|14
|inactive|Garpachi has 240 seconds left.
|
|t:|1730945075
|move|p2a: Zapdos|Hidden Power|p1a: Celebi
|-supereffective|p1a: Celebi
|-damage|p1a: Celebi|53/100
|move|p1a: Celebi|Psychic|p2a: Zapdos
|-end|p2a: Zapdos|Substitute
|
|-weather|Sandstorm|[upkeep]
|-damage|p2a: Zapdos|43/100|[from] Sandstorm
|-damage|p1a: Celebi|47/100|[from] Sandstorm
|-heal|p2a: Zapdos|49/100|[from] item: Leftovers
|-heal|p1a: Celebi|53/100|[from] item: Leftovers
|upkeep
|turn|15
|inactive|zinc3 has 240 seconds left.
|
|t:|1730945101
|switch|p1a: Swampert|Swampert, F|100/100
|move|p2a: Zapdos|Baton Pass|p2a: Zapdos
|
|t:|1730945106
|switch|p2a: Celebi|Celebi|60/100|[from] Baton Pass
|-damage|p2a: Celebi|48/100|[from] Spikes
|
|-weather|Sandstorm|[upkeep]
|-damage|p2a: Celebi|42/100|[from] Sandstorm
|-heal|p2a: Celebi|48/100|[from] item: Leftovers
|upkeep
|turn|16
|
|t:|1730945116
|switch|p1a: Aerodactyl|Aerodactyl, M|100/100
|move|p2a: Celebi|Calm Mind|p2a: Celebi
|-boost|p2a: Celebi|spa|1
|-boost|p2a: Celebi|spd|1
|
|-weather|Sandstorm|[upkeep]
|-damage|p2a: Celebi|42/100|[from] Sandstorm
|-heal|p2a: Celebi|48/100|[from] item: Leftovers
|upkeep
|turn|17
|
|t:|1730945138
|switch|p2a: Swampert|Swampert, F|98/100
|-damage|p2a: Swampert|85/100|[from] Spikes
|move|p1a: Aerodactyl|Double-Edge|p2a: Swampert
|-damage|p2a: Swampert|48/100
|
|-weather|Sandstorm|[upkeep]
|-heal|p2a: Swampert|54/100|[from] item: Leftovers
|upkeep
|turn|18
|inactive|zinc3 has 240 seconds left.
|
|t:|1730945190
|switch|p1a: Skarmory|Skarmory, F|97/100
|move|p2a: Swampert|Ice Beam|p1a: Skarmory
|-damage|p1a: Skarmory|79/100
|
|-weather|Sandstorm|[upkeep]
|-heal|p1a: Skarmory|85/100|[from] item: Leftovers
|-heal|p2a: Swampert|60/100|[from] item: Leftovers
|upkeep
|turn|19
|inactive|zinc3 has 210 seconds left.
|
|t:|1730945211
|switch|p2a: Starmie|Starmie|100/100
|-damage|p2a: Starmie|88/100|[from] Spikes
|move|p1a: Skarmory|Roar|p2a: Starmie
|drag|p2a: Tyranitar|Tyranitar, M|100/100
|-damage|p2a: Tyranitar|88/100|[from] Spikes
|
|-weather|Sandstorm|[upkeep]
|-heal|p1a: Skarmory|91/100|[from] item: Leftovers
|upkeep
|turn|20
|inactive|zinc3 has 210 seconds left.
|
|t:|1730945227
|switch|p1a: Swampert|Swampert, F|100/100
|move|p2a: Tyranitar|Rock Slide|p1a: Swampert|[miss]
|-miss|p2a: Tyranitar|p1a: Swampert
|
|-weather|Sandstorm|[upkeep]
|upkeep
|turn|21
|
|t:|1730945237
|move|p2a: Tyranitar|Hidden Power|p1a: Swampert
|-supereffective|p1a: Swampert
|-damage|p1a: Swampert|42/100
|move|p1a: Swampert|Ice Beam|p2a: Tyranitar
|-damage|p2a: Tyranitar|58/100
|
|-weather|Sandstorm|[upkeep]
|-heal|p1a: Swampert|48/100|[from] item: Leftovers
|upkeep
|turn|22
|inactive|zinc3 has 210 seconds left.
|inactive|Garpachi has 210 seconds left.
|
|t:|1730945260
|switch|p1a: Celebi|Celebi|53/100
|move|p2a: Tyranitar|Rock Slide|p1a: Celebi|[miss]
|-miss|p2a: Tyranitar|p1a: Celebi
|
|-weather|Sandstorm|[upkeep]
|-damage|p1a: Celebi|47/100|[from] Sandstorm
|-heal|p1a: Celebi|53/100|[from] item: Leftovers
|upkeep
|turn|23
|inactive|Garpachi has 210 seconds left.
|
|t:|1730945289
|switch|p2a: Snorlax|Snorlax, F|47/100
|-damage|p2a: Snorlax|34/100|[from] Spikes
|move|p1a: Celebi|Giga Drain|p2a: Snorlax
|-damage|p2a: Snorlax|16/100
|-heal|p1a: Celebi|64/100|[from] drain|[of] p2a: Snorlax
|
|-weather|Sandstorm|[upkeep]
|-damage|p1a: Celebi|58/100|[from] Sandstorm
|-damage|p2a: Snorlax|10/100|[from] Sandstorm
|-heal|p1a: Celebi|64/100|[from] item: Leftovers
|-heal|p2a: Snorlax|16/100|[from] item: Leftovers
|upkeep
|turn|24
|inactive|zinc3 has 210 seconds left.
|
|t:|1730945306
|move|p1a: Celebi|Psychic|p2a: Snorlax
|-damage|p2a: Snorlax|0 fnt
|faint|p2a: Snorlax
|inactive|Garpachi has 180 seconds left.
|
|t:|1730945336
|switch|p2a: Zapdos|Zapdos|49/100
|
|-weather|Sandstorm|[upkeep]
|-damage|p2a: Zapdos|43/100|[from] Sandstorm
|-damage|p1a: Celebi|58/100|[from] Sandstorm
|-heal|p2a: Zapdos|49/100|[from] item: Leftovers
|-heal|p1a: Celebi|64/100|[from] item: Leftovers
|upkeep
|turn|25
|
|t:|1730945352
|switch|p1a: Swampert|Swampert, F|48/100
|move|p2a: Zapdos|Hidden Power|p1a: Swampert
|-damage|p1a: Swampert|27/100
|
|-weather|Sandstorm|[upkeep]
|-damage|p2a: Zapdos|43/100|[from] Sandstorm
|-heal|p2a: Zapdos|49/100|[from] item: Leftovers
|-heal|p1a: Swampert|33/100|[from] item: Leftovers
|upkeep
|turn|26
|
|t:|1730945361
|move|p2a: Zapdos|Baton Pass|p2a: Zapdos
|
|t:|1730945372
|switch|p2a: Starmie|Starmie|88/100|[from] Baton Pass
|-damage|p2a: Starmie|76/100|[from] Spikes
|move|p1a: Swampert|Ice Beam|p2a: Starmie
|-resisted|p2a: Starmie
|-damage|p2a: Starmie|59/100
|
|-weather|Sandstorm|[upkeep]
|-damage|p2a: Starmie|53/100|[from] Sandstorm
|-heal|p2a: Starmie|59/100|[from] item: Leftovers
|-heal|p1a: Swampert|39/100|[from] item: Leftovers
|upkeep
|turn|27
|inactive|zinc3 has 240 seconds left.
|inactive|Garpachi has 150 seconds left.
|
|t:|1730945400
|move|p2a: Starmie|Hydro Pump|p1a: Swampert
|-damage|p1a: Swampert|0 fnt
|faint|p1a: Swampert
|
|t:|1730945407
|switch|p1a: Aerodactyl|Aerodactyl, M|100/100
|
|-weather|Sandstorm|[upkeep]
|-damage|p2a: Starmie|53/100|[from] Sandstorm
|-heal|p2a: Starmie|59/100|[from] item: Leftovers
|upkeep
|turn|28
|inactive|Garpachi has 150 seconds left.
|inactive|Garpachi has 120 seconds left.
|inactive|Garpachi has 90 seconds left.
|inactive|Garpachi has 60 seconds left.
|
|t:|1730945508
|switch|p2a: Celebi|Celebi|48/100
|-damage|p2a: Celebi|35/100|[from] Spikes
|move|p1a: Aerodactyl|Double-Edge|p2a: Celebi
|-damage|p2a: Celebi|0 fnt
|faint|p2a: Celebi
|inactive|Garpachi has 60 seconds left.
|
|t:|1730945532
|switch|p2a: Tyranitar|Tyranitar, M|58/100
|-damage|p2a: Tyranitar|46/100|[from] Spikes
|
|-weather|Sandstorm|[upkeep]
|upkeep
|turn|29
|inactive|zinc3 has 240 seconds left.
|
|t:|1730945555
|switch|p1a: Celebi|Celebi|64/100
|move|p2a: Tyranitar|Dragon Dance|p2a: Tyranitar
|-boost|p2a: Tyranitar|atk|1
|-boost|p2a: Tyranitar|spe|1
|
|-weather|Sandstorm|[upkeep]
|-damage|p1a: Celebi|58/100|[from] Sandstorm
|-heal|p1a: Celebi|64/100|[from] item: Leftovers
|upkeep
|turn|30
|inactive|Garpachi has 60 seconds left.
|
|t:|1730945581
|move|p2a: Tyranitar|Rock Slide|p1a: Celebi
|-damage|p1a: Celebi|8/100
|move|p1a: Celebi|Giga Drain|p2a: Tyranitar
|-supereffective|p2a: Tyranitar
|-damage|p2a: Tyranitar|0 fnt
|-heal|p1a: Celebi|27/100|[from] drain|[of] p2a: Tyranitar
|faint|p2a: Tyranitar
|inactive|Garpachi has 30 seconds left.
|
|t:|1730945605
|switch|p2a: Zapdos|Zapdos|49/100
|
|-weather|Sandstorm|[upkeep]
|-damage|p2a: Zapdos|43/100|[from] Sandstorm
|-damage|p1a: Celebi|21/100|[from] Sandstorm
|-heal|p2a: Zapdos|49/100|[from] item: Leftovers
|-heal|p1a: Celebi|27/100|[from] item: Leftovers
|upkeep
|turn|31
|inactive|Garpachi has 30 seconds left.
|inactive|Garpachi has 20 seconds left.
|
|t:|1730945622
|move|p2a: Zapdos|Hidden Power|p1a: Celebi
|-supereffective|p1a: Celebi
|-damage|p1a: Celebi|0 fnt
|faint|p1a: Celebi
|inactive|Garpachi has 25 seconds left this turn.
|
|t:|1730945625
|switch|p1a: Aerodactyl|Aerodactyl, M|100/100
|
|-weather|Sandstorm|[upkeep]
|-damage|p2a: Zapdos|43/100|[from] Sandstorm
|-heal|p2a: Zapdos|49/100|[from] item: Leftovers
|upkeep
|turn|32
|inactive|Garpachi has 30 seconds left.
|
|t:|1730945640
|move|p1a: Aerodactyl|Double-Edge|p2a: Zapdos
|-damage|p2a: Zapdos|0 fnt
|faint|p2a: Zapdos
|inactive|Garpachi has 30 seconds left this turn.
|
|t:|1730945643
|switch|p2a: Swampert|Swampert, F|60/100
|-damage|p2a: Swampert|48/100|[from] Spikes
|
|-weather|Sandstorm|[upkeep]
|-heal|p2a: Swampert|54/100|[from] item: Leftovers
|upkeep
|turn|33
|inactive|zinc3 has 270 seconds left.
|inactive|Garpachi has 30 seconds left.
|
|t:|1730945666
|switch|p1a: Skarmory|Skarmory, F|91/100
|move|p2a: Swampert|Curse|p2a: Swampert
|-unboost|p2a: Swampert|spe|1
|-boost|p2a: Swampert|atk|1
|-boost|p2a: Swampert|def|1
|
|-weather|Sandstorm|[upkeep]
|-heal|p1a: Skarmory|97/100|[from] item: Leftovers
|-heal|p2a: Swampert|60/100|[from] item: Leftovers
|upkeep
|turn|34
|inactive|Garpachi has 30 seconds left.
|
|t:|1730945677
|move|p2a: Swampert|Ice Beam|p1a: Skarmory
|-damage|p1a: Skarmory|78/100
|move|p1a: Skarmory|Roar|p2a: Swampert
|drag|p2a: Starmie|Starmie|59/100
|-damage|p2a: Starmie|47/100|[from] Spikes
|
|-weather|Sandstorm|[upkeep]
|-damage|p2a: Starmie|41/100|[from] Sandstorm
|-heal|p2a: Starmie|47/100|[from] item: Leftovers
|-heal|p1a: Skarmory|84/100|[from] item: Leftovers
|upkeep
|turn|35
|inactive|zinc3 has 270 seconds left.
|inactive|Garpachi has 30 seconds left.
|
|t:|1730945696
|move|p2a: Starmie|Thunderbolt|p1a: Skarmory
|-supereffective|p1a: Skarmory
|-damage|p1a: Skarmory|36/100
|move|p1a: Skarmory|Drill Peck|p2a: Starmie
|-damage|p2a: Starmie|15/100
|
|-weather|Sandstorm|[upkeep]
|-damage|p2a: Starmie|9/100|[from] Sandstorm
|-heal|p2a: Starmie|15/100|[from] item: Leftovers
|-heal|p1a: Skarmory|42/100|[from] item: Leftovers
|upkeep
|turn|36
|inactive|Garpachi has 30 seconds left.
|
|t:|1730945708
|move|p2a: Starmie|Thunderbolt|p1a: Skarmory
|-supereffective|p1a: Skarmory
|-damage|p1a: Skarmory|0 fnt
|faint|p1a: Skarmory
|
|t:|1730945712
|switch|p1a: Aerodactyl|Aerodactyl, M|100/100
|
|-weather|Sandstorm|[upkeep]
|-damage|p2a: Starmie|9/100|[from] Sandstorm
|-heal|p2a: Starmie|15/100|[from] item: Leftovers
|upkeep
|turn|37
|
|t:|1730945720
|move|p1a: Aerodactyl|Double-Edge|p2a: Starmie
|-damage|p2a: Starmie|0 fnt
|faint|p2a: Starmie
|
|t:|1730945724
|switch|p2a: Swampert|Swampert, F|60/100
|-damage|p2a: Swampert|48/100|[from] Spikes
|
|-weather|Sandstorm|[upkeep]
|-heal|p2a: Swampert|54/100|[from] item: Leftovers
|upkeep
|turn|38
|
|t:|1730945729
|move|p1a: Aerodactyl|Double-Edge|p2a: Swampert
|-damage|p2a: Swampert|17/100
|move|p2a: Swampert|Curse|p2a: Swampert
|-unboost|p2a: Swampert|spe|1
|-boost|p2a: Swampert|atk|1
|-boost|p2a: Swampert|def|1
|
|-weather|Sandstorm|[upkeep]
|-heal|p2a: Swampert|23/100|[from] item: Leftovers
|upkeep
|turn|39
|
|t:|1730945738
|move|p1a: Aerodactyl|Double-Edge|p2a: Swampert
|-damage|p2a: Swampert|0 fnt
|faint|p2a: Swampert
|
|win|zinc3
|c|☆zinc3|gg
|c|☆Garpachi|gg

</script>
<script type="application/json" class="data" id="replaydata-smogtours-gen3ou-805058">
{"id":"smogtours-gen3ou-805058","format":"[Gen 3] OU","players":["zinc3","Garpachi"],"uploadtime":1730945738,"views":37,"formatid":"gen3ou","rating":null,"private":0,"password":null}
</script>

<script defer src="js/replays.js?9d40a366"></script>
