<!DOCTYPE html>
<meta charset="utf-8" />
<meta name="viewport" content="width=device-width" />

<title>[Gen 3] OU: beeoi vs. charku - Replays - Pok&eacute;mon Showdown!</title>

<meta name="description" content="Watch a replay of a Pok&eacute;mon battle between beeoi and charku! Format: [Gen 3] OU; Date: Oct 13, 2024" />
<!--

Hey, you! Looking in the source for the replay log?

You can find them in JSON format, just add `.json` at the end of a replay URL.

https://replay.pokemonshowdown.com/gen7randomdoublesbattle-865046831.json

Or, if you only need the log itself, add `.log` instead:

https://replay.pokemonshowdown.com/gen7randomdoublesbattle-865046831.log

-->

<link rel="stylesheet" href="//pokemonshowdown.com/style/global.css?0.767286132409787" />
<link rel="stylesheet" href="//play.pokemonshowdown.com/style/font-awesome.css?0.9266228007934947" />
<link rel="stylesheet" href="//play.pokemonshowdown.com/style/battle.css?0.7924700842790926" />
<link rel="stylesheet" href="//play.pokemonshowdown.com/style/utilichart.css?0.8777417872839479" />

<!-- Global site tag (gtag.js) - Google Analytics -->
<script async src="https://www.googletagmanager.com/gtag/js?id=UA-26211653-1"></script>
<script>
  window.dataLayer = window.dataLayer || [];
  function gtag(){dataLayer.push(arguments);}
  gtag('js', new Date());

  gtag('config', 'UA-26211653-1');
</script>
<!-- End Google Analytics -->
<!-- Venatus Ad Manager - Install in <HEAD> of page -->
	<script src="https://hb.vntsm.com/v3/live/ad-manager.min.js" type="text/javascript" data-site-id="642aba63ec9a7b11c3c9c1be" data-mode="scan" async></script>
<!-- / Venatus Ad Manager -->

<style>
	@media (max-width:820px) {
		.battle {
			margin: 0 auto;
		}
		.battle-log {
			margin: 7px auto 0;
			max-width: 640px;
			height: 300px;
			position: static;
		}
	}
	.optgroup {
		display: inline-block;
		line-height: 22px;
		font-size: 10pt;
	}
	.optgroup .button {
		height: 25px;
		padding-top: 0;
		padding-bottom: 0;
	}
	.optgroup button.button {
		padding-left: 12px;
		padding-right: 12px;
	}
	.linklist {
		list-style: none;
		margin: 0.5em 0;
		padding: 0;
	}
	.linklist li {
		padding: 2px 0;
	}
	.sidebar {
		float: left;
		width: 320px;
	}
	.bar-wrapper {
		max-width: 1100px;
		margin: 0 auto;
	}
	.bar-wrapper.has-sidebar {
		max-width: 1430px;
	}
	.mainbar {
		margin: 0;
		padding-right: 1px;
	}
	.mainbar.has-sidebar {
		margin-left: 330px;
	}
	@media (min-width: 1511px) {
		.sidebar {
			width: 400px;
		}
		.bar-wrapper.has-sidebar {
			max-width: 1510px;
		}
		.mainbar.has-sidebar {
			margin-left: 410px;
		}
	}
	.section.first-section {
		margin-top: 9px;
	}
	.blocklink small {
		white-space: normal;
	}
	.button {
		vertical-align: middle;
	}
	.replay-controls {
		padding-top: 10px;
	}
	.replay-controls h1 {
		font-size: 16pt;
		font-weight: normal;
		color: #CCC;
	}
	.pagelink {
		text-align: center;
	}
	.pagelink a {
		width: 150px;
	}
	.textbox, .button {
		font-size: 11pt;
		vertical-align: middle;
	}
	@media (max-width: 450px) {
		.button {
			font-size: 9pt;
		}
	}
</style>

<div>

	<header>
		<div class="nav-wrapper"><ul class="nav">
			<li><a class="button nav-first" href="//pokemonshowdown.com/"><img src="//pokemonshowdown.com/images/pokemonshowdownbeta.png" srcset="//pokemonshowdown.com/images/pokemonshowdownbeta.png 1x, //pokemonshowdown.com/images/pokemonshowdownbeta@2x.png 2x" alt="Pok&eacute;mon Showdown" width="146" height="44" /> Home</a></li>
			<li><a class="button" href="//pokemonshowdown.com/dex/">Pok&eacute;dex</a></li>
			<li><a class="button cur" href="/">Replays</a></li>
			<li><a class="button" href="//pokemonshowdown.com/ladder/">Ladder</a></li>
			<li><a class="button nav-last" href="//pokemonshowdown.com/forums/">Forum</a></li>
			<li><a class="button greenbutton nav-first nav-last" href="//play.pokemonshowdown.com/">Play</a></li>
		</ul></div>
	</header>

	<div class="main" id="main">

		<noscript><section class="section">You need to enable JavaScript to use this page; sorry!</section></noscript>

	</div>

</div>

<script defer nomodule src="//play.pokemonshowdown.com/js/lib/ps-polyfill.js"></script>
<script defer src="//play.pokemonshowdown.com/js/lib/preact.min.js"></script>

<script defer src="//play.pokemonshowdown.com/config/config.js?6dec07f6"></script>
<script defer src="//play.pokemonshowdown.com/js/lib/jquery-1.11.0.min.js"></script>
<script defer src="//play.pokemonshowdown.com/js/lib/html-sanitizer-minified.js"></script>
<script defer src="//play.pokemonshowdown.com/js/battle-sound.js"></script>
<script defer src="//play.pokemonshowdown.com/js/battledata.js?0.6315294753075389"></script>
<script defer src="//play.pokemonshowdown.com/data/pokedex-mini.js?0.7603743185311358"></script>
<script defer src="//play.pokemonshowdown.com/data/pokedex-mini-bw.js?0.030888842834281283"></script>
<script defer src="//play.pokemonshowdown.com/data/graphics.js?0.05593094747507488"></script>
<script defer src="//play.pokemonshowdown.com/data/pokedex.js?0.47064822249611904"></script>
<script defer src="//play.pokemonshowdown.com/data/moves.js?0.8583693120512459"></script>
<script defer src="//play.pokemonshowdown.com/data/abilities.js?0.16017181182386842"></script>
<script defer src="//play.pokemonshowdown.com/data/items.js?0.4163379185673943"></script>
<script defer src="//play.pokemonshowdown.com/data/teambuilder-tables.js?0.31075597372830477"></script>
<script defer src="//play.pokemonshowdown.com/js/battle-tooltips.js?0.6536193500708172"></script>
<script defer src="//play.pokemonshowdown.com/js/battle.js?0.1916591943277901"></script>

<script defer src="js/utils.js?e31f9a17"></script>
<script defer src="js/replays-battle.js?7008c182"></script>

<!-- don't scrape this data! just add .json or .log after the URL!
Full API docs: https://github.com/smogon/pokemon-showdown-client/blob/master/WEB-API.md -->
<script type="text/plain" class="log" id="replaylog-smogtours-gen3ou-798280">
|inactive|Battle timer is ON: inactive players will automatically lose when time's up.
|t:|1728846466
|gametype|singles
|player|p1|beeoi|mustard-master|
|player|p2|charku|2|
|teamsize|p1|6
|teamsize|p2|6
|gen|3
|tier|[Gen 3] OU
|rule|Sleep Clause Mod: Limit one foe put to sleep
|rule|Switch Priority Clause Mod: Faster Pokémon switch first
|rule|Species Clause: Limit one of each Pokémon
|rule|OHKO Clause: OHKO moves are banned
|rule|Evasion Items Clause: Evasion items are banned
|rule|Evasion Moves Clause: Evasion moves are banned
|rule|Endless Battle Clause: Forcing endless battles is banned
|rule|HP Percentage Mod: HP is shown in percentages
|rule|One Boost Passer Clause: Limit one Baton Passer that has a way to boost its stats
|rule|Freeze Clause Mod: Limit one foe frozen
|
|t:|1728846466
|start
|switch|p1a: Suicune|Suicune|100/100
|switch|p2a: Zapdos|Zapdos|100/100
|turn|1
|c|☆charku|gl hf
|c|☆beeoi|GLHF
|inactive|beeoi has 270 seconds left.
|inactive|charku has 270 seconds left.
|inactive|charku has 240 seconds left.
|
|t:|1728846551
|switch|p1a: Blissey|Blissey, F|100/100
|move|p2a: Zapdos|Baton Pass|p2a: Zapdos
|inactive|charku has 270 seconds left.
|
|t:|1728846570
|switch|p2a: Cloyster|Cloyster, F|100/100|[from] Baton Pass
|
|upkeep
|turn|2
|inactive|beeoi has 270 seconds left.
|inactive|charku has 270 seconds left.
|
|t:|1728846608
|switch|p1a: Magneton|Magneton|100/100
|move|p2a: Cloyster|Spikes|p1a: Magneton
|-sidestart|p1: beeoi|Spikes
|
|upkeep
|turn|3
|inactive|charku has 270 seconds left.
|
|t:|1728846617
|switch|p2a: Flygon|Flygon, M|100/100
|move|p1a: Magneton|Thunderbolt|p2a: Flygon
|-immune|p2a: Flygon
|
|upkeep
|turn|4
|inactive|beeoi has 270 seconds left.
|
|t:|1728846634
|switch|p1a: Claydol|Claydol|100/100
|move|p2a: Flygon|Earthquake|p1a: Claydol
|-immune|p1a: Claydol
|
|upkeep
|turn|5
|inactive|beeoi has 270 seconds left.
|inactive|charku has 270 seconds left.
|
|t:|1728846675
|switch|p2a: Celebi|Celebi|100/100
|move|p1a: Claydol|Psychic|p2a: Celebi
|-resisted|p2a: Celebi
|-damage|p2a: Celebi|91/100
|
|-heal|p2a: Celebi|97/100|[from] item: Leftovers
|upkeep
|turn|6
|inactive|beeoi has 270 seconds left.
|
|t:|1728846686
|move|p2a: Celebi|Leech Seed|p1a: Claydol|[miss]
|-miss|p2a: Celebi|p1a: Claydol
|move|p1a: Claydol|Rapid Spin|p2a: Celebi
|-damage|p2a: Celebi|94/100
|-sideend|p1: beeoi|Spikes|[from] move: Rapid Spin|[of] p1a: Claydol
|
|-heal|p2a: Celebi|99/100|[from] item: Leftovers
|upkeep
|turn|7
|inactive|beeoi has 270 seconds left.
|
|t:|1728846697
|switch|p1a: Skarmory|Skarmory, F|100/100
|move|p2a: Celebi|Leech Seed|p1a: Skarmory
|-start|p1a: Skarmory|move: Leech Seed
|
|-heal|p2a: Celebi|100/100|[from] item: Leftovers
|-damage|p1a: Skarmory|88/100|[from] Leech Seed|[of] p2a: Celebi
|upkeep
|turn|8
|inactive|charku has 270 seconds left.
|inactive|beeoi has 270 seconds left.
|
|t:|1728846712
|switch|p2a: Cloyster|Cloyster, F|100/100
|move|p1a: Skarmory|Toxic|p2a: Cloyster|[miss]
|-miss|p1a: Skarmory|p2a: Cloyster
|
|-heal|p1a: Skarmory|94/100|[from] item: Leftovers
|-damage|p1a: Skarmory|82/100|[from] Leech Seed|[of] p2a: Cloyster
|upkeep
|turn|9
|inactive|beeoi has 270 seconds left.
|
|t:|1728846724
|move|p2a: Cloyster|Spikes|p1a: Skarmory
|-sidestart|p1: beeoi|Spikes
|move|p1a: Skarmory|Toxic|p2a: Cloyster
|-status|p2a: Cloyster|tox
|
|-heal|p1a: Skarmory|88/100|[from] item: Leftovers
|-damage|p1a: Skarmory|76/100|[from] Leech Seed|[of] p2a: Cloyster
|-damage|p2a: Cloyster|94/100 tox|[from] psn
|upkeep
|turn|10
|inactive|charku has 270 seconds left.
|inactive|beeoi has 270 seconds left.
|
|t:|1728846739
|switch|p1a: Magneton|Magneton|100/100
|-damage|p1a: Magneton|88/100|[from] Spikes
|move|p2a: Cloyster|Spikes|p1a: Magneton
|-sidestart|p1: beeoi|Spikes
|
|-heal|p2a: Cloyster|100/100 tox|[from] item: Leftovers
|-damage|p2a: Cloyster|88/100 tox|[from] psn
|upkeep
|turn|11
|inactive|beeoi has 270 seconds left.
|inactive|charku has 270 seconds left.
|
|t:|1728846759
|switch|p2a: Celebi|Celebi|100/100
|move|p1a: Magneton|Thunderbolt|p2a: Celebi
|-resisted|p2a: Celebi
|-damage|p2a: Celebi|82/100
|
|-heal|p2a: Celebi|89/100|[from] item: Leftovers
|upkeep
|turn|12
|inactive|charku has 270 seconds left.
|
|t:|1728846771
|move|p2a: Celebi|Leech Seed|p1a: Magneton
|-start|p1a: Magneton|move: Leech Seed
|move|p1a: Magneton|Hidden Power|p2a: Celebi
|-supereffective|p2a: Celebi
|-damage|p2a: Celebi|55/100
|
|-heal|p2a: Celebi|61/100|[from] item: Leftovers
|-damage|p1a: Magneton|76/100|[from] Leech Seed|[of] p2a: Celebi
|-heal|p2a: Celebi|69/100|[silent]
|upkeep
|turn|13
|inactive|charku has 270 seconds left.
|
|t:|1728846783
|move|p2a: Celebi|Heal Bell|p2a: Celebi
|-activate|p2a: Celebi|move: Heal Bell
|-curestatus|p2: Cloyster|tox|[silent]
|move|p1a: Magneton|Toxic|p2a: Celebi|[miss]
|-miss|p1a: Magneton|p2a: Celebi
|
|-heal|p2a: Celebi|75/100|[from] item: Leftovers
|-damage|p1a: Magneton|63/100|[from] Leech Seed|[of] p2a: Celebi
|-heal|p2a: Celebi|82/100|[silent]
|upkeep
|turn|14
|inactive|charku has 270 seconds left.
|
|t:|1728846795
|switch|p1a: Claydol|Claydol|100/100
|move|p2a: Celebi|Giga Drain|p1a: Claydol
|-supereffective|p1a: Claydol
|-damage|p1a: Claydol|64/100
|-heal|p2a: Celebi|97/100|[from] drain|[of] p1a: Claydol
|
|-heal|p2a: Celebi|100/100|[from] item: Leftovers
|-heal|p1a: Claydol|71/100|[from] item: Leftovers
|upkeep
|turn|15
|inactive|charku has 270 seconds left.
|
|t:|1728846809
|switch|p1a: Salamence|Salamence, M|100/100
|-ability|p1a: Salamence|Intimidate|boost
|-unboost|p2a: Celebi|atk|1
|move|p2a: Celebi|Leech Seed|p1a: Salamence
|-start|p1a: Salamence|move: Leech Seed
|
|-damage|p1a: Salamence|88/100|[from] Leech Seed|[of] p2a: Celebi
|upkeep
|turn|16
|inactive|charku has 270 seconds left.
|inactive|charku has 240 seconds left.
|
|t:|1728846855
|switch|p2a: Cloyster|Cloyster, F|88/100
|move|p1a: Salamence|Toxic|p2a: Cloyster
|-status|p2a: Cloyster|tox
|
|-heal|p1a: Salamence|94/100|[from] item: Leftovers
|-damage|p1a: Salamence|82/100|[from] Leech Seed|[of] p2a: Cloyster
|-heal|p2a: Cloyster|100/100 tox|[silent]
|-damage|p2a: Cloyster|94/100 tox|[from] psn
|upkeep
|turn|17
|
|t:|1728846868
|switch|p1a: Skarmory|Skarmory, F|76/100
|move|p2a: Cloyster|Ice Beam|p1a: Skarmory
|-damage|p1a: Skarmory|52/100
|
|-heal|p2a: Cloyster|100/100 tox|[from] item: Leftovers
|-heal|p1a: Skarmory|58/100|[from] item: Leftovers
|-damage|p2a: Cloyster|88/100 tox|[from] psn
|upkeep
|turn|18
|
|t:|1728846879
|switch|p2a: Zapdos|Zapdos|100/100
|move|p1a: Skarmory|Spikes|p2a: Zapdos
|-sidestart|p2: charku|Spikes
|
|-heal|p1a: Skarmory|64/100|[from] item: Leftovers
|upkeep
|turn|19
|
|t:|1728846893
|move|p1a: Skarmory|Protect|p1a: Skarmory
|-singleturn|p1a: Skarmory|Protect
|move|p2a: Zapdos|Hidden Power|p1a: Skarmory
|-activate|p1a: Skarmory|Protect
|
|-heal|p1a: Skarmory|70/100|[from] item: Leftovers
|upkeep
|turn|20
|
|t:|1728846908
|switch|p1a: Blissey|Blissey, F|100/100
|-damage|p1a: Blissey|84/100|[from] Spikes
|move|p2a: Zapdos|Baton Pass|p2a: Zapdos
|inactive|charku has 240 seconds left.
|
|t:|1728846955
|switch|p2a: Tyranitar|Tyranitar, F|100/100|[from] Baton Pass
|-damage|p2a: Tyranitar|88/100|[from] Spikes
|-weather|Sandstorm|[from] ability: Sand Stream|[of] p2a: Tyranitar
|
|-weather|Sandstorm|[upkeep]
|-damage|p1a: Blissey|78/100|[from] Sandstorm
|-heal|p1a: Blissey|84/100|[from] item: Leftovers
|-heal|p2a: Tyranitar|94/100|[from] item: Leftovers
|upkeep
|turn|21
|inactive|beeoi has 270 seconds left.
|
|t:|1728846978
|-singleturn|p2a: Tyranitar|move: Focus Punch
|switch|p1a: Claydol|Claydol|71/100
|move|p2a: Tyranitar|Focus Punch|p1a: Claydol
|-resisted|p1a: Claydol
|-damage|p1a: Claydol|49/100
|
|-weather|Sandstorm|[upkeep]
|-heal|p1a: Claydol|55/100|[from] item: Leftovers
|-heal|p2a: Tyranitar|100/100|[from] item: Leftovers
|upkeep
|turn|22
|
|t:|1728846993
|move|p1a: Claydol|Rapid Spin|p2a: Tyranitar
|-resisted|p2a: Tyranitar
|-damage|p2a: Tyranitar|99/100
|-sideend|p1: beeoi|Spikes|[from] move: Rapid Spin|[of] p1a: Claydol
|move|p2a: Tyranitar|Ice Beam|p1a: Claydol
|-supereffective|p1a: Claydol
|-damage|p1a: Claydol|0 fnt
|faint|p1a: Claydol
|
|t:|1728847008
|switch|p1a: Suicune|Suicune|100/100
|
|-weather|Sandstorm|[upkeep]
|-damage|p1a: Suicune|94/100|[from] Sandstorm
|-heal|p1a: Suicune|100/100|[from] item: Leftovers
|-heal|p2a: Tyranitar|100/100|[from] item: Leftovers
|upkeep
|turn|23
|inactive|charku has 240 seconds left.
|
|t:|1728847019
|switch|p2a: Zapdos|Zapdos|100/100
|move|p1a: Suicune|Calm Mind|p1a: Suicune
|-boost|p1a: Suicune|spa|1
|-boost|p1a: Suicune|spd|1
|
|-weather|Sandstorm|[upkeep]
|-damage|p1a: Suicune|94/100|[from] Sandstorm
|-damage|p2a: Zapdos|94/100|[from] Sandstorm
|-heal|p1a: Suicune|100/100|[from] item: Leftovers
|-heal|p2a: Zapdos|100/100|[from] item: Leftovers
|upkeep
|turn|24
|
|t:|1728847036
|move|p1a: Suicune|Ice Beam|p2a: Zapdos
|-supereffective|p2a: Zapdos
|-damage|p2a: Zapdos|11/100
|move|p2a: Zapdos|Thunderbolt|p1a: Suicune
|-supereffective|p1a: Suicune
|-damage|p1a: Suicune|34/100
|
|-weather|Sandstorm|[upkeep]
|-damage|p1a: Suicune|28/100|[from] Sandstorm
|-damage|p2a: Zapdos|4/100|[from] Sandstorm
|-heal|p1a: Suicune|34/100|[from] item: Leftovers
|-heal|p2a: Zapdos|11/100|[from] item: Leftovers
|upkeep
|turn|25
|inactive|beeoi has 240 seconds left.
|
|t:|1728847051
|move|p1a: Suicune|Ice Beam|p2a: Zapdos
|-supereffective|p2a: Zapdos
|-damage|p2a: Zapdos|0 fnt
|faint|p2a: Zapdos
|inactive|charku has 240 seconds left.
|
|t:|1728847094
|switch|p2a: Flygon|Flygon, M|100/100
|
|-weather|Sandstorm|[upkeep]
|-damage|p1a: Suicune|28/100|[from] Sandstorm
|-heal|p1a: Suicune|34/100|[from] item: Leftovers
|upkeep
|turn|26
|
|t:|1728847108
|switch|p1a: Skarmory|Skarmory, F|70/100
|move|p2a: Flygon|Earthquake|p1a: Skarmory
|-immune|p1a: Skarmory
|
|-weather|Sandstorm|[upkeep]
|-heal|p1a: Skarmory|76/100|[from] item: Leftovers
|upkeep
|turn|27
|
|t:|1728847119
|switch|p2a: Tyranitar|Tyranitar, F|100/100
|-damage|p2a: Tyranitar|88/100|[from] Spikes
|move|p1a: Skarmory|Spikes|p2a: Tyranitar
|-sidestart|p2: charku|Spikes
|
|-weather|Sandstorm|[upkeep]
|-heal|p1a: Skarmory|82/100|[from] item: Leftovers
|-heal|p2a: Tyranitar|94/100|[from] item: Leftovers
|upkeep
|turn|28
|inactive|beeoi has 240 seconds left.
|
|t:|1728847141
|-singleturn|p2a: Tyranitar|move: Focus Punch
|move|p1a: Skarmory|Toxic|p2a: Tyranitar
|-status|p2a: Tyranitar|tox
|move|p2a: Tyranitar|Focus Punch|p1a: Skarmory
|-damage|p1a: Skarmory|45/100
|
|-weather|Sandstorm|[upkeep]
|-heal|p1a: Skarmory|51/100|[from] item: Leftovers
|-heal|p2a: Tyranitar|100/100 tox|[from] item: Leftovers
|-damage|p2a: Tyranitar|94/100 tox|[from] psn
|upkeep
|turn|29
|inactive|beeoi has 240 seconds left.
|
|t:|1728847156
|switch|p1a: Salamence|Salamence, M|82/100
|-ability|p1a: Salamence|Intimidate|boost
|-unboost|p2a: Tyranitar|atk|1
|move|p2a: Tyranitar|Flamethrower|p1a: Salamence
|-resisted|p1a: Salamence
|-damage|p1a: Salamence|61/100
|
|-weather|Sandstorm|[upkeep]
|-damage|p1a: Salamence|55/100|[from] Sandstorm
|-heal|p1a: Salamence|61/100|[from] item: Leftovers
|-heal|p2a: Tyranitar|100/100 tox|[from] item: Leftovers
|-damage|p2a: Tyranitar|88/100 tox|[from] psn
|upkeep
|turn|30
|inactive|charku has 240 seconds left.
|
|t:|1728847172
|switch|p2a: Celebi|Celebi|100/100
|-damage|p2a: Celebi|84/100|[from] Spikes
|move|p1a: Salamence|Brick Break|p2a: Celebi
|-resisted|p2a: Celebi
|-damage|p2a: Celebi|75/100
|
|-weather|Sandstorm|[upkeep]
|-damage|p1a: Salamence|55/100|[from] Sandstorm
|-damage|p2a: Celebi|68/100|[from] Sandstorm
|-heal|p1a: Salamence|61/100|[from] item: Leftovers
|-heal|p2a: Celebi|75/100|[from] item: Leftovers
|upkeep
|turn|31
|inactive|charku has 240 seconds left.
|
|t:|1728847187
|move|p1a: Salamence|Fire Blast|p2a: Celebi|[miss]
|-miss|p1a: Salamence|p2a: Celebi
|move|p2a: Celebi|Heal Bell|p2a: Celebi
|-activate|p2a: Celebi|move: Heal Bell
|-curestatus|p2: Cloyster|tox|[silent]
|-curestatus|p2: Tyranitar|tox|[silent]
|
|-weather|Sandstorm|[upkeep]
|-damage|p1a: Salamence|55/100|[from] Sandstorm
|-damage|p2a: Celebi|68/100|[from] Sandstorm
|-heal|p1a: Salamence|61/100|[from] item: Leftovers
|-heal|p2a: Celebi|75/100|[from] item: Leftovers
|upkeep
|turn|32
|inactive|charku has 240 seconds left.
|inactive|charku has 210 seconds left.
|
|t:|1728847243
|switch|p2a: Cloyster|Cloyster, F|88/100
|-damage|p2a: Cloyster|72/100|[from] Spikes
|move|p1a: Salamence|Dragon Claw|p2a: Cloyster
|-damage|p2a: Cloyster|11/100
|
|-weather|Sandstorm|[upkeep]
|-damage|p1a: Salamence|55/100|[from] Sandstorm
|-damage|p2a: Cloyster|5/100|[from] Sandstorm
|-heal|p1a: Salamence|61/100|[from] item: Leftovers
|-heal|p2a: Cloyster|11/100|[from] item: Leftovers
|upkeep
|turn|33
|
|t:|1728847255
|move|p1a: Salamence|Dragon Claw|p2a: Cloyster
|-damage|p2a: Cloyster|0 fnt
|faint|p2a: Cloyster
|
|t:|1728847264
|switch|p2a: Flygon|Flygon, M|100/100
|
|-weather|Sandstorm|[upkeep]
|-damage|p1a: Salamence|55/100|[from] Sandstorm
|-heal|p1a: Salamence|61/100|[from] item: Leftovers
|upkeep
|turn|34
|
|t:|1728847275
|move|p2a: Flygon|Rock Slide|p1a: Salamence|[miss]
|-miss|p2a: Flygon|p1a: Salamence
|move|p1a: Salamence|Dragon Claw|p2a: Flygon
|-supereffective|p2a: Flygon
|-damage|p2a: Flygon|0 fnt
|faint|p2a: Flygon
|inactive|charku has 210 seconds left.
|inactive|charku has 180 seconds left.
|inactive|charku has 150 seconds left.
|
|t:|1728847355
|switch|p2a: Celebi|Celebi|75/100
|-damage|p2a: Celebi|58/100|[from] Spikes
|
|-weather|Sandstorm|[upkeep]
|-damage|p1a: Salamence|55/100|[from] Sandstorm
|-damage|p2a: Celebi|52/100|[from] Sandstorm
|-heal|p1a: Salamence|61/100|[from] item: Leftovers
|-heal|p2a: Celebi|58/100|[from] item: Leftovers
|upkeep
|turn|35
|
|t:|1728847370
|move|p1a: Salamence|Fire Blast|p2a: Celebi
|-supereffective|p2a: Celebi
|-damage|p2a: Celebi|5/100
|move|p2a: Celebi|Leech Seed|p1a: Salamence
|-start|p1a: Salamence|move: Leech Seed
|
|-weather|Sandstorm|[upkeep]
|-damage|p1a: Salamence|55/100|[from] Sandstorm
|-damage|p2a: Celebi|0 fnt|[from] Sandstorm
|faint|p2a: Celebi
|-heal|p1a: Salamence|61/100|[from] item: Leftovers
|upkeep
|
|t:|1728847378
|switch|p2a: Machamp|Machamp, M|100/100
|-damage|p2a: Machamp|84/100|[from] Spikes
|turn|36
|inactive|beeoi has 240 seconds left.
|inactive|charku has 120 seconds left.
|inactive|charku has 90 seconds left.
|
|t:|1728847433
|switch|p1a: Suicune|Suicune|34/100
|move|p2a: Machamp|Rock Slide|p1a: Suicune|[miss]
|-miss|p2a: Machamp|p1a: Suicune
|
|-weather|Sandstorm|[upkeep]
|-damage|p1a: Suicune|28/100|[from] Sandstorm
|-damage|p2a: Machamp|78/100|[from] Sandstorm
|-heal|p1a: Suicune|34/100|[from] item: Leftovers
|-heal|p2a: Machamp|84/100|[from] item: Leftovers
|upkeep
|turn|37
|
|t:|1728847450
|move|p1a: Suicune|Surf|p2a: Machamp
|-damage|p2a: Machamp|37/100
|move|p2a: Machamp|Bulk Up|p2a: Machamp
|-boost|p2a: Machamp|atk|1
|-boost|p2a: Machamp|def|1
|
|-weather|Sandstorm|[upkeep]
|-damage|p1a: Suicune|28/100|[from] Sandstorm
|-damage|p2a: Machamp|31/100|[from] Sandstorm
|-heal|p1a: Suicune|34/100|[from] item: Leftovers
|-heal|p2a: Machamp|37/100|[from] item: Leftovers
|upkeep
|turn|38
|
|t:|1728847462
|move|p1a: Suicune|Surf|p2a: Machamp
|-damage|p2a: Machamp|0 fnt
|faint|p2a: Machamp
|
|t:|1728847464
|switch|p2a: Tyranitar|Tyranitar, F|88/100
|-damage|p2a: Tyranitar|72/100|[from] Spikes
|
|-weather|Sandstorm|[upkeep]
|-damage|p1a: Suicune|28/100|[from] Sandstorm
|-heal|p1a: Suicune|34/100|[from] item: Leftovers
|-heal|p2a: Tyranitar|78/100|[from] item: Leftovers
|upkeep
|turn|39
|
|t:|1728847471
|-singleturn|p2a: Tyranitar|move: Focus Punch
|move|p1a: Suicune|Surf|p2a: Tyranitar
|-supereffective|p2a: Tyranitar
|-damage|p2a: Tyranitar|7/100
|move|p2a: Tyranitar|Focus Punch||[still]
|cant|p2a: Tyranitar|Focus Punch|Focus Punch
|
|-weather|Sandstorm|[upkeep]
|-damage|p1a: Suicune|28/100|[from] Sandstorm
|-heal|p1a: Suicune|34/100|[from] item: Leftovers
|-heal|p2a: Tyranitar|13/100|[from] item: Leftovers
|upkeep
|turn|40
|
|t:|1728847482
|-singleturn|p2a: Tyranitar|move: Focus Punch
|move|p1a: Suicune|Surf|p2a: Tyranitar
|-supereffective|p2a: Tyranitar
|-damage|p2a: Tyranitar|0 fnt
|faint|p2a: Tyranitar
|
|win|beeoi
|c|☆beeoi|GG
|c|☆charku|gg
|player|p1|
|c|☆charku|100% accurate rock move when?
|c|☆charku|ancient power doesnt exist
|player|p2|
|player|p2|charku|2|

</script>
<script type="application/json" class="data" id="replaydata-smogtours-gen3ou-798280">
{"id":"smogtours-gen3ou-798280","format":"[Gen 3] OU","players":["beeoi","charku"],"uploadtime":1728847482,"views":93,"formatid":"gen3ou","rating":null,"private":0,"password":null}
</script>

<script defer src="js/replays.js?9d40a366"></script>
