<!DOCTYPE html>
<meta charset="utf-8" />
<meta name="viewport" content="width=device-width" />

<title>[Gen 3] OU: promeathean0056 vs. tsukinomiko - Replays - Pok&eacute;mon Showdown!</title>

<meta name="description" content="Watch a replay of a Pok&eacute;mon battle between promeathean0056 and tsukinomiko! Format: [Gen 3] OU; Date: Oct 23, 2024" />
<!--

Hey, you! Looking in the source for the replay log?

You can find them in JSON format, just add `.json` at the end of a replay URL.

https://replay.pokemonshowdown.com/gen7randomdoublesbattle-865046831.json

Or, if you only need the log itself, add `.log` instead:

https://replay.pokemonshowdown.com/gen7randomdoublesbattle-865046831.log

-->

<link rel="stylesheet" href="//pokemonshowdown.com/style/global.css?0.023195364461161105" />
<link rel="stylesheet" href="//play.pokemonshowdown.com/style/font-awesome.css?0.13261647063804238" />
<link rel="stylesheet" href="//play.pokemonshowdown.com/style/battle.css?0.8753245789963631" />
<link rel="stylesheet" href="//play.pokemonshowdown.com/style/utilichart.css?0.8627959624976733" />

<!-- Global site tag (gtag.js) - Google Analytics -->
<script async src="https://www.googletagmanager.com/gtag/js?id=UA-26211653-1"></script>
<script>
  window.dataLayer = window.dataLayer || [];
  function gtag(){dataLayer.push(arguments);}
  gtag('js', new Date());

  gtag('config', 'UA-26211653-1');
</script>
<!-- End Google Analytics -->
<!-- Venatus Ad Manager - Install in <HEAD> of page -->
	<script src="https://hb.vntsm.com/v3/live/ad-manager.min.js" type="text/javascript" data-site-id="642aba63ec9a7b11c3c9c1be" data-mode="scan" async></script>
<!-- / Venatus Ad Manager -->

<style>
	@media (max-width:820px) {
		.battle {
			margin: 0 auto;
		}
		.battle-log {
			margin: 7px auto 0;
			max-width: 640px;
			height: 300px;
			position: static;
		}
	}
	.optgroup {
		display: inline-block;
		line-height: 22px;
		font-size: 10pt;
	}
	.optgroup .button {
		height: 25px;
		padding-top: 0;
		padding-bottom: 0;
	}
	.optgroup button.button {
		padding-left: 12px;
		padding-right: 12px;
	}
	.linklist {
		list-style: none;
		margin: 0.5em 0;
		padding: 0;
	}
	.linklist li {
		padding: 2px 0;
	}
	.sidebar {
		float: left;
		width: 320px;
	}
	.bar-wrapper {
		max-width: 1100px;
		margin: 0 auto;
	}
	.bar-wrapper.has-sidebar {
		max-width: 1430px;
	}
	.mainbar {
		margin: 0;
		padding-right: 1px;
	}
	.mainbar.has-sidebar {
		margin-left: 330px;
	}
	@media (min-width: 1511px) {
		.sidebar {
			width: 400px;
		}
		.bar-wrapper.has-sidebar {
			max-width: 1510px;
		}
		.mainbar.has-sidebar {
			margin-left: 410px;
		}
	}
	.section.first-section {
		margin-top: 9px;
	}
	.blocklink small {
		white-space: normal;
	}
	.button {
		vertical-align: middle;
	}
	.replay-controls {
		padding-top: 10px;
	}
	.replay-controls h1 {
		font-size: 16pt;
		font-weight: normal;
		color: #CCC;
	}
	.pagelink {
		text-align: center;
	}
	.pagelink a {
		width: 150px;
	}
	.textbox, .button {
		font-size: 11pt;
		vertical-align: middle;
	}
	@media (max-width: 450px) {
		.button {
			font-size: 9pt;
		}
	}
</style>

<div>

	<header>
		<div class="nav-wrapper"><ul class="nav">
			<li><a class="button nav-first" href="//pokemonshowdown.com/"><img src="//pokemonshowdown.com/images/pokemonshowdownbeta.png" srcset="//pokemonshowdown.com/images/pokemonshowdownbeta.png 1x, //pokemonshowdown.com/images/pokemonshowdownbeta@2x.png 2x" alt="Pok&eacute;mon Showdown" width="146" height="44" /> Home</a></li>
			<li><a class="button" href="//pokemonshowdown.com/dex/">Pok&eacute;dex</a></li>
			<li><a class="button cur" href="/">Replays</a></li>
			<li><a class="button" href="//pokemonshowdown.com/ladder/">Ladder</a></li>
			<li><a class="button nav-last" href="//pokemonshowdown.com/forums/">Forum</a></li>
			<li><a class="button greenbutton nav-first nav-last" href="//play.pokemonshowdown.com/">Play</a></li>
		</ul></div>
	</header>

	<div class="main" id="main">

		<noscript><section class="section">You need to enable JavaScript to use this page; sorry!</section></noscript>

	</div>

</div>

<script defer nomodule src="//play.pokemonshowdown.com/js/lib/ps-polyfill.js"></script>
<script defer src="//play.pokemonshowdown.com/js/lib/preact.min.js"></script>

<script defer src="//play.pokemonshowdown.com/config/config.js?2bddbc15"></script>
<script defer src="//play.pokemonshowdown.com/js/lib/jquery-1.11.0.min.js"></script>
<script defer src="//play.pokemonshowdown.com/js/lib/html-sanitizer-minified.js"></script>
<script defer src="//play.pokemonshowdown.com/js/battle-sound.js"></script>
<script defer src="//play.pokemonshowdown.com/js/battledata.js?0.7209276989879541"></script>
<script defer src="//play.pokemonshowdown.com/data/pokedex-mini.js?0.6111056340867951"></script>
<script defer src="//play.pokemonshowdown.com/data/pokedex-mini-bw.js?0.3532142036491459"></script>
<script defer src="//play.pokemonshowdown.com/data/graphics.js?0.24223875632456182"></script>
<script defer src="//play.pokemonshowdown.com/data/pokedex.js?0.38839984266356864"></script>
<script defer src="//play.pokemonshowdown.com/data/moves.js?0.21866028504024015"></script>
<script defer src="//play.pokemonshowdown.com/data/abilities.js?0.2005157953846628"></script>
<script defer src="//play.pokemonshowdown.com/data/items.js?0.9894211263848525"></script>
<script defer src="//play.pokemonshowdown.com/data/teambuilder-tables.js?0.6008791140282215"></script>
<script defer src="//play.pokemonshowdown.com/js/battle-tooltips.js?0.7580118955022959"></script>
<script defer src="//play.pokemonshowdown.com/js/battle.js?0.6057722274234274"></script>

<script defer src="js/utils.js?e31f9a17"></script>
<script defer src="js/replays-battle.js?7008c182"></script>

<!-- don't scrape this data! just add .json or .log after the URL!
Full API docs: https://github.com/smogon/pokemon-showdown-client/blob/master/WEB-API.md -->
<script type="text/plain" class="log" id="replaylog-smogtours-gen3ou-801473">
|inactive|Battle timer is ON: inactive players will automatically lose when time's up.
|t:|1729725099
|gametype|singles
|player|p1|promeathean0056|2|
|player|p2|tsukinomiko|bellelba|
|teamsize|p1|6
|teamsize|p2|6
|gen|3
|tier|[Gen 3] OU
|rule|Sleep Clause Mod: Limit one foe put to sleep
|rule|Switch Priority Clause Mod: Faster Pokémon switch first
|rule|Species Clause: Limit one of each Pokémon
|rule|OHKO Clause: OHKO moves are banned
|rule|Evasion Items Clause: Evasion items are banned
|rule|Evasion Moves Clause: Evasion moves are banned
|rule|Endless Battle Clause: Forcing endless battles is banned
|rule|HP Percentage Mod: HP is shown in percentages
|rule|One Boost Passer Clause: Limit one Baton Passer that has a way to boost its stats
|rule|Freeze Clause Mod: Limit one foe frozen
|
|t:|1729725099
|start
|switch|p1a: Zapdos|Zapdos|100/100
|switch|p2a: Despotar|Tyranitar, M, shiny|100/100
|-weather|Sandstorm|[from] ability: Sand Stream|[of] p2a: Despotar
|turn|1
|
|t:|1729725111
|switch|p1a: Swampert|Swampert, M|100/100
|move|p2a: Despotar|Rock Slide|p1a: Swampert
|-resisted|p1a: Swampert
|-damage|p1a: Swampert|90/100
|
|-weather|Sandstorm|[upkeep]
|-heal|p1a: Swampert|96/100|[from] item: Leftovers
|upkeep
|turn|2
|
|t:|1729725125
|move|p2a: Despotar|Hidden Power|p1a: Swampert
|-supereffective|p1a: Swampert
|-damage|p1a: Swampert|28/100
|move|p1a: Swampert|Roar|p2a: Despotar
|drag|p2a: Blissey|Blissey, F|100/100
|
|-weather|Sandstorm|[upkeep]
|-damage|p2a: Blissey|94/100|[from] Sandstorm
|-heal|p2a: Blissey|100/100|[from] item: Leftovers
|-heal|p1a: Swampert|34/100|[from] item: Leftovers
|upkeep
|turn|3
|
|t:|1729725141
|move|p1a: Swampert|Protect|p1a: Swampert
|-singleturn|p1a: Swampert|Protect
|move|p2a: Blissey|Seismic Toss|p1a: Swampert
|-activate|p1a: Swampert|Protect
|
|-weather|Sandstorm|[upkeep]
|-damage|p2a: Blissey|94/100|[from] Sandstorm
|-heal|p2a: Blissey|100/100|[from] item: Leftovers
|-heal|p1a: Swampert|40/100|[from] item: Leftovers
|upkeep
|turn|4
|
|t:|1729725154
|switch|p1a: Forretress|Forretress, M, shiny|100/100
|move|p2a: Blissey|Seismic Toss|p1a: Forretress
|-damage|p1a: Forretress|72/100
|
|-weather|Sandstorm|[upkeep]
|-damage|p2a: Blissey|94/100|[from] Sandstorm
|-heal|p2a: Blissey|100/100|[from] item: Leftovers
|-heal|p1a: Forretress|78/100|[from] item: Leftovers
|upkeep
|turn|5
|
|t:|1729725164
|move|p2a: Blissey|Sing|p1a: Forretress|[miss]
|-miss|p2a: Blissey|p1a: Forretress
|move|p1a: Forretress|Spikes|p2a: Blissey
|-sidestart|p2: tsukinomiko|Spikes
|
|-weather|Sandstorm|[upkeep]
|-damage|p2a: Blissey|94/100|[from] Sandstorm
|-heal|p2a: Blissey|100/100|[from] item: Leftovers
|-heal|p1a: Forretress|85/100|[from] item: Leftovers
|upkeep
|turn|6
|
|t:|1729725177
|switch|p1a: Blissey|Blissey, F|100/100
|move|p2a: Blissey|Sing|p1a: Blissey|[miss]
|-miss|p2a: Blissey|p1a: Blissey
|
|-weather|Sandstorm|[upkeep]
|-damage|p1a: Blissey|94/100|[from] Sandstorm
|-damage|p2a: Blissey|94/100|[from] Sandstorm
|-heal|p1a: Blissey|100/100|[from] item: Leftovers
|-heal|p2a: Blissey|100/100|[from] item: Leftovers
|upkeep
|turn|7
|
|t:|1729725187
|move|p1a: Blissey|Wish|p1a: Blissey
|move|p2a: Blissey|Sing|p1a: Blissey
|-status|p1a: Blissey|slp|[from] move: Sing
|
|-weather|Sandstorm|[upkeep]
|-damage|p1a: Blissey|94/100 slp|[from] Sandstorm
|-damage|p2a: Blissey|94/100|[from] Sandstorm
|-heal|p1a: Blissey|100/100 slp|[from] item: Leftovers
|-heal|p2a: Blissey|100/100|[from] item: Leftovers
|upkeep
|turn|8
|
|t:|1729725196
|-curestatus|p1a: Blissey|slp|[from] ability: Natural Cure
|switch|p1a: Swampert|Swampert, M|40/100
|move|p2a: Blissey|Sing|p1a: Swampert|[miss]
|-miss|p2a: Blissey|p1a: Swampert
|
|-heal|p1a: Swampert|90/100|[from] move: Wish|[wisher] Blissey
|-weather|Sandstorm|[upkeep]
|-damage|p2a: Blissey|94/100|[from] Sandstorm
|-heal|p2a: Blissey|100/100|[from] item: Leftovers
|-heal|p1a: Swampert|96/100|[from] item: Leftovers
|upkeep
|turn|9
|
|t:|1729725211
|move|p2a: Blissey|Seismic Toss|p1a: Swampert
|-damage|p1a: Swampert|71/100
|move|p1a: Swampert|Earthquake|p2a: Blissey
|-damage|p2a: Blissey|62/100
|
|-weather|Sandstorm|[upkeep]
|-damage|p2a: Blissey|56/100|[from] Sandstorm
|-heal|p2a: Blissey|62/100|[from] item: Leftovers
|-heal|p1a: Swampert|77/100|[from] item: Leftovers
|upkeep
|turn|10
|
|t:|1729725222
|move|p2a: Blissey|Soft-Boiled|p2a: Blissey
|-heal|p2a: Blissey|100/100
|move|p1a: Swampert|Roar|p2a: Blissey
|drag|p2a: Despotar|Tyranitar, M, shiny|100/100
|-damage|p2a: Despotar|88/100|[from] Spikes
|
|-weather|Sandstorm|[upkeep]
|-heal|p1a: Swampert|84/100|[from] item: Leftovers
|upkeep
|turn|11
|
|t:|1729725232
|move|p1a: Swampert|Protect|p1a: Swampert
|-singleturn|p1a: Swampert|Protect
|move|p2a: Despotar|Hidden Power|p1a: Swampert
|-activate|p1a: Swampert|Protect
|
|-weather|Sandstorm|[upkeep]
|-heal|p1a: Swampert|90/100|[from] item: Leftovers
|upkeep
|turn|12
|
|t:|1729725247
|switch|p1a: Forretress|Forretress, M, shiny|85/100
|move|p2a: Despotar|Hidden Power|p1a: Forretress
|-resisted|p1a: Forretress
|-damage|p1a: Forretress|80/100
|
|-weather|Sandstorm|[upkeep]
|-heal|p1a: Forretress|87/100|[from] item: Leftovers
|upkeep
|turn|13
|
|t:|1729725257
|move|p2a: Despotar|Fire Blast|p1a: Forretress
|-supereffective|p1a: Forretress
|-damage|p1a: Forretress|0 fnt
|faint|p1a: Forretress
|inactive|promeathean0056 has 270 seconds left.
|
|t:|1729725291
|switch|p1a: Breloom|Breloom, M|100/100
|
|-weather|Sandstorm|[upkeep]
|-damage|p1a: Breloom|94/100|[from] Sandstorm
|-heal|p1a: Breloom|100/100|[from] item: Leftovers
|upkeep
|turn|14
|inactive|promeathean0056 has 270 seconds left.
|
|t:|1729725300
|move|p1a: Breloom|Spore|p2a: Despotar
|-status|p2a: Despotar|slp|[from] move: Spore
|cant|p2a: Despotar|slp
|
|-weather|Sandstorm|[upkeep]
|-damage|p1a: Breloom|94/100|[from] Sandstorm
|-heal|p1a: Breloom|100/100|[from] item: Leftovers
|upkeep
|turn|15
|
|t:|1729725308
|-singleturn|p1a: Breloom|move: Focus Punch
|switch|p2a: Tiamat|Salamence, F|100/100
|-ability|p2a: Tiamat|Intimidate|boost
|-unboost|p1a: Breloom|atk|1
|move|p1a: Breloom|Focus Punch|p2a: Tiamat
|-resisted|p2a: Tiamat
|-damage|p2a: Tiamat|67/100
|
|-weather|Sandstorm|[upkeep]
|-damage|p2a: Tiamat|61/100|[from] Sandstorm
|-damage|p1a: Breloom|94/100|[from] Sandstorm
|-heal|p2a: Tiamat|67/100|[from] item: Leftovers
|-heal|p1a: Breloom|100/100|[from] item: Leftovers
|upkeep
|turn|16
|
|t:|1729725320
|switch|p1a: Swampert|Swampert, M|90/100
|move|p2a: Tiamat|Hidden Power|p1a: Swampert
|-damage|p1a: Swampert|62/100
|
|-weather|Sandstorm|[upkeep]
|-damage|p2a: Tiamat|61/100|[from] Sandstorm
|-heal|p2a: Tiamat|67/100|[from] item: Leftovers
|-heal|p1a: Swampert|68/100|[from] item: Leftovers
|upkeep
|turn|17
|
|t:|1729725329
|switch|p2a: Prelati|Jirachi, shiny|100/100
|-damage|p2a: Prelati|88/100|[from] Spikes
|move|p1a: Swampert|Ice Beam|p2a: Prelati
|-resisted|p2a: Prelati
|-damage|p2a: Prelati|80/100
|
|-weather|Sandstorm|[upkeep]
|-heal|p2a: Prelati|86/100|[from] item: Leftovers
|-heal|p1a: Swampert|74/100|[from] item: Leftovers
|upkeep
|turn|18
|
|t:|1729725341
|move|p1a: Swampert|Protect|p1a: Swampert
|-singleturn|p1a: Swampert|Protect
|move|p2a: Prelati|Hidden Power|p1a: Swampert
|-activate|p1a: Swampert|Protect
|
|-weather|Sandstorm|[upkeep]
|-heal|p2a: Prelati|92/100|[from] item: Leftovers
|-heal|p1a: Swampert|80/100|[from] item: Leftovers
|upkeep
|turn|19
|
|t:|1729725351
|switch|p1a: Blissey|Blissey, F|100/100
|move|p2a: Prelati|Calm Mind|p2a: Prelati
|-boost|p2a: Prelati|spa|1
|-boost|p2a: Prelati|spd|1
|
|-weather|Sandstorm|[upkeep]
|-damage|p1a: Blissey|94/100|[from] Sandstorm
|-heal|p2a: Prelati|98/100|[from] item: Leftovers
|-heal|p1a: Blissey|100/100|[from] item: Leftovers
|upkeep
|turn|20
|
|t:|1729725366
|move|p2a: Prelati|Calm Mind|p2a: Prelati
|-boost|p2a: Prelati|spa|1
|-boost|p2a: Prelati|spd|1
|move|p1a: Blissey|Seismic Toss|p2a: Prelati
|-damage|p2a: Prelati|73/100
|
|-weather|Sandstorm|[upkeep]
|-damage|p1a: Blissey|94/100|[from] Sandstorm
|-heal|p2a: Prelati|79/100|[from] item: Leftovers
|-heal|p1a: Blissey|100/100|[from] item: Leftovers
|upkeep
|turn|21
|
|t:|1729725380
|switch|p1a: Zapdos|Zapdos|100/100
|move|p2a: Prelati|Calm Mind|p2a: Prelati
|-boost|p2a: Prelati|spa|1
|-boost|p2a: Prelati|spd|1
|
|-weather|Sandstorm|[upkeep]
|-damage|p1a: Zapdos|94/100|[from] Sandstorm
|-heal|p2a: Prelati|85/100|[from] item: Leftovers
|-heal|p1a: Zapdos|100/100|[from] item: Leftovers
|upkeep
|turn|22
|
|t:|1729725389
|move|p2a: Prelati|Psychic|p1a: Zapdos
|-damage|p1a: Zapdos|0 fnt
|faint|p1a: Zapdos
|
|t:|1729725401
|switch|p1a: Blissey|Blissey, F|100/100
|
|-weather|Sandstorm|[upkeep]
|-damage|p1a: Blissey|94/100|[from] Sandstorm
|-heal|p2a: Prelati|91/100|[from] item: Leftovers
|-heal|p1a: Blissey|100/100|[from] item: Leftovers
|upkeep
|turn|23
|
|t:|1729725427
|move|p2a: Prelati|Calm Mind|p2a: Prelati
|-boost|p2a: Prelati|spa|1
|-boost|p2a: Prelati|spd|1
|move|p1a: Blissey|Ice Beam|p2a: Prelati
|-resisted|p2a: Prelati
|-damage|p2a: Prelati|87/100
|
|-weather|Sandstorm|[upkeep]
|-damage|p1a: Blissey|94/100|[from] Sandstorm
|-heal|p2a: Prelati|93/100|[from] item: Leftovers
|-heal|p1a: Blissey|100/100|[from] item: Leftovers
|upkeep
|turn|24
|
|t:|1729725437
|move|p2a: Prelati|Psychic|p1a: Blissey
|-damage|p1a: Blissey|53/100
|move|p1a: Blissey|Ice Beam|p2a: Prelati
|-resisted|p2a: Prelati
|-damage|p2a: Prelati|90/100
|
|-weather|Sandstorm|[upkeep]
|-damage|p1a: Blissey|47/100|[from] Sandstorm
|-heal|p2a: Prelati|96/100|[from] item: Leftovers
|-heal|p1a: Blissey|53/100|[from] item: Leftovers
|upkeep
|turn|25
|
|t:|1729725450
|move|p2a: Prelati|Psychic|p1a: Blissey
|-damage|p1a: Blissey|7/100
|move|p1a: Blissey|Soft-Boiled|p1a: Blissey
|-heal|p1a: Blissey|57/100
|
|-weather|Sandstorm|[upkeep]
|-damage|p1a: Blissey|51/100|[from] Sandstorm
|-heal|p2a: Prelati|100/100|[from] item: Leftovers
|-heal|p1a: Blissey|57/100|[from] item: Leftovers
|upkeep
|turn|26
|
|t:|1729725459
|move|p2a: Prelati|Calm Mind|p2a: Prelati
|-boost|p2a: Prelati|spa|1
|-boost|p2a: Prelati|spd|1
|move|p1a: Blissey|Soft-Boiled|p1a: Blissey
|-heal|p1a: Blissey|100/100
|
|-weather|Sandstorm|[upkeep]
|-damage|p1a: Blissey|94/100|[from] Sandstorm
|-heal|p1a: Blissey|100/100|[from] item: Leftovers
|upkeep
|turn|27
|
|t:|1729725468
|move|p2a: Prelati|Psychic|p1a: Blissey
|-damage|p1a: Blissey|46/100
|-unboost|p1a: Blissey|spd|1
|move|p1a: Blissey|Ice Beam|p2a: Prelati
|-resisted|p2a: Prelati
|-damage|p2a: Prelati|97/100
|-status|p2a: Prelati|frz
|
|-weather|Sandstorm|[upkeep]
|-damage|p1a: Blissey|40/100|[from] Sandstorm
|-heal|p2a: Prelati|100/100 frz|[from] item: Leftovers
|-heal|p1a: Blissey|46/100|[from] item: Leftovers
|upkeep
|turn|28
|
|t:|1729725479
|switch|p1a: Swampert|Swampert, M|80/100
|cant|p2a: Prelati|frz
|
|-weather|Sandstorm|[upkeep]
|-heal|p1a: Swampert|87/100|[from] item: Leftovers
|upkeep
|turn|29
|inactive|tsukinomiko has 270 seconds left.
|inactive|tsukinomiko has 240 seconds left.
|
|t:|1729725542
|switch|p2a: Blissey|Blissey, F|100/100
|-damage|p2a: Blissey|88/100|[from] Spikes
|move|p1a: Swampert|Roar|p2a: Blissey
|drag|p2a: Tiamat|Salamence, F|67/100
|-ability|p2a: Tiamat|Intimidate|boost
|-unboost|p1a: Swampert|atk|1
|
|-weather|Sandstorm|[upkeep]
|-damage|p2a: Tiamat|61/100|[from] Sandstorm
|-heal|p2a: Tiamat|67/100|[from] item: Leftovers
|-heal|p1a: Swampert|93/100|[from] item: Leftovers
|upkeep
|turn|30
|inactive|tsukinomiko has 240 seconds left.
|
|t:|1729725554
|switch|p2a: Blissey|Blissey, F|88/100
|-damage|p2a: Blissey|76/100|[from] Spikes
|move|p1a: Swampert|Ice Beam|p2a: Blissey
|-damage|p2a: Blissey|67/100
|
|-weather|Sandstorm|[upkeep]
|-damage|p2a: Blissey|61/100|[from] Sandstorm
|-heal|p2a: Blissey|67/100|[from] item: Leftovers
|-heal|p1a: Swampert|99/100|[from] item: Leftovers
|upkeep
|turn|31
|inactive|tsukinomiko has 240 seconds left.
|
|t:|1729725569
|switch|p1a: Blissey|Blissey, F|46/100
|move|p2a: Blissey|Sing|p1a: Blissey
|-status|p1a: Blissey|slp|[from] move: Sing
|
|-weather|Sandstorm|[upkeep]
|-damage|p1a: Blissey|40/100 slp|[from] Sandstorm
|-damage|p2a: Blissey|61/100|[from] Sandstorm
|-heal|p1a: Blissey|46/100 slp|[from] item: Leftovers
|-heal|p2a: Blissey|67/100|[from] item: Leftovers
|upkeep
|turn|32
|inactive|tsukinomiko has 240 seconds left.
|
|t:|1729725596
|move|p2a: Blissey|Ice Beam|p1a: Blissey
|-damage|p1a: Blissey|36/100 slp
|cant|p1a: Blissey|slp
|
|-weather|Sandstorm|[upkeep]
|-damage|p2a: Blissey|61/100|[from] Sandstorm
|-damage|p1a: Blissey|30/100 slp|[from] Sandstorm
|-heal|p1a: Blissey|36/100 slp|[from] item: Leftovers
|-heal|p2a: Blissey|67/100|[from] item: Leftovers
|upkeep
|turn|33
|
|t:|1729725615
|move|p2a: Blissey|Seismic Toss|p1a: Blissey
|-damage|p1a: Blissey|21/100 slp
|-curestatus|p1a: Blissey|slp|[msg]
|move|p1a: Blissey|Soft-Boiled|p1a: Blissey
|-heal|p1a: Blissey|71/100
|
|-weather|Sandstorm|[upkeep]
|-damage|p1a: Blissey|65/100|[from] Sandstorm
|-damage|p2a: Blissey|61/100|[from] Sandstorm
|-heal|p1a: Blissey|71/100|[from] item: Leftovers
|-heal|p2a: Blissey|67/100|[from] item: Leftovers
|upkeep
|turn|34
|
|t:|1729725628
|move|p1a: Blissey|Seismic Toss|p2a: Blissey
|-damage|p2a: Blissey|52/100
|move|p2a: Blissey|Sing|p1a: Blissey
|-status|p1a: Blissey|slp|[from] move: Sing
|
|-weather|Sandstorm|[upkeep]
|-damage|p1a: Blissey|65/100 slp|[from] Sandstorm
|-damage|p2a: Blissey|46/100|[from] Sandstorm
|-heal|p2a: Blissey|52/100|[from] item: Leftovers
|-heal|p1a: Blissey|71/100 slp|[from] item: Leftovers
|upkeep
|turn|35
|
|t:|1729725646
|-curestatus|p1a: Blissey|slp|[from] ability: Natural Cure
|switch|p1a: Swampert|Swampert, M|99/100
|switch|p2a: Despotar|Tyranitar, M, shiny|88/100 slp
|-damage|p2a: Despotar|76/100 slp|[from] Spikes
|
|-weather|Sandstorm|[upkeep]
|-heal|p1a: Swampert|100/100|[from] item: Leftovers
|upkeep
|turn|36
|
|t:|1729725662
|cant|p2a: Despotar|slp
|move|p1a: Swampert|Earthquake|p2a: Despotar
|-supereffective|p2a: Despotar
|-damage|p2a: Despotar|21/100 slp
|
|-weather|Sandstorm|[upkeep]
|-enditem|p2a: Despotar|Salac Berry|[eat]
|-boost|p2a: Despotar|spe|1|[from] item: Salac Berry
|upkeep
|turn|37
|
|t:|1729725673
|cant|p2a: Despotar|slp
|move|p1a: Swampert|Roar|p2a: Despotar
|drag|p2a: Kashira Kashira?|Dugtrio, F|100/100
|-damage|p2a: Kashira Kashira?|88/100|[from] Spikes
|
|-weather|Sandstorm|[upkeep]
|upkeep
|turn|38
|inactive|tsukinomiko has 210 seconds left.
|
|t:|1729725718
|switch|p2a: Blissey|Blissey, F|52/100
|-damage|p2a: Blissey|39/100|[from] Spikes
|move|p1a: Swampert|Ice Beam|p2a: Blissey
|-damage|p2a: Blissey|32/100
|
|-weather|Sandstorm|[upkeep]
|-damage|p2a: Blissey|26/100|[from] Sandstorm
|-heal|p2a: Blissey|32/100|[from] item: Leftovers
|upkeep
|turn|39
|
|t:|1729725732
|switch|p1a: Breloom|Breloom, M|100/100
|move|p2a: Blissey|Soft-Boiled|p2a: Blissey
|-heal|p2a: Blissey|82/100
|
|-weather|Sandstorm|[upkeep]
|-damage|p1a: Breloom|94/100|[from] Sandstorm
|-damage|p2a: Blissey|75/100|[from] Sandstorm
|-heal|p1a: Breloom|100/100|[from] item: Leftovers
|-heal|p2a: Blissey|82/100|[from] item: Leftovers
|upkeep
|turn|40
|
|t:|1729725741
|switch|p2a: Tiamat|Salamence, F|67/100
|-ability|p2a: Tiamat|Intimidate|boost
|-unboost|p1a: Breloom|atk|1
|move|p1a: Breloom|Spore|p2a: Tiamat
|-message|Sleep Clause Mod activated.
|-hint|Sleep Clause Mod prevents players from putting more than one of their opponent's Pokémon to sleep at a time
|
|-weather|Sandstorm|[upkeep]
|-damage|p2a: Tiamat|61/100|[from] Sandstorm
|-damage|p1a: Breloom|94/100|[from] Sandstorm
|-heal|p2a: Tiamat|67/100|[from] item: Leftovers
|-heal|p1a: Breloom|100/100|[from] item: Leftovers
|upkeep
|turn|41
|inactive|tsukinomiko has 210 seconds left.
|c|☆promeathean0056|oops
|
|t:|1729725763
|switch|p1a: Swampert|Swampert, M|100/100
|move|p2a: Tiamat|Hidden Power|p1a: Swampert
|-damage|p1a: Swampert|75/100
|
|-weather|Sandstorm|[upkeep]
|-damage|p2a: Tiamat|61/100|[from] Sandstorm
|-heal|p2a: Tiamat|67/100|[from] item: Leftovers
|-heal|p1a: Swampert|81/100|[from] item: Leftovers
|upkeep
|turn|42
|
|t:|1729725775
|switch|p2a: Prelati|Jirachi, shiny|100/100 frz
|-damage|p2a: Prelati|88/100 frz|[from] Spikes
|move|p1a: Swampert|Earthquake|p2a: Prelati
|-supereffective|p2a: Prelati
|-damage|p2a: Prelati|26/100 frz
|
|-weather|Sandstorm|[upkeep]
|-heal|p2a: Prelati|32/100 frz|[from] item: Leftovers
|-heal|p1a: Swampert|87/100|[from] item: Leftovers
|upkeep
|turn|43
|
|t:|1729725787
|cant|p2a: Prelati|frz
|move|p1a: Swampert|Earthquake|p2a: Prelati
|-supereffective|p2a: Prelati
|-damage|p2a: Prelati|0 fnt
|faint|p2a: Prelati
|
|t:|1729725798
|switch|p2a: Blissey|Blissey, F|82/100
|-damage|p2a: Blissey|69/100|[from] Spikes
|
|-weather|Sandstorm|[upkeep]
|-damage|p2a: Blissey|63/100|[from] Sandstorm
|-heal|p2a: Blissey|69/100|[from] item: Leftovers
|-heal|p1a: Swampert|93/100|[from] item: Leftovers
|upkeep
|turn|44
|
|t:|1729725823
|switch|p1a: Blissey|Blissey, F|71/100
|move|p2a: Blissey|Ice Beam|p1a: Blissey
|-damage|p1a: Blissey|61/100
|
|-weather|Sandstorm|[upkeep]
|-damage|p2a: Blissey|63/100|[from] Sandstorm
|-damage|p1a: Blissey|54/100|[from] Sandstorm
|-heal|p2a: Blissey|69/100|[from] item: Leftovers
|-heal|p1a: Blissey|61/100|[from] item: Leftovers
|upkeep
|turn|45
|
|t:|1729725839
|move|p2a: Blissey|Soft-Boiled|p2a: Blissey
|-heal|p2a: Blissey|100/100
|move|p1a: Blissey|Soft-Boiled|p1a: Blissey
|-heal|p1a: Blissey|100/100
|
|-weather|Sandstorm|[upkeep]
|-damage|p2a: Blissey|94/100|[from] Sandstorm
|-damage|p1a: Blissey|94/100|[from] Sandstorm
|-heal|p1a: Blissey|100/100|[from] item: Leftovers
|-heal|p2a: Blissey|100/100|[from] item: Leftovers
|upkeep
|turn|46
|
|t:|1729725852
|move|p1a: Blissey|Ice Beam|p2a: Blissey
|-damage|p2a: Blissey|91/100
|move|p2a: Blissey|Sing|p1a: Blissey|[miss]
|-miss|p2a: Blissey|p1a: Blissey
|
|-weather|Sandstorm|[upkeep]
|-damage|p1a: Blissey|94/100|[from] Sandstorm
|-damage|p2a: Blissey|85/100|[from] Sandstorm
|-heal|p2a: Blissey|91/100|[from] item: Leftovers
|-heal|p1a: Blissey|100/100|[from] item: Leftovers
|upkeep
|turn|47
|
|t:|1729725863
|move|p1a: Blissey|Ice Beam|p2a: Blissey
|-damage|p2a: Blissey|82/100
|move|p2a: Blissey|Sing|p1a: Blissey
|-status|p1a: Blissey|slp|[from] move: Sing
|
|-weather|Sandstorm|[upkeep]
|-damage|p1a: Blissey|94/100 slp|[from] Sandstorm
|-damage|p2a: Blissey|76/100|[from] Sandstorm
|-heal|p2a: Blissey|82/100|[from] item: Leftovers
|-heal|p1a: Blissey|100/100 slp|[from] item: Leftovers
|upkeep
|turn|48
|
|t:|1729725881
|-curestatus|p1a: Blissey|slp|[from] ability: Natural Cure
|switch|p1a: Breloom|Breloom, M|100/100
|switch|p2a: Kashira Kashira?|Dugtrio, F|88/100
|-damage|p2a: Kashira Kashira?|75/100|[from] Spikes
|
|-weather|Sandstorm|[upkeep]
|-damage|p1a: Breloom|94/100|[from] Sandstorm
|-heal|p1a: Breloom|100/100|[from] item: Leftovers
|upkeep
|turn|49
|
|t:|1729725893
|move|p2a: Kashira Kashira?|Aerial Ace|p1a: Breloom
|-supereffective|p1a: Breloom
|-damage|p1a: Breloom|0 fnt
|faint|p1a: Breloom
|
|t:|1729725899
|switch|p1a: Swampert|Swampert, M|93/100
|
|-weather|Sandstorm|[upkeep]
|-heal|p1a: Swampert|99/100|[from] item: Leftovers
|upkeep
|turn|50
|
|t:|1729725907
|switch|p2a: Blissey|Blissey, F|82/100
|-damage|p2a: Blissey|70/100|[from] Spikes
|move|p1a: Swampert|Roar|p2a: Blissey
|drag|p2a: Despotar|Tyranitar, M, shiny|21/100 slp
|-damage|p2a: Despotar|8/100 slp|[from] Spikes
|
|-weather|Sandstorm|[upkeep]
|-heal|p1a: Swampert|100/100|[from] item: Leftovers
|upkeep
|turn|51
|
|t:|1729725917
|-curestatus|p2a: Despotar|slp|[msg]
|move|p2a: Despotar|Hidden Power|p1a: Swampert
|-supereffective|p1a: Swampert
|-damage|p1a: Swampert|38/100
|move|p1a: Swampert|Ice Beam|p2a: Despotar
|-damage|p2a: Despotar|0 fnt
|faint|p2a: Despotar
|inactive|tsukinomiko has 210 seconds left.
|inactive|tsukinomiko has 180 seconds left.
|
|t:|1729725966
|switch|p2a: Blissey|Blissey, F|70/100
|-damage|p2a: Blissey|57/100|[from] Spikes
|
|-weather|Sandstorm|[upkeep]
|-damage|p2a: Blissey|51/100|[from] Sandstorm
|-heal|p2a: Blissey|57/100|[from] item: Leftovers
|-heal|p1a: Swampert|45/100|[from] item: Leftovers
|upkeep
|turn|52
|
|t:|1729725973
|move|p2a: Blissey|Soft-Boiled|p2a: Blissey
|-heal|p2a: Blissey|100/100
|move|p1a: Swampert|Roar|p2a: Blissey
|drag|p2a: Tiamat|Salamence, F|67/100
|-ability|p2a: Tiamat|Intimidate|boost
|-unboost|p1a: Swampert|atk|1
|
|-weather|Sandstorm|[upkeep]
|-damage|p2a: Tiamat|61/100|[from] Sandstorm
|-heal|p2a: Tiamat|67/100|[from] item: Leftovers
|-heal|p1a: Swampert|51/100|[from] item: Leftovers
|upkeep
|turn|53
|
|t:|1729725986
|switch|p2a: Blissey|Blissey, F|100/100
|-damage|p2a: Blissey|88/100|[from] Spikes
|move|p1a: Swampert|Ice Beam|p2a: Blissey
|-damage|p2a: Blissey|80/100
|
|-weather|Sandstorm|[upkeep]
|-damage|p2a: Blissey|74/100|[from] Sandstorm
|-heal|p2a: Blissey|80/100|[from] item: Leftovers
|-heal|p1a: Swampert|57/100|[from] item: Leftovers
|upkeep
|turn|54
|
|t:|1729725999
|move|p1a: Swampert|Protect|p1a: Swampert
|-singleturn|p1a: Swampert|Protect
|move|p2a: Blissey|Sing|p1a: Swampert|[miss]
|-miss|p2a: Blissey|p1a: Swampert
|
|-weather|Sandstorm|[upkeep]
|-damage|p2a: Blissey|74/100|[from] Sandstorm
|-heal|p2a: Blissey|80/100|[from] item: Leftovers
|-heal|p1a: Swampert|63/100|[from] item: Leftovers
|upkeep
|turn|55
|
|t:|1729726012
|move|p2a: Blissey|Seismic Toss|p1a: Swampert
|-damage|p1a: Swampert|38/100
|move|p1a: Swampert|Roar|p2a: Blissey
|drag|p2a: Tiamat|Salamence, F|67/100
|-ability|p2a: Tiamat|Intimidate|boost
|-unboost|p1a: Swampert|atk|1
|
|-weather|Sandstorm|[upkeep]
|-damage|p2a: Tiamat|61/100|[from] Sandstorm
|-heal|p2a: Tiamat|67/100|[from] item: Leftovers
|-heal|p1a: Swampert|45/100|[from] item: Leftovers
|upkeep
|turn|56
|inactive|tsukinomiko has 210 seconds left.
|
|t:|1729726038
|switch|p2a: Blissey|Blissey, F|80/100
|-damage|p2a: Blissey|67/100|[from] Spikes
|move|p1a: Swampert|Roar|p2a: Blissey
|drag|p2a: The Square Hammer|Aerodactyl, M, shiny|100/100
|
|-weather|Sandstorm|[upkeep]
|-heal|p1a: Swampert|51/100|[from] item: Leftovers
|upkeep
|turn|57
|inactive|tsukinomiko has 210 seconds left.
|
|t:|1729726054
|move|p2a: The Square Hammer|Double-Edge|p1a: Swampert
|-damage|p1a: Swampert|17/100
|move|p1a: Swampert|Ice Beam|p2a: The Square Hammer
|-supereffective|p2a: The Square Hammer
|-damage|p2a: The Square Hammer|51/100
|
|-weather|Sandstorm|[upkeep]
|-heal|p1a: Swampert|24/100|[from] item: Leftovers
|upkeep
|turn|58
|
|t:|1729726062
|move|p1a: Swampert|Protect|p1a: Swampert
|-singleturn|p1a: Swampert|Protect
|move|p2a: The Square Hammer|Double-Edge|p1a: Swampert
|-activate|p1a: Swampert|Protect
|
|-weather|Sandstorm|[upkeep]
|-heal|p1a: Swampert|30/100|[from] item: Leftovers
|upkeep
|turn|59
|
|t:|1729726069
|switch|p1a: Tyranitar|Tyranitar, M|100/100
|move|p2a: The Square Hammer|Double-Edge|p1a: Tyranitar
|-resisted|p1a: Tyranitar
|-damage|p1a: Tyranitar|78/100
|
|-weather|Sandstorm|[upkeep]
|-heal|p1a: Tyranitar|84/100|[from] item: Leftovers
|upkeep
|turn|60
|
|t:|1729726091
|switch|p2a: Tiamat|Salamence, F|67/100
|-ability|p2a: Tiamat|Intimidate|boost
|-unboost|p1a: Tyranitar|atk|1
|move|p1a: Tyranitar|Crunch|p2a: Tiamat
|-damage|p2a: Tiamat|24/100
|
|-weather|Sandstorm|[upkeep]
|-damage|p2a: Tiamat|18/100|[from] Sandstorm
|-heal|p2a: Tiamat|24/100|[from] item: Leftovers
|-heal|p1a: Tyranitar|90/100|[from] item: Leftovers
|upkeep
|turn|61
|
|t:|1729726104
|move|p2a: Tiamat|Brick Break|p1a: Tyranitar
|-supereffective|p1a: Tyranitar
|-damage|p1a: Tyranitar|3/100
|move|p1a: Tyranitar|Crunch|p2a: Tiamat
|-crit|p2a: Tiamat
|-damage|p2a: Tiamat|0 fnt
|faint|p2a: Tiamat
|inactive|tsukinomiko has 210 seconds left.
|
|t:|1729726143
|switch|p2a: The Square Hammer|Aerodactyl, M, shiny|51/100
|
|-weather|Sandstorm|[upkeep]
|-heal|p1a: Tyranitar|9/100|[from] item: Leftovers
|upkeep
|turn|62
|
|t:|1729726150
|move|p2a: The Square Hammer|Hidden Power|p1a: Tyranitar
|-supereffective|p1a: Tyranitar
|-damage|p1a: Tyranitar|0 fnt
|faint|p1a: Tyranitar
|
|t:|1729726166
|switch|p1a: Swampert|Swampert, M|30/100
|
|-weather|Sandstorm|[upkeep]
|-heal|p1a: Swampert|36/100|[from] item: Leftovers
|upkeep
|turn|63
|
|t:|1729726171
|switch|p2a: Blissey|Blissey, F|67/100
|-damage|p2a: Blissey|55/100|[from] Spikes
|move|p1a: Swampert|Protect||[still]
|-fail|p1a: Swampert
|
|-weather|Sandstorm|[upkeep]
|-damage|p2a: Blissey|49/100|[from] Sandstorm
|-heal|p2a: Blissey|55/100|[from] item: Leftovers
|-heal|p1a: Swampert|42/100|[from] item: Leftovers
|upkeep
|turn|64
|
|t:|1729726180
|move|p2a: Blissey|Soft-Boiled|p2a: Blissey
|-heal|p2a: Blissey|100/100
|move|p1a: Swampert|Roar|p2a: Blissey
|drag|p2a: The Square Hammer|Aerodactyl, M, shiny|51/100
|
|-weather|Sandstorm|[upkeep]
|-heal|p1a: Swampert|48/100|[from] item: Leftovers
|upkeep
|turn|65
|
|t:|1729726188
|switch|p2a: Blissey|Blissey, F|100/100
|-damage|p2a: Blissey|88/100|[from] Spikes
|move|p1a: Swampert|Protect||[still]
|-fail|p1a: Swampert
|
|-weather|Sandstorm|[upkeep]
|-damage|p2a: Blissey|82/100|[from] Sandstorm
|-heal|p2a: Blissey|88/100|[from] item: Leftovers
|-heal|p1a: Swampert|55/100|[from] item: Leftovers
|upkeep
|turn|66
|
|t:|1729726197
|move|p2a: Blissey|Seismic Toss|p1a: Swampert
|-damage|p1a: Swampert|30/100
|move|p1a: Swampert|Roar|p2a: Blissey
|drag|p2a: Kashira Kashira?|Dugtrio, F|75/100
|-damage|p2a: Kashira Kashira?|63/100|[from] Spikes
|
|-weather|Sandstorm|[upkeep]
|-heal|p1a: Swampert|36/100|[from] item: Leftovers
|upkeep
|turn|67
|
|t:|1729726206
|move|p1a: Swampert|Protect|p1a: Swampert
|-singleturn|p1a: Swampert|Protect
|move|p2a: Kashira Kashira?|Earthquake|p1a: Swampert
|-activate|p1a: Swampert|Protect
|
|-weather|Sandstorm|[upkeep]
|-heal|p1a: Swampert|42/100|[from] item: Leftovers
|upkeep
|turn|68
|
|t:|1729726224
|switch|p2a: Blissey|Blissey, F|88/100
|-damage|p2a: Blissey|76/100|[from] Spikes
|move|p1a: Swampert|Ice Beam|p2a: Blissey
|-damage|p2a: Blissey|68/100
|
|-weather|Sandstorm|[upkeep]
|-damage|p2a: Blissey|62/100|[from] Sandstorm
|-heal|p2a: Blissey|68/100|[from] item: Leftovers
|-heal|p1a: Swampert|48/100|[from] item: Leftovers
|upkeep
|turn|69
|
|t:|1729726234
|move|p1a: Swampert|Protect|p1a: Swampert
|-singleturn|p1a: Swampert|Protect
|move|p2a: Blissey|Seismic Toss|p1a: Swampert
|-activate|p1a: Swampert|Protect
|
|-weather|Sandstorm|[upkeep]
|-damage|p2a: Blissey|62/100|[from] Sandstorm
|-heal|p2a: Blissey|68/100|[from] item: Leftovers
|-heal|p1a: Swampert|55/100|[from] item: Leftovers
|upkeep
|turn|70
|
|t:|1729726243
|move|p2a: Blissey|Seismic Toss|p1a: Swampert
|-damage|p1a: Swampert|30/100
|move|p1a: Swampert|Roar|p2a: Blissey
|drag|p2a: The Square Hammer|Aerodactyl, M, shiny|51/100
|
|-weather|Sandstorm|[upkeep]
|-heal|p1a: Swampert|36/100|[from] item: Leftovers
|upkeep
|turn|71
|inactive|tsukinomiko has 270 seconds left.
|inactive|tsukinomiko has 240 seconds left.
|
|t:|1729726285
|switch|p2a: Blissey|Blissey, F|68/100
|-damage|p2a: Blissey|55/100|[from] Spikes
|move|p1a: Swampert|Protect||[still]
|-fail|p1a: Swampert
|
|-weather|Sandstorm|[upkeep]
|-damage|p2a: Blissey|49/100|[from] Sandstorm
|-heal|p2a: Blissey|55/100|[from] item: Leftovers
|-heal|p1a: Swampert|42/100|[from] item: Leftovers
|upkeep
|turn|72
|
|t:|1729726295
|move|p1a: Swampert|Protect|p1a: Swampert
|-singleturn|p1a: Swampert|Protect
|move|p2a: Blissey|Seismic Toss|p1a: Swampert
|-activate|p1a: Swampert|Protect
|
|-weather|Sandstorm|[upkeep]
|-damage|p2a: Blissey|49/100|[from] Sandstorm
|-heal|p2a: Blissey|55/100|[from] item: Leftovers
|-heal|p1a: Swampert|48/100|[from] item: Leftovers
|upkeep
|turn|73
|
|t:|1729726304
|switch|p1a: Blissey|Blissey, F|100/100
|move|p2a: Blissey|Sing|p1a: Blissey
|-status|p1a: Blissey|slp|[from] move: Sing
|
|-weather|Sandstorm|[upkeep]
|-damage|p2a: Blissey|49/100|[from] Sandstorm
|-damage|p1a: Blissey|94/100 slp|[from] Sandstorm
|-heal|p2a: Blissey|55/100|[from] item: Leftovers
|-heal|p1a: Blissey|100/100 slp|[from] item: Leftovers
|upkeep
|turn|74
|
|t:|1729726314
|cant|p1a: Blissey|slp
|move|p2a: Blissey|Soft-Boiled|p2a: Blissey
|-heal|p2a: Blissey|100/100
|
|-weather|Sandstorm|[upkeep]
|-damage|p2a: Blissey|94/100|[from] Sandstorm
|-damage|p1a: Blissey|94/100 slp|[from] Sandstorm
|-heal|p2a: Blissey|100/100|[from] item: Leftovers
|-heal|p1a: Blissey|100/100 slp|[from] item: Leftovers
|upkeep
|turn|75
|
|t:|1729726327
|-curestatus|p1a: Blissey|slp|[from] ability: Natural Cure
|switch|p1a: Swampert|Swampert, M|48/100
|move|p2a: Blissey|Seismic Toss|p1a: Swampert
|-damage|p1a: Swampert|24/100
|
|-weather|Sandstorm|[upkeep]
|-damage|p2a: Blissey|94/100|[from] Sandstorm
|-heal|p2a: Blissey|100/100|[from] item: Leftovers
|-heal|p1a: Swampert|30/100|[from] item: Leftovers
|upkeep
|turn|76
|
|t:|1729726337
|move|p1a: Swampert|Protect|p1a: Swampert
|-singleturn|p1a: Swampert|Protect
|move|p2a: Blissey|Seismic Toss|p1a: Swampert
|-activate|p1a: Swampert|Protect
|
|-weather|Sandstorm|[upkeep]
|-damage|p2a: Blissey|94/100|[from] Sandstorm
|-heal|p2a: Blissey|100/100|[from] item: Leftovers
|-heal|p1a: Swampert|36/100|[from] item: Leftovers
|upkeep
|turn|77
|
|t:|1729726347
|switch|p1a: Blissey|Blissey, F|100/100
|move|p2a: Blissey|Seismic Toss|p1a: Blissey
|-damage|p1a: Blissey|85/100
|
|-weather|Sandstorm|[upkeep]
|-damage|p1a: Blissey|79/100|[from] Sandstorm
|-damage|p2a: Blissey|94/100|[from] Sandstorm
|-heal|p2a: Blissey|100/100|[from] item: Leftovers
|-heal|p1a: Blissey|85/100|[from] item: Leftovers
|upkeep
|turn|78
|inactive|tsukinomiko has 270 seconds left.
|
|t:|1729726356
|move|p1a: Blissey|Wish|p1a: Blissey
|move|p2a: Blissey|Sing|p1a: Blissey
|-status|p1a: Blissey|slp|[from] move: Sing
|
|-weather|Sandstorm|[upkeep]
|-damage|p2a: Blissey|94/100|[from] Sandstorm
|-damage|p1a: Blissey|79/100 slp|[from] Sandstorm
|-heal|p2a: Blissey|100/100|[from] item: Leftovers
|-heal|p1a: Blissey|85/100 slp|[from] item: Leftovers
|upkeep
|turn|79
|
|t:|1729726365
|-curestatus|p1a: Blissey|slp|[from] ability: Natural Cure
|switch|p1a: Swampert|Swampert, M|36/100
|move|p2a: Blissey|Sing|p1a: Swampert
|-status|p1a: Swampert|slp|[from] move: Sing
|
|-heal|p1a: Swampert|86/100 slp|[from] move: Wish|[wisher] Blissey
|-weather|Sandstorm|[upkeep]
|-damage|p2a: Blissey|94/100|[from] Sandstorm
|-heal|p2a: Blissey|100/100|[from] item: Leftovers
|-heal|p1a: Swampert|92/100 slp|[from] item: Leftovers
|upkeep
|turn|80
|
|t:|1729726380
|move|p2a: Blissey|Seismic Toss|p1a: Swampert
|-damage|p1a: Swampert|67/100 slp
|cant|p1a: Swampert|slp
|
|-weather|Sandstorm|[upkeep]
|-damage|p2a: Blissey|94/100|[from] Sandstorm
|-heal|p2a: Blissey|100/100|[from] item: Leftovers
|-heal|p1a: Swampert|73/100 slp|[from] item: Leftovers
|upkeep
|turn|81
|
|t:|1729726388
|move|p2a: Blissey|Seismic Toss|p1a: Swampert
|-damage|p1a: Swampert|49/100 slp
|cant|p1a: Swampert|slp
|
|-weather|Sandstorm|[upkeep]
|-damage|p2a: Blissey|94/100|[from] Sandstorm
|-heal|p2a: Blissey|100/100|[from] item: Leftovers
|-heal|p1a: Swampert|55/100 slp|[from] item: Leftovers
|upkeep
|turn|82
|
|t:|1729726400
|switch|p1a: Blissey|Blissey, F|85/100
|move|p2a: Blissey|Seismic Toss|p1a: Blissey
|-damage|p1a: Blissey|70/100
|
|-weather|Sandstorm|[upkeep]
|-damage|p1a: Blissey|64/100|[from] Sandstorm
|-damage|p2a: Blissey|94/100|[from] Sandstorm
|-heal|p1a: Blissey|70/100|[from] item: Leftovers
|-heal|p2a: Blissey|100/100|[from] item: Leftovers
|upkeep
|turn|83
|
|t:|1729726411
|move|p1a: Blissey|Ice Beam|p2a: Blissey
|-damage|p2a: Blissey|91/100
|move|p2a: Blissey|Seismic Toss|p1a: Blissey
|-damage|p1a: Blissey|54/100
|
|-weather|Sandstorm|[upkeep]
|-damage|p2a: Blissey|85/100|[from] Sandstorm
|-damage|p1a: Blissey|48/100|[from] Sandstorm
|-heal|p1a: Blissey|54/100|[from] item: Leftovers
|-heal|p2a: Blissey|91/100|[from] item: Leftovers
|upkeep
|turn|84
|
|t:|1729726430
|move|p1a: Blissey|Soft-Boiled|p1a: Blissey
|-heal|p1a: Blissey|100/100
|move|p2a: Blissey|Seismic Toss|p1a: Blissey
|-damage|p1a: Blissey|85/100
|
|-weather|Sandstorm|[upkeep]
|-damage|p1a: Blissey|79/100|[from] Sandstorm
|-damage|p2a: Blissey|85/100|[from] Sandstorm
|-heal|p2a: Blissey|91/100|[from] item: Leftovers
|-heal|p1a: Blissey|85/100|[from] item: Leftovers
|upkeep
|turn|85
|
|t:|1729726450
|move|p1a: Blissey|Seismic Toss|p2a: Blissey
|-damage|p2a: Blissey|76/100
|move|p2a: Blissey|Seismic Toss|p1a: Blissey
|-damage|p1a: Blissey|70/100
|
|-weather|Sandstorm|[upkeep]
|-damage|p2a: Blissey|70/100|[from] Sandstorm
|-damage|p1a: Blissey|64/100|[from] Sandstorm
|-heal|p2a: Blissey|76/100|[from] item: Leftovers
|-heal|p1a: Blissey|70/100|[from] item: Leftovers
|upkeep
|turn|86
|
|t:|1729726479
|switch|p2a: Kashira Kashira?|Dugtrio, F|63/100
|-damage|p2a: Kashira Kashira?|50/100|[from] Spikes
|move|p1a: Blissey|Wish|p1a: Blissey
|
|-weather|Sandstorm|[upkeep]
|-damage|p1a: Blissey|64/100|[from] Sandstorm
|-heal|p1a: Blissey|70/100|[from] item: Leftovers
|upkeep
|turn|87
|
|t:|1729726486
|move|p2a: Kashira Kashira?|Earthquake|p1a: Blissey
|-damage|p1a: Blissey|11/100
|move|p1a: Blissey|Ice Beam|p2a: Kashira Kashira?
|-supereffective|p2a: Kashira Kashira?
|-damage|p2a: Kashira Kashira?|0 fnt
|faint|p2a: Kashira Kashira?
|
|t:|1729726499
|switch|p2a: The Square Hammer|Aerodactyl, M, shiny|51/100
|
|-heal|p1a: Blissey|61/100|[from] move: Wish|[wisher] Blissey
|-weather|Sandstorm|[upkeep]
|-damage|p1a: Blissey|55/100|[from] Sandstorm
|-heal|p1a: Blissey|61/100|[from] item: Leftovers
|upkeep
|turn|88
|inactive|tsukinomiko has 270 seconds left.
|inactive|promeathean0056 has 270 seconds left.
|inactive|tsukinomiko has 240 seconds left.
|
|t:|1729726565
|move|p2a: The Square Hammer|Hidden Power|p1a: Blissey
|-supereffective|p1a: Blissey
|-damage|p1a: Blissey|2/100
|move|p1a: Blissey|Soft-Boiled|p1a: Blissey
|-heal|p1a: Blissey|52/100
|
|-weather|Sandstorm|[upkeep]
|-damage|p1a: Blissey|46/100|[from] Sandstorm
|-heal|p1a: Blissey|52/100|[from] item: Leftovers
|upkeep
|turn|89
|inactive|promeathean0056 has 270 seconds left.
|inactive|tsukinomiko has 210 seconds left.
|
|t:|1729726600
|switch|p1a: Swampert|Swampert, M|55/100 slp
|move|p2a: The Square Hammer|Hidden Power|p1a: Swampert
|-damage|p1a: Swampert|35/100 slp
|
|-weather|Sandstorm|[upkeep]
|-heal|p1a: Swampert|41/100 slp|[from] item: Leftovers
|upkeep
|turn|90
|
|t:|1729726609
|switch|p2a: Blissey|Blissey, F|76/100
|-damage|p2a: Blissey|63/100|[from] Spikes
|cant|p1a: Swampert|slp
|
|-weather|Sandstorm|[upkeep]
|-damage|p2a: Blissey|57/100|[from] Sandstorm
|-heal|p2a: Blissey|63/100|[from] item: Leftovers
|-heal|p1a: Swampert|48/100 slp|[from] item: Leftovers
|upkeep
|turn|91
|inactive|promeathean0056 has 270 seconds left.
|
|t:|1729726619
|switch|p1a: Blissey|Blissey, F|52/100
|move|p2a: Blissey|Seismic Toss|p1a: Blissey
|-damage|p1a: Blissey|37/100
|
|-weather|Sandstorm|[upkeep]
|-damage|p2a: Blissey|57/100|[from] Sandstorm
|-damage|p1a: Blissey|31/100|[from] Sandstorm
|-heal|p2a: Blissey|63/100|[from] item: Leftovers
|-heal|p1a: Blissey|37/100|[from] item: Leftovers
|upkeep
|turn|92
|inactive|promeathean0056 has 270 seconds left.
|inactive|tsukinomiko has 210 seconds left.
|inactive|tsukinomiko has 180 seconds left.
|
|t:|1729726696
|move|p1a: Blissey|Soft-Boiled|p1a: Blissey
|-heal|p1a: Blissey|87/100
|move|p2a: Blissey|Seismic Toss|p1a: Blissey
|-damage|p1a: Blissey|71/100
|
|-weather|Sandstorm|[upkeep]
|-damage|p1a: Blissey|65/100|[from] Sandstorm
|-damage|p2a: Blissey|57/100|[from] Sandstorm
|-heal|p1a: Blissey|71/100|[from] item: Leftovers
|-heal|p2a: Blissey|63/100|[from] item: Leftovers
|upkeep
|turn|93
|inactive|promeathean0056 has 270 seconds left.
|
|t:|1729726708
|move|p2a: Blissey|Ice Beam|p1a: Blissey
|-damage|p1a: Blissey|62/100
|move|p1a: Blissey|Wish|p1a: Blissey
|
|-weather|Sandstorm|[upkeep]
|-damage|p2a: Blissey|57/100|[from] Sandstorm
|-damage|p1a: Blissey|56/100|[from] Sandstorm
|-heal|p2a: Blissey|63/100|[from] item: Leftovers
|-heal|p1a: Blissey|62/100|[from] item: Leftovers
|upkeep
|turn|94
|
|t:|1729726716
|switch|p1a: Swampert|Swampert, M|48/100 slp
|switch|p2a: The Square Hammer|Aerodactyl, M, shiny|51/100
|
|-heal|p1a: Swampert|98/100 slp|[from] move: Wish|[wisher] Blissey
|-weather|Sandstorm|[upkeep]
|-heal|p1a: Swampert|100/100 slp|[from] item: Leftovers
|upkeep
|turn|95
|
|t:|1729726727
|move|p2a: The Square Hammer|Double-Edge|p1a: Swampert
|-damage|p1a: Swampert|62/100 slp
|-curestatus|p1a: Swampert|slp|[msg]
|move|p1a: Swampert|Ice Beam|p2a: The Square Hammer
|-supereffective|p2a: The Square Hammer
|-damage|p2a: The Square Hammer|3/100
|
|-weather|Sandstorm|[upkeep]
|-heal|p1a: Swampert|68/100|[from] item: Leftovers
|upkeep
|turn|96
|
|t:|1729726737
|move|p2a: The Square Hammer|Double-Edge|p1a: Swampert
|-damage|p1a: Swampert|29/100
|move|p1a: Swampert|Ice Beam|p2a: The Square Hammer
|-supereffective|p2a: The Square Hammer
|-damage|p2a: The Square Hammer|0 fnt
|faint|p2a: The Square Hammer
|
|t:|1729726741
|switch|p2a: Blissey|Blissey, F|63/100
|-damage|p2a: Blissey|51/100|[from] Spikes
|
|-weather|Sandstorm|[upkeep]
|-damage|p2a: Blissey|45/100|[from] Sandstorm
|-heal|p2a: Blissey|51/100|[from] item: Leftovers
|-heal|p1a: Swampert|35/100|[from] item: Leftovers
|upkeep
|turn|97
|
|t:|1729726751
|move|p1a: Swampert|Protect|p1a: Swampert
|-singleturn|p1a: Swampert|Protect
|move|p2a: Blissey|Sing|p1a: Swampert|[miss]
|-miss|p2a: Blissey|p1a: Swampert
|
|-weather|Sandstorm|[upkeep]
|-damage|p2a: Blissey|45/100|[from] Sandstorm
|-heal|p2a: Blissey|51/100|[from] item: Leftovers
|-heal|p1a: Swampert|41/100|[from] item: Leftovers
|upkeep
|turn|98
|
|t:|1729726768
|move|p2a: Blissey|Sing|p1a: Swampert
|-status|p1a: Swampert|slp|[from] move: Sing
|cant|p1a: Swampert|slp
|
|-weather|Sandstorm|[upkeep]
|-damage|p2a: Blissey|45/100|[from] Sandstorm
|-heal|p2a: Blissey|51/100|[from] item: Leftovers
|-heal|p1a: Swampert|48/100 slp|[from] item: Leftovers
|upkeep
|turn|99
|
|t:|1729726776
|switch|p1a: Blissey|Blissey, F|62/100
|move|p2a: Blissey|Soft-Boiled|p2a: Blissey
|-heal|p2a: Blissey|100/100
|
|-weather|Sandstorm|[upkeep]
|-damage|p1a: Blissey|56/100|[from] Sandstorm
|-damage|p2a: Blissey|94/100|[from] Sandstorm
|-heal|p2a: Blissey|100/100|[from] item: Leftovers
|-heal|p1a: Blissey|62/100|[from] item: Leftovers
|upkeep
|turn|100
|
|t:|1729726788
|move|p1a: Blissey|Seismic Toss|p2a: Blissey
|-damage|p2a: Blissey|85/100
|move|p2a: Blissey|Ice Beam|p1a: Blissey
|-damage|p1a: Blissey|51/100
|
|-weather|Sandstorm|[upkeep]
|-damage|p2a: Blissey|79/100|[from] Sandstorm
|-damage|p1a: Blissey|45/100|[from] Sandstorm
|-heal|p2a: Blissey|85/100|[from] item: Leftovers
|-heal|p1a: Blissey|51/100|[from] item: Leftovers
|upkeep
|turn|101
|
|t:|1729726798
|move|p1a: Blissey|Soft-Boiled|p1a: Blissey
|-heal|p1a: Blissey|100/100
|move|p2a: Blissey|Ice Beam|p1a: Blissey
|-damage|p1a: Blissey|91/100
|
|-weather|Sandstorm|[upkeep]
|-damage|p1a: Blissey|85/100|[from] Sandstorm
|-damage|p2a: Blissey|79/100|[from] Sandstorm
|-heal|p1a: Blissey|91/100|[from] item: Leftovers
|-heal|p2a: Blissey|85/100|[from] item: Leftovers
|upkeep
|turn|102
|inactive|tsukinomiko has 240 seconds left.
|
|t:|1729726813
|move|p2a: Blissey|Ice Beam|p1a: Blissey
|-damage|p1a: Blissey|81/100
|move|p1a: Blissey|Ice Beam|p2a: Blissey
|-crit|p2a: Blissey
|-damage|p2a: Blissey|65/100
|
|-weather|Sandstorm|[upkeep]
|-damage|p2a: Blissey|59/100|[from] Sandstorm
|-damage|p1a: Blissey|75/100|[from] Sandstorm
|-heal|p2a: Blissey|65/100|[from] item: Leftovers
|-heal|p1a: Blissey|81/100|[from] item: Leftovers
|upkeep
|turn|103
|
|t:|1729726824
|move|p2a: Blissey|Ice Beam|p1a: Blissey
|-damage|p1a: Blissey|70/100
|move|p1a: Blissey|Ice Beam|p2a: Blissey
|-damage|p2a: Blissey|56/100
|
|-weather|Sandstorm|[upkeep]
|-damage|p1a: Blissey|63/100|[from] Sandstorm
|-damage|p2a: Blissey|50/100|[from] Sandstorm
|-heal|p1a: Blissey|70/100|[from] item: Leftovers
|-heal|p2a: Blissey|56/100|[from] item: Leftovers
|upkeep
|turn|104
|
|t:|1729726833
|move|p2a: Blissey|Ice Beam|p1a: Blissey
|-damage|p1a: Blissey|59/100
|move|p1a: Blissey|Wish|p1a: Blissey
|
|-weather|Sandstorm|[upkeep]
|-damage|p1a: Blissey|53/100|[from] Sandstorm
|-damage|p2a: Blissey|50/100|[from] Sandstorm
|-heal|p2a: Blissey|56/100|[from] item: Leftovers
|-heal|p1a: Blissey|59/100|[from] item: Leftovers
|upkeep
|turn|105
|
|t:|1729726842
|switch|p1a: Swampert|Swampert, M|48/100 slp
|move|p2a: Blissey|Seismic Toss|p1a: Swampert
|-damage|p1a: Swampert|23/100 slp
|
|-heal|p1a: Swampert|73/100 slp|[from] move: Wish|[wisher] Blissey
|-weather|Sandstorm|[upkeep]
|-damage|p2a: Blissey|50/100|[from] Sandstorm
|-heal|p2a: Blissey|56/100|[from] item: Leftovers
|-heal|p1a: Swampert|79/100 slp|[from] item: Leftovers
|upkeep
|turn|106
|inactive|tsukinomiko has 270 seconds left.
|inactive|tsukinomiko has 240 seconds left.
|
|t:|1729726880
|move|p2a: Blissey|Seismic Toss|p1a: Swampert
|-damage|p1a: Swampert|54/100 slp
|cant|p1a: Swampert|slp
|
|-weather|Sandstorm|[upkeep]
|-damage|p2a: Blissey|50/100|[from] Sandstorm
|-heal|p2a: Blissey|56/100|[from] item: Leftovers
|-heal|p1a: Swampert|60/100 slp|[from] item: Leftovers
|upkeep
|turn|107
|
|t:|1729726889
|switch|p1a: Blissey|Blissey, F|59/100
|move|p2a: Blissey|Seismic Toss|p1a: Blissey
|-damage|p1a: Blissey|44/100
|
|-weather|Sandstorm|[upkeep]
|-damage|p1a: Blissey|38/100|[from] Sandstorm
|-damage|p2a: Blissey|50/100|[from] Sandstorm
|-heal|p1a: Blissey|44/100|[from] item: Leftovers
|-heal|p2a: Blissey|56/100|[from] item: Leftovers
|upkeep
|turn|108
|
|t:|1729726899
|move|p2a: Blissey|Ice Beam|p1a: Blissey
|-damage|p1a: Blissey|34/100
|move|p1a: Blissey|Soft-Boiled|p1a: Blissey
|-heal|p1a: Blissey|84/100
|
|-weather|Sandstorm|[upkeep]
|-damage|p2a: Blissey|50/100|[from] Sandstorm
|-damage|p1a: Blissey|78/100|[from] Sandstorm
|-heal|p1a: Blissey|84/100|[from] item: Leftovers
|-heal|p2a: Blissey|56/100|[from] item: Leftovers
|upkeep
|turn|109
|
|t:|1729726909
|move|p2a: Blissey|Ice Beam|p1a: Blissey
|-damage|p1a: Blissey|74/100
|move|p1a: Blissey|Wish|p1a: Blissey
|
|-weather|Sandstorm|[upkeep]
|-damage|p2a: Blissey|50/100|[from] Sandstorm
|-damage|p1a: Blissey|68/100|[from] Sandstorm
|-heal|p2a: Blissey|56/100|[from] item: Leftovers
|-heal|p1a: Blissey|74/100|[from] item: Leftovers
|upkeep
|turn|110
|inactive|tsukinomiko has 270 seconds left.
|c|☆tsukinomiko|freeze on rachi on the very last turn blissey had to live was some mega bs lol
|c|☆tsukinomiko|take it
|-message|tsukinomiko forfeited.
|
|win|promeathean0056
|c|☆tsukinomiko|gg
|c|☆promeathean0056|gg
|player|p1|
|player|p1|promeathean0056|2|
|player|p1|
|player|p1|promeathean0056|2|
|player|p1|

</script>
<script type="application/json" class="data" id="replaydata-smogtours-gen3ou-801473">
{"id":"smogtours-gen3ou-801473","format":"[Gen 3] OU","players":["promeathean0056","tsukinomiko"],"uploadtime":1729726935,"views":99,"formatid":"gen3ou","rating":null,"private":0,"password":null}
</script>

<script defer src="js/replays.js?9d40a366"></script>
