<!DOCTYPE html>
<meta charset="utf-8" />
<meta name="viewport" content="width=device-width" />

<title>[Gen 3] OU: Mister Tim vs. verbatim - Replays - Pok&eacute;mon Showdown!</title>

<meta name="description" content="Watch a replay of a Pok&eacute;mon battle between Mister Tim and verbatim! Format: [Gen 3] OU; Date: Oct 21, 2024" />
<!--

Hey, you! Looking in the source for the replay log?

You can find them in JSON format, just add `.json` at the end of a replay URL.

https://replay.pokemonshowdown.com/gen7randomdoublesbattle-865046831.json

Or, if you only need the log itself, add `.log` instead:

https://replay.pokemonshowdown.com/gen7randomdoublesbattle-865046831.log

-->

<link rel="stylesheet" href="//pokemonshowdown.com/style/global.css?0.023195364461161105" />
<link rel="stylesheet" href="//play.pokemonshowdown.com/style/font-awesome.css?0.13261647063804238" />
<link rel="stylesheet" href="//play.pokemonshowdown.com/style/battle.css?0.8753245789963631" />
<link rel="stylesheet" href="//play.pokemonshowdown.com/style/utilichart.css?0.8627959624976733" />

<!-- Global site tag (gtag.js) - Google Analytics -->
<script async src="https://www.googletagmanager.com/gtag/js?id=UA-26211653-1"></script>
<script>
  window.dataLayer = window.dataLayer || [];
  function gtag(){dataLayer.push(arguments);}
  gtag('js', new Date());

  gtag('config', 'UA-26211653-1');
</script>
<!-- End Google Analytics -->
<!-- Venatus Ad Manager - Install in <HEAD> of page -->
	<script src="https://hb.vntsm.com/v3/live/ad-manager.min.js" type="text/javascript" data-site-id="642aba63ec9a7b11c3c9c1be" data-mode="scan" async></script>
<!-- / Venatus Ad Manager -->

<style>
	@media (max-width:820px) {
		.battle {
			margin: 0 auto;
		}
		.battle-log {
			margin: 7px auto 0;
			max-width: 640px;
			height: 300px;
			position: static;
		}
	}
	.optgroup {
		display: inline-block;
		line-height: 22px;
		font-size: 10pt;
	}
	.optgroup .button {
		height: 25px;
		padding-top: 0;
		padding-bottom: 0;
	}
	.optgroup button.button {
		padding-left: 12px;
		padding-right: 12px;
	}
	.linklist {
		list-style: none;
		margin: 0.5em 0;
		padding: 0;
	}
	.linklist li {
		padding: 2px 0;
	}
	.sidebar {
		float: left;
		width: 320px;
	}
	.bar-wrapper {
		max-width: 1100px;
		margin: 0 auto;
	}
	.bar-wrapper.has-sidebar {
		max-width: 1430px;
	}
	.mainbar {
		margin: 0;
		padding-right: 1px;
	}
	.mainbar.has-sidebar {
		margin-left: 330px;
	}
	@media (min-width: 1511px) {
		.sidebar {
			width: 400px;
		}
		.bar-wrapper.has-sidebar {
			max-width: 1510px;
		}
		.mainbar.has-sidebar {
			margin-left: 410px;
		}
	}
	.section.first-section {
		margin-top: 9px;
	}
	.blocklink small {
		white-space: normal;
	}
	.button {
		vertical-align: middle;
	}
	.replay-controls {
		padding-top: 10px;
	}
	.replay-controls h1 {
		font-size: 16pt;
		font-weight: normal;
		color: #CCC;
	}
	.pagelink {
		text-align: center;
	}
	.pagelink a {
		width: 150px;
	}
	.textbox, .button {
		font-size: 11pt;
		vertical-align: middle;
	}
	@media (max-width: 450px) {
		.button {
			font-size: 9pt;
		}
	}
</style>

<div>

	<header>
		<div class="nav-wrapper"><ul class="nav">
			<li><a class="button nav-first" href="//pokemonshowdown.com/"><img src="//pokemonshowdown.com/images/pokemonshowdownbeta.png" srcset="//pokemonshowdown.com/images/pokemonshowdownbeta.png 1x, //pokemonshowdown.com/images/pokemonshowdownbeta@2x.png 2x" alt="Pok&eacute;mon Showdown" width="146" height="44" /> Home</a></li>
			<li><a class="button" href="//pokemonshowdown.com/dex/">Pok&eacute;dex</a></li>
			<li><a class="button cur" href="/">Replays</a></li>
			<li><a class="button" href="//pokemonshowdown.com/ladder/">Ladder</a></li>
			<li><a class="button nav-last" href="//pokemonshowdown.com/forums/">Forum</a></li>
			<li><a class="button greenbutton nav-first nav-last" href="//play.pokemonshowdown.com/">Play</a></li>
		</ul></div>
	</header>

	<div class="main" id="main">

		<noscript><section class="section">You need to enable JavaScript to use this page; sorry!</section></noscript>

	</div>

</div>

<script defer nomodule src="//play.pokemonshowdown.com/js/lib/ps-polyfill.js"></script>
<script defer src="//play.pokemonshowdown.com/js/lib/preact.min.js"></script>

<script defer src="//play.pokemonshowdown.com/config/config.js?2bddbc15"></script>
<script defer src="//play.pokemonshowdown.com/js/lib/jquery-1.11.0.min.js"></script>
<script defer src="//play.pokemonshowdown.com/js/lib/html-sanitizer-minified.js"></script>
<script defer src="//play.pokemonshowdown.com/js/battle-sound.js"></script>
<script defer src="//play.pokemonshowdown.com/js/battledata.js?0.7209276989879541"></script>
<script defer src="//play.pokemonshowdown.com/data/pokedex-mini.js?0.6111056340867951"></script>
<script defer src="//play.pokemonshowdown.com/data/pokedex-mini-bw.js?0.3532142036491459"></script>
<script defer src="//play.pokemonshowdown.com/data/graphics.js?0.24223875632456182"></script>
<script defer src="//play.pokemonshowdown.com/data/pokedex.js?0.38839984266356864"></script>
<script defer src="//play.pokemonshowdown.com/data/moves.js?0.21866028504024015"></script>
<script defer src="//play.pokemonshowdown.com/data/abilities.js?0.2005157953846628"></script>
<script defer src="//play.pokemonshowdown.com/data/items.js?0.9894211263848525"></script>
<script defer src="//play.pokemonshowdown.com/data/teambuilder-tables.js?0.6008791140282215"></script>
<script defer src="//play.pokemonshowdown.com/js/battle-tooltips.js?0.7580118955022959"></script>
<script defer src="//play.pokemonshowdown.com/js/battle.js?0.6057722274234274"></script>

<script defer src="js/utils.js?e31f9a17"></script>
<script defer src="js/replays-battle.js?7008c182"></script>

<!-- don't scrape this data! just add .json or .log after the URL!
Full API docs: https://github.com/smogon/pokemon-showdown-client/blob/master/WEB-API.md -->
<script type="text/plain" class="log" id="replaylog-smogtours-gen3ou-801069">
|inactive|Battle timer is ON: inactive players will automatically lose when time's up.
|t:|1729535858
|gametype|singles
|player|p1|Mister Tim|266|
|player|p2|verbatim|#psstaffm|
|teamsize|p1|6
|teamsize|p2|6
|gen|3
|tier|[Gen 3] OU
|rule|Sleep Clause Mod: Limit one foe put to sleep
|rule|Switch Priority Clause Mod: Faster Pokémon switch first
|rule|Species Clause: Limit one of each Pokémon
|rule|OHKO Clause: OHKO moves are banned
|rule|Evasion Items Clause: Evasion items are banned
|rule|Evasion Moves Clause: Evasion moves are banned
|rule|Endless Battle Clause: Forcing endless battles is banned
|rule|HP Percentage Mod: HP is shown in percentages
|rule|One Boost Passer Clause: Limit one Baton Passer that has a way to boost its stats
|rule|Freeze Clause Mod: Limit one foe frozen
|
|t:|1729535858
|start
|switch|p1a: Tyranitar|Tyranitar, M|100/100
|switch|p2a: whatcha thinkin'|Medicham, F|100/100
|-weather|Sandstorm|[from] ability: Sand Stream|[of] p1a: Tyranitar
|turn|1
|
|t:|1729535869
|switch|p1a: Skarmory|Skarmory, F|100/100
|move|p2a: whatcha thinkin'|Baton Pass|p2a: whatcha thinkin'
|
|t:|1729535872
|switch|p2a: thinkin' 'bout now|Magneton|100/100|[from] Baton Pass
|
|-weather|Sandstorm|[upkeep]
|upkeep
|turn|2
|
|t:|1729535875
|move|p2a: thinkin' 'bout now|Thunderbolt|p1a: Skarmory
|-supereffective|p1a: Skarmory
|-damage|p1a: Skarmory|0 fnt
|faint|p1a: Skarmory
|
|t:|1729535893
|switch|p1a: Charizard|Charizard, F|100/100
|
|-weather|Sandstorm|[upkeep]
|-damage|p1a: Charizard|94/100|[from] Sandstorm
|-heal|p1a: Charizard|100/100|[from] item: Leftovers
|upkeep
|turn|3
|
|t:|1729535895
|move|p1a: Charizard|Flamethrower|p2a: thinkin' 'bout now
|-supereffective|p2a: thinkin' 'bout now
|-damage|p2a: thinkin' 'bout now|0 fnt
|faint|p2a: thinkin' 'bout now
|
|t:|1729535901
|switch|p2a: Bleach Blonde Hair|Raikou|100/100
|
|-weather|Sandstorm|[upkeep]
|-damage|p1a: Charizard|94/100|[from] Sandstorm
|-damage|p2a: Bleach Blonde Hair|94/100|[from] Sandstorm
|-heal|p1a: Charizard|100/100|[from] item: Leftovers
|-heal|p2a: Bleach Blonde Hair|100/100|[from] item: Leftovers
|upkeep
|turn|4
|
|t:|1729535909
|switch|p1a: Metagross|Metagross|100/100
|move|p2a: Bleach Blonde Hair|Thunderbolt|p1a: Metagross
|-damage|p1a: Metagross|64/100
|
|-weather|Sandstorm|[upkeep]
|-damage|p2a: Bleach Blonde Hair|94/100|[from] Sandstorm
|-heal|p2a: Bleach Blonde Hair|100/100|[from] item: Leftovers
|-heal|p1a: Metagross|70/100|[from] item: Leftovers
|upkeep
|turn|5
|
|t:|1729535916
|switch|p2a: Riches Untold|Metagross|100/100
|move|p1a: Metagross|Earthquake|p2a: Riches Untold
|-supereffective|p2a: Riches Untold
|-damage|p2a: Riches Untold|46/100
|
|-weather|Sandstorm|[upkeep]
|-heal|p1a: Metagross|76/100|[from] item: Leftovers
|-heal|p2a: Riches Untold|52/100|[from] item: Leftovers
|upkeep
|turn|6
|
|t:|1729535922
|move|p1a: Metagross|Earthquake|p2a: Riches Untold
|-supereffective|p2a: Riches Untold
|-damage|p2a: Riches Untold|6/100
|move|p2a: Riches Untold|Explosion|p1a: Metagross
|-resisted|p1a: Metagross
|-damage|p1a: Metagross|4/100
|faint|p2a: Riches Untold
|
|t:|1729535928
|switch|p2a: Bleach Blonde Hair|Raikou|100/100
|
|-weather|Sandstorm|[upkeep]
|-damage|p2a: Bleach Blonde Hair|94/100|[from] Sandstorm
|-heal|p2a: Bleach Blonde Hair|100/100|[from] item: Leftovers
|-heal|p1a: Metagross|10/100|[from] item: Leftovers
|upkeep
|turn|7
|
|t:|1729535932
|switch|p1a: Blissey|Blissey, F|100/100
|move|p2a: Bleach Blonde Hair|Thunderbolt|p1a: Blissey
|-damage|p1a: Blissey|84/100
|
|-weather|Sandstorm|[upkeep]
|-damage|p2a: Bleach Blonde Hair|94/100|[from] Sandstorm
|-damage|p1a: Blissey|78/100|[from] Sandstorm
|-heal|p2a: Bleach Blonde Hair|100/100|[from] item: Leftovers
|-heal|p1a: Blissey|84/100|[from] item: Leftovers
|upkeep
|turn|8
|
|t:|1729535936
|move|p2a: Bleach Blonde Hair|Calm Mind|p2a: Bleach Blonde Hair
|-boost|p2a: Bleach Blonde Hair|spa|1
|-boost|p2a: Bleach Blonde Hair|spd|1
|move|p1a: Blissey|Ice Beam|p2a: Bleach Blonde Hair
|-damage|p2a: Bleach Blonde Hair|90/100
|-status|p2a: Bleach Blonde Hair|frz
|
|-weather|Sandstorm|[upkeep]
|-damage|p2a: Bleach Blonde Hair|83/100 frz|[from] Sandstorm
|-damage|p1a: Blissey|78/100|[from] Sandstorm
|-heal|p2a: Bleach Blonde Hair|90/100 frz|[from] item: Leftovers
|-heal|p1a: Blissey|84/100|[from] item: Leftovers
|upkeep
|turn|9
|
|t:|1729535940
|switch|p1a: Tyranitar|Tyranitar, M|100/100
|cant|p2a: Bleach Blonde Hair|frz
|
|-weather|Sandstorm|[upkeep]
|-damage|p2a: Bleach Blonde Hair|83/100 frz|[from] Sandstorm
|-heal|p2a: Bleach Blonde Hair|90/100 frz|[from] item: Leftovers
|upkeep
|turn|10
|
|t:|1729535946
|switch|p2a: Chasing Rainbows|Suicune|100/100
|move|p1a: Tyranitar|Earthquake|p2a: Chasing Rainbows
|-damage|p2a: Chasing Rainbows|83/100
|
|-weather|Sandstorm|[upkeep]
|-damage|p2a: Chasing Rainbows|77/100|[from] Sandstorm
|-heal|p2a: Chasing Rainbows|83/100|[from] item: Leftovers
|upkeep
|turn|11
|
|t:|1729535950
|switch|p1a: Blissey|Blissey, F|84/100
|move|p2a: Chasing Rainbows|Surf|p1a: Blissey
|-damage|p1a: Blissey|72/100
|
|-weather|Sandstorm|[upkeep]
|-damage|p2a: Chasing Rainbows|77/100|[from] Sandstorm
|-damage|p1a: Blissey|66/100|[from] Sandstorm
|-heal|p2a: Chasing Rainbows|83/100|[from] item: Leftovers
|-heal|p1a: Blissey|72/100|[from] item: Leftovers
|upkeep
|turn|12
|
|t:|1729535953
|switch|p2a: Bleach Blonde Hair|Raikou|90/100 frz
|move|p1a: Blissey|Ice Beam|p2a: Bleach Blonde Hair
|-damage|p2a: Bleach Blonde Hair|71/100 frz
|
|-weather|Sandstorm|[upkeep]
|-damage|p2a: Bleach Blonde Hair|65/100 frz|[from] Sandstorm
|-damage|p1a: Blissey|66/100|[from] Sandstorm
|-heal|p2a: Bleach Blonde Hair|71/100 frz|[from] item: Leftovers
|-heal|p1a: Blissey|72/100|[from] item: Leftovers
|upkeep
|turn|13
|
|t:|1729535956
|switch|p1a: Metagross|Metagross|10/100
|-curestatus|p2a: Bleach Blonde Hair|frz|[msg]
|move|p2a: Bleach Blonde Hair|Calm Mind|p2a: Bleach Blonde Hair
|-boost|p2a: Bleach Blonde Hair|spa|1
|-boost|p2a: Bleach Blonde Hair|spd|1
|
|-weather|Sandstorm|[upkeep]
|-damage|p2a: Bleach Blonde Hair|65/100|[from] Sandstorm
|-heal|p2a: Bleach Blonde Hair|71/100|[from] item: Leftovers
|-heal|p1a: Metagross|16/100|[from] item: Leftovers
|upkeep
|turn|14
|
|t:|1729535959
|move|p2a: Bleach Blonde Hair|Thunderbolt|p1a: Metagross
|-damage|p1a: Metagross|0 fnt
|faint|p1a: Metagross
|
|t:|1729535961
|switch|p1a: Tyranitar|Tyranitar, M|100/100
|
|-weather|Sandstorm|[upkeep]
|-damage|p2a: Bleach Blonde Hair|65/100|[from] Sandstorm
|-heal|p2a: Bleach Blonde Hair|71/100|[from] item: Leftovers
|upkeep
|turn|15
|
|t:|1729535963
|move|p2a: Bleach Blonde Hair|Thunderbolt|p1a: Tyranitar
|-damage|p1a: Tyranitar|52/100
|move|p1a: Tyranitar|Earthquake|p2a: Bleach Blonde Hair
|-supereffective|p2a: Bleach Blonde Hair
|-damage|p2a: Bleach Blonde Hair|2/100
|
|-weather|Sandstorm|[upkeep]
|-damage|p2a: Bleach Blonde Hair|0 fnt|[from] Sandstorm
|faint|p2a: Bleach Blonde Hair
|upkeep
|
|t:|1729535973
|switch|p2a: whatcha thinkin'|Medicham, F|100/100
|turn|16
|
|t:|1729535982
|move|p2a: whatcha thinkin'|Rock Slide|p1a: Tyranitar
|-damage|p1a: Tyranitar|13/100
|move|p1a: Tyranitar|Earthquake|p2a: whatcha thinkin'
|-damage|p2a: whatcha thinkin'|49/100
|
|-weather|Sandstorm|[upkeep]
|-damage|p2a: whatcha thinkin'|43/100|[from] Sandstorm
|upkeep
|turn|17
|
|t:|1729535987
|move|p2a: whatcha thinkin'|Rock Slide|p1a: Tyranitar
|-damage|p1a: Tyranitar|0 fnt
|faint|p1a: Tyranitar
|
|t:|1729535989
|switch|p1a: Charizard|Charizard, F|100/100
|
|-weather|Sandstorm|[upkeep]
|-damage|p1a: Charizard|94/100|[from] Sandstorm
|-damage|p2a: whatcha thinkin'|37/100|[from] Sandstorm
|-heal|p1a: Charizard|100/100|[from] item: Leftovers
|upkeep
|turn|18
|
|t:|1729535992
|switch|p2a: Look at Me|Snorlax, M, shiny|100/100
|move|p1a: Charizard|Substitute|p1a: Charizard
|-start|p1a: Charizard|Substitute
|-damage|p1a: Charizard|76/100
|
|-weather|Sandstorm|[upkeep]
|-damage|p1a: Charizard|70/100|[from] Sandstorm
|-damage|p2a: Look at Me|94/100|[from] Sandstorm
|-heal|p1a: Charizard|76/100|[from] item: Leftovers
|-heal|p2a: Look at Me|100/100|[from] item: Leftovers
|upkeep
|turn|19
|
|t:|1729535996
|-singleturn|p1a: Charizard|move: Focus Punch
|move|p2a: Look at Me|Body Slam|p1a: Charizard
|-end|p1a: Charizard|Substitute
|move|p1a: Charizard|Focus Punch|p2a: Look at Me
|-supereffective|p2a: Look at Me
|-damage|p2a: Look at Me|54/100
|
|-weather|Sandstorm|[upkeep]
|-damage|p1a: Charizard|70/100|[from] Sandstorm
|-damage|p2a: Look at Me|48/100|[from] Sandstorm
|-heal|p1a: Charizard|76/100|[from] item: Leftovers
|-heal|p2a: Look at Me|54/100|[from] item: Leftovers
|upkeep
|turn|20
|
|t:|1729536011
|switch|p1a: Blissey|Blissey, F|72/100
|move|p2a: Look at Me|Body Slam|p1a: Blissey
|-damage|p1a: Blissey|33/100
|
|-weather|Sandstorm|[upkeep]
|-damage|p1a: Blissey|27/100|[from] Sandstorm
|-damage|p2a: Look at Me|48/100|[from] Sandstorm
|-heal|p1a: Blissey|33/100|[from] item: Leftovers
|-heal|p2a: Look at Me|54/100|[from] item: Leftovers
|upkeep
|turn|21
|
|t:|1729536016
|move|p1a: Blissey|Thunderbolt|p2a: Look at Me
|-damage|p2a: Look at Me|37/100
|move|p2a: Look at Me|Body Slam|p1a: Blissey
|-damage|p1a: Blissey|0 fnt
|faint|p1a: Blissey
|
|t:|1729536027
|switch|p1a: Aerodactyl|Aerodactyl, F|100/100
|
|-weather|Sandstorm|[upkeep]
|-damage|p2a: Look at Me|31/100|[from] Sandstorm
|-heal|p2a: Look at Me|37/100|[from] item: Leftovers
|upkeep
|turn|22
|
|t:|1729536034
|switch|p2a: whatcha thinkin'|Medicham, F|37/100
|move|p1a: Aerodactyl|Double-Edge|p2a: whatcha thinkin'
|-damage|p2a: whatcha thinkin'|0 fnt
|faint|p2a: whatcha thinkin'
|
|t:|1729536037
|switch|p2a: Chasing Rainbows|Suicune|83/100
|
|-weather|Sandstorm|[upkeep]
|-damage|p2a: Chasing Rainbows|77/100|[from] Sandstorm
|-heal|p2a: Chasing Rainbows|83/100|[from] item: Leftovers
|upkeep
|turn|23
|
|t:|1729536040
|move|p1a: Aerodactyl|Double-Edge|p2a: Chasing Rainbows
|-damage|p2a: Chasing Rainbows|54/100
|move|p2a: Chasing Rainbows|Surf|p1a: Aerodactyl
|-supereffective|p1a: Aerodactyl
|-damage|p1a: Aerodactyl|7/100
|
|-weather|Sandstorm|[upkeep]
|-damage|p2a: Chasing Rainbows|47/100|[from] Sandstorm
|-heal|p2a: Chasing Rainbows|54/100|[from] item: Leftovers
|upkeep
|turn|24
|
|t:|1729536044
|move|p1a: Aerodactyl|Double-Edge|p2a: Chasing Rainbows
|-damage|p2a: Chasing Rainbows|24/100
|move|p2a: Chasing Rainbows|Surf|p1a: Aerodactyl
|-supereffective|p1a: Aerodactyl
|-damage|p1a: Aerodactyl|0 fnt
|faint|p1a: Aerodactyl
|
|t:|1729536048
|switch|p1a: Charizard|Charizard, F|76/100
|
|-weather|Sandstorm|[upkeep]
|-damage|p1a: Charizard|70/100|[from] Sandstorm
|-damage|p2a: Chasing Rainbows|18/100|[from] Sandstorm
|-heal|p1a: Charizard|76/100|[from] item: Leftovers
|-heal|p2a: Chasing Rainbows|24/100|[from] item: Leftovers
|upkeep
|turn|25
|
|t:|1729536050
|move|p1a: Charizard|Hidden Power|p2a: Chasing Rainbows
|-supereffective|p2a: Chasing Rainbows
|-damage|p2a: Chasing Rainbows|0 fnt
|faint|p2a: Chasing Rainbows
|
|t:|1729536052
|switch|p2a: Look at Me|Snorlax, M, shiny|37/100
|
|-weather|Sandstorm|[upkeep]
|-damage|p1a: Charizard|70/100|[from] Sandstorm
|-damage|p2a: Look at Me|31/100|[from] Sandstorm
|-heal|p1a: Charizard|76/100|[from] item: Leftovers
|-heal|p2a: Look at Me|37/100|[from] item: Leftovers
|upkeep
|turn|26
|
|t:|1729536059
|move|p1a: Charizard|Flamethrower|p2a: Look at Me
|-crit|p2a: Look at Me
|-damage|p2a: Look at Me|0 fnt
|faint|p2a: Look at Me
|
|win|Mister Tim
|c|☆verbatim|ggwp

</script>
<script type="application/json" class="data" id="replaydata-smogtours-gen3ou-801069">
{"id":"smogtours-gen3ou-801069","format":"[Gen 3] OU","players":["Mister Tim","verbatim"],"uploadtime":1729536059,"views":80,"formatid":"gen3ou","rating":null,"private":0,"password":null}
</script>

<script defer src="js/replays.js?9d40a366"></script>
