<!DOCTYPE html>
<meta charset="utf-8" />
<meta name="viewport" content="width=device-width" />

<title>[Gen 3] OU: Genoz vs. social inclusion - Replays - Pok&eacute;mon Showdown!</title>

<meta name="description" content="Watch a replay of a Pok&eacute;mon battle between Genoz and social inclusion! Format: [Gen 3] OU; Date: Oct 14, 2024" />
<!--

Hey, you! Looking in the source for the replay log?

You can find them in JSON format, just add `.json` at the end of a replay URL.

https://replay.pokemonshowdown.com/gen7randomdoublesbattle-865046831.json

Or, if you only need the log itself, add `.log` instead:

https://replay.pokemonshowdown.com/gen7randomdoublesbattle-865046831.log

-->

<link rel="stylesheet" href="//pokemonshowdown.com/style/global.css?0.023195364461161105" />
<link rel="stylesheet" href="//play.pokemonshowdown.com/style/font-awesome.css?0.13261647063804238" />
<link rel="stylesheet" href="//play.pokemonshowdown.com/style/battle.css?0.8753245789963631" />
<link rel="stylesheet" href="//play.pokemonshowdown.com/style/utilichart.css?0.8627959624976733" />

<!-- Global site tag (gtag.js) - Google Analytics -->
<script async src="https://www.googletagmanager.com/gtag/js?id=UA-26211653-1"></script>
<script>
  window.dataLayer = window.dataLayer || [];
  function gtag(){dataLayer.push(arguments);}
  gtag('js', new Date());

  gtag('config', 'UA-26211653-1');
</script>
<!-- End Google Analytics -->
<!-- Venatus Ad Manager - Install in <HEAD> of page -->
	<script src="https://hb.vntsm.com/v3/live/ad-manager.min.js" type="text/javascript" data-site-id="642aba63ec9a7b11c3c9c1be" data-mode="scan" async></script>
<!-- / Venatus Ad Manager -->

<style>
	@media (max-width:820px) {
		.battle {
			margin: 0 auto;
		}
		.battle-log {
			margin: 7px auto 0;
			max-width: 640px;
			height: 300px;
			position: static;
		}
	}
	.optgroup {
		display: inline-block;
		line-height: 22px;
		font-size: 10pt;
	}
	.optgroup .button {
		height: 25px;
		padding-top: 0;
		padding-bottom: 0;
	}
	.optgroup button.button {
		padding-left: 12px;
		padding-right: 12px;
	}
	.linklist {
		list-style: none;
		margin: 0.5em 0;
		padding: 0;
	}
	.linklist li {
		padding: 2px 0;
	}
	.sidebar {
		float: left;
		width: 320px;
	}
	.bar-wrapper {
		max-width: 1100px;
		margin: 0 auto;
	}
	.bar-wrapper.has-sidebar {
		max-width: 1430px;
	}
	.mainbar {
		margin: 0;
		padding-right: 1px;
	}
	.mainbar.has-sidebar {
		margin-left: 330px;
	}
	@media (min-width: 1511px) {
		.sidebar {
			width: 400px;
		}
		.bar-wrapper.has-sidebar {
			max-width: 1510px;
		}
		.mainbar.has-sidebar {
			margin-left: 410px;
		}
	}
	.section.first-section {
		margin-top: 9px;
	}
	.blocklink small {
		white-space: normal;
	}
	.button {
		vertical-align: middle;
	}
	.replay-controls {
		padding-top: 10px;
	}
	.replay-controls h1 {
		font-size: 16pt;
		font-weight: normal;
		color: #CCC;
	}
	.pagelink {
		text-align: center;
	}
	.pagelink a {
		width: 150px;
	}
	.textbox, .button {
		font-size: 11pt;
		vertical-align: middle;
	}
	@media (max-width: 450px) {
		.button {
			font-size: 9pt;
		}
	}
</style>

<div>

	<header>
		<div class="nav-wrapper"><ul class="nav">
			<li><a class="button nav-first" href="//pokemonshowdown.com/"><img src="//pokemonshowdown.com/images/pokemonshowdownbeta.png" srcset="//pokemonshowdown.com/images/pokemonshowdownbeta.png 1x, //pokemonshowdown.com/images/pokemonshowdownbeta@2x.png 2x" alt="Pok&eacute;mon Showdown" width="146" height="44" /> Home</a></li>
			<li><a class="button" href="//pokemonshowdown.com/dex/">Pok&eacute;dex</a></li>
			<li><a class="button cur" href="/">Replays</a></li>
			<li><a class="button" href="//pokemonshowdown.com/ladder/">Ladder</a></li>
			<li><a class="button nav-last" href="//pokemonshowdown.com/forums/">Forum</a></li>
			<li><a class="button greenbutton nav-first nav-last" href="//play.pokemonshowdown.com/">Play</a></li>
		</ul></div>
	</header>

	<div class="main" id="main">

		<noscript><section class="section">You need to enable JavaScript to use this page; sorry!</section></noscript>

	</div>

</div>

<script defer nomodule src="//play.pokemonshowdown.com/js/lib/ps-polyfill.js"></script>
<script defer src="//play.pokemonshowdown.com/js/lib/preact.min.js"></script>

<script defer src="//play.pokemonshowdown.com/config/config.js?2bddbc15"></script>
<script defer src="//play.pokemonshowdown.com/js/lib/jquery-1.11.0.min.js"></script>
<script defer src="//play.pokemonshowdown.com/js/lib/html-sanitizer-minified.js"></script>
<script defer src="//play.pokemonshowdown.com/js/battle-sound.js"></script>
<script defer src="//play.pokemonshowdown.com/js/battledata.js?0.7209276989879541"></script>
<script defer src="//play.pokemonshowdown.com/data/pokedex-mini.js?0.6111056340867951"></script>
<script defer src="//play.pokemonshowdown.com/data/pokedex-mini-bw.js?0.3532142036491459"></script>
<script defer src="//play.pokemonshowdown.com/data/graphics.js?0.24223875632456182"></script>
<script defer src="//play.pokemonshowdown.com/data/pokedex.js?0.38839984266356864"></script>
<script defer src="//play.pokemonshowdown.com/data/moves.js?0.21866028504024015"></script>
<script defer src="//play.pokemonshowdown.com/data/abilities.js?0.2005157953846628"></script>
<script defer src="//play.pokemonshowdown.com/data/items.js?0.9894211263848525"></script>
<script defer src="//play.pokemonshowdown.com/data/teambuilder-tables.js?0.6008791140282215"></script>
<script defer src="//play.pokemonshowdown.com/js/battle-tooltips.js?0.7580118955022959"></script>
<script defer src="//play.pokemonshowdown.com/js/battle.js?0.6057722274234274"></script>

<script defer src="js/utils.js?e31f9a17"></script>
<script defer src="js/replays-battle.js?7008c182"></script>

<!-- don't scrape this data! just add .json or .log after the URL!
Full API docs: https://github.com/smogon/pokemon-showdown-client/blob/master/WEB-API.md -->
<script type="text/plain" class="log" id="replaylog-smogtours-gen3ou-798703">
|inactive|Battle timer is ON: inactive players will automatically lose when time's up.
|t:|1728932100
|gametype|singles
|player|p1|Genoz|jogger|
|player|p2|social inclusion|170|
|teamsize|p1|6
|teamsize|p2|6
|gen|3
|tier|[Gen 3] OU
|rule|Sleep Clause Mod: Limit one foe put to sleep
|rule|Switch Priority Clause Mod: Faster Pokémon switch first
|rule|Species Clause: Limit one of each Pokémon
|rule|OHKO Clause: OHKO moves are banned
|rule|Evasion Items Clause: Evasion items are banned
|rule|Evasion Moves Clause: Evasion moves are banned
|rule|Endless Battle Clause: Forcing endless battles is banned
|rule|HP Percentage Mod: HP is shown in percentages
|rule|One Boost Passer Clause: Limit one Baton Passer that has a way to boost its stats
|rule|Freeze Clause Mod: Limit one foe frozen
|
|t:|1728932100
|start
|switch|p1a: Skarmory|Skarmory, F|100/100
|switch|p2a: Forretress|Forretress, M|100/100
|turn|1
|c|☆social inclusion|hf mate
|
|t:|1728932115
|move|p1a: Skarmory|Spikes|p2a: Forretress
|-sidestart|p2: social inclusion|Spikes
|move|p2a: Forretress|Spikes|p1a: Skarmory
|-sidestart|p1: Genoz|Spikes
|
|upkeep
|turn|2
|
|t:|1728932125
|switch|p1a: Aerodactyl|Aerodactyl, M|100/100
|move|p2a: Forretress|Zap Cannon|p1a: Aerodactyl|[miss]
|-miss|p2a: Forretress|p1a: Aerodactyl
|
|upkeep
|turn|3
|
|t:|1728932132
|move|p1a: Aerodactyl|Rock Slide|p2a: Forretress
|-damage|p2a: Forretress|69/100
|move|p2a: Forretress|Zap Cannon|p1a: Aerodactyl
|-supereffective|p1a: Aerodactyl
|-damage|p1a: Aerodactyl|54/100
|-status|p1a: Aerodactyl|par
|
|-heal|p2a: Forretress|75/100|[from] item: Leftovers
|upkeep
|turn|4
|
|t:|1728932149
|switch|p2a: Milotic|Milotic, F|100/100
|-damage|p2a: Milotic|88/100|[from] Spikes
|move|p1a: Aerodactyl|Rock Slide|p2a: Milotic
|-damage|p2a: Milotic|53/100
|
|-heal|p2a: Milotic|59/100|[from] item: Leftovers
|upkeep
|turn|5
|
|t:|1728932156
|switch|p1a: Starmie|Starmie|100/100
|-damage|p1a: Starmie|88/100|[from] Spikes
|move|p2a: Milotic|Recover|p2a: Milotic
|-heal|p2a: Milotic|100/100
|
|-heal|p1a: Starmie|94/100|[from] item: Leftovers
|upkeep
|turn|6
|
|t:|1728932163
|move|p1a: Starmie|Thunder Wave|p2a: Milotic
|-status|p2a: Milotic|par
|move|p2a: Milotic|Toxic|p1a: Starmie
|-status|p1a: Starmie|tox
|
|-heal|p1a: Starmie|100/100 tox|[from] item: Leftovers
|-damage|p1a: Starmie|94/100 tox|[from] psn
|upkeep
|turn|7
|
|t:|1728932168
|move|p1a: Starmie|Rapid Spin|p2a: Milotic
|-damage|p2a: Milotic|99/100 par
|-sideend|p1: Genoz|Spikes|[from] move: Rapid Spin|[of] p1a: Starmie
|move|p2a: Milotic|Refresh|p2a: Milotic
|-curestatus|p2a: Milotic|par|[msg]
|
|-heal|p1a: Starmie|100/100 tox|[from] item: Leftovers
|-damage|p1a: Starmie|88/100 tox|[from] psn
|-heal|p2a: Milotic|100/100|[from] item: Leftovers
|upkeep
|turn|8
|
|t:|1728932184
|-curestatus|p1a: Starmie|tox|[from] ability: Natural Cure
|switch|p1a: Celebi|Celebi|100/100
|move|p2a: Milotic|Surf|p1a: Celebi
|-resisted|p1a: Celebi
|-damage|p1a: Celebi|88/100
|
|-heal|p1a: Celebi|94/100|[from] item: Leftovers
|upkeep
|turn|9
|
|t:|1728932190
|move|p1a: Celebi|Leech Seed|p2a: Milotic
|-start|p2a: Milotic|move: Leech Seed
|move|p2a: Milotic|Toxic|p1a: Celebi|[miss]
|-miss|p2a: Milotic|p1a: Celebi
|
|-heal|p1a: Celebi|100/100|[from] item: Leftovers
|-damage|p2a: Milotic|88/100|[from] Leech Seed|[of] p1a: Celebi
|upkeep
|turn|10
|
|t:|1728932203
|switch|p1a: Aerodactyl|Aerodactyl, M|54/100 par
|switch|p2a: Forretress|Forretress, M|75/100
|-damage|p2a: Forretress|63/100|[from] Spikes
|
|-heal|p2a: Forretress|69/100|[from] item: Leftovers
|upkeep
|turn|11
|
|t:|1728932210
|move|p2a: Forretress|Rapid Spin|p1a: Aerodactyl
|-resisted|p1a: Aerodactyl
|-crit|p1a: Aerodactyl
|-damage|p1a: Aerodactyl|48/100 par
|-sideend|p2: social inclusion|Spikes|[from] move: Rapid Spin|[of] p2a: Forretress
|move|p1a: Aerodactyl|Rock Slide|p2a: Forretress
|-damage|p2a: Forretress|37/100
|
|-heal|p2a: Forretress|43/100|[from] item: Leftovers
|upkeep
|turn|12
|
|t:|1728932219
|switch|p2a: Milotic|Milotic, F|88/100
|move|p1a: Aerodactyl|Rock Slide|p2a: Milotic
|-damage|p2a: Milotic|49/100
|
|-heal|p2a: Milotic|55/100|[from] item: Leftovers
|upkeep
|turn|13
|
|t:|1728932225
|switch|p1a: Celebi|Celebi|100/100
|move|p2a: Milotic|Recover|p2a: Milotic
|-heal|p2a: Milotic|100/100
|
|upkeep
|turn|14
|
|t:|1728932235
|switch|p2a: Skarmory|Skarmory, F|100/100
|move|p1a: Celebi|Leech Seed|p2a: Skarmory
|-start|p2a: Skarmory|move: Leech Seed
|
|-damage|p2a: Skarmory|88/100|[from] Leech Seed|[of] p1a: Celebi
|upkeep
|turn|15
|
|t:|1728932244
|switch|p1a: Aerodactyl|Aerodactyl, M|48/100 par
|move|p2a: Skarmory|Spikes|p1a: Aerodactyl
|-sidestart|p1: Genoz|Spikes
|
|-heal|p2a: Skarmory|94/100|[from] item: Leftovers
|-damage|p2a: Skarmory|82/100|[from] Leech Seed|[of] p1a: Aerodactyl
|-heal|p1a: Aerodactyl|61/100 par|[silent]
|upkeep
|turn|16
|
|t:|1728932253
|switch|p2a: Milotic|Milotic, F|100/100
|move|p1a: Aerodactyl|Rock Slide|p2a: Milotic
|-crit|p2a: Milotic
|-damage|p2a: Milotic|18/100
|
|-heal|p2a: Milotic|24/100|[from] item: Leftovers
|upkeep
|turn|17
|
|t:|1728932274
|move|p2a: Milotic|Recover|p2a: Milotic
|-heal|p2a: Milotic|74/100
|move|p1a: Aerodactyl|Rock Slide|p2a: Milotic
|-damage|p2a: Milotic|37/100
|
|-heal|p2a: Milotic|43/100|[from] item: Leftovers
|upkeep
|turn|18
|
|t:|1728932279
|switch|p1a: Skarmory|Skarmory, F|100/100
|move|p2a: Milotic|Recover|p2a: Milotic
|-heal|p2a: Milotic|93/100
|
|-heal|p2a: Milotic|99/100|[from] item: Leftovers
|upkeep
|turn|19
|
|t:|1728932283
|switch|p2a: Forretress|Forretress, M|43/100
|move|p1a: Skarmory|Spikes|p2a: Forretress
|-sidestart|p2: social inclusion|Spikes
|
|-heal|p2a: Forretress|49/100|[from] item: Leftovers
|upkeep
|turn|20
|
|t:|1728932286
|move|p1a: Skarmory|Drill Peck|p2a: Forretress
|-damage|p2a: Forretress|35/100
|move|p2a: Forretress|Rapid Spin|p1a: Skarmory
|-resisted|p1a: Skarmory
|-damage|p1a: Skarmory|99/100
|-sideend|p2: social inclusion|Spikes|[from] move: Rapid Spin|[of] p2a: Forretress
|
|-heal|p1a: Skarmory|100/100|[from] item: Leftovers
|-heal|p2a: Forretress|41/100|[from] item: Leftovers
|upkeep
|turn|21
|
|t:|1728932295
|switch|p1a: Blissey|Blissey, F|100/100
|-damage|p1a: Blissey|88/100|[from] Spikes
|move|p2a: Forretress|Zap Cannon|p1a: Blissey|[miss]
|-miss|p2a: Forretress|p1a: Blissey
|
|-heal|p1a: Blissey|94/100|[from] item: Leftovers
|-heal|p2a: Forretress|47/100|[from] item: Leftovers
|upkeep
|turn|22
|
|t:|1728932308
|switch|p2a: Milotic|Milotic, F|99/100
|move|p1a: Blissey|Thunder Wave|p2a: Milotic
|-status|p2a: Milotic|par
|
|-heal|p1a: Blissey|99/100|[from] item: Leftovers
|-heal|p2a: Milotic|100/100 par|[from] item: Leftovers
|upkeep
|turn|23
|
|t:|1728932320
|switch|p2a: Blissey|Blissey, F|100/100
|move|p1a: Blissey|Seismic Toss|p2a: Blissey
|-damage|p2a: Blissey|85/100
|
|-heal|p1a: Blissey|100/100|[from] item: Leftovers
|-heal|p2a: Blissey|91/100|[from] item: Leftovers
|upkeep
|turn|24
|
|t:|1728932329
|move|p1a: Blissey|Aromatherapy|p1a: Blissey
|-cureteam|p1a: Blissey|[from] move: Aromatherapy
|move|p2a: Blissey|Ice Beam|p1a: Blissey
|-damage|p1a: Blissey|92/100
|
|-heal|p1a: Blissey|98/100|[from] item: Leftovers
|-heal|p2a: Blissey|97/100|[from] item: Leftovers
|upkeep
|turn|25
|
|t:|1728932350
|switch|p1a: Skarmory|Skarmory, F|100/100
|move|p2a: Blissey|Calm Mind|p2a: Blissey
|-boost|p2a: Blissey|spa|1
|-boost|p2a: Blissey|spd|1
|
|-heal|p2a: Blissey|100/100|[from] item: Leftovers
|upkeep
|turn|26
|inactive|Genoz has 270 seconds left.
|
|t:|1728932370
|move|p2a: Blissey|Thunderbolt|p1a: Skarmory
|-supereffective|p1a: Skarmory
|-damage|p1a: Skarmory|27/100
|move|p1a: Skarmory|Roar|p2a: Blissey
|drag|p2a: Skarmory|Skarmory, F|82/100
|
|-heal|p2a: Skarmory|88/100|[from] item: Leftovers
|-heal|p1a: Skarmory|33/100|[from] item: Leftovers
|upkeep
|turn|27
|
|t:|1728932376
|switch|p2a: Forretress|Forretress, M|47/100
|move|p1a: Skarmory|Spikes|p2a: Forretress
|-sidestart|p2: social inclusion|Spikes
|
|-heal|p1a: Skarmory|39/100|[from] item: Leftovers
|-heal|p2a: Forretress|54/100|[from] item: Leftovers
|upkeep
|turn|28
|
|t:|1728932380
|move|p1a: Skarmory|Drill Peck|p2a: Forretress
|-damage|p2a: Forretress|38/100
|move|p2a: Forretress|Rapid Spin|p1a: Skarmory
|-resisted|p1a: Skarmory
|-damage|p1a: Skarmory|37/100
|-sideend|p2: social inclusion|Spikes|[from] move: Rapid Spin|[of] p2a: Forretress
|
|-heal|p1a: Skarmory|43/100|[from] item: Leftovers
|-heal|p2a: Forretress|44/100|[from] item: Leftovers
|upkeep
|turn|29
|
|t:|1728932389
|switch|p1a: Blissey|Blissey, F|98/100
|-damage|p1a: Blissey|85/100|[from] Spikes
|move|p2a: Forretress|Spikes|p1a: Blissey
|-sidestart|p1: Genoz|Spikes
|
|-heal|p1a: Blissey|91/100|[from] item: Leftovers
|-heal|p2a: Forretress|50/100|[from] item: Leftovers
|upkeep
|turn|30
|
|t:|1728932401
|switch|p2a: Milotic|Milotic, F|100/100 par
|move|p1a: Blissey|Seismic Toss|p2a: Milotic
|-damage|p2a: Milotic|75/100 par
|
|-heal|p1a: Blissey|98/100|[from] item: Leftovers
|-heal|p2a: Milotic|81/100 par|[from] item: Leftovers
|upkeep
|turn|31
|
|t:|1728932407
|move|p1a: Blissey|Seismic Toss|p2a: Milotic
|-damage|p2a: Milotic|56/100 par
|move|p2a: Milotic|Refresh|p2a: Milotic
|-curestatus|p2a: Milotic|par|[msg]
|
|-heal|p2a: Milotic|62/100|[from] item: Leftovers
|-heal|p1a: Blissey|100/100|[from] item: Leftovers
|upkeep
|turn|32
|
|t:|1728932413
|move|p2a: Milotic|Recover|p2a: Milotic
|-heal|p2a: Milotic|100/100
|move|p1a: Blissey|Thunder Wave|p2a: Milotic
|-status|p2a: Milotic|par
|
|upkeep
|turn|33
|
|t:|1728932417
|move|p1a: Blissey|Seismic Toss|p2a: Milotic
|-damage|p2a: Milotic|75/100 par
|move|p2a: Milotic|Refresh|p2a: Milotic
|-curestatus|p2a: Milotic|par|[msg]
|
|-heal|p2a: Milotic|81/100|[from] item: Leftovers
|upkeep
|turn|34
|
|t:|1728932425
|move|p2a: Milotic|Surf|p1a: Blissey
|-damage|p1a: Blissey|88/100
|move|p1a: Blissey|Thunder Wave|p2a: Milotic
|-status|p2a: Milotic|par
|
|-heal|p1a: Blissey|94/100|[from] item: Leftovers
|-heal|p2a: Milotic|87/100 par|[from] item: Leftovers
|upkeep
|turn|35
|
|t:|1728932427
|move|p1a: Blissey|Seismic Toss|p2a: Milotic
|-damage|p2a: Milotic|62/100 par
|move|p2a: Milotic|Refresh|p2a: Milotic
|-curestatus|p2a: Milotic|par|[msg]
|
|-heal|p2a: Milotic|68/100|[from] item: Leftovers
|-heal|p1a: Blissey|99/100|[from] item: Leftovers
|upkeep
|turn|36
|
|t:|1728932431
|move|p2a: Milotic|Recover|p2a: Milotic
|-heal|p2a: Milotic|100/100
|move|p1a: Blissey|Thunder Wave|p2a: Milotic
|-status|p2a: Milotic|par
|
|-heal|p1a: Blissey|100/100|[from] item: Leftovers
|upkeep
|turn|37
|
|t:|1728932434
|move|p1a: Blissey|Seismic Toss|p2a: Milotic
|-damage|p2a: Milotic|75/100 par
|move|p2a: Milotic|Refresh|p2a: Milotic
|-curestatus|p2a: Milotic|par|[msg]
|
|-heal|p2a: Milotic|81/100|[from] item: Leftovers
|upkeep
|turn|38
|
|t:|1728932437
|move|p2a: Milotic|Toxic|p1a: Blissey
|-status|p1a: Blissey|tox
|move|p1a: Blissey|Thunder Wave|p2a: Milotic
|-status|p2a: Milotic|par
|
|-damage|p1a: Blissey|94/100 tox|[from] psn
|-heal|p2a: Milotic|87/100 par|[from] item: Leftovers
|upkeep
|turn|39
|
|t:|1728932445
|-curestatus|p1a: Blissey|tox|[from] ability: Natural Cure
|switch|p1a: Starmie|Starmie|88/100
|-damage|p1a: Starmie|71/100|[from] Spikes
|move|p2a: Milotic|Refresh|p2a: Milotic
|-curestatus|p2a: Milotic|par|[msg]
|
|-heal|p1a: Starmie|78/100|[from] item: Leftovers
|-heal|p2a: Milotic|93/100|[from] item: Leftovers
|upkeep
|turn|40
|
|t:|1728932455
|move|p1a: Starmie|Rapid Spin|p2a: Milotic
|-damage|p2a: Milotic|91/100
|-sideend|p1: Genoz|Spikes|[from] move: Rapid Spin|[of] p1a: Starmie
|move|p2a: Milotic|Toxic|p1a: Starmie
|-status|p1a: Starmie|tox
|
|-heal|p1a: Starmie|84/100 tox|[from] item: Leftovers
|-damage|p1a: Starmie|78/100 tox|[from] psn
|-heal|p2a: Milotic|97/100|[from] item: Leftovers
|upkeep
|turn|41
|
|t:|1728932464
|switch|p2a: Blissey|Blissey, F|100/100
|move|p1a: Starmie|Thunder Wave|p2a: Blissey
|-status|p2a: Blissey|par
|
|-heal|p1a: Starmie|84/100 tox|[from] item: Leftovers
|-damage|p1a: Starmie|71/100 tox|[from] psn
|upkeep
|turn|42
|
|t:|1728932471
|-curestatus|p1a: Starmie|tox|[from] ability: Natural Cure
|switch|p1a: Celebi|Celebi|100/100
|-curestatus|p2a: Blissey|par|[from] ability: Natural Cure
|switch|p2a: Milotic|Milotic, F|97/100
|
|-heal|p2a: Milotic|100/100|[from] item: Leftovers
|upkeep
|turn|43
|
|t:|1728932475
|move|p1a: Celebi|Leech Seed|p2a: Milotic
|-start|p2a: Milotic|move: Leech Seed
|move|p2a: Milotic|Toxic|p1a: Celebi
|-status|p1a: Celebi|tox
|
|-damage|p1a: Celebi|94/100 tox|[from] psn
|-damage|p2a: Milotic|88/100|[from] Leech Seed|[of] p1a: Celebi
|-heal|p1a: Celebi|100/100 tox|[silent]
|upkeep
|turn|44
|
|t:|1728932485
|-curestatus|p1a: Celebi|tox|[from] ability: Natural Cure
|switch|p1a: Swampert|Swampert, M|100/100
|switch|p2a: Blissey|Blissey, F|100/100
|
|upkeep
|turn|45
|
|t:|1728932492
|switch|p2a: Milotic|Milotic, F|88/100
|move|p1a: Swampert|Curse|p1a: Swampert
|-unboost|p1a: Swampert|spe|1
|-boost|p1a: Swampert|atk|1
|-boost|p1a: Swampert|def|1
|
|-heal|p2a: Milotic|94/100|[from] item: Leftovers
|upkeep
|turn|46
|inactive|Genoz has 270 seconds left.
|
|t:|1728932526
|move|p2a: Milotic|Toxic|p1a: Swampert|[miss]
|-miss|p2a: Milotic|p1a: Swampert
|move|p1a: Swampert|Curse|p1a: Swampert
|-unboost|p1a: Swampert|spe|1
|-boost|p1a: Swampert|atk|1
|-boost|p1a: Swampert|def|1
|
|-heal|p2a: Milotic|99/100|[from] item: Leftovers
|upkeep
|turn|47
|
|t:|1728932530
|switch|p2a: Skarmory|Skarmory, F|88/100
|move|p1a: Swampert|Earthquake|p2a: Skarmory
|-immune|p2a: Skarmory
|
|-heal|p2a: Skarmory|94/100|[from] item: Leftovers
|upkeep
|turn|48
|
|t:|1728932534
|move|p2a: Skarmory|Protect|p2a: Skarmory
|-singleturn|p2a: Skarmory|Protect
|move|p1a: Swampert|Ice Beam|p2a: Skarmory
|-activate|p2a: Skarmory|Protect
|
|-heal|p2a: Skarmory|99/100|[from] item: Leftovers
|upkeep
|turn|49
|
|t:|1728932545
|move|p2a: Skarmory|Toxic|p1a: Swampert
|-status|p1a: Swampert|tox
|move|p1a: Swampert|Ice Beam|p2a: Skarmory
|-damage|p2a: Skarmory|83/100
|
|-heal|p2a: Skarmory|89/100|[from] item: Leftovers
|-damage|p1a: Swampert|94/100 tox|[from] psn
|upkeep
|turn|50
|
|t:|1728932560
|switch|p1a: Skarmory|Skarmory, F|43/100
|move|p2a: Skarmory|Spikes|p1a: Skarmory
|-sidestart|p1: Genoz|Spikes
|
|-heal|p2a: Skarmory|95/100|[from] item: Leftovers
|-heal|p1a: Skarmory|49/100|[from] item: Leftovers
|upkeep
|turn|51
|
|t:|1728932568
|switch|p2a: Forretress|Forretress, M|50/100
|move|p1a: Skarmory|Drill Peck|p2a: Forretress
|-damage|p2a: Forretress|36/100
|
|-heal|p1a: Skarmory|55/100|[from] item: Leftovers
|-heal|p2a: Forretress|43/100|[from] item: Leftovers
|upkeep
|turn|52
|
|t:|1728932576
|move|p1a: Skarmory|Drill Peck|p2a: Forretress
|-damage|p2a: Forretress|29/100
|move|p2a: Forretress|Zap Cannon|p1a: Skarmory
|-supereffective|p1a: Skarmory
|-damage|p1a: Skarmory|28/100
|-status|p1a: Skarmory|par
|
|-heal|p2a: Forretress|35/100|[from] item: Leftovers
|-heal|p1a: Skarmory|34/100 par|[from] item: Leftovers
|upkeep
|turn|53
|
|t:|1728932590
|switch|p1a: Aerodactyl|Aerodactyl, M|61/100
|move|p2a: Forretress|Spikes|p1a: Aerodactyl
|-sidestart|p1: Genoz|Spikes
|
|-heal|p2a: Forretress|41/100|[from] item: Leftovers
|upkeep
|turn|54
|
|t:|1728932606
|switch|p1a: Blissey|Blissey, F|94/100
|-damage|p1a: Blissey|78/100|[from] Spikes
|switch|p2a: Claydol|Claydol|100/100
|
|-heal|p1a: Blissey|84/100|[from] item: Leftovers
|upkeep
|turn|55
|inactive|social inclusion has 270 seconds left.
|
|t:|1728932641
|switch|p2a: Blissey|Blissey, F|100/100
|move|p1a: Blissey|Aromatherapy|p1a: Blissey
|-cureteam|p1a: Blissey|[from] move: Aromatherapy
|
|-heal|p1a: Blissey|90/100|[from] item: Leftovers
|upkeep
|turn|56
|
|t:|1728932661
|move|p1a: Blissey|Thunder Wave|p2a: Blissey
|-status|p2a: Blissey|par
|move|p2a: Blissey|Calm Mind|p2a: Blissey
|-boost|p2a: Blissey|spa|1
|-boost|p2a: Blissey|spd|1
|
|-heal|p1a: Blissey|96/100|[from] item: Leftovers
|upkeep
|turn|57
|
|t:|1728932669
|switch|p1a: Celebi|Celebi|100/100
|-damage|p1a: Celebi|84/100|[from] Spikes
|move|p2a: Blissey|Ice Beam|p1a: Celebi
|-supereffective|p1a: Celebi
|-damage|p1a: Celebi|26/100
|
|-heal|p1a: Celebi|32/100|[from] item: Leftovers
|upkeep
|turn|58
|
|t:|1728932682
|-curestatus|p2a: Blissey|par|[from] ability: Natural Cure
|switch|p2a: Dugtrio|Dugtrio, M|100/100
|move|p1a: Celebi|Recover|p1a: Celebi
|-heal|p1a: Celebi|82/100
|
|-heal|p1a: Celebi|88/100|[from] item: Leftovers
|upkeep
|turn|59
|
|t:|1728932688
|switch|p2a: Skarmory|Skarmory, F|95/100
|move|p1a: Celebi|Hidden Power|p2a: Skarmory
|-resisted|p2a: Skarmory
|-damage|p2a: Skarmory|89/100
|
|-heal|p1a: Celebi|95/100|[from] item: Leftovers
|-heal|p2a: Skarmory|95/100|[from] item: Leftovers
|upkeep
|turn|60
|
|t:|1728932697
|move|p1a: Celebi|Leech Seed|p2a: Skarmory
|-start|p2a: Skarmory|move: Leech Seed
|move|p2a: Skarmory|Toxic|p1a: Celebi
|-status|p1a: Celebi|tox
|
|-heal|p1a: Celebi|100/100 tox|[from] item: Leftovers
|-damage|p1a: Celebi|94/100 tox|[from] psn
|-heal|p2a: Skarmory|100/100|[from] item: Leftovers
|-damage|p2a: Skarmory|88/100|[from] Leech Seed|[of] p1a: Celebi
|-heal|p1a: Celebi|100/100 tox|[silent]
|upkeep
|turn|61
|
|t:|1728932705
|-curestatus|p1a: Celebi|tox|[from] ability: Natural Cure
|switch|p1a: Starmie|Starmie|71/100
|-damage|p1a: Starmie|55/100|[from] Spikes
|switch|p2a: Blissey|Blissey, F|100/100
|
|-heal|p1a: Starmie|61/100|[from] item: Leftovers
|upkeep
|turn|62
|
|t:|1728932710
|move|p1a: Starmie|Rapid Spin|p2a: Blissey
|-damage|p2a: Blissey|98/100
|-sideend|p1: Genoz|Spikes|[from] move: Rapid Spin|[of] p1a: Starmie
|move|p2a: Blissey|Thunderbolt|p1a: Starmie
|-supereffective|p1a: Starmie
|-damage|p1a: Starmie|4/100
|
|-heal|p1a: Starmie|10/100|[from] item: Leftovers
|-heal|p2a: Blissey|100/100|[from] item: Leftovers
|upkeep
|turn|63
|
|t:|1728932724
|switch|p1a: Celebi|Celebi|100/100
|move|p2a: Blissey|Thunderbolt|p1a: Celebi
|-resisted|p1a: Celebi
|-damage|p1a: Celebi|91/100
|
|-heal|p1a: Celebi|98/100|[from] item: Leftovers
|upkeep
|turn|64
|
|t:|1728932732
|switch|p2a: Skarmory|Skarmory, F|88/100
|move|p1a: Celebi|Leech Seed|p2a: Skarmory
|-start|p2a: Skarmory|move: Leech Seed
|
|-heal|p1a: Celebi|100/100|[from] item: Leftovers
|-heal|p2a: Skarmory|94/100|[from] item: Leftovers
|-damage|p2a: Skarmory|82/100|[from] Leech Seed|[of] p1a: Celebi
|upkeep
|turn|65
|
|t:|1728932738
|switch|p1a: Starmie|Starmie|10/100
|switch|p2a: Dugtrio|Dugtrio, M|100/100
|
|-heal|p1a: Starmie|17/100|[from] item: Leftovers
|upkeep
|turn|66
|
|t:|1728932744
|move|p2a: Dugtrio|Earthquake|p1a: Starmie
|-damage|p1a: Starmie|0 fnt
|faint|p1a: Starmie
|
|t:|1728932763
|switch|p1a: Skarmory|Skarmory, F|34/100
|
|-heal|p1a: Skarmory|40/100|[from] item: Leftovers
|upkeep
|turn|67
|
|t:|1728932773
|switch|p2a: Claydol|Claydol|100/100
|move|p1a: Skarmory|Drill Peck|p2a: Claydol
|-damage|p2a: Claydol|78/100
|
|-heal|p2a: Claydol|85/100|[from] item: Leftovers
|-heal|p1a: Skarmory|46/100|[from] item: Leftovers
|upkeep
|turn|68
|
|t:|1728932781
|move|p2a: Claydol|Psychic|p1a: Skarmory
|-resisted|p1a: Skarmory
|-damage|p1a: Skarmory|28/100
|move|p1a: Skarmory|Spikes|p2a: Claydol
|-sidestart|p2: social inclusion|Spikes
|
|-heal|p2a: Claydol|91/100|[from] item: Leftovers
|-heal|p1a: Skarmory|34/100|[from] item: Leftovers
|upkeep
|turn|69
|
|t:|1728932785
|move|p1a: Skarmory|Protect|p1a: Skarmory
|-singleturn|p1a: Skarmory|Protect
|move|p2a: Claydol|Rapid Spin|p1a: Skarmory
|-activate|p1a: Skarmory|Protect
|
|-heal|p2a: Claydol|97/100|[from] item: Leftovers
|-heal|p1a: Skarmory|40/100|[from] item: Leftovers
|upkeep
|turn|70
|
|t:|1728932795
|switch|p1a: Swampert|Swampert, M|94/100
|move|p2a: Claydol|Rapid Spin|p1a: Swampert
|-damage|p1a: Swampert|92/100
|-sideend|p2: social inclusion|Spikes|[from] move: Rapid Spin|[of] p2a: Claydol
|
|-heal|p2a: Claydol|100/100|[from] item: Leftovers
|-heal|p1a: Swampert|99/100|[from] item: Leftovers
|upkeep
|turn|71
|
|t:|1728932800
|switch|p2a: Skarmory|Skarmory, F|82/100
|move|p1a: Swampert|Ice Beam|p2a: Skarmory
|-damage|p2a: Skarmory|63/100
|
|-heal|p2a: Skarmory|69/100|[from] item: Leftovers
|-heal|p1a: Swampert|100/100|[from] item: Leftovers
|upkeep
|turn|72
|
|t:|1728932807
|move|p2a: Skarmory|Spikes|p1a: Swampert
|-sidestart|p1: Genoz|Spikes
|move|p1a: Swampert|Ice Beam|p2a: Skarmory
|-crit|p2a: Skarmory
|-damage|p2a: Skarmory|30/100
|
|-heal|p2a: Skarmory|36/100|[from] item: Leftovers
|upkeep
|turn|73
|
|t:|1728932813
|move|p2a: Skarmory|Protect|p2a: Skarmory
|-singleturn|p2a: Skarmory|Protect
|move|p1a: Swampert|Curse|p1a: Swampert
|-unboost|p1a: Swampert|spe|1
|-boost|p1a: Swampert|atk|1
|-boost|p1a: Swampert|def|1
|
|-heal|p2a: Skarmory|42/100|[from] item: Leftovers
|upkeep
|turn|74
|
|t:|1728932828
|move|p1a: Swampert|Ice Beam|p2a: Skarmory
|-damage|p2a: Skarmory|24/100
|move|p2a: Skarmory|Roar|p1a: Swampert
|drag|p1a: Skarmory|Skarmory, F|40/100
|
|-heal|p2a: Skarmory|30/100|[from] item: Leftovers
|-heal|p1a: Skarmory|46/100|[from] item: Leftovers
|upkeep
|turn|75
|
|t:|1728932843
|switch|p1a: Aerodactyl|Aerodactyl, M|61/100
|move|p2a: Skarmory|Spikes|p1a: Aerodactyl
|-sidestart|p1: Genoz|Spikes
|
|-heal|p2a: Skarmory|36/100|[from] item: Leftovers
|upkeep
|turn|76
|
|t:|1728932855
|move|p2a: Skarmory|Protect|p2a: Skarmory
|-singleturn|p2a: Skarmory|Protect
|move|p1a: Aerodactyl|Double-Edge|p2a: Skarmory
|-activate|p2a: Skarmory|Protect
|
|-heal|p2a: Skarmory|42/100|[from] item: Leftovers
|upkeep
|turn|77
|
|t:|1728932867
|switch|p1a: Celebi|Celebi|100/100
|-damage|p1a: Celebi|84/100|[from] Spikes
|move|p2a: Skarmory|Roar|p1a: Celebi
|drag|p1a: Skarmory|Skarmory, F|46/100
|
|-heal|p2a: Skarmory|48/100|[from] item: Leftovers
|-heal|p1a: Skarmory|52/100|[from] item: Leftovers
|upkeep
|turn|78
|
|t:|1728932872
|move|p2a: Skarmory|Spikes|p1a: Skarmory
|-sidestart|p1: Genoz|Spikes
|move|p1a: Skarmory|Spikes|p2a: Skarmory
|-sidestart|p2: social inclusion|Spikes
|
|-heal|p2a: Skarmory|54/100|[from] item: Leftovers
|-heal|p1a: Skarmory|58/100|[from] item: Leftovers
|upkeep
|turn|79
|
|t:|1728932880
|switch|p2a: Claydol|Claydol|100/100
|move|p1a: Skarmory|Roar|p2a: Claydol
|drag|p2a: Forretress|Forretress, M|41/100
|-damage|p2a: Forretress|29/100|[from] Spikes
|
|-heal|p1a: Skarmory|64/100|[from] item: Leftovers
|-heal|p2a: Forretress|35/100|[from] item: Leftovers
|upkeep
|turn|80
|
|t:|1728932883
|move|p1a: Skarmory|Drill Peck|p2a: Forretress
|-damage|p2a: Forretress|21/100
|move|p2a: Forretress|Rapid Spin|p1a: Skarmory
|-resisted|p1a: Skarmory
|-damage|p1a: Skarmory|63/100
|-sideend|p2: social inclusion|Spikes|[from] move: Rapid Spin|[of] p2a: Forretress
|
|-heal|p1a: Skarmory|69/100|[from] item: Leftovers
|-heal|p2a: Forretress|27/100|[from] item: Leftovers
|upkeep
|turn|81
|
|t:|1728932890
|switch|p2a: Claydol|Claydol|100/100
|move|p1a: Skarmory|Drill Peck|p2a: Claydol
|-damage|p2a: Claydol|75/100
|
|-heal|p2a: Claydol|82/100|[from] item: Leftovers
|-heal|p1a: Skarmory|75/100|[from] item: Leftovers
|upkeep
|turn|82
|
|t:|1728932893
|move|p1a: Skarmory|Protect|p1a: Skarmory
|-singleturn|p1a: Skarmory|Protect
|move|p2a: Claydol|Hidden Power|p1a: Skarmory
|-activate|p1a: Skarmory|Protect
|
|-heal|p2a: Claydol|88/100|[from] item: Leftovers
|-heal|p1a: Skarmory|81/100|[from] item: Leftovers
|upkeep
|turn|83
|
|t:|1728932900
|move|p2a: Claydol|Hidden Power|p1a: Skarmory
|-supereffective|p1a: Skarmory
|-damage|p1a: Skarmory|48/100
|move|p1a: Skarmory|Spikes|p2a: Claydol
|-sidestart|p2: social inclusion|Spikes
|
|-heal|p2a: Claydol|94/100|[from] item: Leftovers
|-heal|p1a: Skarmory|54/100|[from] item: Leftovers
|upkeep
|turn|84
|
|t:|1728932904
|move|p1a: Skarmory|Protect|p1a: Skarmory
|-singleturn|p1a: Skarmory|Protect
|move|p2a: Claydol|Rapid Spin|p1a: Skarmory
|-activate|p1a: Skarmory|Protect
|
|-heal|p2a: Claydol|99/100|[from] item: Leftovers
|-heal|p1a: Skarmory|60/100|[from] item: Leftovers
|upkeep
|turn|85
|
|t:|1728932914
|switch|p1a: Celebi|Celebi|84/100
|-damage|p1a: Celebi|59/100|[from] Spikes
|move|p2a: Claydol|Rapid Spin|p1a: Celebi
|-damage|p1a: Celebi|57/100
|-sideend|p2: social inclusion|Spikes|[from] move: Rapid Spin|[of] p2a: Claydol
|
|-heal|p1a: Celebi|63/100|[from] item: Leftovers
|-heal|p2a: Claydol|100/100|[from] item: Leftovers
|upkeep
|turn|86
|
|t:|1728932924
|switch|p2a: Blissey|Blissey, F|100/100
|move|p1a: Celebi|Recover|p1a: Celebi
|-heal|p1a: Celebi|100/100
|
|upkeep
|turn|87
|
|t:|1728932933
|move|p1a: Celebi|Leech Seed|p2a: Blissey
|-start|p2a: Blissey|move: Leech Seed
|move|p2a: Blissey|Ice Beam|p1a: Celebi
|-supereffective|p1a: Celebi
|-damage|p1a: Celebi|57/100
|
|-heal|p1a: Celebi|64/100|[from] item: Leftovers
|-damage|p2a: Blissey|88/100|[from] Leech Seed|[of] p1a: Celebi
|-heal|p1a: Celebi|84/100|[silent]
|upkeep
|turn|88
|
|t:|1728932943
|switch|p2a: Skarmory|Skarmory, F|54/100
|move|p1a: Celebi|Hidden Power|p2a: Skarmory
|-resisted|p2a: Skarmory
|-damage|p2a: Skarmory|49/100
|
|-heal|p1a: Celebi|90/100|[from] item: Leftovers
|-heal|p2a: Skarmory|55/100|[from] item: Leftovers
|upkeep
|turn|89
|
|t:|1728932948
|move|p2a: Skarmory|Protect|p2a: Skarmory
|-singleturn|p2a: Skarmory|Protect
|move|p1a: Celebi|Leech Seed|p2a: Skarmory|[miss]
|-miss|p1a: Celebi|p2a: Skarmory
|
|-heal|p1a: Celebi|96/100|[from] item: Leftovers
|-heal|p2a: Skarmory|61/100|[from] item: Leftovers
|upkeep
|turn|90
|
|t:|1728932954
|switch|p2a: Milotic|Milotic, F|99/100
|move|p1a: Celebi|Leech Seed|p2a: Milotic
|-start|p2a: Milotic|move: Leech Seed
|
|-heal|p1a: Celebi|100/100|[from] item: Leftovers
|-heal|p2a: Milotic|100/100|[from] item: Leftovers
|-damage|p2a: Milotic|88/100|[from] Leech Seed|[of] p1a: Celebi
|upkeep
|turn|91
|
|t:|1728932958
|switch|p2a: Blissey|Blissey, F|88/100
|move|p1a: Celebi|Hidden Power|p2a: Blissey
|-damage|p2a: Blissey|78/100
|
|-heal|p2a: Blissey|84/100|[from] item: Leftovers
|upkeep
|turn|92
|
|t:|1728932981
|switch|p1a: Swampert|Swampert, M|100/100
|-damage|p1a: Swampert|75/100|[from] Spikes
|switch|p2a: Forretress|Forretress, M|27/100
|
|-heal|p1a: Swampert|82/100|[from] item: Leftovers
|-heal|p2a: Forretress|34/100|[from] item: Leftovers
|upkeep
|turn|93
|
|t:|1728933005
|switch|p2a: Milotic|Milotic, F|88/100
|move|p1a: Swampert|Curse|p1a: Swampert
|-unboost|p1a: Swampert|spe|1
|-boost|p1a: Swampert|atk|1
|-boost|p1a: Swampert|def|1
|
|-heal|p2a: Milotic|94/100|[from] item: Leftovers
|-heal|p1a: Swampert|88/100|[from] item: Leftovers
|upkeep
|turn|94
|
|t:|1728933012
|move|p2a: Milotic|Toxic|p1a: Swampert
|-status|p1a: Swampert|tox
|move|p1a: Swampert|Earthquake|p2a: Milotic
|-damage|p2a: Milotic|48/100
|
|-heal|p2a: Milotic|55/100|[from] item: Leftovers
|-heal|p1a: Swampert|94/100 tox|[from] item: Leftovers
|-damage|p1a: Swampert|88/100 tox|[from] psn
|upkeep
|turn|95
|
|t:|1728933018
|move|p2a: Milotic|Recover|p2a: Milotic
|-heal|p2a: Milotic|100/100
|move|p1a: Swampert|Ice Beam|p2a: Milotic
|-resisted|p2a: Milotic
|-damage|p2a: Milotic|94/100
|
|-heal|p2a: Milotic|100/100|[from] item: Leftovers
|-heal|p1a: Swampert|94/100 tox|[from] item: Leftovers
|-damage|p1a: Swampert|82/100 tox|[from] psn
|upkeep
|turn|96
|-message|Genoz forfeited.
|
|win|social inclusion
|c|☆social inclusion|gg
|c|☆Genoz|cant break it lol
|c|☆Genoz|good bring

</script>
<script type="application/json" class="data" id="replaydata-smogtours-gen3ou-798703">
{"id":"smogtours-gen3ou-798703","format":"[Gen 3] OU","players":["Genoz","social inclusion"],"uploadtime":1728933035,"views":119,"formatid":"gen3ou","rating":null,"private":0,"password":null}
</script>

<script defer src="js/replays.js?9d40a366"></script>
