<!DOCTYPE html>
<meta charset="utf-8" />
<meta name="viewport" content="width=device-width" />

<title>[Gen 3] OU: Derevien vs. Colteor - Replays - Pok&eacute;mon Showdown!</title>

<meta name="description" content="Watch a replay of a Pok&eacute;mon battle between Derevien and Colteor! Format: [Gen 3] OU; Date: Oct 20, 2024" />
<!--

Hey, you! Looking in the source for the replay log?

You can find them in JSON format, just add `.json` at the end of a replay URL.

https://replay.pokemonshowdown.com/gen7randomdoublesbattle-865046831.json

Or, if you only need the log itself, add `.log` instead:

https://replay.pokemonshowdown.com/gen7randomdoublesbattle-865046831.log

-->

<link rel="stylesheet" href="//pokemonshowdown.com/style/global.css?0.767286132409787" />
<link rel="stylesheet" href="//play.pokemonshowdown.com/style/font-awesome.css?0.9266228007934947" />
<link rel="stylesheet" href="//play.pokemonshowdown.com/style/battle.css?0.7924700842790926" />
<link rel="stylesheet" href="//play.pokemonshowdown.com/style/utilichart.css?0.8777417872839479" />

<!-- Global site tag (gtag.js) - Google Analytics -->
<script async src="https://www.googletagmanager.com/gtag/js?id=UA-26211653-1"></script>
<script>
  window.dataLayer = window.dataLayer || [];
  function gtag(){dataLayer.push(arguments);}
  gtag('js', new Date());

  gtag('config', 'UA-26211653-1');
</script>
<!-- End Google Analytics -->
<!-- Venatus Ad Manager - Install in <HEAD> of page -->
	<script src="https://hb.vntsm.com/v3/live/ad-manager.min.js" type="text/javascript" data-site-id="642aba63ec9a7b11c3c9c1be" data-mode="scan" async></script>
<!-- / Venatus Ad Manager -->

<style>
	@media (max-width:820px) {
		.battle {
			margin: 0 auto;
		}
		.battle-log {
			margin: 7px auto 0;
			max-width: 640px;
			height: 300px;
			position: static;
		}
	}
	.optgroup {
		display: inline-block;
		line-height: 22px;
		font-size: 10pt;
	}
	.optgroup .button {
		height: 25px;
		padding-top: 0;
		padding-bottom: 0;
	}
	.optgroup button.button {
		padding-left: 12px;
		padding-right: 12px;
	}
	.linklist {
		list-style: none;
		margin: 0.5em 0;
		padding: 0;
	}
	.linklist li {
		padding: 2px 0;
	}
	.sidebar {
		float: left;
		width: 320px;
	}
	.bar-wrapper {
		max-width: 1100px;
		margin: 0 auto;
	}
	.bar-wrapper.has-sidebar {
		max-width: 1430px;
	}
	.mainbar {
		margin: 0;
		padding-right: 1px;
	}
	.mainbar.has-sidebar {
		margin-left: 330px;
	}
	@media (min-width: 1511px) {
		.sidebar {
			width: 400px;
		}
		.bar-wrapper.has-sidebar {
			max-width: 1510px;
		}
		.mainbar.has-sidebar {
			margin-left: 410px;
		}
	}
	.section.first-section {
		margin-top: 9px;
	}
	.blocklink small {
		white-space: normal;
	}
	.button {
		vertical-align: middle;
	}
	.replay-controls {
		padding-top: 10px;
	}
	.replay-controls h1 {
		font-size: 16pt;
		font-weight: normal;
		color: #CCC;
	}
	.pagelink {
		text-align: center;
	}
	.pagelink a {
		width: 150px;
	}
	.textbox, .button {
		font-size: 11pt;
		vertical-align: middle;
	}
	@media (max-width: 450px) {
		.button {
			font-size: 9pt;
		}
	}
</style>

<div>

	<header>
		<div class="nav-wrapper"><ul class="nav">
			<li><a class="button nav-first" href="//pokemonshowdown.com/"><img src="//pokemonshowdown.com/images/pokemonshowdownbeta.png" srcset="//pokemonshowdown.com/images/pokemonshowdownbeta.png 1x, //pokemonshowdown.com/images/pokemonshowdownbeta@2x.png 2x" alt="Pok&eacute;mon Showdown" width="146" height="44" /> Home</a></li>
			<li><a class="button" href="//pokemonshowdown.com/dex/">Pok&eacute;dex</a></li>
			<li><a class="button cur" href="/">Replays</a></li>
			<li><a class="button" href="//pokemonshowdown.com/ladder/">Ladder</a></li>
			<li><a class="button nav-last" href="//pokemonshowdown.com/forums/">Forum</a></li>
			<li><a class="button greenbutton nav-first nav-last" href="//play.pokemonshowdown.com/">Play</a></li>
		</ul></div>
	</header>

	<div class="main" id="main">

		<noscript><section class="section">You need to enable JavaScript to use this page; sorry!</section></noscript>

	</div>

</div>

<script defer nomodule src="//play.pokemonshowdown.com/js/lib/ps-polyfill.js"></script>
<script defer src="//play.pokemonshowdown.com/js/lib/preact.min.js"></script>

<script defer src="//play.pokemonshowdown.com/config/config.js?6dec07f6"></script>
<script defer src="//play.pokemonshowdown.com/js/lib/jquery-1.11.0.min.js"></script>
<script defer src="//play.pokemonshowdown.com/js/lib/html-sanitizer-minified.js"></script>
<script defer src="//play.pokemonshowdown.com/js/battle-sound.js"></script>
<script defer src="//play.pokemonshowdown.com/js/battledata.js?0.6315294753075389"></script>
<script defer src="//play.pokemonshowdown.com/data/pokedex-mini.js?0.7603743185311358"></script>
<script defer src="//play.pokemonshowdown.com/data/pokedex-mini-bw.js?0.030888842834281283"></script>
<script defer src="//play.pokemonshowdown.com/data/graphics.js?0.05593094747507488"></script>
<script defer src="//play.pokemonshowdown.com/data/pokedex.js?0.47064822249611904"></script>
<script defer src="//play.pokemonshowdown.com/data/moves.js?0.8583693120512459"></script>
<script defer src="//play.pokemonshowdown.com/data/abilities.js?0.16017181182386842"></script>
<script defer src="//play.pokemonshowdown.com/data/items.js?0.4163379185673943"></script>
<script defer src="//play.pokemonshowdown.com/data/teambuilder-tables.js?0.31075597372830477"></script>
<script defer src="//play.pokemonshowdown.com/js/battle-tooltips.js?0.6536193500708172"></script>
<script defer src="//play.pokemonshowdown.com/js/battle.js?0.1916591943277901"></script>

<script defer src="js/utils.js?e31f9a17"></script>
<script defer src="js/replays-battle.js?7008c182"></script>

<!-- don't scrape this data! just add .json or .log after the URL!
Full API docs: https://github.com/smogon/pokemon-showdown-client/blob/master/WEB-API.md -->
<script type="text/plain" class="log" id="replaylog-smogtours-gen3ou-800608">
|inactive|Battle timer is ON: inactive players will automatically lose when time's up.
|t:|1729446099
|gametype|singles
|player|p1|Derevien|pokemonbreederf-gen4|
|player|p2|Colteor|#roaplixmauvillemagnetons|
|teamsize|p1|6
|teamsize|p2|6
|gen|3
|tier|[Gen 3] OU
|rule|Sleep Clause Mod: Limit one foe put to sleep
|rule|Switch Priority Clause Mod: Faster Pokémon switch first
|rule|Species Clause: Limit one of each Pokémon
|rule|OHKO Clause: OHKO moves are banned
|rule|Evasion Items Clause: Evasion items are banned
|rule|Evasion Moves Clause: Evasion moves are banned
|rule|Endless Battle Clause: Forcing endless battles is banned
|rule|HP Percentage Mod: HP is shown in percentages
|rule|One Boost Passer Clause: Limit one Baton Passer that has a way to boost its stats
|rule|Freeze Clause Mod: Limit one foe frozen
|
|t:|1729446099
|start
|switch|p1a: Proto-Lati|Blaziken, M, shiny|100/100
|switch|p2a: Salamence|Salamence, M|100/100
|-ability|p2a: Salamence|Intimidate|boost
|-unboost|p1a: Proto-Lati|atk|1
|turn|1
|c|☆Colteor|gl hf
|c|☆Derevien|gl hf
|inactive|Colteor has 270 seconds left.
|
|t:|1729446135
|switch|p1a: Skarmory|Skarmory, M|100/100
|move|p2a: Salamence|Hidden Power|p1a: Skarmory
|-resisted|p1a: Skarmory
|-damage|p1a: Skarmory|85/100
|
|-heal|p1a: Skarmory|91/100|[from] item: Leftovers
|upkeep
|turn|2
|inactive|Colteor has 270 seconds left.
|
|t:|1729446194
|switch|p2a: Blissey|Blissey, F|100/100
|move|p1a: Skarmory|Spikes|p2a: Blissey
|-sidestart|p2: Colteor|Spikes
|
|-heal|p1a: Skarmory|97/100|[from] item: Leftovers
|upkeep
|turn|3
|
|t:|1729446213
|move|p1a: Skarmory|Protect|p1a: Skarmory
|-singleturn|p1a: Skarmory|Protect
|move|p2a: Blissey|Flamethrower|p1a: Skarmory
|-activate|p1a: Skarmory|Protect
|
|-heal|p1a: Skarmory|100/100|[from] item: Leftovers
|upkeep
|turn|4
|
|t:|1729446224
|switch|p2a: Swampert|Swampert, F|100/100
|-damage|p2a: Swampert|88/100|[from] Spikes
|move|p1a: Skarmory|Spikes|p2a: Swampert
|-sidestart|p2: Colteor|Spikes
|
|-heal|p2a: Swampert|94/100|[from] item: Leftovers
|upkeep
|turn|5
|
|t:|1729446227
|switch|p2a: Starmie|Starmie|100/100
|-damage|p2a: Starmie|84/100|[from] Spikes
|move|p1a: Skarmory|Spikes|p2a: Starmie
|-sidestart|p2: Colteor|Spikes
|
|-heal|p2a: Starmie|90/100|[from] item: Leftovers
|upkeep
|turn|6
|
|t:|1729446229
|move|p2a: Starmie|Rapid Spin|p1a: Skarmory
|-resisted|p1a: Skarmory
|-damage|p1a: Skarmory|99/100
|-sideend|p2: Colteor|Spikes|[from] move: Rapid Spin|[of] p2a: Starmie
|move|p1a: Skarmory|Drill Peck|p2a: Starmie
|-damage|p2a: Starmie|62/100
|
|-heal|p2a: Starmie|68/100|[from] item: Leftovers
|-heal|p1a: Skarmory|100/100|[from] item: Leftovers
|upkeep
|turn|7
|
|t:|1729446234
|switch|p1a: Celebi|Celebi|100/100
|move|p2a: Starmie|Surf|p1a: Celebi
|-resisted|p1a: Celebi
|-damage|p1a: Celebi|85/100
|
|-heal|p1a: Celebi|91/100|[from] item: Leftovers
|-heal|p2a: Starmie|74/100|[from] item: Leftovers
|upkeep
|turn|8
|
|t:|1729446240
|switch|p1a: Proto-Lati|Blaziken, M, shiny|100/100
|switch|p2a: Salamence|Salamence, M|100/100
|-ability|p2a: Salamence|Intimidate|boost
|-unboost|p1a: Proto-Lati|atk|1
|
|upkeep
|turn|9
|
|t:|1729446249
|switch|p1a: Skarmory|Skarmory, M|100/100
|move|p2a: Salamence|Dragon Dance|p2a: Salamence
|-boost|p2a: Salamence|atk|1
|-boost|p2a: Salamence|spe|1
|
|upkeep
|turn|10
|
|t:|1729446252
|move|p2a: Salamence|Rock Slide|p1a: Skarmory
|-damage|p1a: Skarmory|70/100
|move|p1a: Skarmory|Roar|p2a: Salamence
|drag|p2a: Starmie|Starmie|74/100
|
|-heal|p2a: Starmie|80/100|[from] item: Leftovers
|-heal|p1a: Skarmory|76/100|[from] item: Leftovers
|upkeep
|turn|11
|
|t:|1729446255
|move|p2a: Starmie|Surf|p1a: Skarmory
|-damage|p1a: Skarmory|42/100
|move|p1a: Skarmory|Spikes|p2a: Starmie
|-sidestart|p2: Colteor|Spikes
|
|-heal|p2a: Starmie|86/100|[from] item: Leftovers
|-heal|p1a: Skarmory|48/100|[from] item: Leftovers
|upkeep
|turn|12
|
|t:|1729446258
|move|p1a: Skarmory|Protect|p1a: Skarmory
|-singleturn|p1a: Skarmory|Protect
|move|p2a: Starmie|Surf|p1a: Skarmory
|-activate|p1a: Skarmory|Protect
|
|-heal|p2a: Starmie|92/100|[from] item: Leftovers
|-heal|p1a: Skarmory|54/100|[from] item: Leftovers
|upkeep
|turn|13
|
|t:|1729446261
|switch|p1a: Celebi|Celebi|91/100
|move|p2a: Starmie|Rapid Spin|p1a: Celebi
|-damage|p1a: Celebi|88/100
|-sideend|p2: Colteor|Spikes|[from] move: Rapid Spin|[of] p2a: Starmie
|
|-heal|p1a: Celebi|94/100|[from] item: Leftovers
|-heal|p2a: Starmie|99/100|[from] item: Leftovers
|upkeep
|turn|14
|
|t:|1729446266
|switch|p2a: Salamence|Salamence, M|100/100
|-ability|p2a: Salamence|Intimidate|boost
|-unboost|p1a: Celebi|atk|1
|move|p1a: Celebi|Calm Mind|p1a: Celebi
|-boost|p1a: Celebi|spa|1
|-boost|p1a: Celebi|spd|1
|
|-heal|p1a: Celebi|100/100|[from] item: Leftovers
|upkeep
|turn|15
|
|t:|1729446273
|move|p1a: Celebi|Psychic|p2a: Salamence
|-damage|p2a: Salamence|41/100
|move|p2a: Salamence|Dragon Dance|p2a: Salamence
|-boost|p2a: Salamence|atk|1
|-boost|p2a: Salamence|spe|1
|
|-heal|p2a: Salamence|47/100|[from] item: Leftovers
|upkeep
|turn|16
|
|t:|1729446276
|switch|p1a: Skarmory|Skarmory, M|54/100
|move|p2a: Salamence|Hidden Power|p1a: Skarmory
|-resisted|p1a: Skarmory
|-damage|p1a: Skarmory|32/100
|
|-heal|p2a: Salamence|53/100|[from] item: Leftovers
|-heal|p1a: Skarmory|38/100|[from] item: Leftovers
|upkeep
|turn|17
|
|t:|1729446279
|move|p2a: Salamence|Rock Slide|p1a: Skarmory
|-damage|p1a: Skarmory|5/100
|cant|p1a: Skarmory|flinch
|
|-heal|p2a: Salamence|59/100|[from] item: Leftovers
|-heal|p1a: Skarmory|11/100|[from] item: Leftovers
|upkeep
|turn|18
|
|t:|1729446282
|move|p2a: Salamence|Hidden Power|p1a: Skarmory
|-resisted|p1a: Skarmory
|-crit|p1a: Skarmory
|-damage|p1a: Skarmory|0 fnt
|faint|p1a: Skarmory
|inactive|Derevien has 270 seconds left.
|
|t:|1729446337
|switch|p1a: Suicune|Suicune|100/100
|
|-heal|p2a: Salamence|65/100|[from] item: Leftovers
|upkeep
|turn|19
|
|t:|1729446358
|switch|p2a: Blissey|Blissey, F|100/100
|move|p1a: Suicune|Ice Beam|p2a: Blissey
|-damage|p2a: Blissey|90/100
|-status|p2a: Blissey|frz
|
|-heal|p2a: Blissey|96/100 frz|[from] item: Leftovers
|upkeep
|turn|20
|inactive|Colteor has 270 seconds left.
|inactive|Colteor has 240 seconds left.
|
|t:|1729446426
|-curestatus|p2a: Blissey|frz|[from] ability: Natural Cure
|switch|p2a: Metagross|Metagross|100/100
|move|p1a: Suicune|Calm Mind|p1a: Suicune
|-boost|p1a: Suicune|spa|1
|-boost|p1a: Suicune|spd|1
|
|upkeep
|turn|21
|
|t:|1729446432
|move|p1a: Suicune|Hydro Pump|p2a: Metagross
|-damage|p2a: Metagross|26/100
|move|p2a: Metagross|Explosion|p1a: Suicune
|-damage|p1a: Suicune|0 fnt
|faint|p2a: Metagross
|faint|p1a: Suicune
|inactive|Colteor has 240 seconds left.
|
|t:|1729446443
|switch|p1a: Claydol|Claydol|100/100
|switch|p2a: Salamence|Salamence, M|65/100
|-ability|p2a: Salamence|Intimidate|boost
|-unboost|p1a: Claydol|atk|1
|
|-heal|p2a: Salamence|71/100|[from] item: Leftovers
|upkeep
|turn|22
|inactive|Colteor has 240 seconds left.
|
|t:|1729446464
|switch|p2a: Starmie|Starmie|99/100
|move|p1a: Claydol|Psychic|p2a: Starmie
|-resisted|p2a: Starmie
|-damage|p2a: Starmie|89/100
|
|-heal|p2a: Starmie|96/100|[from] item: Leftovers
|upkeep
|turn|23
|
|t:|1729446470
|switch|p1a: Celebi|Celebi|100/100
|move|p2a: Starmie|Surf|p1a: Celebi
|-resisted|p1a: Celebi
|-crit|p1a: Celebi
|-damage|p1a: Celebi|69/100
|
|-heal|p1a: Celebi|75/100|[from] item: Leftovers
|-heal|p2a: Starmie|100/100|[from] item: Leftovers
|upkeep
|turn|24
|
|t:|1729446477
|switch|p2a: Salamence|Salamence, M|71/100
|-ability|p2a: Salamence|Intimidate|boost
|-unboost|p1a: Celebi|atk|1
|move|p1a: Celebi|Giga Drain|p2a: Salamence
|-resisted|p2a: Salamence
|-damage|p2a: Salamence|65/100
|-heal|p1a: Celebi|78/100|[from] drain|[of] p2a: Salamence
|
|-heal|p1a: Celebi|84/100|[from] item: Leftovers
|-heal|p2a: Salamence|71/100|[from] item: Leftovers
|upkeep
|turn|25
|
|t:|1729446483
|switch|p1a: Aerodactyl|Aerodactyl, F|100/100
|move|p2a: Salamence|Hidden Power|p1a: Aerodactyl
|-resisted|p1a: Aerodactyl
|-damage|p1a: Aerodactyl|72/100
|
|-heal|p2a: Salamence|77/100|[from] item: Leftovers
|upkeep
|turn|26
|
|t:|1729446488
|switch|p2a: Swampert|Swampert, F|94/100
|move|p1a: Aerodactyl|Rock Slide|p2a: Swampert
|-resisted|p2a: Swampert
|-damage|p2a: Swampert|71/100
|
|-heal|p2a: Swampert|77/100|[from] item: Leftovers
|upkeep
|turn|27
|
|t:|1729446494
|switch|p1a: Proto-Lati|Blaziken, M, shiny|100/100
|move|p2a: Swampert|Ice Beam|p1a: Proto-Lati
|-resisted|p1a: Proto-Lati
|-damage|p1a: Proto-Lati|84/100
|
|-heal|p1a: Proto-Lati|90/100|[from] item: Leftovers
|-heal|p2a: Swampert|83/100|[from] item: Leftovers
|upkeep
|turn|28
|
|t:|1729446498
|switch|p2a: Starmie|Starmie|100/100
|move|p1a: Proto-Lati|Hidden Power|p2a: Starmie
|-supereffective|p2a: Starmie
|-damage|p2a: Starmie|56/100
|
|-heal|p2a: Starmie|63/100|[from] item: Leftovers
|-heal|p1a: Proto-Lati|96/100|[from] item: Leftovers
|upkeep
|turn|29
|
|t:|1729446505
|switch|p1a: Celebi|Celebi|84/100
|move|p2a: Starmie|Surf|p1a: Celebi
|-resisted|p1a: Celebi
|-damage|p1a: Celebi|69/100
|
|-heal|p1a: Celebi|75/100|[from] item: Leftovers
|-heal|p2a: Starmie|69/100|[from] item: Leftovers
|upkeep
|turn|30
|
|t:|1729446510
|switch|p2a: Blissey|Blissey, F|96/100
|move|p1a: Celebi|Psychic|p2a: Blissey
|-damage|p2a: Blissey|81/100
|-unboost|p2a: Blissey|spd|1
|
|-heal|p1a: Celebi|82/100|[from] item: Leftovers
|-heal|p2a: Blissey|87/100|[from] item: Leftovers
|upkeep
|turn|31
|
|t:|1729446519
|move|p1a: Celebi|Calm Mind|p1a: Celebi
|-boost|p1a: Celebi|spa|1
|-boost|p1a: Celebi|spd|1
|move|p2a: Blissey|Ice Beam|p1a: Celebi
|-supereffective|p1a: Celebi
|-damage|p1a: Celebi|48/100
|
|-heal|p1a: Celebi|54/100|[from] item: Leftovers
|-heal|p2a: Blissey|93/100|[from] item: Leftovers
|upkeep
|turn|32
|
|t:|1729446532
|move|p1a: Celebi|Giga Drain|p2a: Blissey
|-crit|p2a: Blissey
|-damage|p2a: Blissey|44/100
|-heal|p1a: Celebi|98/100|[from] drain|[of] p2a: Blissey
|move|p2a: Blissey|Toxic|p1a: Celebi|[miss]
|-miss|p2a: Blissey|p1a: Celebi
|
|-heal|p1a: Celebi|100/100|[from] item: Leftovers
|-heal|p2a: Blissey|51/100|[from] item: Leftovers
|upkeep
|turn|33
|
|t:|1729446549
|move|p1a: Celebi|Calm Mind|p1a: Celebi
|-boost|p1a: Celebi|spa|1
|-boost|p1a: Celebi|spd|1
|move|p2a: Blissey|Soft-Boiled|p2a: Blissey
|-heal|p2a: Blissey|100/100
|
|upkeep
|turn|34
|
|t:|1729446552
|move|p1a: Celebi|Psychic|p2a: Blissey
|-damage|p2a: Blissey|51/100
|move|p2a: Blissey|Toxic|p1a: Celebi
|-status|p1a: Celebi|tox
|
|-damage|p1a: Celebi|94/100 tox|[from] psn
|-heal|p2a: Blissey|58/100|[from] item: Leftovers
|upkeep
|turn|35
|
|t:|1729446565
|switch|p2a: Tyranitar|Tyranitar, F|100/100
|-weather|Sandstorm|[from] ability: Sand Stream|[of] p2a: Tyranitar
|move|p1a: Celebi|Giga Drain|p2a: Tyranitar
|-supereffective|p2a: Tyranitar
|-damage|p2a: Tyranitar|12/100
|-heal|p1a: Celebi|100/100 tox|[from] drain|[of] p2a: Tyranitar
|
|-weather|Sandstorm|[upkeep]
|-damage|p1a: Celebi|94/100 tox|[from] Sandstorm
|-heal|p1a: Celebi|100/100 tox|[from] item: Leftovers
|-damage|p1a: Celebi|88/100 tox|[from] psn
|-enditem|p2a: Tyranitar|Liechi Berry|[eat]
|-boost|p2a: Tyranitar|atk|1|[from] item: Liechi Berry
|upkeep
|turn|36
|
|t:|1729446572
|move|p1a: Celebi|Hidden Power|p2a: Tyranitar
|-resisted|p2a: Tyranitar
|-damage|p2a: Tyranitar|0 fnt
|faint|p2a: Tyranitar
|
|t:|1729446575
|switch|p2a: Blissey|Blissey, F|58/100
|
|-weather|Sandstorm|[upkeep]
|-damage|p1a: Celebi|82/100 tox|[from] Sandstorm
|-damage|p2a: Blissey|51/100|[from] Sandstorm
|-heal|p1a: Celebi|88/100 tox|[from] item: Leftovers
|-damage|p1a: Celebi|70/100 tox|[from] psn
|-heal|p2a: Blissey|58/100|[from] item: Leftovers
|upkeep
|turn|37
|
|t:|1729446588
|move|p1a: Celebi|Psychic|p2a: Blissey
|-damage|p2a: Blissey|27/100
|move|p2a: Blissey|Soft-Boiled|p2a: Blissey
|-heal|p2a: Blissey|77/100
|
|-weather|Sandstorm|[upkeep]
|-damage|p1a: Celebi|64/100 tox|[from] Sandstorm
|-damage|p2a: Blissey|70/100|[from] Sandstorm
|-heal|p1a: Celebi|70/100 tox|[from] item: Leftovers
|-damage|p1a: Celebi|45/100 tox|[from] psn
|-heal|p2a: Blissey|77/100|[from] item: Leftovers
|upkeep
|turn|38
|
|t:|1729446598
|-curestatus|p1a: Celebi|tox|[from] ability: Natural Cure
|switch|p1a: Proto-Lati|Blaziken, M, shiny|96/100
|move|p2a: Blissey|Ice Beam|p1a: Proto-Lati
|-resisted|p1a: Proto-Lati
|-crit|p1a: Proto-Lati
|-damage|p1a: Proto-Lati|55/100
|
|-weather|Sandstorm|[upkeep]
|-damage|p1a: Proto-Lati|48/100|[from] Sandstorm
|-damage|p2a: Blissey|70/100|[from] Sandstorm
|-heal|p1a: Proto-Lati|55/100|[from] item: Leftovers
|-heal|p2a: Blissey|77/100|[from] item: Leftovers
|upkeep
|turn|39
|
|t:|1729446605
|switch|p2a: Starmie|Starmie|69/100
|move|p1a: Proto-Lati|Sky Uppercut|p2a: Starmie
|-resisted|p2a: Starmie
|-damage|p2a: Starmie|46/100
|
|-weather|Sandstorm|[upkeep]
|-damage|p2a: Starmie|40/100|[from] Sandstorm
|-damage|p1a: Proto-Lati|48/100|[from] Sandstorm
|-heal|p2a: Starmie|46/100|[from] item: Leftovers
|-heal|p1a: Proto-Lati|55/100|[from] item: Leftovers
|upkeep
|turn|40
|
|t:|1729446608
|move|p2a: Starmie|Recover|p2a: Starmie
|-heal|p2a: Starmie|96/100
|move|p1a: Proto-Lati|Hidden Power|p2a: Starmie
|-supereffective|p2a: Starmie
|-damage|p2a: Starmie|48/100
|
|-weather|Sandstorm|[upkeep]
|-damage|p2a: Starmie|42/100|[from] Sandstorm
|-damage|p1a: Proto-Lati|48/100|[from] Sandstorm
|-heal|p2a: Starmie|48/100|[from] item: Leftovers
|-heal|p1a: Proto-Lati|55/100|[from] item: Leftovers
|upkeep
|turn|41
|
|t:|1729446610
|switch|p1a: Celebi|Celebi|45/100
|move|p2a: Starmie|Surf|p1a: Celebi
|-resisted|p1a: Celebi
|-damage|p1a: Celebi|31/100
|
|-weather|Sandstorm|[upkeep]
|-damage|p1a: Celebi|25/100|[from] Sandstorm
|-damage|p2a: Starmie|42/100|[from] Sandstorm
|-heal|p1a: Celebi|31/100|[from] item: Leftovers
|-heal|p2a: Starmie|48/100|[from] item: Leftovers
|upkeep
|turn|42
|
|t:|1729446617
|switch|p2a: Salamence|Salamence, M|77/100
|-ability|p2a: Salamence|Intimidate|boost
|-unboost|p1a: Celebi|atk|1
|move|p1a: Celebi|Giga Drain|p2a: Salamence
|-resisted|p2a: Salamence
|-damage|p2a: Salamence|71/100
|-heal|p1a: Celebi|34/100|[from] drain|[of] p2a: Salamence
|
|-weather|Sandstorm|[upkeep]
|-damage|p1a: Celebi|27/100|[from] Sandstorm
|-damage|p2a: Salamence|65/100|[from] Sandstorm
|-heal|p1a: Celebi|34/100|[from] item: Leftovers
|-heal|p2a: Salamence|71/100|[from] item: Leftovers
|upkeep
|turn|43
|
|t:|1729446622
|move|p1a: Celebi|Psychic|p2a: Salamence
|-damage|p2a: Salamence|35/100
|move|p2a: Salamence|Hidden Power|p1a: Celebi
|-supereffective|p1a: Celebi
|-damage|p1a: Celebi|0 fnt
|faint|p1a: Celebi
|
|t:|1729446626
|switch|p1a: Aerodactyl|Aerodactyl, F|72/100
|
|-weather|Sandstorm|[upkeep]
|-damage|p2a: Salamence|29/100|[from] Sandstorm
|-heal|p2a: Salamence|35/100|[from] item: Leftovers
|upkeep
|turn|44
|
|t:|1729446628
|switch|p2a: Swampert|Swampert, F|83/100
|move|p1a: Aerodactyl|Double-Edge|p2a: Swampert
|-damage|p2a: Swampert|37/100
|
|-weather|Sandstorm|[upkeep]
|-heal|p2a: Swampert|44/100|[from] item: Leftovers
|upkeep
|turn|45
|
|t:|1729446631
|move|p2a: Swampert|Protect|p2a: Swampert
|-singleturn|p2a: Swampert|Protect
|move|p1a: Aerodactyl|Double-Edge|p2a: Swampert
|-activate|p2a: Swampert|Protect
|
|-weather|Sandstorm|[upkeep]
|-heal|p2a: Swampert|50/100|[from] item: Leftovers
|upkeep
|turn|46
|
|t:|1729446638
|switch|p1a: Claydol|Claydol|100/100
|move|p2a: Swampert|Hydro Pump|p1a: Claydol
|-supereffective|p1a: Claydol
|-damage|p1a: Claydol|28/100
|
|-weather|Sandstorm|[upkeep]
|-heal|p1a: Claydol|34/100|[from] item: Leftovers
|-heal|p2a: Swampert|56/100|[from] item: Leftovers
|upkeep
|turn|47
|
|t:|1729446641
|move|p2a: Swampert|Protect|p2a: Swampert
|-singleturn|p2a: Swampert|Protect
|move|p1a: Claydol|Earthquake|p2a: Swampert
|-activate|p2a: Swampert|Protect
|
|-weather|Sandstorm|[upkeep]
|-heal|p1a: Claydol|40/100|[from] item: Leftovers
|-heal|p2a: Swampert|62/100|[from] item: Leftovers
|upkeep
|turn|48
|
|t:|1729446643
|switch|p2a: Blissey|Blissey, F|77/100
|move|p1a: Claydol|Explosion|p2a: Blissey
|-damage|p2a: Blissey|0 fnt
|faint|p1a: Claydol
|faint|p2a: Blissey
|
|t:|1729446648
|switch|p1a: Proto-Lati|Blaziken, M, shiny|55/100
|switch|p2a: Salamence|Salamence, M|35/100
|-ability|p2a: Salamence|Intimidate|boost
|-unboost|p1a: Proto-Lati|atk|1
|
|-weather|Sandstorm|[upkeep]
|-damage|p2a: Salamence|29/100|[from] Sandstorm
|-damage|p1a: Proto-Lati|48/100|[from] Sandstorm
|-heal|p2a: Salamence|35/100|[from] item: Leftovers
|-heal|p1a: Proto-Lati|55/100|[from] item: Leftovers
|upkeep
|turn|49
|
|t:|1729446661
|move|p2a: Salamence|Dragon Dance|p2a: Salamence
|-boost|p2a: Salamence|atk|1
|-boost|p2a: Salamence|spe|1
|move|p1a: Proto-Lati|Fire Blast|p2a: Salamence|[miss]
|-miss|p1a: Proto-Lati|p2a: Salamence
|
|-weather|Sandstorm|[upkeep]
|-damage|p2a: Salamence|29/100|[from] Sandstorm
|-damage|p1a: Proto-Lati|48/100|[from] Sandstorm
|-heal|p2a: Salamence|35/100|[from] item: Leftovers
|-heal|p1a: Proto-Lati|55/100|[from] item: Leftovers
|upkeep
|turn|50
|c|☆Derevien|damn
|
|t:|1729446667
|switch|p1a: Aerodactyl|Aerodactyl, F|72/100
|move|p2a: Salamence|Hidden Power|p1a: Aerodactyl
|-resisted|p1a: Aerodactyl
|-damage|p1a: Aerodactyl|23/100
|
|-weather|Sandstorm|[upkeep]
|-damage|p2a: Salamence|29/100|[from] Sandstorm
|-heal|p2a: Salamence|35/100|[from] item: Leftovers
|upkeep
|turn|51
|
|t:|1729446670
|move|p2a: Salamence|Hidden Power|p1a: Aerodactyl
|-resisted|p1a: Aerodactyl
|-damage|p1a: Aerodactyl|0 fnt
|faint|p1a: Aerodactyl
|-message|Derevien forfeited.
|
|win|Colteor
|player|p1|
|c|☆Colteor|gg

</script>
<script type="application/json" class="data" id="replaydata-smogtours-gen3ou-800608">
{"id":"smogtours-gen3ou-800608","format":"[Gen 3] OU","players":["Derevien","Colteor"],"uploadtime":1729446674,"views":112,"formatid":"gen3ou","rating":null,"private":0,"password":null}
</script>

<script defer src="js/replays.js?9d40a366"></script>
