<!DOCTYPE html>
<meta charset="utf-8" />
<meta name="viewport" content="width=device-width" />

<title>[Gen 3] OU: bigyunakafan vs. FlareLiger - Replays - Pok&eacute;mon Showdown!</title>

<meta name="description" content="Watch a replay of a Pok&eacute;mon battle between bigyunakafan and FlareLiger! Format: [Gen 3] OU; Date: Oct 3, 2024" />
<!--

Hey, you! Looking in the source for the replay log?

You can find them in JSON format, just add `.json` at the end of a replay URL.

https://replay.pokemonshowdown.com/gen7randomdoublesbattle-865046831.json

Or, if you only need the log itself, add `.log` instead:

https://replay.pokemonshowdown.com/gen7randomdoublesbattle-865046831.log

-->

<link rel="stylesheet" href="//pokemonshowdown.com/style/global.css?0.023195364461161105" />
<link rel="stylesheet" href="//play.pokemonshowdown.com/style/font-awesome.css?0.13261647063804238" />
<link rel="stylesheet" href="//play.pokemonshowdown.com/style/battle.css?0.8753245789963631" />
<link rel="stylesheet" href="//play.pokemonshowdown.com/style/utilichart.css?0.8627959624976733" />

<!-- Global site tag (gtag.js) - Google Analytics -->
<script async src="https://www.googletagmanager.com/gtag/js?id=UA-26211653-1"></script>
<script>
  window.dataLayer = window.dataLayer || [];
  function gtag(){dataLayer.push(arguments);}
  gtag('js', new Date());

  gtag('config', 'UA-26211653-1');
</script>
<!-- End Google Analytics -->
<!-- Venatus Ad Manager - Install in <HEAD> of page -->
	<script src="https://hb.vntsm.com/v3/live/ad-manager.min.js" type="text/javascript" data-site-id="642aba63ec9a7b11c3c9c1be" data-mode="scan" async></script>
<!-- / Venatus Ad Manager -->

<style>
	@media (max-width:820px) {
		.battle {
			margin: 0 auto;
		}
		.battle-log {
			margin: 7px auto 0;
			max-width: 640px;
			height: 300px;
			position: static;
		}
	}
	.optgroup {
		display: inline-block;
		line-height: 22px;
		font-size: 10pt;
	}
	.optgroup .button {
		height: 25px;
		padding-top: 0;
		padding-bottom: 0;
	}
	.optgroup button.button {
		padding-left: 12px;
		padding-right: 12px;
	}
	.linklist {
		list-style: none;
		margin: 0.5em 0;
		padding: 0;
	}
	.linklist li {
		padding: 2px 0;
	}
	.sidebar {
		float: left;
		width: 320px;
	}
	.bar-wrapper {
		max-width: 1100px;
		margin: 0 auto;
	}
	.bar-wrapper.has-sidebar {
		max-width: 1430px;
	}
	.mainbar {
		margin: 0;
		padding-right: 1px;
	}
	.mainbar.has-sidebar {
		margin-left: 330px;
	}
	@media (min-width: 1511px) {
		.sidebar {
			width: 400px;
		}
		.bar-wrapper.has-sidebar {
			max-width: 1510px;
		}
		.mainbar.has-sidebar {
			margin-left: 410px;
		}
	}
	.section.first-section {
		margin-top: 9px;
	}
	.blocklink small {
		white-space: normal;
	}
	.button {
		vertical-align: middle;
	}
	.replay-controls {
		padding-top: 10px;
	}
	.replay-controls h1 {
		font-size: 16pt;
		font-weight: normal;
		color: #CCC;
	}
	.pagelink {
		text-align: center;
	}
	.pagelink a {
		width: 150px;
	}
	.textbox, .button {
		font-size: 11pt;
		vertical-align: middle;
	}
	@media (max-width: 450px) {
		.button {
			font-size: 9pt;
		}
	}
</style>

<div>

	<header>
		<div class="nav-wrapper"><ul class="nav">
			<li><a class="button nav-first" href="//pokemonshowdown.com/"><img src="//pokemonshowdown.com/images/pokemonshowdownbeta.png" srcset="//pokemonshowdown.com/images/pokemonshowdownbeta.png 1x, //pokemonshowdown.com/images/pokemonshowdownbeta@2x.png 2x" alt="Pok&eacute;mon Showdown" width="146" height="44" /> Home</a></li>
			<li><a class="button" href="//pokemonshowdown.com/dex/">Pok&eacute;dex</a></li>
			<li><a class="button cur" href="/">Replays</a></li>
			<li><a class="button" href="//pokemonshowdown.com/ladder/">Ladder</a></li>
			<li><a class="button nav-last" href="//pokemonshowdown.com/forums/">Forum</a></li>
			<li><a class="button greenbutton nav-first nav-last" href="//play.pokemonshowdown.com/">Play</a></li>
		</ul></div>
	</header>

	<div class="main" id="main">

		<noscript><section class="section">You need to enable JavaScript to use this page; sorry!</section></noscript>

	</div>

</div>

<script defer nomodule src="//play.pokemonshowdown.com/js/lib/ps-polyfill.js"></script>
<script defer src="//play.pokemonshowdown.com/js/lib/preact.min.js"></script>

<script defer src="//play.pokemonshowdown.com/config/config.js?2bddbc15"></script>
<script defer src="//play.pokemonshowdown.com/js/lib/jquery-1.11.0.min.js"></script>
<script defer src="//play.pokemonshowdown.com/js/lib/html-sanitizer-minified.js"></script>
<script defer src="//play.pokemonshowdown.com/js/battle-sound.js"></script>
<script defer src="//play.pokemonshowdown.com/js/battledata.js?0.7209276989879541"></script>
<script defer src="//play.pokemonshowdown.com/data/pokedex-mini.js?0.6111056340867951"></script>
<script defer src="//play.pokemonshowdown.com/data/pokedex-mini-bw.js?0.3532142036491459"></script>
<script defer src="//play.pokemonshowdown.com/data/graphics.js?0.24223875632456182"></script>
<script defer src="//play.pokemonshowdown.com/data/pokedex.js?0.38839984266356864"></script>
<script defer src="//play.pokemonshowdown.com/data/moves.js?0.21866028504024015"></script>
<script defer src="//play.pokemonshowdown.com/data/abilities.js?0.2005157953846628"></script>
<script defer src="//play.pokemonshowdown.com/data/items.js?0.9894211263848525"></script>
<script defer src="//play.pokemonshowdown.com/data/teambuilder-tables.js?0.6008791140282215"></script>
<script defer src="//play.pokemonshowdown.com/js/battle-tooltips.js?0.7580118955022959"></script>
<script defer src="//play.pokemonshowdown.com/js/battle.js?0.6057722274234274"></script>

<script defer src="js/utils.js?e31f9a17"></script>
<script defer src="js/replays-battle.js?7008c182"></script>

<!-- don't scrape this data! just add .json or .log after the URL!
Full API docs: https://github.com/smogon/pokemon-showdown-client/blob/master/WEB-API.md -->
<script type="text/plain" class="log" id="replaylog-smogtours-gen3ou-794350">
|inactive|Battle timer is ON: inactive players will automatically lose when time's up.
|t:|1727985765
|gametype|singles
|player|p1|bigyunakafan|nessa|
|player|p2|FlareLiger|maid|
|teamsize|p1|6
|teamsize|p2|6
|gen|3
|tier|[Gen 3] OU
|rule|Sleep Clause Mod: Limit one foe put to sleep
|rule|Switch Priority Clause Mod: Faster Pokémon switch first
|rule|Species Clause: Limit one of each Pokémon
|rule|OHKO Clause: OHKO moves are banned
|rule|Evasion Items Clause: Evasion items are banned
|rule|Evasion Moves Clause: Evasion moves are banned
|rule|Endless Battle Clause: Forcing endless battles is banned
|rule|HP Percentage Mod: HP is shown in percentages
|rule|One Boost Passer Clause: Limit one Baton Passer that has a way to boost its stats
|rule|Freeze Clause Mod: Limit one foe frozen
|
|t:|1727985765
|start
|switch|p1a: Zapdos|Zapdos|100/100
|switch|p2a: Tyranitar|Tyranitar, F|100/100
|-weather|Sandstorm|[from] ability: Sand Stream|[of] p2a: Tyranitar
|turn|1
|c|☆bigyunakafan|can u post the link?
|inactive|bigyunakafan has 270 seconds left.
|inactive|FlareLiger has 270 seconds left.
|inactive|bigyunakafan has 240 seconds left.
|
|t:|1727985852
|switch|p1a: Forretress|Forretress, M|100/100
|move|p2a: Tyranitar|Crunch|p1a: Forretress
|-resisted|p1a: Forretress
|-damage|p1a: Forretress|84/100
|
|-weather|Sandstorm|[upkeep]
|-heal|p1a: Forretress|90/100|[from] item: Leftovers
|upkeep
|turn|2
|
|t:|1727985865
|move|p2a: Tyranitar|Crunch|p1a: Forretress
|-resisted|p1a: Forretress
|-damage|p1a: Forretress|72/100
|move|p1a: Forretress|Spikes|p2a: Tyranitar
|-sidestart|p2: FlareLiger|Spikes
|
|-weather|Sandstorm|[upkeep]
|-heal|p1a: Forretress|78/100|[from] item: Leftovers
|upkeep
|turn|3
|
|t:|1727985875
|switch|p2a: Magneton|Magneton|100/100
|-damage|p2a: Magneton|88/100|[from] Spikes
|move|p1a: Forretress|Spikes|p2a: Magneton
|-sidestart|p2: FlareLiger|Spikes
|
|-weather|Sandstorm|[upkeep]
|-heal|p1a: Forretress|84/100|[from] item: Leftovers
|upkeep
|turn|4
|
|t:|1727985881
|move|p2a: Magneton|Hidden Power|p1a: Forretress
|-supereffective|p1a: Forretress
|-damage|p1a: Forretress|0 fnt
|faint|p1a: Forretress
|
|t:|1727985894
|switch|p1a: Dugtrio|Dugtrio, M|100/100
|
|-weather|Sandstorm|[upkeep]
|upkeep
|turn|5
|
|t:|1727985899
|move|p1a: Dugtrio|Earthquake|p2a: Magneton
|-supereffective|p2a: Magneton
|-damage|p2a: Magneton|0 fnt
|faint|p2a: Magneton
|
|t:|1727985903
|switch|p2a: Skarmory|Skarmory, F|100/100
|
|-weather|Sandstorm|[upkeep]
|upkeep
|turn|6
|
|t:|1727985907
|switch|p1a: Zapdos|Zapdos|100/100
|move|p2a: Skarmory|Spikes|p1a: Zapdos
|-sidestart|p1: bigyunakafan|Spikes
|
|-weather|Sandstorm|[upkeep]
|-damage|p1a: Zapdos|94/100|[from] Sandstorm
|-heal|p1a: Zapdos|100/100|[from] item: Leftovers
|upkeep
|turn|7
|
|t:|1727985913
|switch|p2a: Celebi|Celebi|100/100
|-damage|p2a: Celebi|84/100|[from] Spikes
|move|p1a: Zapdos|Thunder Wave|p2a: Celebi
|-status|p2a: Celebi|par
|
|-weather|Sandstorm|[upkeep]
|-damage|p1a: Zapdos|94/100|[from] Sandstorm
|-damage|p2a: Celebi|78/100 par|[from] Sandstorm
|-heal|p1a: Zapdos|100/100|[from] item: Leftovers
|-heal|p2a: Celebi|84/100 par|[from] item: Leftovers
|upkeep
|turn|8
|
|t:|1727985925
|switch|p1a: AUSLove|Gengar, M|100/100
|-curestatus|p2a: Celebi|par|[from] ability: Natural Cure
|switch|p2a: Skarmory|Skarmory, F|100/100
|
|-weather|Sandstorm|[upkeep]
|-damage|p1a: AUSLove|94/100|[from] Sandstorm
|-heal|p1a: AUSLove|100/100|[from] item: Leftovers
|upkeep
|turn|9
|
|t:|1727985934
|move|p2a: Skarmory|Protect|p2a: Skarmory
|-singleturn|p2a: Skarmory|Protect
|move|p1a: AUSLove|Thunderbolt|p2a: Skarmory
|-activate|p2a: Skarmory|Protect
|
|-weather|Sandstorm|[upkeep]
|-damage|p1a: AUSLove|94/100|[from] Sandstorm
|-heal|p1a: AUSLove|100/100|[from] item: Leftovers
|upkeep
|turn|10
|
|t:|1727985940
|switch|p2a: Tyranitar|Tyranitar, F|100/100
|-damage|p2a: Tyranitar|84/100|[from] Spikes
|move|p1a: AUSLove|Taunt|p2a: Tyranitar
|-start|p2a: Tyranitar|move: Taunt
|
|-weather|Sandstorm|[upkeep]
|-damage|p1a: AUSLove|94/100|[from] Sandstorm
|-heal|p1a: AUSLove|100/100|[from] item: Leftovers
|-heal|p2a: Tyranitar|90/100|[from] item: Leftovers
|upkeep
|turn|11
|
|t:|1727985948
|move|p1a: AUSLove|Will-O-Wisp|p2a: Tyranitar
|-status|p2a: Tyranitar|brn
|move|p2a: Tyranitar|Pursuit|p1a: AUSLove
|-supereffective|p1a: AUSLove
|-damage|p1a: AUSLove|55/100
|
|-weather|Sandstorm|[upkeep]
|-damage|p1a: AUSLove|49/100|[from] Sandstorm
|-heal|p1a: AUSLove|55/100|[from] item: Leftovers
|-heal|p2a: Tyranitar|96/100 brn|[from] item: Leftovers
|-damage|p2a: Tyranitar|84/100 brn|[from] brn
|-end|p2a: Tyranitar|move: Taunt|[silent]
|upkeep
|turn|12
|
|t:|1727985971
|move|p1a: AUSLove|Thunderbolt|p2a: Tyranitar
|-damage|p2a: Tyranitar|60/100 brn
|move|p2a: Tyranitar|Crunch|p1a: AUSLove
|-supereffective|p1a: AUSLove
|-damage|p1a: AUSLove|0 fnt
|faint|p1a: AUSLove
|inactive|bigyunakafan has 270 seconds left.
|
|t:|1727986002
|switch|p1a: Dugtrio|Dugtrio, M|100/100
|-damage|p1a: Dugtrio|88/100|[from] Spikes
|
|-weather|Sandstorm|[upkeep]
|-heal|p2a: Tyranitar|67/100 brn|[from] item: Leftovers
|-damage|p2a: Tyranitar|54/100 brn|[from] brn
|upkeep
|turn|13
|
|t:|1727986008
|move|p1a: Dugtrio|Earthquake|p2a: Tyranitar
|-supereffective|p2a: Tyranitar
|-damage|p2a: Tyranitar|0 fnt
|faint|p2a: Tyranitar
|
|t:|1727986012
|switch|p2a: Skarmory|Skarmory, F|100/100
|
|-weather|Sandstorm|[upkeep]
|upkeep
|turn|14
|
|t:|1727986019
|switch|p1a: Zapdos|Zapdos|100/100
|move|p2a: Skarmory|Toxic|p1a: Zapdos
|-status|p1a: Zapdos|tox
|
|-weather|Sandstorm|[upkeep]
|-damage|p1a: Zapdos|94/100 tox|[from] Sandstorm
|-heal|p1a: Zapdos|100/100 tox|[from] item: Leftovers
|-damage|p1a: Zapdos|94/100 tox|[from] psn
|upkeep
|turn|15
|
|t:|1727986026
|move|p2a: Skarmory|Protect|p2a: Skarmory
|-singleturn|p2a: Skarmory|Protect
|move|p1a: Zapdos|Roar|p2a: Skarmory
|-activate|p2a: Skarmory|Protect
|
|-weather|Sandstorm|[upkeep]
|-damage|p1a: Zapdos|88/100 tox|[from] Sandstorm
|-heal|p1a: Zapdos|94/100 tox|[from] item: Leftovers
|-damage|p1a: Zapdos|82/100 tox|[from] psn
|upkeep
|turn|16
|
|t:|1727986035
|switch|p1a: Dugtrio|Dugtrio, M|88/100
|-damage|p1a: Dugtrio|76/100|[from] Spikes
|move|p2a: Skarmory|Spikes|p1a: Dugtrio
|-sidestart|p1: bigyunakafan|Spikes
|
|-weather|Sandstorm|[upkeep]
|upkeep
|turn|17
|
|t:|1727986049
|switch|p1a: Zapdos|Zapdos|82/100 tox
|move|p2a: Skarmory|Roar|p1a: Zapdos
|drag|p1a: Aerodactyl|Aerodactyl, M|100/100
|
|-weather|Sandstorm|[upkeep]
|upkeep
|turn|18
|
|t:|1727986057
|switch|p1a: Zapdos|Zapdos|82/100 tox
|move|p2a: Skarmory|Toxic|p1a: Zapdos
|-fail|p1a: Zapdos|tox
|
|-weather|Sandstorm|[upkeep]
|-damage|p1a: Zapdos|76/100 tox|[from] Sandstorm
|-heal|p1a: Zapdos|82/100 tox|[from] item: Leftovers
|-damage|p1a: Zapdos|76/100 tox|[from] psn
|upkeep
|turn|19
|
|t:|1727986064
|move|p2a: Skarmory|Protect|p2a: Skarmory
|-singleturn|p2a: Skarmory|Protect
|move|p1a: Zapdos|Thunderbolt|p2a: Skarmory
|-activate|p2a: Skarmory|Protect
|
|-weather|Sandstorm|[upkeep]
|-damage|p1a: Zapdos|69/100 tox|[from] Sandstorm
|-heal|p1a: Zapdos|76/100 tox|[from] item: Leftovers
|-damage|p1a: Zapdos|63/100 tox|[from] psn
|upkeep
|turn|20
|
|t:|1727986068
|switch|p2a: Celebi|Celebi|84/100
|-damage|p2a: Celebi|67/100|[from] Spikes
|move|p1a: Zapdos|Thunderbolt|p2a: Celebi
|-resisted|p2a: Celebi
|-damage|p2a: Celebi|48/100
|-status|p2a: Celebi|par
|
|-weather|Sandstorm|[upkeep]
|-damage|p1a: Zapdos|57/100 tox|[from] Sandstorm
|-damage|p2a: Celebi|42/100 par|[from] Sandstorm
|-heal|p1a: Zapdos|63/100 tox|[from] item: Leftovers
|-damage|p1a: Zapdos|45/100 tox|[from] psn
|-heal|p2a: Celebi|48/100 par|[from] item: Leftovers
|upkeep
|turn|21
|
|t:|1727986081
|switch|p1a: Aerodactyl|Aerodactyl, M|100/100
|cant|p2a: Celebi|par
|
|-weather|Sandstorm|[upkeep]
|-damage|p2a: Celebi|42/100 par|[from] Sandstorm
|-heal|p2a: Celebi|48/100 par|[from] item: Leftovers
|upkeep
|turn|22
|
|t:|1727986088
|switch|p1a: Zapdos|Zapdos|45/100 tox
|-curestatus|p2a: Celebi|par|[from] ability: Natural Cure
|switch|p2a: Swampert|Swampert, F|100/100
|-damage|p2a: Swampert|84/100|[from] Spikes
|
|-weather|Sandstorm|[upkeep]
|-damage|p1a: Zapdos|38/100 tox|[from] Sandstorm
|-heal|p1a: Zapdos|45/100 tox|[from] item: Leftovers
|-damage|p1a: Zapdos|38/100 tox|[from] psn
|-heal|p2a: Swampert|90/100|[from] item: Leftovers
|upkeep
|turn|23
|
|t:|1727986096
|move|p2a: Swampert|Protect|p2a: Swampert
|-singleturn|p2a: Swampert|Protect
|move|p1a: Zapdos|Hidden Power|p2a: Swampert
|-activate|p2a: Swampert|Protect
|
|-weather|Sandstorm|[upkeep]
|-damage|p1a: Zapdos|32/100 tox|[from] Sandstorm
|-heal|p1a: Zapdos|38/100 tox|[from] item: Leftovers
|-damage|p1a: Zapdos|26/100 tox|[from] psn
|-heal|p2a: Swampert|96/100|[from] item: Leftovers
|upkeep
|turn|24
|
|t:|1727986106
|switch|p2a: Celebi|Celebi|48/100
|-damage|p2a: Celebi|32/100|[from] Spikes
|move|p1a: Zapdos|Thunder Wave|p2a: Celebi
|-status|p2a: Celebi|par
|
|-weather|Sandstorm|[upkeep]
|-damage|p1a: Zapdos|20/100 tox|[from] Sandstorm
|-damage|p2a: Celebi|25/100 par|[from] Sandstorm
|-heal|p1a: Zapdos|26/100 tox|[from] item: Leftovers
|-damage|p1a: Zapdos|7/100 tox|[from] psn
|-heal|p2a: Celebi|32/100 par|[from] item: Leftovers
|upkeep
|turn|25
|
|t:|1727986115
|move|p1a: Zapdos|Hidden Power|p2a: Celebi
|-resisted|p2a: Celebi
|-damage|p2a: Celebi|23/100 par
|move|p2a: Celebi|Recover|p2a: Celebi
|-heal|p2a: Celebi|73/100 par
|
|-weather|Sandstorm|[upkeep]
|-damage|p1a: Zapdos|1/100 tox|[from] Sandstorm
|-damage|p2a: Celebi|67/100 par|[from] Sandstorm
|-heal|p1a: Zapdos|7/100 tox|[from] item: Leftovers
|-damage|p1a: Zapdos|0 fnt|[from] psn
|faint|p1a: Zapdos
|-heal|p2a: Celebi|73/100 par|[from] item: Leftovers
|upkeep
|
|t:|1727986119
|switch|p1a: Dugtrio|Dugtrio, M|76/100
|-damage|p1a: Dugtrio|59/100|[from] Spikes
|turn|26
|
|t:|1727986122
|move|p1a: Dugtrio|Hidden Power|p2a: Celebi
|-supereffective|p2a: Celebi
|-damage|p2a: Celebi|0 fnt
|faint|p2a: Celebi
|
|t:|1727986127
|switch|p2a: Skarmory|Skarmory, F|100/100
|
|-weather|Sandstorm|[upkeep]
|upkeep
|turn|27
|
|t:|1727986133
|switch|p1a: Hariyama|Hariyama, F|100/100
|-damage|p1a: Hariyama|84/100|[from] Spikes
|move|p2a: Skarmory|Toxic|p1a: Hariyama
|-status|p1a: Hariyama|tox
|
|-weather|Sandstorm|[upkeep]
|-damage|p1a: Hariyama|78/100 tox|[from] Sandstorm
|-heal|p1a: Hariyama|84/100 tox|[from] item: Leftovers
|-damage|p1a: Hariyama|78/100 tox|[from] psn
|upkeep
|turn|28
|
|t:|1727986141
|move|p2a: Skarmory|Protect|p2a: Skarmory
|-singleturn|p2a: Skarmory|Protect
|move|p1a: Hariyama|Rest|p1a: Hariyama
|-status|p1a: Hariyama|slp|[from] move: Rest
|-heal|p1a: Hariyama|100/100 slp|[silent]
|
|-weather|Sandstorm|[upkeep]
|-damage|p1a: Hariyama|94/100 slp|[from] Sandstorm
|-heal|p1a: Hariyama|100/100 slp|[from] item: Leftovers
|upkeep
|turn|29
|
|t:|1727986145
|move|p2a: Skarmory|Spikes|p1a: Hariyama
|-sidestart|p1: bigyunakafan|Spikes
|cant|p1a: Hariyama|slp
|move|p1a: Hariyama|Sleep Talk|p1a: Hariyama
|move|p1a: Hariyama|Whirlwind|p2a: Skarmory|[from]Sleep Talk
|drag|p2a: Swampert|Swampert, F|96/100
|-damage|p2a: Swampert|80/100|[from] Spikes
|
|-weather|Sandstorm|[upkeep]
|-damage|p1a: Hariyama|94/100 slp|[from] Sandstorm
|-heal|p1a: Hariyama|100/100 slp|[from] item: Leftovers
|-heal|p2a: Swampert|86/100|[from] item: Leftovers
|upkeep
|turn|30
|
|t:|1727986157
|switch|p1a: Aerodactyl|Aerodactyl, M|100/100
|move|p2a: Swampert|Earthquake|p1a: Aerodactyl
|-immune|p1a: Aerodactyl
|
|-weather|Sandstorm|[upkeep]
|-heal|p2a: Swampert|92/100|[from] item: Leftovers
|upkeep
|turn|31
|
|t:|1727986168
|move|p1a: Aerodactyl|Double-Edge|p2a: Swampert
|-crit|p2a: Swampert
|-damage|p2a: Swampert|0 fnt
|faint|p2a: Swampert
|
|t:|1727986172
|switch|p2a: Skarmory|Skarmory, F|100/100
|
|-weather|Sandstorm|[upkeep]
|upkeep
|turn|32
|
|t:|1727986181
|switch|p1a: Hariyama|Hariyama, F|100/100 slp
|-damage|p1a: Hariyama|76/100 slp|[from] Spikes
|move|p2a: Skarmory|Roar|p1a: Hariyama
|drag|p1a: Dugtrio|Dugtrio, M|59/100
|-damage|p1a: Dugtrio|35/100|[from] Spikes
|
|-weather|Sandstorm|[upkeep]
|upkeep
|turn|33
|
|t:|1727986194
|move|p1a: Dugtrio|Rock Slide|p2a: Skarmory
|-damage|p2a: Skarmory|80/100
|move|p2a: Skarmory|Roar|p1a: Dugtrio
|drag|p1a: Hariyama|Hariyama, F|76/100 slp
|-damage|p1a: Hariyama|51/100 slp|[from] Spikes
|
|-weather|Sandstorm|[upkeep]
|-damage|p1a: Hariyama|44/100 slp|[from] Sandstorm
|-heal|p2a: Skarmory|86/100|[from] item: Leftovers
|-heal|p1a: Hariyama|51/100 slp|[from] item: Leftovers
|upkeep
|turn|34
|
|t:|1727986202
|cant|p1a: Hariyama|slp
|move|p1a: Hariyama|Sleep Talk|p1a: Hariyama
|move|p1a: Hariyama|Cross Chop|p2a: Skarmory|[from]Sleep Talk
|-damage|p2a: Skarmory|42/100
|move|p2a: Skarmory|Roar|p1a: Hariyama
|drag|p1a: Aerodactyl|Aerodactyl, M|100/100
|
|-weather|Sandstorm|[upkeep]
|-heal|p2a: Skarmory|48/100|[from] item: Leftovers
|upkeep
|turn|35
|
|t:|1727986212
|move|p2a: Skarmory|Protect|p2a: Skarmory
|-singleturn|p2a: Skarmory|Protect
|move|p1a: Aerodactyl|Rock Slide|p2a: Skarmory
|-activate|p2a: Skarmory|Protect
|
|-weather|Sandstorm|[upkeep]
|-heal|p2a: Skarmory|54/100|[from] item: Leftovers
|upkeep
|turn|36
|
|t:|1727986228
|move|p1a: Aerodactyl|Rock Slide|p2a: Skarmory
|-damage|p2a: Skarmory|18/100
|cant|p2a: Skarmory|flinch
|
|-weather|Sandstorm|[upkeep]
|-heal|p2a: Skarmory|24/100|[from] item: Leftovers
|upkeep
|turn|37
|
|t:|1727986233
|move|p2a: Skarmory|Protect|p2a: Skarmory
|-singleturn|p2a: Skarmory|Protect
|move|p1a: Aerodactyl|Rock Slide|p2a: Skarmory|[miss]
|-miss|p1a: Aerodactyl|p2a: Skarmory
|
|-weather|Sandstorm|[upkeep]
|-heal|p2a: Skarmory|30/100|[from] item: Leftovers
|upkeep
|turn|38
|
|t:|1727986240
|move|p1a: Aerodactyl|Rock Slide|p2a: Skarmory
|-damage|p2a: Skarmory|0 fnt
|faint|p2a: Skarmory
|
|t:|1727986249
|switch|p2a: Aerodactyl|Aerodactyl, M|100/100
|
|-weather|Sandstorm|[upkeep]
|upkeep
|turn|39
|
|t:|1727986253
|move|p2a: Aerodactyl|Rock Slide|p1a: Aerodactyl
|-supereffective|p1a: Aerodactyl
|-damage|p1a: Aerodactyl|0 fnt
|faint|p1a: Aerodactyl
|
|t:|1727986259
|switch|p1a: Hariyama|Hariyama, F|51/100 slp
|-damage|p1a: Hariyama|26/100 slp|[from] Spikes
|
|-weather|Sandstorm|[upkeep]
|-damage|p1a: Hariyama|20/100 slp|[from] Sandstorm
|-heal|p1a: Hariyama|26/100 slp|[from] item: Leftovers
|upkeep
|turn|40
|
|t:|1727986265
|move|p2a: Aerodactyl|Rock Slide|p1a: Hariyama
|-resisted|p1a: Hariyama
|-damage|p1a: Hariyama|2/100 slp
|cant|p1a: Hariyama|slp
|
|-weather|Sandstorm|[upkeep]
|-damage|p1a: Hariyama|0 fnt|[from] Sandstorm
|faint|p1a: Hariyama
|upkeep
|c|☆bigyunakafan|gg
|
|t:|1727986273
|switch|p1a: Dugtrio|Dugtrio, M|35/100
|-damage|p1a: Dugtrio|10/100|[from] Spikes
|turn|41
|
|t:|1727986277
|move|p2a: Aerodactyl|Rock Slide|p1a: Dugtrio
|-resisted|p1a: Dugtrio
|-damage|p1a: Dugtrio|0 fnt
|faint|p1a: Dugtrio
|
|win|FlareLiger
|c|☆FlareLiger|gg
|player|p1|

</script>
<script type="application/json" class="data" id="replaydata-smogtours-gen3ou-794350">
{"id":"smogtours-gen3ou-794350","format":"[Gen 3] OU","players":["bigyunakafan","FlareLiger"],"uploadtime":1727986277,"views":148,"formatid":"gen3ou","rating":null,"private":0,"password":null}
</script>

<script defer src="js/replays.js?9d40a366"></script>
