<!DOCTYPE html>
<meta charset="utf-8" />
<meta name="viewport" content="width=device-width" />

<title>[Gen 3] OU: Lemon LC vs. Thebadger1230 - Replays - Pok&eacute;mon Showdown!</title>

<meta name="description" content="Watch a replay of a Pok&eacute;mon battle between Lemon LC and Thebadger1230! Format: [Gen 3] OU; Date: Oct 29, 2024" />
<!--

Hey, you! Looking in the source for the replay log?

You can find them in JSON format, just add `.json` at the end of a replay URL.

https://replay.pokemonshowdown.com/gen7randomdoublesbattle-865046831.json

Or, if you only need the log itself, add `.log` instead:

https://replay.pokemonshowdown.com/gen7randomdoublesbattle-865046831.log

-->

<link rel="stylesheet" href="//pokemonshowdown.com/style/global.css?0.023195364461161105" />
<link rel="stylesheet" href="//play.pokemonshowdown.com/style/font-awesome.css?0.13261647063804238" />
<link rel="stylesheet" href="//play.pokemonshowdown.com/style/battle.css?0.8753245789963631" />
<link rel="stylesheet" href="//play.pokemonshowdown.com/style/utilichart.css?0.8627959624976733" />

<!-- Global site tag (gtag.js) - Google Analytics -->
<script async src="https://www.googletagmanager.com/gtag/js?id=UA-26211653-1"></script>
<script>
  window.dataLayer = window.dataLayer || [];
  function gtag(){dataLayer.push(arguments);}
  gtag('js', new Date());

  gtag('config', 'UA-26211653-1');
</script>
<!-- End Google Analytics -->
<!-- Venatus Ad Manager - Install in <HEAD> of page -->
	<script src="https://hb.vntsm.com/v3/live/ad-manager.min.js" type="text/javascript" data-site-id="642aba63ec9a7b11c3c9c1be" data-mode="scan" async></script>
<!-- / Venatus Ad Manager -->

<style>
	@media (max-width:820px) {
		.battle {
			margin: 0 auto;
		}
		.battle-log {
			margin: 7px auto 0;
			max-width: 640px;
			height: 300px;
			position: static;
		}
	}
	.optgroup {
		display: inline-block;
		line-height: 22px;
		font-size: 10pt;
	}
	.optgroup .button {
		height: 25px;
		padding-top: 0;
		padding-bottom: 0;
	}
	.optgroup button.button {
		padding-left: 12px;
		padding-right: 12px;
	}
	.linklist {
		list-style: none;
		margin: 0.5em 0;
		padding: 0;
	}
	.linklist li {
		padding: 2px 0;
	}
	.sidebar {
		float: left;
		width: 320px;
	}
	.bar-wrapper {
		max-width: 1100px;
		margin: 0 auto;
	}
	.bar-wrapper.has-sidebar {
		max-width: 1430px;
	}
	.mainbar {
		margin: 0;
		padding-right: 1px;
	}
	.mainbar.has-sidebar {
		margin-left: 330px;
	}
	@media (min-width: 1511px) {
		.sidebar {
			width: 400px;
		}
		.bar-wrapper.has-sidebar {
			max-width: 1510px;
		}
		.mainbar.has-sidebar {
			margin-left: 410px;
		}
	}
	.section.first-section {
		margin-top: 9px;
	}
	.blocklink small {
		white-space: normal;
	}
	.button {
		vertical-align: middle;
	}
	.replay-controls {
		padding-top: 10px;
	}
	.replay-controls h1 {
		font-size: 16pt;
		font-weight: normal;
		color: #CCC;
	}
	.pagelink {
		text-align: center;
	}
	.pagelink a {
		width: 150px;
	}
	.textbox, .button {
		font-size: 11pt;
		vertical-align: middle;
	}
	@media (max-width: 450px) {
		.button {
			font-size: 9pt;
		}
	}
</style>

<div>

	<header>
		<div class="nav-wrapper"><ul class="nav">
			<li><a class="button nav-first" href="//pokemonshowdown.com/"><img src="//pokemonshowdown.com/images/pokemonshowdownbeta.png" srcset="//pokemonshowdown.com/images/pokemonshowdownbeta.png 1x, //pokemonshowdown.com/images/pokemonshowdownbeta@2x.png 2x" alt="Pok&eacute;mon Showdown" width="146" height="44" /> Home</a></li>
			<li><a class="button" href="//pokemonshowdown.com/dex/">Pok&eacute;dex</a></li>
			<li><a class="button cur" href="/">Replays</a></li>
			<li><a class="button" href="//pokemonshowdown.com/ladder/">Ladder</a></li>
			<li><a class="button nav-last" href="//pokemonshowdown.com/forums/">Forum</a></li>
			<li><a class="button greenbutton nav-first nav-last" href="//play.pokemonshowdown.com/">Play</a></li>
		</ul></div>
	</header>

	<div class="main" id="main">

		<noscript><section class="section">You need to enable JavaScript to use this page; sorry!</section></noscript>

	</div>

</div>

<script defer nomodule src="//play.pokemonshowdown.com/js/lib/ps-polyfill.js"></script>
<script defer src="//play.pokemonshowdown.com/js/lib/preact.min.js"></script>

<script defer src="//play.pokemonshowdown.com/config/config.js?2bddbc15"></script>
<script defer src="//play.pokemonshowdown.com/js/lib/jquery-1.11.0.min.js"></script>
<script defer src="//play.pokemonshowdown.com/js/lib/html-sanitizer-minified.js"></script>
<script defer src="//play.pokemonshowdown.com/js/battle-sound.js"></script>
<script defer src="//play.pokemonshowdown.com/js/battledata.js?0.7209276989879541"></script>
<script defer src="//play.pokemonshowdown.com/data/pokedex-mini.js?0.6111056340867951"></script>
<script defer src="//play.pokemonshowdown.com/data/pokedex-mini-bw.js?0.3532142036491459"></script>
<script defer src="//play.pokemonshowdown.com/data/graphics.js?0.24223875632456182"></script>
<script defer src="//play.pokemonshowdown.com/data/pokedex.js?0.38839984266356864"></script>
<script defer src="//play.pokemonshowdown.com/data/moves.js?0.21866028504024015"></script>
<script defer src="//play.pokemonshowdown.com/data/abilities.js?0.2005157953846628"></script>
<script defer src="//play.pokemonshowdown.com/data/items.js?0.9894211263848525"></script>
<script defer src="//play.pokemonshowdown.com/data/teambuilder-tables.js?0.6008791140282215"></script>
<script defer src="//play.pokemonshowdown.com/js/battle-tooltips.js?0.7580118955022959"></script>
<script defer src="//play.pokemonshowdown.com/js/battle.js?0.6057722274234274"></script>

<script defer src="js/utils.js?e31f9a17"></script>
<script defer src="js/replays-battle.js?7008c182"></script>

<!-- don't scrape this data! just add .json or .log after the URL!
Full API docs: https://github.com/smogon/pokemon-showdown-client/blob/master/WEB-API.md -->
<script type="text/plain" class="log" id="replaylog-smogtours-gen3ou-803370">
|inactive|Battle timer is ON: inactive players will automatically lose when time's up.
|t:|1730239678
|gametype|singles
|player|p1|Lemon LC|170|
|player|p2|Thebadger1230|2|
|teamsize|p1|6
|teamsize|p2|6
|gen|3
|tier|[Gen 3] OU
|rule|Sleep Clause Mod: Limit one foe put to sleep
|rule|Switch Priority Clause Mod: Faster Pokémon switch first
|rule|Species Clause: Limit one of each Pokémon
|rule|OHKO Clause: OHKO moves are banned
|rule|Evasion Items Clause: Evasion items are banned
|rule|Evasion Moves Clause: Evasion moves are banned
|rule|Endless Battle Clause: Forcing endless battles is banned
|rule|HP Percentage Mod: HP is shown in percentages
|rule|One Boost Passer Clause: Limit one Baton Passer that has a way to boost its stats
|rule|Freeze Clause Mod: Limit one foe frozen
|
|t:|1730239678
|start
|switch|p1a: Tyranitar|Tyranitar, F|100/100
|switch|p2a: Hariyama|Hariyama, M|100/100
|-weather|Sandstorm|[from] ability: Sand Stream|[of] p1a: Tyranitar
|turn|1
|inactive|Lemon LC has 270 seconds left.
|inactive|Lemon LC has 240 seconds left.
|inactive|Lemon LC has 210 seconds left.
|
|t:|1730239789
|switch|p1a: Swampert|Swampert, F|100/100
|move|p2a: Hariyama|Knock Off|p1a: Swampert
|-damage|p1a: Swampert|98/100
|-enditem|p1a: Swampert|Leftovers|[from] move: Knock Off|[of] p2a: Hariyama
|-hint|In Gens 3-4, Knock Off only makes the target's item unusable; it cannot obtain a new item.
|
|-weather|Sandstorm|[upkeep]
|-damage|p2a: Hariyama|94/100|[from] Sandstorm
|-heal|p2a: Hariyama|100/100|[from] item: Leftovers
|upkeep
|turn|2
|
|t:|1730239812
|switch|p2a: Blissey|Blissey, F|100/100
|move|p1a: Swampert|Hydro Pump|p2a: Blissey
|-damage|p2a: Blissey|80/100
|
|-weather|Sandstorm|[upkeep]
|-damage|p2a: Blissey|74/100|[from] Sandstorm
|-heal|p2a: Blissey|80/100|[from] item: Leftovers
|upkeep
|turn|3
|inactive|Lemon LC has 240 seconds left.
|
|t:|1730239835
|switch|p1a: Metagross|Metagross|100/100
|switch|p2a: Hariyama|Hariyama, M|100/100
|
|-weather|Sandstorm|[upkeep]
|-damage|p2a: Hariyama|94/100|[from] Sandstorm
|-heal|p2a: Hariyama|100/100|[from] item: Leftovers
|upkeep
|turn|4
|inactive|Lemon LC has 240 seconds left.
|
|t:|1730239847
|switch|p2a: Suicune|Suicune|100/100
|move|p1a: Metagross|Meteor Mash|p2a: Suicune
|-resisted|p2a: Suicune
|-damage|p2a: Suicune|83/100
|
|-weather|Sandstorm|[upkeep]
|-damage|p2a: Suicune|77/100|[from] Sandstorm
|-heal|p2a: Suicune|83/100|[from] item: Leftovers
|upkeep
|turn|5
|inactive|Lemon LC has 240 seconds left.
|
|t:|1730239878
|move|p2a: Suicune|Surf|p1a: Metagross
|-damage|p1a: Metagross|68/100
|move|p1a: Metagross|Explosion|p2a: Suicune
|-damage|p2a: Suicune|0 fnt
|faint|p1a: Metagross
|faint|p2a: Suicune
|
|t:|1730239892
|switch|p2a: Hariyama|Hariyama, M|100/100
|switch|p1a: Swampert|Swampert, F|98/100
|
|-weather|Sandstorm|[upkeep]
|-damage|p2a: Hariyama|94/100|[from] Sandstorm
|-heal|p2a: Hariyama|100/100|[from] item: Leftovers
|upkeep
|turn|6
|inactive|Thebadger1230 has 270 seconds left.
|
|t:|1730239926
|move|p1a: Swampert|Earthquake|p2a: Hariyama
|-damage|p2a: Hariyama|64/100
|move|p2a: Hariyama|Brick Break|p1a: Swampert
|-damage|p1a: Swampert|57/100
|
|-weather|Sandstorm|[upkeep]
|-damage|p2a: Hariyama|58/100|[from] Sandstorm
|-heal|p2a: Hariyama|64/100|[from] item: Leftovers
|upkeep
|turn|7
|inactive|Thebadger1230 has 270 seconds left.
|inactive|Thebadger1230 has 240 seconds left.
|
|t:|1730239968
|move|p1a: Swampert|Ice Beam|p2a: Hariyama
|-damage|p2a: Hariyama|37/100
|move|p2a: Hariyama|Brick Break|p1a: Swampert
|-damage|p1a: Swampert|15/100
|
|-weather|Sandstorm|[upkeep]
|-damage|p2a: Hariyama|31/100|[from] Sandstorm
|-heal|p2a: Hariyama|37/100|[from] item: Leftovers
|upkeep
|turn|8
|inactive|Thebadger1230 has 240 seconds left.
|inactive|Thebadger1230 has 210 seconds left.
|
|t:|1730240005
|switch|p2a: Blissey|Blissey, F|80/100
|move|p1a: Swampert|Hydro Pump|p2a: Blissey
|-damage|p2a: Blissey|47/100
|
|-weather|Sandstorm|[upkeep]
|-damage|p2a: Blissey|41/100|[from] Sandstorm
|-heal|p2a: Blissey|47/100|[from] item: Leftovers
|upkeep
|turn|9
|
|t:|1730240011
|-singleturn|p1a: Swampert|move: Focus Punch
|move|p2a: Blissey|Soft-Boiled|p2a: Blissey
|-heal|p2a: Blissey|97/100
|move|p1a: Swampert|Focus Punch|p2a: Blissey
|-supereffective|p2a: Blissey
|-crit|p2a: Blissey
|-damage|p2a: Blissey|0 fnt
|faint|p2a: Blissey
|
|t:|1730240016
|switch|p2a: Salamence|Salamence, M|100/100
|-ability|p2a: Salamence|Intimidate|boost
|-unboost|p1a: Swampert|atk|1
|
|-weather|Sandstorm|[upkeep]
|-damage|p2a: Salamence|94/100|[from] Sandstorm
|-heal|p2a: Salamence|100/100|[from] item: Leftovers
|upkeep
|turn|10
|inactive|Lemon LC has 210 seconds left.
|
|t:|1730240062
|move|p2a: Salamence|Hidden Power|p1a: Swampert
|-damage|p1a: Swampert|0 fnt
|faint|p1a: Swampert
|
|t:|1730240072
|switch|p1a: Tyranitar|Tyranitar, F|100/100
|
|-weather|Sandstorm|[upkeep]
|-damage|p2a: Salamence|94/100|[from] Sandstorm
|-heal|p2a: Salamence|100/100|[from] item: Leftovers
|upkeep
|turn|11
|inactive|Lemon LC has 180 seconds left.
|inactive|Thebadger1230 has 210 seconds left.
|
|t:|1730240112
|switch|p2a: Jirachi|Jirachi|100/100
|move|p1a: Tyranitar|Ice Beam|p2a: Jirachi
|-resisted|p2a: Jirachi
|-damage|p2a: Jirachi|88/100
|
|-weather|Sandstorm|[upkeep]
|-heal|p2a: Jirachi|95/100|[from] item: Leftovers
|upkeep
|turn|12
|inactive|Lemon LC has 150 seconds left.
|
|t:|1730240142
|switch|p1a: Magneton|Magneton|100/100
|move|p2a: Jirachi|Protect||[still]
|-fail|p2a: Jirachi
|
|-weather|Sandstorm|[upkeep]
|-heal|p2a: Jirachi|100/100|[from] item: Leftovers
|upkeep
|turn|13
|inactive|Lemon LC has 150 seconds left.
|
|t:|1730240154
|move|p1a: Magneton|Thunder Wave|p2a: Jirachi
|-status|p2a: Jirachi|par
|move|p2a: Jirachi|Fire Punch|p1a: Magneton
|-supereffective|p1a: Magneton
|-damage|p1a: Magneton|36/100
|
|-weather|Sandstorm|[upkeep]
|upkeep
|turn|14
|inactive|Lemon LC has 150 seconds left.
|
|t:|1730240159
|move|p1a: Magneton|Substitute|p1a: Magneton
|-start|p1a: Magneton|Substitute
|-damage|p1a: Magneton|11/100
|move|p2a: Jirachi|Fire Punch|p1a: Magneton
|-supereffective|p1a: Magneton
|-end|p1a: Magneton|Substitute
|
|-weather|Sandstorm|[upkeep]
|upkeep
|turn|15
|
|t:|1730240164
|move|p1a: Magneton|Thunderbolt|p2a: Jirachi
|-damage|p2a: Jirachi|56/100 par
|move|p2a: Jirachi|Fire Punch|p1a: Magneton
|-supereffective|p1a: Magneton
|-damage|p1a: Magneton|0 fnt
|faint|p1a: Magneton
|
|t:|1730240175
|switch|p1a: Celebi|Celebi|100/100
|
|-weather|Sandstorm|[upkeep]
|-damage|p1a: Celebi|94/100|[from] Sandstorm
|-heal|p1a: Celebi|100/100|[from] item: Leftovers
|-heal|p2a: Jirachi|63/100 par|[from] item: Leftovers
|upkeep
|turn|16
|
|t:|1730240189
|move|p1a: Celebi|Leech Seed|p2a: Jirachi
|-start|p2a: Jirachi|move: Leech Seed
|move|p2a: Jirachi|Fire Punch|p1a: Celebi
|-supereffective|p1a: Celebi
|-damage|p1a: Celebi|75/100
|
|-weather|Sandstorm|[upkeep]
|-damage|p1a: Celebi|69/100|[from] Sandstorm
|-heal|p1a: Celebi|75/100|[from] item: Leftovers
|-heal|p2a: Jirachi|69/100 par|[from] item: Leftovers
|-damage|p2a: Jirachi|56/100 par|[from] Leech Seed|[of] p1a: Celebi
|-heal|p1a: Celebi|88/100|[silent]
|upkeep
|turn|17
|
|t:|1730240193
|switch|p2a: Salamence|Salamence, M|100/100
|-ability|p2a: Salamence|Intimidate|boost
|-unboost|p1a: Celebi|atk|1
|move|p1a: Celebi|Swords Dance|p1a: Celebi
|-boost|p1a: Celebi|atk|2
|
|-weather|Sandstorm|[upkeep]
|-damage|p2a: Salamence|94/100|[from] Sandstorm
|-damage|p1a: Celebi|82/100|[from] Sandstorm
|-heal|p2a: Salamence|100/100|[from] item: Leftovers
|-heal|p1a: Celebi|88/100|[from] item: Leftovers
|upkeep
|turn|18
|
|t:|1730240206
|move|p2a: Salamence|Dragon Dance|p2a: Salamence
|-boost|p2a: Salamence|atk|1
|-boost|p2a: Salamence|spe|1
|move|p1a: Celebi|Baton Pass|p1a: Celebi
|
|t:|1730240213
|switch|p1a: Tyranitar|Tyranitar, F|100/100|[from] Baton Pass
|
|-weather|Sandstorm|[upkeep]
|-damage|p2a: Salamence|94/100|[from] Sandstorm
|-heal|p2a: Salamence|100/100|[from] item: Leftovers
|upkeep
|turn|19
|inactive|Thebadger1230 has 240 seconds left.
|inactive|Thebadger1230 has 210 seconds left.
|
|t:|1730240266
|switch|p2a: Hariyama|Hariyama, M|37/100
|move|p1a: Tyranitar|Ice Beam|p2a: Hariyama
|-damage|p2a: Hariyama|10/100
|
|-weather|Sandstorm|[upkeep]
|-damage|p2a: Hariyama|4/100|[from] Sandstorm
|-heal|p2a: Hariyama|10/100|[from] item: Leftovers
|upkeep
|turn|20
|
|t:|1730240277
|switch|p1a: Celebi|Celebi|88/100
|move|p2a: Hariyama|Brick Break|p1a: Celebi
|-resisted|p1a: Celebi
|-damage|p1a: Celebi|74/100
|
|-weather|Sandstorm|[upkeep]
|-damage|p1a: Celebi|68/100|[from] Sandstorm
|-damage|p2a: Hariyama|4/100|[from] Sandstorm
|-heal|p1a: Celebi|74/100|[from] item: Leftovers
|-heal|p2a: Hariyama|10/100|[from] item: Leftovers
|upkeep
|turn|21
|inactive|Thebadger1230 has 210 seconds left.
|inactive|Lemon LC has 150 seconds left.
|inactive|Lemon LC has 120 seconds left.
|
|t:|1730240341
|move|p1a: Celebi|Swords Dance|p1a: Celebi
|-boost|p1a: Celebi|atk|2
|move|p2a: Hariyama|Hidden Power|p1a: Celebi
|-supereffective|p1a: Celebi
|-damage|p1a: Celebi|10/100
|
|-weather|Sandstorm|[upkeep]
|-damage|p1a: Celebi|4/100|[from] Sandstorm
|-damage|p2a: Hariyama|4/100|[from] Sandstorm
|-heal|p1a: Celebi|10/100|[from] item: Leftovers
|-heal|p2a: Hariyama|10/100|[from] item: Leftovers
|upkeep
|turn|22
|inactive|Lemon LC has 120 seconds left.
|
|t:|1730240353
|move|p1a: Celebi|Baton Pass|p1a: Celebi
|
|t:|1730240354
|switch|p1a: Aerodactyl|Aerodactyl, F|100/100|[from] Baton Pass
|move|p2a: Hariyama|Rock Slide|p1a: Aerodactyl
|-supereffective|p1a: Aerodactyl
|-damage|p1a: Aerodactyl|21/100
|
|-weather|Sandstorm|[upkeep]
|-damage|p2a: Hariyama|4/100|[from] Sandstorm
|-enditem|p1a: Aerodactyl|Liechi Berry|[eat]
|-boost|p1a: Aerodactyl|atk|1|[from] item: Liechi Berry
|-heal|p2a: Hariyama|10/100|[from] item: Leftovers
|upkeep
|turn|23
|
|t:|1730240365
|move|p1a: Aerodactyl|Double-Edge|p2a: Hariyama
|-damage|p2a: Hariyama|0 fnt
|faint|p2a: Hariyama
|
|t:|1730240367
|switch|p2a: Salamence|Salamence, M|100/100
|-ability|p2a: Salamence|Intimidate|boost
|-unboost|p1a: Aerodactyl|atk|1
|
|-weather|Sandstorm|[upkeep]
|-damage|p2a: Salamence|94/100|[from] Sandstorm
|-heal|p2a: Salamence|100/100|[from] item: Leftovers
|upkeep
|turn|24
|inactive|Thebadger1230 has 210 seconds left.
|
|t:|1730240373
|switch|p2a: Jirachi|Jirachi|56/100 par
|move|p1a: Aerodactyl|Rock Slide|p2a: Jirachi
|-resisted|p2a: Jirachi
|-damage|p2a: Jirachi|35/100 par
|
|-weather|Sandstorm|[upkeep]
|-heal|p2a: Jirachi|41/100 par|[from] item: Leftovers
|upkeep
|turn|25
|inactive|Lemon LC has 150 seconds left.
|
|t:|1730240379
|move|p2a: Jirachi|Protect|p2a: Jirachi
|-singleturn|p2a: Jirachi|Protect
|move|p1a: Aerodactyl|Earthquake|p2a: Jirachi
|-activate|p2a: Jirachi|Protect
|
|-weather|Sandstorm|[upkeep]
|-heal|p2a: Jirachi|47/100 par|[from] item: Leftovers
|upkeep
|turn|26
|inactive|Lemon LC has 150 seconds left.
|
|t:|1730240396
|switch|p2a: Claydol|Claydol|100/100
|move|p1a: Aerodactyl|Earthquake|p2a: Claydol
|-immune|p2a: Claydol
|
|-weather|Sandstorm|[upkeep]
|upkeep
|turn|27
|inactive|Lemon LC has 150 seconds left.
|inactive|Thebadger1230 has 210 seconds left.
|
|t:|1730240431
|move|p1a: Aerodactyl|Double-Edge|p2a: Claydol
|-damage|p2a: Claydol|26/100
|move|p2a: Claydol|Shadow Ball|p1a: Aerodactyl
|-damage|p1a: Aerodactyl|0 fnt
|faint|p1a: Aerodactyl
|
|t:|1730240440
|switch|p1a: Celebi|Celebi|10/100
|
|-weather|Sandstorm|[upkeep]
|-damage|p1a: Celebi|4/100|[from] Sandstorm
|-heal|p1a: Celebi|10/100|[from] item: Leftovers
|-heal|p2a: Claydol|32/100|[from] item: Leftovers
|upkeep
|turn|28
|inactive|Lemon LC has 150 seconds left.
|
|t:|1730240446
|move|p1a: Celebi|Recover|p1a: Celebi
|-heal|p1a: Celebi|60/100
|move|p2a: Claydol|Shadow Ball|p1a: Celebi
|-supereffective|p1a: Celebi
|-damage|p1a: Celebi|32/100
|
|-weather|Sandstorm|[upkeep]
|-damage|p1a: Celebi|25/100|[from] Sandstorm
|-heal|p1a: Celebi|32/100|[from] item: Leftovers
|-heal|p2a: Claydol|38/100|[from] item: Leftovers
|upkeep
|turn|29
|
|t:|1730240452
|move|p1a: Celebi|Leech Seed|p2a: Claydol
|-start|p2a: Claydol|move: Leech Seed
|move|p2a: Claydol|Shadow Ball|p1a: Celebi
|-supereffective|p1a: Celebi
|-damage|p1a: Celebi|3/100
|
|-weather|Sandstorm|[upkeep]
|-damage|p1a: Celebi|0 fnt|[from] Sandstorm
|faint|p1a: Celebi
|-heal|p2a: Claydol|45/100|[from] item: Leftovers
|upkeep
|
|t:|1730240458
|switch|p1a: Tyranitar|Tyranitar, F|100/100
|turn|30
|
|t:|1730240478
|move|p2a: Claydol|Earthquake|p1a: Tyranitar
|-supereffective|p1a: Tyranitar
|-damage|p1a: Tyranitar|39/100
|move|p1a: Tyranitar|Crunch|p2a: Claydol
|-supereffective|p2a: Claydol
|-crit|p2a: Claydol
|-damage|p2a: Claydol|0 fnt
|faint|p2a: Claydol
|
|t:|1730240481
|switch|p2a: Salamence|Salamence, M|100/100
|-ability|p2a: Salamence|Intimidate|boost
|-unboost|p1a: Tyranitar|atk|1
|
|-weather|Sandstorm|[upkeep]
|-damage|p2a: Salamence|94/100|[from] Sandstorm
|-heal|p2a: Salamence|100/100|[from] item: Leftovers
|-heal|p1a: Tyranitar|46/100|[from] item: Leftovers
|upkeep
|turn|31
|
|t:|1730240483
|move|p2a: Salamence|Earthquake|p1a: Tyranitar
|-supereffective|p1a: Tyranitar
|-damage|p1a: Tyranitar|0 fnt
|faint|p1a: Tyranitar
|
|win|Thebadger1230
|c|☆Lemon LC|gg
|c|☆Thebadger1230|gg wp
|player|p1|

</script>
<script type="application/json" class="data" id="replaydata-smogtours-gen3ou-803370">
{"id":"smogtours-gen3ou-803370","format":"[Gen 3] OU","players":["Lemon LC","Thebadger1230"],"uploadtime":1730240483,"views":54,"formatid":"gen3ou","rating":null,"private":0,"password":null}
</script>

<script defer src="js/replays.js?9d40a366"></script>
