<!DOCTYPE html>
<meta charset="utf-8" />
<meta name="viewport" content="width=device-width" />

<title>[Gen 3] OU: UnzipsCrogre vs. Big Chungus irl - Replays - Pok&eacute;mon Showdown!</title>

<meta name="description" content="Watch a replay of a Pok&eacute;mon battle between UnzipsCrogre and Big Chungus irl! Format: [Gen 3] OU; Date: Oct 10, 2024" />
<!--

Hey, you! Looking in the source for the replay log?

You can find them in JSON format, just add `.json` at the end of a replay URL.

https://replay.pokemonshowdown.com/gen7randomdoublesbattle-865046831.json

Or, if you only need the log itself, add `.log` instead:

https://replay.pokemonshowdown.com/gen7randomdoublesbattle-865046831.log

-->

<link rel="stylesheet" href="//pokemonshowdown.com/style/global.css?0.023195364461161105" />
<link rel="stylesheet" href="//play.pokemonshowdown.com/style/font-awesome.css?0.13261647063804238" />
<link rel="stylesheet" href="//play.pokemonshowdown.com/style/battle.css?0.8753245789963631" />
<link rel="stylesheet" href="//play.pokemonshowdown.com/style/utilichart.css?0.8627959624976733" />

<!-- Global site tag (gtag.js) - Google Analytics -->
<script async src="https://www.googletagmanager.com/gtag/js?id=UA-26211653-1"></script>
<script>
  window.dataLayer = window.dataLayer || [];
  function gtag(){dataLayer.push(arguments);}
  gtag('js', new Date());

  gtag('config', 'UA-26211653-1');
</script>
<!-- End Google Analytics -->
<!-- Venatus Ad Manager - Install in <HEAD> of page -->
	<script src="https://hb.vntsm.com/v3/live/ad-manager.min.js" type="text/javascript" data-site-id="642aba63ec9a7b11c3c9c1be" data-mode="scan" async></script>
<!-- / Venatus Ad Manager -->

<style>
	@media (max-width:820px) {
		.battle {
			margin: 0 auto;
		}
		.battle-log {
			margin: 7px auto 0;
			max-width: 640px;
			height: 300px;
			position: static;
		}
	}
	.optgroup {
		display: inline-block;
		line-height: 22px;
		font-size: 10pt;
	}
	.optgroup .button {
		height: 25px;
		padding-top: 0;
		padding-bottom: 0;
	}
	.optgroup button.button {
		padding-left: 12px;
		padding-right: 12px;
	}
	.linklist {
		list-style: none;
		margin: 0.5em 0;
		padding: 0;
	}
	.linklist li {
		padding: 2px 0;
	}
	.sidebar {
		float: left;
		width: 320px;
	}
	.bar-wrapper {
		max-width: 1100px;
		margin: 0 auto;
	}
	.bar-wrapper.has-sidebar {
		max-width: 1430px;
	}
	.mainbar {
		margin: 0;
		padding-right: 1px;
	}
	.mainbar.has-sidebar {
		margin-left: 330px;
	}
	@media (min-width: 1511px) {
		.sidebar {
			width: 400px;
		}
		.bar-wrapper.has-sidebar {
			max-width: 1510px;
		}
		.mainbar.has-sidebar {
			margin-left: 410px;
		}
	}
	.section.first-section {
		margin-top: 9px;
	}
	.blocklink small {
		white-space: normal;
	}
	.button {
		vertical-align: middle;
	}
	.replay-controls {
		padding-top: 10px;
	}
	.replay-controls h1 {
		font-size: 16pt;
		font-weight: normal;
		color: #CCC;
	}
	.pagelink {
		text-align: center;
	}
	.pagelink a {
		width: 150px;
	}
	.textbox, .button {
		font-size: 11pt;
		vertical-align: middle;
	}
	@media (max-width: 450px) {
		.button {
			font-size: 9pt;
		}
	}
</style>

<div>

	<header>
		<div class="nav-wrapper"><ul class="nav">
			<li><a class="button nav-first" href="//pokemonshowdown.com/"><img src="//pokemonshowdown.com/images/pokemonshowdownbeta.png" srcset="//pokemonshowdown.com/images/pokemonshowdownbeta.png 1x, //pokemonshowdown.com/images/pokemonshowdownbeta@2x.png 2x" alt="Pok&eacute;mon Showdown" width="146" height="44" /> Home</a></li>
			<li><a class="button" href="//pokemonshowdown.com/dex/">Pok&eacute;dex</a></li>
			<li><a class="button cur" href="/">Replays</a></li>
			<li><a class="button" href="//pokemonshowdown.com/ladder/">Ladder</a></li>
			<li><a class="button nav-last" href="//pokemonshowdown.com/forums/">Forum</a></li>
			<li><a class="button greenbutton nav-first nav-last" href="//play.pokemonshowdown.com/">Play</a></li>
		</ul></div>
	</header>

	<div class="main" id="main">

		<noscript><section class="section">You need to enable JavaScript to use this page; sorry!</section></noscript>

	</div>

</div>

<script defer nomodule src="//play.pokemonshowdown.com/js/lib/ps-polyfill.js"></script>
<script defer src="//play.pokemonshowdown.com/js/lib/preact.min.js"></script>

<script defer src="//play.pokemonshowdown.com/config/config.js?2bddbc15"></script>
<script defer src="//play.pokemonshowdown.com/js/lib/jquery-1.11.0.min.js"></script>
<script defer src="//play.pokemonshowdown.com/js/lib/html-sanitizer-minified.js"></script>
<script defer src="//play.pokemonshowdown.com/js/battle-sound.js"></script>
<script defer src="//play.pokemonshowdown.com/js/battledata.js?0.7209276989879541"></script>
<script defer src="//play.pokemonshowdown.com/data/pokedex-mini.js?0.6111056340867951"></script>
<script defer src="//play.pokemonshowdown.com/data/pokedex-mini-bw.js?0.3532142036491459"></script>
<script defer src="//play.pokemonshowdown.com/data/graphics.js?0.24223875632456182"></script>
<script defer src="//play.pokemonshowdown.com/data/pokedex.js?0.38839984266356864"></script>
<script defer src="//play.pokemonshowdown.com/data/moves.js?0.21866028504024015"></script>
<script defer src="//play.pokemonshowdown.com/data/abilities.js?0.2005157953846628"></script>
<script defer src="//play.pokemonshowdown.com/data/items.js?0.9894211263848525"></script>
<script defer src="//play.pokemonshowdown.com/data/teambuilder-tables.js?0.6008791140282215"></script>
<script defer src="//play.pokemonshowdown.com/js/battle-tooltips.js?0.7580118955022959"></script>
<script defer src="//play.pokemonshowdown.com/js/battle.js?0.6057722274234274"></script>

<script defer src="js/utils.js?e31f9a17"></script>
<script defer src="js/replays-battle.js?7008c182"></script>

<!-- don't scrape this data! just add .json or .log after the URL!
Full API docs: https://github.com/smogon/pokemon-showdown-client/blob/master/WEB-API.md -->
<script type="text/plain" class="log" id="replaylog-smogtours-gen3ou-796941">
|inactive|Battle timer is ON: inactive players will automatically lose when time's up.
|t:|1728583218
|gametype|singles
|player|p1|UnzipsCrogre|unknown|
|player|p2|Big Chungus irl|firebreather|
|teamsize|p1|6
|teamsize|p2|6
|gen|3
|tier|[Gen 3] OU
|rule|Sleep Clause Mod: Limit one foe put to sleep
|rule|Switch Priority Clause Mod: Faster Pokémon switch first
|rule|Species Clause: Limit one of each Pokémon
|rule|OHKO Clause: OHKO moves are banned
|rule|Evasion Items Clause: Evasion items are banned
|rule|Evasion Moves Clause: Evasion moves are banned
|rule|Endless Battle Clause: Forcing endless battles is banned
|rule|HP Percentage Mod: HP is shown in percentages
|rule|One Boost Passer Clause: Limit one Baton Passer that has a way to boost its stats
|rule|Freeze Clause Mod: Limit one foe frozen
|
|t:|1728583218
|start
|switch|p1a: Zapdos|Zapdos|100/100
|switch|p2a: Tyranitar|Tyranitar, F|100/100
|-weather|Sandstorm|[from] ability: Sand Stream|[of] p2a: Tyranitar
|turn|1
|inactive|UnzipsCrogre also wants the timer to be on.
|c|☆Big Chungus irl|gl and hf
|c|☆UnzipsCrogre|yt
|
|t:|1728583236
|move|p1a: Zapdos|Substitute|p1a: Zapdos
|-start|p1a: Zapdos|Substitute
|-damage|p1a: Zapdos|76/100
|move|p2a: Tyranitar|Toxic||[still]
|-fail|p2a: Tyranitar
|
|-weather|Sandstorm|[upkeep]
|-damage|p1a: Zapdos|70/100|[from] Sandstorm
|-heal|p1a: Zapdos|76/100|[from] item: Leftovers
|upkeep
|turn|2
|
|t:|1728583241
|move|p1a: Zapdos|Baton Pass|p1a: Zapdos
|
|t:|1728583243
|switch|p1a: Dugtrio|Dugtrio, M|100/100|[from] Baton Pass
|move|p2a: Tyranitar|Rock Slide|p1a: Dugtrio
|-resisted|p1a: Dugtrio
|-end|p1a: Dugtrio|Substitute
|
|-weather|Sandstorm|[upkeep]
|upkeep
|turn|3
|
|t:|1728583252
|move|p1a: Dugtrio|Earthquake|p2a: Tyranitar
|-supereffective|p2a: Tyranitar
|-damage|p2a: Tyranitar|23/100
|move|p2a: Tyranitar|Earthquake|p1a: Dugtrio
|-damage|p1a: Dugtrio|2/100
|
|-weather|Sandstorm|[upkeep]
|-heal|p2a: Tyranitar|30/100|[from] item: Leftovers
|upkeep
|turn|4
|
|t:|1728583258
|move|p2a: Tyranitar|Protect|p2a: Tyranitar
|-singleturn|p2a: Tyranitar|Protect
|move|p1a: Dugtrio|Earthquake|p2a: Tyranitar
|-activate|p2a: Tyranitar|Protect
|
|-weather|Sandstorm|[upkeep]
|-heal|p2a: Tyranitar|36/100|[from] item: Leftovers
|upkeep
|turn|5
|
|t:|1728583261
|move|p1a: Dugtrio|Earthquake|p2a: Tyranitar
|-supereffective|p2a: Tyranitar
|-damage|p2a: Tyranitar|0 fnt
|faint|p2a: Tyranitar
|
|t:|1728583273
|switch|p2a: Forretress|Forretress, F|100/100
|
|-weather|Sandstorm|[upkeep]
|upkeep
|turn|6
|
|t:|1728583295
|move|p1a: Dugtrio|Earthquake|p2a: Forretress
|-damage|p2a: Forretress|64/100
|move|p2a: Forretress|Spikes|p1a: Dugtrio
|-sidestart|p1: UnzipsCrogre|Spikes
|
|-weather|Sandstorm|[upkeep]
|-heal|p2a: Forretress|70/100|[from] item: Leftovers
|upkeep
|turn|7
|
|t:|1728583299
|move|p1a: Dugtrio|Earthquake|p2a: Forretress
|-damage|p2a: Forretress|35/100
|move|p2a: Forretress|Rapid Spin|p1a: Dugtrio
|-damage|p1a: Dugtrio|0 fnt
|faint|p1a: Dugtrio
|
|t:|1728583316
|switch|p1a: Zapdos|Zapdos|76/100
|
|-weather|Sandstorm|[upkeep]
|-damage|p1a: Zapdos|70/100|[from] Sandstorm
|-heal|p1a: Zapdos|76/100|[from] item: Leftovers
|-heal|p2a: Forretress|41/100|[from] item: Leftovers
|upkeep
|turn|8
|
|t:|1728583324
|switch|p2a: Blissey|Blissey, F|100/100
|move|p1a: Zapdos|Substitute|p1a: Zapdos
|-start|p1a: Zapdos|Substitute
|-damage|p1a: Zapdos|51/100
|
|-weather|Sandstorm|[upkeep]
|-damage|p1a: Zapdos|45/100|[from] Sandstorm
|-damage|p2a: Blissey|94/100|[from] Sandstorm
|-heal|p1a: Zapdos|51/100|[from] item: Leftovers
|-heal|p2a: Blissey|100/100|[from] item: Leftovers
|upkeep
|turn|9
|
|t:|1728583338
|move|p1a: Zapdos|Baton Pass|p1a: Zapdos
|
|t:|1728583341
|switch|p1a: Celebi|Celebi|100/100|[from] Baton Pass
|-damage|p1a: Celebi|88/100|[from] Spikes
|move|p2a: Blissey|Seismic Toss|p1a: Celebi
|-end|p1a: Celebi|Substitute
|
|-weather|Sandstorm|[upkeep]
|-damage|p1a: Celebi|82/100|[from] Sandstorm
|-damage|p2a: Blissey|94/100|[from] Sandstorm
|-heal|p1a: Celebi|88/100|[from] item: Leftovers
|-heal|p2a: Blissey|100/100|[from] item: Leftovers
|upkeep
|turn|10
|
|t:|1728583348
|switch|p2a: Moltres|Moltres|100/100
|move|p1a: Celebi|Calm Mind|p1a: Celebi
|-boost|p1a: Celebi|spa|1
|-boost|p1a: Celebi|spd|1
|
|-weather|Sandstorm|[upkeep]
|-damage|p2a: Moltres|94/100|[from] Sandstorm
|-damage|p1a: Celebi|82/100|[from] Sandstorm
|-heal|p2a: Moltres|100/100|[from] item: Leftovers
|-heal|p1a: Celebi|88/100|[from] item: Leftovers
|upkeep
|turn|11
|
|t:|1728583354
|move|p2a: Moltres|Flamethrower|p1a: Celebi
|-supereffective|p1a: Celebi
|-damage|p1a: Celebi|35/100
|move|p1a: Celebi|Baton Pass|p1a: Celebi
|
|t:|1728583358
|switch|p1a: Suicune|Suicune|100/100|[from] Baton Pass
|-damage|p1a: Suicune|88/100|[from] Spikes
|
|-weather|Sandstorm|[upkeep]
|-damage|p2a: Moltres|94/100|[from] Sandstorm
|-damage|p1a: Suicune|82/100|[from] Sandstorm
|-heal|p2a: Moltres|100/100|[from] item: Leftovers
|-heal|p1a: Suicune|88/100|[from] item: Leftovers
|upkeep
|turn|12
|
|t:|1728583368
|switch|p2a: Blissey|Blissey, F|100/100
|move|p1a: Suicune|Surf|p2a: Blissey
|-damage|p2a: Blissey|79/100
|
|-weather|Sandstorm|[upkeep]
|-damage|p1a: Suicune|82/100|[from] Sandstorm
|-damage|p2a: Blissey|72/100|[from] Sandstorm
|-heal|p1a: Suicune|88/100|[from] item: Leftovers
|-heal|p2a: Blissey|79/100|[from] item: Leftovers
|upkeep
|turn|13
|
|t:|1728583382
|move|p1a: Suicune|Ice Beam|p2a: Blissey
|-crit|p2a: Blissey
|-damage|p2a: Blissey|47/100
|move|p2a: Blissey|Seismic Toss|p1a: Suicune
|-damage|p1a: Suicune|61/100
|
|-weather|Sandstorm|[upkeep]
|-damage|p1a: Suicune|55/100|[from] Sandstorm
|-damage|p2a: Blissey|41/100|[from] Sandstorm
|-heal|p1a: Suicune|61/100|[from] item: Leftovers
|-heal|p2a: Blissey|47/100|[from] item: Leftovers
|upkeep
|turn|14
|
|t:|1728583394
|move|p1a: Suicune|Ice Beam|p2a: Blissey
|-damage|p2a: Blissey|31/100
|move|p2a: Blissey|Soft-Boiled|p2a: Blissey
|-heal|p2a: Blissey|81/100
|
|-weather|Sandstorm|[upkeep]
|-damage|p1a: Suicune|55/100|[from] Sandstorm
|-damage|p2a: Blissey|75/100|[from] Sandstorm
|-heal|p1a: Suicune|61/100|[from] item: Leftovers
|-heal|p2a: Blissey|81/100|[from] item: Leftovers
|upkeep
|turn|15
|
|t:|1728583399
|move|p1a: Suicune|Ice Beam|p2a: Blissey
|-damage|p2a: Blissey|66/100
|move|p2a: Blissey|Seismic Toss|p1a: Suicune
|-damage|p1a: Suicune|34/100
|
|-weather|Sandstorm|[upkeep]
|-damage|p1a: Suicune|28/100|[from] Sandstorm
|-damage|p2a: Blissey|60/100|[from] Sandstorm
|-heal|p1a: Suicune|34/100|[from] item: Leftovers
|-heal|p2a: Blissey|66/100|[from] item: Leftovers
|upkeep
|turn|16
|
|t:|1728583402
|move|p1a: Suicune|Ice Beam|p2a: Blissey
|-damage|p2a: Blissey|49/100
|move|p2a: Blissey|Wish|p2a: Blissey
|
|-weather|Sandstorm|[upkeep]
|-damage|p1a: Suicune|28/100|[from] Sandstorm
|-damage|p2a: Blissey|43/100|[from] Sandstorm
|-heal|p1a: Suicune|34/100|[from] item: Leftovers
|-heal|p2a: Blissey|49/100|[from] item: Leftovers
|upkeep
|turn|17
|
|t:|1728583406
|move|p1a: Suicune|Ice Beam|p2a: Blissey
|-damage|p2a: Blissey|32/100
|move|p2a: Blissey|Seismic Toss|p1a: Suicune
|-damage|p1a: Suicune|6/100
|
|-heal|p2a: Blissey|82/100|[from] move: Wish|[wisher] Blissey
|-weather|Sandstorm|[upkeep]
|-damage|p1a: Suicune|0 fnt|[from] Sandstorm
|-damage|p2a: Blissey|76/100|[from] Sandstorm
|faint|p1a: Suicune
|-heal|p2a: Blissey|82/100|[from] item: Leftovers
|upkeep
|
|t:|1728583415
|switch|p1a: Gengar|Gengar, M|100/100
|turn|18
|
|t:|1728583426
|switch|p2a: Gengar|Gengar, F|100/100
|move|p1a: Gengar|Thunderbolt|p2a: Gengar
|-damage|p2a: Gengar|69/100
|
|-weather|Sandstorm|[upkeep]
|-damage|p1a: Gengar|94/100|[from] Sandstorm
|-damage|p2a: Gengar|63/100|[from] Sandstorm
|-heal|p1a: Gengar|100/100|[from] item: Leftovers
|-heal|p2a: Gengar|69/100|[from] item: Leftovers
|upkeep
|turn|19
|
|t:|1728583434
|move|p1a: Gengar|Thunderbolt|p2a: Gengar
|-damage|p2a: Gengar|38/100
|move|p2a: Gengar|Will-O-Wisp|p1a: Gengar|[miss]
|-miss|p2a: Gengar|p1a: Gengar
|
|-weather|Sandstorm|[upkeep]
|-damage|p1a: Gengar|94/100|[from] Sandstorm
|-damage|p2a: Gengar|32/100|[from] Sandstorm
|-heal|p1a: Gengar|100/100|[from] item: Leftovers
|-heal|p2a: Gengar|38/100|[from] item: Leftovers
|upkeep
|turn|20
|
|t:|1728583444
|switch|p1a: Jirachi|Jirachi|100/100
|-damage|p1a: Jirachi|88/100|[from] Spikes
|move|p2a: Gengar|Will-O-Wisp|p1a: Jirachi
|-status|p1a: Jirachi|brn
|
|-weather|Sandstorm|[upkeep]
|-damage|p2a: Gengar|32/100|[from] Sandstorm
|-heal|p1a: Jirachi|94/100 brn|[from] item: Leftovers
|-heal|p2a: Gengar|38/100|[from] item: Leftovers
|-damage|p1a: Jirachi|82/100 brn|[from] brn
|upkeep
|turn|21
|
|t:|1728583449
|switch|p2a: Swampert|Swampert, F|100/100
|move|p1a: Jirachi|Psychic|p2a: Swampert
|-damage|p2a: Swampert|65/100
|
|-weather|Sandstorm|[upkeep]
|-heal|p1a: Jirachi|88/100 brn|[from] item: Leftovers
|-damage|p1a: Jirachi|75/100 brn|[from] brn
|-heal|p2a: Swampert|71/100|[from] item: Leftovers
|upkeep
|turn|22
|
|t:|1728583456
|move|p2a: Swampert|Protect|p2a: Swampert
|-singleturn|p2a: Swampert|Protect
|move|p1a: Jirachi|Hidden Power|p2a: Swampert
|-activate|p2a: Swampert|Protect
|
|-weather|Sandstorm|[upkeep]
|-heal|p1a: Jirachi|81/100 brn|[from] item: Leftovers
|-damage|p1a: Jirachi|69/100 brn|[from] brn
|-heal|p2a: Swampert|77/100|[from] item: Leftovers
|upkeep
|turn|23
|
|t:|1728583466
|switch|p1a: Gengar|Gengar, M|100/100
|switch|p2a: Blissey|Blissey, F|82/100
|
|-weather|Sandstorm|[upkeep]
|-damage|p1a: Gengar|94/100|[from] Sandstorm
|-damage|p2a: Blissey|76/100|[from] Sandstorm
|-heal|p1a: Gengar|100/100|[from] item: Leftovers
|-heal|p2a: Blissey|82/100|[from] item: Leftovers
|upkeep
|turn|24
|inactive|Big Chungus irl has 270 seconds left.
|
|t:|1728583501
|switch|p2a: Swampert|Swampert, F|77/100
|move|p1a: Gengar|Ice Punch|p2a: Swampert
|-damage|p2a: Swampert|58/100
|
|-weather|Sandstorm|[upkeep]
|-damage|p1a: Gengar|94/100|[from] Sandstorm
|-heal|p1a: Gengar|100/100|[from] item: Leftovers
|-heal|p2a: Swampert|64/100|[from] item: Leftovers
|upkeep
|turn|25
|inactive|Big Chungus irl has 270 seconds left.
|
|t:|1728583518
|switch|p1a: Celebi|Celebi|35/100
|-damage|p1a: Celebi|23/100|[from] Spikes
|move|p2a: Swampert|Earthquake|p1a: Celebi
|-resisted|p1a: Celebi
|-damage|p1a: Celebi|9/100
|
|-weather|Sandstorm|[upkeep]
|-damage|p1a: Celebi|3/100|[from] Sandstorm
|-heal|p1a: Celebi|9/100|[from] item: Leftovers
|-heal|p2a: Swampert|71/100|[from] item: Leftovers
|upkeep
|turn|26
|
|t:|1728583529
|switch|p2a: Blissey|Blissey, F|82/100
|move|p1a: Celebi|Calm Mind|p1a: Celebi
|-boost|p1a: Celebi|spa|1
|-boost|p1a: Celebi|spd|1
|
|-weather|Sandstorm|[upkeep]
|-damage|p1a: Celebi|3/100|[from] Sandstorm
|-damage|p2a: Blissey|76/100|[from] Sandstorm
|-heal|p1a: Celebi|9/100|[from] item: Leftovers
|-heal|p2a: Blissey|82/100|[from] item: Leftovers
|upkeep
|turn|27
|
|t:|1728583543
|move|p1a: Celebi|Baton Pass|p1a: Celebi
|
|t:|1728583546
|switch|p1a: Gengar|Gengar, M|100/100|[from] Baton Pass
|move|p2a: Blissey|Wish|p2a: Blissey
|
|-weather|Sandstorm|[upkeep]
|-damage|p1a: Gengar|94/100|[from] Sandstorm
|-damage|p2a: Blissey|76/100|[from] Sandstorm
|-heal|p1a: Gengar|100/100|[from] item: Leftovers
|-heal|p2a: Blissey|82/100|[from] item: Leftovers
|upkeep
|turn|28
|
|t:|1728583559
|move|p1a: Gengar|Ice Punch|p2a: Blissey
|-crit|p2a: Blissey
|-damage|p2a: Blissey|57/100
|move|p2a: Blissey|Ice Beam|p1a: Gengar
|-damage|p1a: Gengar|79/100
|
|-heal|p2a: Blissey|100/100|[from] move: Wish|[wisher] Blissey
|-weather|Sandstorm|[upkeep]
|-damage|p1a: Gengar|73/100|[from] Sandstorm
|-damage|p2a: Blissey|94/100|[from] Sandstorm
|-heal|p1a: Gengar|79/100|[from] item: Leftovers
|-heal|p2a: Blissey|100/100|[from] item: Leftovers
|upkeep
|turn|29
|
|t:|1728583569
|switch|p2a: Forretress|Forretress, F|41/100
|move|p1a: Gengar|Ice Punch|p2a: Forretress
|-resisted|p2a: Forretress
|-damage|p2a: Forretress|26/100
|-status|p2a: Forretress|frz
|
|-weather|Sandstorm|[upkeep]
|-damage|p1a: Gengar|73/100|[from] Sandstorm
|-heal|p1a: Gengar|79/100|[from] item: Leftovers
|-heal|p2a: Forretress|32/100 frz|[from] item: Leftovers
|upkeep
|turn|30
|
|t:|1728583581
|switch|p2a: Swampert|Swampert, F|71/100
|move|p1a: Gengar|Thunderbolt|p2a: Swampert
|-immune|p2a: Swampert
|
|-weather|Sandstorm|[upkeep]
|-damage|p1a: Gengar|73/100|[from] Sandstorm
|-heal|p1a: Gengar|79/100|[from] item: Leftovers
|-heal|p2a: Swampert|77/100|[from] item: Leftovers
|upkeep
|turn|31
|
|t:|1728583590
|move|p2a: Swampert|Protect|p2a: Swampert
|-singleturn|p2a: Swampert|Protect
|move|p1a: Gengar|Ice Punch|p2a: Swampert
|-activate|p2a: Swampert|Protect
|
|-weather|Sandstorm|[upkeep]
|-damage|p1a: Gengar|73/100|[from] Sandstorm
|-heal|p1a: Gengar|79/100|[from] item: Leftovers
|-heal|p2a: Swampert|83/100|[from] item: Leftovers
|upkeep
|turn|32
|
|t:|1728583606
|switch|p1a: Celebi|Celebi|9/100
|-damage|p1a: Celebi|0 fnt|[from] Spikes
|faint|p1a: Celebi
|
|t:|1728583612
|switch|p1a: Zapdos|Zapdos|51/100
|
|-weather|Sandstorm|[upkeep]
|-damage|p1a: Zapdos|45/100|[from] Sandstorm
|-heal|p1a: Zapdos|51/100|[from] item: Leftovers
|-heal|p2a: Swampert|89/100|[from] item: Leftovers
|upkeep
|turn|33
|
|t:|1728583623
|switch|p2a: Blissey|Blissey, F|100/100
|move|p1a: Zapdos|Hidden Power|p2a: Blissey
|-damage|p2a: Blissey|90/100
|
|-weather|Sandstorm|[upkeep]
|-damage|p1a: Zapdos|45/100|[from] Sandstorm
|-damage|p2a: Blissey|84/100|[from] Sandstorm
|-heal|p1a: Zapdos|51/100|[from] item: Leftovers
|-heal|p2a: Blissey|90/100|[from] item: Leftovers
|upkeep
|turn|34
|
|t:|1728583631
|switch|p1a: Jirachi|Jirachi|69/100 brn
|-damage|p1a: Jirachi|56/100 brn|[from] Spikes
|move|p2a: Blissey|Ice Beam|p1a: Jirachi
|-resisted|p1a: Jirachi
|-damage|p1a: Jirachi|46/100 brn
|
|-weather|Sandstorm|[upkeep]
|-damage|p2a: Blissey|84/100|[from] Sandstorm
|-heal|p1a: Jirachi|52/100 brn|[from] item: Leftovers
|-damage|p1a: Jirachi|39/100 brn|[from] brn
|-heal|p2a: Blissey|90/100|[from] item: Leftovers
|upkeep
|turn|35
|
|t:|1728583636
|switch|p2a: Swampert|Swampert, F|89/100
|move|p1a: Jirachi|Calm Mind|p1a: Jirachi
|-boost|p1a: Jirachi|spa|1
|-boost|p1a: Jirachi|spd|1
|
|-weather|Sandstorm|[upkeep]
|-heal|p1a: Jirachi|45/100 brn|[from] item: Leftovers
|-damage|p1a: Jirachi|33/100 brn|[from] brn
|-heal|p2a: Swampert|95/100|[from] item: Leftovers
|upkeep
|turn|36
|
|t:|1728583643
|move|p2a: Swampert|Protect|p2a: Swampert
|-singleturn|p2a: Swampert|Protect
|move|p1a: Jirachi|Hidden Power|p2a: Swampert
|-activate|p2a: Swampert|Protect
|
|-weather|Sandstorm|[upkeep]
|-heal|p1a: Jirachi|39/100 brn|[from] item: Leftovers
|-damage|p1a: Jirachi|27/100 brn|[from] brn
|-heal|p2a: Swampert|100/100|[from] item: Leftovers
|upkeep
|turn|37
|
|t:|1728583653
|switch|p2a: Blissey|Blissey, F|90/100
|move|p1a: Jirachi|Psychic|p2a: Blissey
|-damage|p2a: Blissey|65/100
|-unboost|p2a: Blissey|spd|1
|
|-weather|Sandstorm|[upkeep]
|-damage|p2a: Blissey|59/100|[from] Sandstorm
|-heal|p1a: Jirachi|33/100 brn|[from] item: Leftovers
|-damage|p1a: Jirachi|20/100 brn|[from] brn
|-heal|p2a: Blissey|65/100|[from] item: Leftovers
|upkeep
|turn|38
|
|t:|1728583658
|move|p1a: Jirachi|Psychic|p2a: Blissey
|-damage|p2a: Blissey|30/100
|-unboost|p2a: Blissey|spd|1
|move|p2a: Blissey|Soft-Boiled|p2a: Blissey
|-heal|p2a: Blissey|80/100
|
|-weather|Sandstorm|[upkeep]
|-damage|p2a: Blissey|74/100|[from] Sandstorm
|-heal|p1a: Jirachi|26/100 brn|[from] item: Leftovers
|-damage|p1a: Jirachi|14/100 brn|[from] brn
|-heal|p2a: Blissey|80/100|[from] item: Leftovers
|upkeep
|turn|39
|
|t:|1728583663
|move|p1a: Jirachi|Psychic|p2a: Blissey
|-damage|p2a: Blissey|32/100
|move|p2a: Blissey|Soft-Boiled|p2a: Blissey
|-heal|p2a: Blissey|82/100
|
|-weather|Sandstorm|[upkeep]
|-damage|p2a: Blissey|75/100|[from] Sandstorm
|-heal|p1a: Jirachi|20/100 brn|[from] item: Leftovers
|-damage|p1a: Jirachi|7/100 brn|[from] brn
|-heal|p2a: Blissey|82/100|[from] item: Leftovers
|upkeep
|turn|40
|
|t:|1728583670
|switch|p2a: Forretress|Forretress, F|32/100 frz
|move|p1a: Jirachi|Psychic|p2a: Forretress
|-resisted|p2a: Forretress
|-damage|p2a: Forretress|5/100 frz
|
|-weather|Sandstorm|[upkeep]
|-heal|p1a: Jirachi|14/100 brn|[from] item: Leftovers
|-damage|p1a: Jirachi|1/100 brn|[from] brn
|-heal|p2a: Forretress|12/100 frz|[from] item: Leftovers
|upkeep
|turn|41
|
|t:|1728583677
|move|p1a: Jirachi|Psychic|p2a: Forretress
|-resisted|p2a: Forretress
|-damage|p2a: Forretress|0 fnt
|faint|p2a: Forretress
|
|t:|1728583692
|switch|p2a: Gengar|Gengar, F|38/100
|
|-weather|Sandstorm|[upkeep]
|-damage|p2a: Gengar|32/100|[from] Sandstorm
|-heal|p2a: Gengar|38/100|[from] item: Leftovers
|-heal|p1a: Jirachi|7/100 brn|[from] item: Leftovers
|-damage|p1a: Jirachi|0 fnt|[from] brn
|faint|p1a: Jirachi
|upkeep
|
|t:|1728583706
|switch|p1a: Zapdos|Zapdos|51/100
|turn|42
|
|t:|1728583719
|switch|p2a: Blissey|Blissey, F|82/100
|move|p1a: Zapdos|Thunderbolt|p2a: Blissey
|-damage|p2a: Blissey|61/100
|
|-weather|Sandstorm|[upkeep]
|-damage|p1a: Zapdos|45/100|[from] Sandstorm
|-damage|p2a: Blissey|54/100|[from] Sandstorm
|-heal|p1a: Zapdos|51/100|[from] item: Leftovers
|-heal|p2a: Blissey|61/100|[from] item: Leftovers
|upkeep
|turn|43
|
|t:|1728583724
|move|p1a: Zapdos|Thunderbolt|p2a: Blissey
|-damage|p2a: Blissey|41/100
|move|p2a: Blissey|Soft-Boiled|p2a: Blissey
|-heal|p2a: Blissey|91/100
|
|-weather|Sandstorm|[upkeep]
|-damage|p1a: Zapdos|45/100|[from] Sandstorm
|-damage|p2a: Blissey|85/100|[from] Sandstorm
|-heal|p1a: Zapdos|51/100|[from] item: Leftovers
|-heal|p2a: Blissey|91/100|[from] item: Leftovers
|upkeep
|turn|44
|
|t:|1728583727
|move|p1a: Zapdos|Thunderbolt|p2a: Blissey
|-damage|p2a: Blissey|73/100
|move|p2a: Blissey|Wish|p2a: Blissey
|
|-weather|Sandstorm|[upkeep]
|-damage|p1a: Zapdos|45/100|[from] Sandstorm
|-damage|p2a: Blissey|67/100|[from] Sandstorm
|-heal|p1a: Zapdos|51/100|[from] item: Leftovers
|-heal|p2a: Blissey|73/100|[from] item: Leftovers
|upkeep
|turn|45
|
|t:|1728583731
|move|p1a: Zapdos|Baton Pass|p1a: Zapdos
|
|t:|1728583732
|switch|p1a: Gengar|Gengar, M|79/100|[from] Baton Pass
|move|p2a: Blissey|Soft-Boiled|p2a: Blissey
|-heal|p2a: Blissey|100/100
|
|-weather|Sandstorm|[upkeep]
|-damage|p1a: Gengar|73/100|[from] Sandstorm
|-damage|p2a: Blissey|94/100|[from] Sandstorm
|-heal|p1a: Gengar|79/100|[from] item: Leftovers
|-heal|p2a: Blissey|100/100|[from] item: Leftovers
|upkeep
|turn|46
|
|t:|1728583737
|move|p1a: Gengar|Ice Punch|p2a: Blissey
|-damage|p2a: Blissey|92/100
|-status|p2a: Blissey|frz
|cant|p2a: Blissey|frz
|
|-weather|Sandstorm|[upkeep]
|-damage|p1a: Gengar|73/100|[from] Sandstorm
|-damage|p2a: Blissey|86/100 frz|[from] Sandstorm
|-heal|p1a: Gengar|79/100|[from] item: Leftovers
|-heal|p2a: Blissey|92/100 frz|[from] item: Leftovers
|upkeep
|turn|47
|
|t:|1728583742
|-curestatus|p2a: Blissey|frz|[from] ability: Natural Cure
|switch|p2a: Swampert|Swampert, F|100/100
|move|p1a: Gengar|Ice Punch|p2a: Swampert
|-damage|p2a: Swampert|79/100
|-status|p2a: Swampert|frz
|
|-weather|Sandstorm|[upkeep]
|-damage|p1a: Gengar|73/100|[from] Sandstorm
|-heal|p1a: Gengar|79/100|[from] item: Leftovers
|-heal|p2a: Swampert|85/100 frz|[from] item: Leftovers
|upkeep
|turn|48
|
|t:|1728583750
|switch|p2a: Blissey|Blissey, F|92/100
|move|p1a: Gengar|Ice Punch|p2a: Blissey
|-damage|p2a: Blissey|83/100
|
|-weather|Sandstorm|[upkeep]
|-damage|p1a: Gengar|73/100|[from] Sandstorm
|-damage|p2a: Blissey|77/100|[from] Sandstorm
|-heal|p1a: Gengar|79/100|[from] item: Leftovers
|-heal|p2a: Blissey|83/100|[from] item: Leftovers
|upkeep
|turn|49
|
|t:|1728583755
|move|p1a: Gengar|Explosion|p2a: Blissey
|-damage|p2a: Blissey|20/100
|faint|p1a: Gengar
|
|t:|1728583761
|switch|p1a: Zapdos|Zapdos|51/100
|
|-weather|Sandstorm|[upkeep]
|-damage|p1a: Zapdos|45/100|[from] Sandstorm
|-damage|p2a: Blissey|14/100|[from] Sandstorm
|-heal|p1a: Zapdos|51/100|[from] item: Leftovers
|-heal|p2a: Blissey|20/100|[from] item: Leftovers
|upkeep
|turn|50
|
|t:|1728583766
|move|p1a: Zapdos|Thunderbolt|p2a: Blissey
|-damage|p2a: Blissey|0 fnt
|faint|p2a: Blissey
|
|t:|1728583771
|switch|p2a: Gengar|Gengar, F|38/100
|
|-weather|Sandstorm|[upkeep]
|-damage|p2a: Gengar|32/100|[from] Sandstorm
|-damage|p1a: Zapdos|45/100|[from] Sandstorm
|-heal|p2a: Gengar|38/100|[from] item: Leftovers
|-heal|p1a: Zapdos|51/100|[from] item: Leftovers
|upkeep
|turn|51
|
|t:|1728583774
|move|p2a: Gengar|Ice Punch|p1a: Zapdos
|-supereffective|p1a: Zapdos
|-damage|p1a: Zapdos|10/100
|move|p1a: Zapdos|Thunderbolt|p2a: Gengar
|-damage|p2a: Gengar|0 fnt
|faint|p2a: Gengar
|
|t:|1728583778
|switch|p2a: Moltres|Moltres|100/100
|
|-weather|Sandstorm|[upkeep]
|-damage|p2a: Moltres|94/100|[from] Sandstorm
|-damage|p1a: Zapdos|4/100|[from] Sandstorm
|-heal|p2a: Moltres|100/100|[from] item: Leftovers
|-heal|p1a: Zapdos|10/100|[from] item: Leftovers
|upkeep
|turn|52
|
|t:|1728583780
|move|p2a: Moltres|Flamethrower|p1a: Zapdos
|-damage|p1a: Zapdos|0 fnt
|faint|p1a: Zapdos
|
|win|Big Chungus irl
|c|☆UnzipsCrogre|gg
|c|☆Big Chungus irl|gg

</script>
<script type="application/json" class="data" id="replaydata-smogtours-gen3ou-796941">
{"id":"smogtours-gen3ou-796941","format":"[Gen 3] OU","players":["UnzipsCrogre","Big Chungus irl"],"uploadtime":1728583780,"views":96,"formatid":"gen3ou","rating":null,"private":0,"password":null}
</script>

<script defer src="js/replays.js?9d40a366"></script>
