<!DOCTYPE html>
<meta charset="utf-8" />
<meta name="viewport" content="width=device-width" />

<title>[Gen 3] OU: deckline vs. gorditoconbigote - Replays - Pok&eacute;mon Showdown!</title>

<meta name="description" content="Watch a replay of a Pok&eacute;mon battle between deckline and gorditoconbigote! Format: [Gen 3] OU; Date: Oct 9, 2024" />
<!--

Hey, you! Looking in the source for the replay log?

You can find them in JSON format, just add `.json` at the end of a replay URL.

https://replay.pokemonshowdown.com/gen7randomdoublesbattle-865046831.json

Or, if you only need the log itself, add `.log` instead:

https://replay.pokemonshowdown.com/gen7randomdoublesbattle-865046831.log

-->

<link rel="stylesheet" href="//pokemonshowdown.com/style/global.css?0.023195364461161105" />
<link rel="stylesheet" href="//play.pokemonshowdown.com/style/font-awesome.css?0.13261647063804238" />
<link rel="stylesheet" href="//play.pokemonshowdown.com/style/battle.css?0.8753245789963631" />
<link rel="stylesheet" href="//play.pokemonshowdown.com/style/utilichart.css?0.8627959624976733" />

<!-- Global site tag (gtag.js) - Google Analytics -->
<script async src="https://www.googletagmanager.com/gtag/js?id=UA-26211653-1"></script>
<script>
  window.dataLayer = window.dataLayer || [];
  function gtag(){dataLayer.push(arguments);}
  gtag('js', new Date());

  gtag('config', 'UA-26211653-1');
</script>
<!-- End Google Analytics -->
<!-- Venatus Ad Manager - Install in <HEAD> of page -->
	<script src="https://hb.vntsm.com/v3/live/ad-manager.min.js" type="text/javascript" data-site-id="642aba63ec9a7b11c3c9c1be" data-mode="scan" async></script>
<!-- / Venatus Ad Manager -->

<style>
	@media (max-width:820px) {
		.battle {
			margin: 0 auto;
		}
		.battle-log {
			margin: 7px auto 0;
			max-width: 640px;
			height: 300px;
			position: static;
		}
	}
	.optgroup {
		display: inline-block;
		line-height: 22px;
		font-size: 10pt;
	}
	.optgroup .button {
		height: 25px;
		padding-top: 0;
		padding-bottom: 0;
	}
	.optgroup button.button {
		padding-left: 12px;
		padding-right: 12px;
	}
	.linklist {
		list-style: none;
		margin: 0.5em 0;
		padding: 0;
	}
	.linklist li {
		padding: 2px 0;
	}
	.sidebar {
		float: left;
		width: 320px;
	}
	.bar-wrapper {
		max-width: 1100px;
		margin: 0 auto;
	}
	.bar-wrapper.has-sidebar {
		max-width: 1430px;
	}
	.mainbar {
		margin: 0;
		padding-right: 1px;
	}
	.mainbar.has-sidebar {
		margin-left: 330px;
	}
	@media (min-width: 1511px) {
		.sidebar {
			width: 400px;
		}
		.bar-wrapper.has-sidebar {
			max-width: 1510px;
		}
		.mainbar.has-sidebar {
			margin-left: 410px;
		}
	}
	.section.first-section {
		margin-top: 9px;
	}
	.blocklink small {
		white-space: normal;
	}
	.button {
		vertical-align: middle;
	}
	.replay-controls {
		padding-top: 10px;
	}
	.replay-controls h1 {
		font-size: 16pt;
		font-weight: normal;
		color: #CCC;
	}
	.pagelink {
		text-align: center;
	}
	.pagelink a {
		width: 150px;
	}
	.textbox, .button {
		font-size: 11pt;
		vertical-align: middle;
	}
	@media (max-width: 450px) {
		.button {
			font-size: 9pt;
		}
	}
</style>

<div>

	<header>
		<div class="nav-wrapper"><ul class="nav">
			<li><a class="button nav-first" href="//pokemonshowdown.com/"><img src="//pokemonshowdown.com/images/pokemonshowdownbeta.png" srcset="//pokemonshowdown.com/images/pokemonshowdownbeta.png 1x, //pokemonshowdown.com/images/pokemonshowdownbeta@2x.png 2x" alt="Pok&eacute;mon Showdown" width="146" height="44" /> Home</a></li>
			<li><a class="button" href="//pokemonshowdown.com/dex/">Pok&eacute;dex</a></li>
			<li><a class="button cur" href="/">Replays</a></li>
			<li><a class="button" href="//pokemonshowdown.com/ladder/">Ladder</a></li>
			<li><a class="button nav-last" href="//pokemonshowdown.com/forums/">Forum</a></li>
			<li><a class="button greenbutton nav-first nav-last" href="//play.pokemonshowdown.com/">Play</a></li>
		</ul></div>
	</header>

	<div class="main" id="main">

		<noscript><section class="section">You need to enable JavaScript to use this page; sorry!</section></noscript>

	</div>

</div>

<script defer nomodule src="//play.pokemonshowdown.com/js/lib/ps-polyfill.js"></script>
<script defer src="//play.pokemonshowdown.com/js/lib/preact.min.js"></script>

<script defer src="//play.pokemonshowdown.com/config/config.js?2bddbc15"></script>
<script defer src="//play.pokemonshowdown.com/js/lib/jquery-1.11.0.min.js"></script>
<script defer src="//play.pokemonshowdown.com/js/lib/html-sanitizer-minified.js"></script>
<script defer src="//play.pokemonshowdown.com/js/battle-sound.js"></script>
<script defer src="//play.pokemonshowdown.com/js/battledata.js?0.7209276989879541"></script>
<script defer src="//play.pokemonshowdown.com/data/pokedex-mini.js?0.6111056340867951"></script>
<script defer src="//play.pokemonshowdown.com/data/pokedex-mini-bw.js?0.3532142036491459"></script>
<script defer src="//play.pokemonshowdown.com/data/graphics.js?0.24223875632456182"></script>
<script defer src="//play.pokemonshowdown.com/data/pokedex.js?0.38839984266356864"></script>
<script defer src="//play.pokemonshowdown.com/data/moves.js?0.21866028504024015"></script>
<script defer src="//play.pokemonshowdown.com/data/abilities.js?0.2005157953846628"></script>
<script defer src="//play.pokemonshowdown.com/data/items.js?0.9894211263848525"></script>
<script defer src="//play.pokemonshowdown.com/data/teambuilder-tables.js?0.6008791140282215"></script>
<script defer src="//play.pokemonshowdown.com/js/battle-tooltips.js?0.7580118955022959"></script>
<script defer src="//play.pokemonshowdown.com/js/battle.js?0.6057722274234274"></script>

<script defer src="js/utils.js?e31f9a17"></script>
<script defer src="js/replays-battle.js?7008c182"></script>

<!-- don't scrape this data! just add .json or .log after the URL!
Full API docs: https://github.com/smogon/pokemon-showdown-client/blob/master/WEB-API.md -->
<script type="text/plain" class="log" id="replaylog-smogtours-gen3ou-796662">
|inactive|Battle timer is ON: inactive players will automatically lose when time's up.
|t:|1728493173
|gametype|singles
|player|p1|deckline|#wcop2024france2|
|player|p2|gorditoconbigote|1|
|teamsize|p1|6
|teamsize|p2|6
|gen|3
|tier|[Gen 3] OU
|rule|Sleep Clause Mod: Limit one foe put to sleep
|rule|Switch Priority Clause Mod: Faster Pokémon switch first
|rule|Species Clause: Limit one of each Pokémon
|rule|OHKO Clause: OHKO moves are banned
|rule|Evasion Items Clause: Evasion items are banned
|rule|Evasion Moves Clause: Evasion moves are banned
|rule|Endless Battle Clause: Forcing endless battles is banned
|rule|HP Percentage Mod: HP is shown in percentages
|rule|One Boost Passer Clause: Limit one Baton Passer that has a way to boost its stats
|rule|Freeze Clause Mod: Limit one foe frozen
|
|t:|1728493173
|start
|switch|p1a: Tyranitar|Tyranitar, F|100/100
|switch|p2a: Zapdos|Zapdos|100/100
|-weather|Sandstorm|[from] ability: Sand Stream|[of] p1a: Tyranitar
|turn|1
|inactive|deckline also wants the timer to be on.
|c|☆deckline|hf
|c|☆gorditoconbigote|glhf!
|
|t:|1728493194
|-singleturn|p1a: Tyranitar|move: Focus Punch
|switch|p2a: Suicune|Suicune|100/100
|move|p1a: Tyranitar|Focus Punch|p2a: Suicune
|-damage|p2a: Suicune|70/100
|
|-weather|Sandstorm|[upkeep]
|-damage|p2a: Suicune|64/100|[from] Sandstorm
|-heal|p2a: Suicune|70/100|[from] item: Leftovers
|upkeep
|turn|2
|
|t:|1728493201
|switch|p1a: Milotic|Milotic, M|100/100
|move|p2a: Suicune|Surf|p1a: Milotic
|-resisted|p1a: Milotic
|-crit|p1a: Milotic
|-damage|p1a: Milotic|79/100
|
|-weather|Sandstorm|[upkeep]
|-damage|p2a: Suicune|64/100|[from] Sandstorm
|-damage|p1a: Milotic|73/100|[from] Sandstorm
|-heal|p1a: Milotic|79/100|[from] item: Leftovers
|-heal|p2a: Suicune|70/100|[from] item: Leftovers
|upkeep
|turn|3
|
|t:|1728493213
|switch|p2a: Skarmory|Skarmory, M|100/100
|move|p1a: Milotic|Toxic|p2a: Skarmory
|-immune|p2a: Skarmory
|
|-weather|Sandstorm|[upkeep]
|-damage|p1a: Milotic|73/100|[from] Sandstorm
|-heal|p1a: Milotic|79/100|[from] item: Leftovers
|upkeep
|turn|4
|
|t:|1728493219
|switch|p1a: Forretress|Forretress, F|100/100
|move|p2a: Skarmory|Spikes|p1a: Forretress
|-sidestart|p1: deckline|Spikes
|
|-weather|Sandstorm|[upkeep]
|upkeep
|turn|5
|
|t:|1728493228
|switch|p2a: Jirachi|Jirachi|100/100
|move|p1a: Forretress|Zap Cannon|p2a: Jirachi|[miss]
|-miss|p1a: Forretress|p2a: Jirachi
|
|-weather|Sandstorm|[upkeep]
|upkeep
|turn|6
|
|t:|1728493245
|switch|p1a: Milotic|Milotic, M|79/100
|-damage|p1a: Milotic|66/100|[from] Spikes
|move|p2a: Jirachi|Toxic|p1a: Milotic
|-status|p1a: Milotic|tox
|
|-weather|Sandstorm|[upkeep]
|-damage|p1a: Milotic|60/100 tox|[from] Sandstorm
|-heal|p1a: Milotic|66/100 tox|[from] item: Leftovers
|-damage|p1a: Milotic|60/100 tox|[from] psn
|upkeep
|turn|7
|
|t:|1728493251
|switch|p2a: Zapdos|Zapdos|100/100
|move|p1a: Milotic|Recover|p1a: Milotic
|-heal|p1a: Milotic|100/100 tox
|
|-weather|Sandstorm|[upkeep]
|-damage|p2a: Zapdos|94/100|[from] Sandstorm
|-damage|p1a: Milotic|94/100 tox|[from] Sandstorm
|-heal|p2a: Zapdos|100/100|[from] item: Leftovers
|-heal|p1a: Milotic|100/100 tox|[from] item: Leftovers
|-damage|p1a: Milotic|88/100 tox|[from] psn
|upkeep
|turn|8
|
|t:|1728493255
|switch|p1a: Claydol|Claydol|100/100
|move|p2a: Zapdos|Thunderbolt|p1a: Claydol
|-immune|p1a: Claydol
|
|-weather|Sandstorm|[upkeep]
|-damage|p2a: Zapdos|94/100|[from] Sandstorm
|-heal|p2a: Zapdos|100/100|[from] item: Leftovers
|upkeep
|turn|9
|
|t:|1728493261
|move|p2a: Zapdos|Toxic|p1a: Claydol
|-status|p1a: Claydol|tox
|move|p1a: Claydol|Rapid Spin|p2a: Zapdos
|-damage|p2a: Zapdos|97/100
|-sideend|p1: deckline|Spikes|[from] move: Rapid Spin|[of] p1a: Claydol
|
|-weather|Sandstorm|[upkeep]
|-damage|p2a: Zapdos|91/100|[from] Sandstorm
|-heal|p2a: Zapdos|97/100|[from] item: Leftovers
|-damage|p1a: Claydol|94/100 tox|[from] psn
|upkeep
|turn|10
|
|t:|1728493267
|switch|p2a: Skarmory|Skarmory, M|100/100
|switch|p1a: Forretress|Forretress, F|100/100
|
|-weather|Sandstorm|[upkeep]
|upkeep
|turn|11
|
|t:|1728493275
|move|p2a: Skarmory|Spikes|p1a: Forretress
|-sidestart|p1: deckline|Spikes
|move|p1a: Forretress|Zap Cannon|p2a: Skarmory
|-supereffective|p2a: Skarmory
|-damage|p2a: Skarmory|72/100
|-status|p2a: Skarmory|par
|
|-weather|Sandstorm|[upkeep]
|-heal|p2a: Skarmory|78/100 par|[from] item: Leftovers
|upkeep
|turn|12
|
|t:|1728493280
|move|p1a: Forretress|Spikes|p2a: Skarmory
|-sidestart|p2: gorditoconbigote|Spikes
|move|p2a: Skarmory|Roar|p1a: Forretress
|drag|p1a: Claydol|Claydol|94/100 tox
|
|-weather|Sandstorm|[upkeep]
|-heal|p1a: Claydol|100/100 tox|[from] item: Leftovers
|-damage|p1a: Claydol|94/100 tox|[from] psn
|-heal|p2a: Skarmory|84/100 par|[from] item: Leftovers
|upkeep
|turn|13
|
|t:|1728493285
|move|p2a: Skarmory|Protect|p2a: Skarmory
|-singleturn|p2a: Skarmory|Protect
|move|p1a: Claydol|Rapid Spin|p2a: Skarmory
|-activate|p2a: Skarmory|Protect
|
|-weather|Sandstorm|[upkeep]
|-heal|p1a: Claydol|100/100 tox|[from] item: Leftovers
|-damage|p1a: Claydol|88/100 tox|[from] psn
|-heal|p2a: Skarmory|90/100 par|[from] item: Leftovers
|upkeep
|turn|14
|
|t:|1728493291
|switch|p1a: Forretress|Forretress, F|100/100
|-damage|p1a: Forretress|88/100|[from] Spikes
|move|p2a: Skarmory|Spikes|p1a: Forretress
|-sidestart|p1: deckline|Spikes
|
|-weather|Sandstorm|[upkeep]
|-heal|p1a: Forretress|94/100|[from] item: Leftovers
|-heal|p2a: Skarmory|96/100 par|[from] item: Leftovers
|upkeep
|turn|15
|
|t:|1728493298
|move|p1a: Forretress|Spikes|p2a: Skarmory
|-sidestart|p2: gorditoconbigote|Spikes
|move|p2a: Skarmory|Spikes|p1a: Forretress
|-sidestart|p1: deckline|Spikes
|
|-weather|Sandstorm|[upkeep]
|-heal|p1a: Forretress|100/100|[from] item: Leftovers
|-heal|p2a: Skarmory|100/100 par|[from] item: Leftovers
|upkeep
|turn|16
|
|t:|1728493302
|move|p1a: Forretress|Spikes|p2a: Skarmory
|-sidestart|p2: gorditoconbigote|Spikes
|move|p2a: Skarmory|Roar|p1a: Forretress
|drag|p1a: Salamence|Salamence, F|100/100
|-ability|p1a: Salamence|Intimidate|boost
|-unboost|p2a: Skarmory|atk|1
|
|-weather|Sandstorm|[upkeep]
|-damage|p1a: Salamence|94/100|[from] Sandstorm
|-heal|p1a: Salamence|100/100|[from] item: Leftovers
|upkeep
|turn|17
|
|t:|1728493315
|move|p1a: Salamence|Rock Slide|p2a: Skarmory
|-damage|p2a: Skarmory|77/100 par
|cant|p2a: Skarmory|flinch
|
|-weather|Sandstorm|[upkeep]
|-damage|p1a: Salamence|94/100|[from] Sandstorm
|-heal|p1a: Salamence|100/100|[from] item: Leftovers
|-heal|p2a: Skarmory|83/100 par|[from] item: Leftovers
|upkeep
|turn|18
|
|t:|1728493321
|switch|p1a: Claydol|Claydol|88/100 tox
|move|p2a: Skarmory|Toxic|p1a: Claydol|[miss]
|-miss|p2a: Skarmory|p1a: Claydol
|
|-weather|Sandstorm|[upkeep]
|-heal|p1a: Claydol|94/100 tox|[from] item: Leftovers
|-damage|p1a: Claydol|88/100 tox|[from] psn
|-heal|p2a: Skarmory|89/100 par|[from] item: Leftovers
|upkeep
|turn|19
|
|t:|1728493326
|move|p2a: Skarmory|Protect|p2a: Skarmory
|-singleturn|p2a: Skarmory|Protect
|move|p1a: Claydol|Rapid Spin|p2a: Skarmory
|-activate|p2a: Skarmory|Protect
|
|-weather|Sandstorm|[upkeep]
|-heal|p1a: Claydol|94/100 tox|[from] item: Leftovers
|-damage|p1a: Claydol|82/100 tox|[from] psn
|-heal|p2a: Skarmory|95/100 par|[from] item: Leftovers
|upkeep
|turn|20
|
|t:|1728493331
|move|p1a: Claydol|Rapid Spin|p2a: Skarmory
|-resisted|p2a: Skarmory
|-damage|p2a: Skarmory|93/100 par
|-sideend|p1: deckline|Spikes|[from] move: Rapid Spin|[of] p1a: Claydol
|move|p2a: Skarmory|Spikes|p1a: Claydol
|-sidestart|p1: deckline|Spikes
|
|-weather|Sandstorm|[upkeep]
|-heal|p1a: Claydol|88/100 tox|[from] item: Leftovers
|-damage|p1a: Claydol|70/100 tox|[from] psn
|-heal|p2a: Skarmory|99/100 par|[from] item: Leftovers
|upkeep
|turn|21
|
|t:|1728493336
|switch|p1a: Milotic|Milotic, M|88/100 tox
|-damage|p1a: Milotic|76/100 tox|[from] Spikes
|move|p2a: Skarmory|Roar|p1a: Milotic
|drag|p1a: Claydol|Claydol|70/100 tox
|
|-weather|Sandstorm|[upkeep]
|-heal|p1a: Claydol|76/100 tox|[from] item: Leftovers
|-damage|p1a: Claydol|70/100 tox|[from] psn
|-heal|p2a: Skarmory|100/100 par|[from] item: Leftovers
|upkeep
|turn|22
|
|t:|1728493347
|switch|p1a: Milotic|Milotic, M|76/100 tox
|-damage|p1a: Milotic|63/100 tox|[from] Spikes
|move|p2a: Skarmory|Spikes|p1a: Milotic
|-sidestart|p1: deckline|Spikes
|
|-weather|Sandstorm|[upkeep]
|-damage|p1a: Milotic|57/100 tox|[from] Sandstorm
|-heal|p1a: Milotic|63/100 tox|[from] item: Leftovers
|-damage|p1a: Milotic|57/100 tox|[from] psn
|upkeep
|turn|23
|
|t:|1728493354
|switch|p2a: Zapdos|Zapdos|97/100
|move|p1a: Milotic|Refresh|p1a: Milotic
|-curestatus|p1a: Milotic|tox|[msg]
|
|-weather|Sandstorm|[upkeep]
|-damage|p2a: Zapdos|91/100|[from] Sandstorm
|-damage|p1a: Milotic|51/100|[from] Sandstorm
|-heal|p2a: Zapdos|97/100|[from] item: Leftovers
|-heal|p1a: Milotic|57/100|[from] item: Leftovers
|upkeep
|turn|24
|
|t:|1728493360
|switch|p1a: Jirachi|Jirachi|100/100
|-damage|p1a: Jirachi|84/100|[from] Spikes
|move|p2a: Zapdos|Roar|p1a: Jirachi
|drag|p1a: Tyranitar|Tyranitar, F|100/100
|-damage|p1a: Tyranitar|84/100|[from] Spikes
|
|-weather|Sandstorm|[upkeep]
|-damage|p2a: Zapdos|91/100|[from] Sandstorm
|-heal|p2a: Zapdos|97/100|[from] item: Leftovers
|-heal|p1a: Tyranitar|90/100|[from] item: Leftovers
|upkeep
|turn|25
|inactive|gorditoconbigote has 270 seconds left.
|
|t:|1728493400
|move|p2a: Zapdos|Toxic|p1a: Tyranitar
|-status|p1a: Tyranitar|tox
|move|p1a: Tyranitar|Rock Slide|p2a: Zapdos
|-supereffective|p2a: Zapdos
|-damage|p2a: Zapdos|15/100
|
|-weather|Sandstorm|[upkeep]
|-damage|p2a: Zapdos|8/100|[from] Sandstorm
|-heal|p2a: Zapdos|15/100|[from] item: Leftovers
|-heal|p1a: Tyranitar|96/100 tox|[from] item: Leftovers
|-damage|p1a: Tyranitar|90/100 tox|[from] psn
|upkeep
|turn|26
|
|t:|1728493423
|move|p2a: Zapdos|Rest|p2a: Zapdos
|-status|p2a: Zapdos|slp|[from] move: Rest
|-heal|p2a: Zapdos|100/100 slp|[silent]
|move|p1a: Tyranitar|Rock Slide|p2a: Zapdos
|-supereffective|p2a: Zapdos
|-damage|p2a: Zapdos|16/100 slp
|
|-weather|Sandstorm|[upkeep]
|-damage|p2a: Zapdos|10/100 slp|[from] Sandstorm
|-heal|p2a: Zapdos|16/100 slp|[from] item: Leftovers
|-heal|p1a: Tyranitar|96/100 tox|[from] item: Leftovers
|-damage|p1a: Tyranitar|84/100 tox|[from] psn
|upkeep
|turn|27
|
|t:|1728493431
|-singleturn|p1a: Tyranitar|move: Focus Punch
|switch|p2a: Claydol|Claydol|100/100
|move|p1a: Tyranitar|Focus Punch|p2a: Claydol
|-resisted|p2a: Claydol
|-damage|p2a: Claydol|72/100
|
|-weather|Sandstorm|[upkeep]
|-heal|p1a: Tyranitar|90/100 tox|[from] item: Leftovers
|-damage|p1a: Tyranitar|72/100 tox|[from] psn
|-heal|p2a: Claydol|79/100|[from] item: Leftovers
|upkeep
|turn|28
|
|t:|1728493437
|move|p1a: Tyranitar|Hidden Power|p2a: Claydol
|-supereffective|p2a: Claydol
|-damage|p2a: Claydol|26/100
|move|p2a: Claydol|Rapid Spin|p1a: Tyranitar
|-resisted|p1a: Tyranitar
|-damage|p1a: Tyranitar|69/100 tox
|-sideend|p2: gorditoconbigote|Spikes|[from] move: Rapid Spin|[of] p2a: Claydol
|
|-weather|Sandstorm|[upkeep]
|-heal|p1a: Tyranitar|76/100 tox|[from] item: Leftovers
|-damage|p1a: Tyranitar|51/100 tox|[from] psn
|-heal|p2a: Claydol|32/100|[from] item: Leftovers
|upkeep
|turn|29
|inactive|gorditoconbigote has 270 seconds left.
|
|t:|1728493451
|-singleturn|p1a: Tyranitar|move: Focus Punch
|switch|p2a: Skarmory|Skarmory, M|100/100 par
|move|p1a: Tyranitar|Focus Punch|p2a: Skarmory
|-damage|p2a: Skarmory|55/100 par
|
|-weather|Sandstorm|[upkeep]
|-heal|p1a: Tyranitar|57/100 tox|[from] item: Leftovers
|-damage|p1a: Tyranitar|26/100 tox|[from] psn
|-heal|p2a: Skarmory|61/100 par|[from] item: Leftovers
|upkeep
|turn|30
|inactive|gorditoconbigote has 270 seconds left.
|
|t:|1728493461
|switch|p1a: Claydol|Claydol|70/100 tox
|move|p2a: Skarmory|Spikes|p1a: Claydol
|-sidestart|p1: deckline|Spikes
|
|-weather|Sandstorm|[upkeep]
|-heal|p1a: Claydol|76/100 tox|[from] item: Leftovers
|-damage|p1a: Claydol|70/100 tox|[from] psn
|-heal|p2a: Skarmory|67/100 par|[from] item: Leftovers
|upkeep
|turn|31
|
|t:|1728493466
|move|p2a: Skarmory|Protect|p2a: Skarmory
|-singleturn|p2a: Skarmory|Protect
|move|p1a: Claydol|Rapid Spin|p2a: Skarmory
|-activate|p2a: Skarmory|Protect
|
|-weather|Sandstorm|[upkeep]
|-heal|p1a: Claydol|76/100 tox|[from] item: Leftovers
|-damage|p1a: Claydol|63/100 tox|[from] psn
|-heal|p2a: Skarmory|73/100 par|[from] item: Leftovers
|upkeep
|turn|32
|
|t:|1728493472
|move|p1a: Claydol|Rapid Spin|p2a: Skarmory
|-resisted|p2a: Skarmory
|-damage|p2a: Skarmory|72/100 par
|-sideend|p1: deckline|Spikes|[from] move: Rapid Spin|[of] p1a: Claydol
|move|p2a: Skarmory|Spikes|p1a: Claydol
|-sidestart|p1: deckline|Spikes
|
|-weather|Sandstorm|[upkeep]
|-heal|p1a: Claydol|70/100 tox|[from] item: Leftovers
|-damage|p1a: Claydol|51/100 tox|[from] psn
|-heal|p2a: Skarmory|78/100 par|[from] item: Leftovers
|upkeep
|turn|33
|
|t:|1728493476
|switch|p1a: Forretress|Forretress, F|100/100
|-damage|p1a: Forretress|88/100|[from] Spikes
|move|p2a: Skarmory|Spikes|p1a: Forretress
|-sidestart|p1: deckline|Spikes
|
|-weather|Sandstorm|[upkeep]
|-heal|p1a: Forretress|94/100|[from] item: Leftovers
|-heal|p2a: Skarmory|84/100 par|[from] item: Leftovers
|upkeep
|turn|34
|
|t:|1728493481
|move|p1a: Forretress|Spikes|p2a: Skarmory
|-sidestart|p2: gorditoconbigote|Spikes
|move|p2a: Skarmory|Spikes|p1a: Forretress
|-sidestart|p1: deckline|Spikes
|
|-weather|Sandstorm|[upkeep]
|-heal|p1a: Forretress|100/100|[from] item: Leftovers
|-heal|p2a: Skarmory|90/100 par|[from] item: Leftovers
|upkeep
|turn|35
|
|t:|1728493485
|move|p1a: Forretress|Spikes|p2a: Skarmory
|-sidestart|p2: gorditoconbigote|Spikes
|cant|p2a: Skarmory|par
|
|-weather|Sandstorm|[upkeep]
|-heal|p2a: Skarmory|96/100 par|[from] item: Leftovers
|upkeep
|turn|36
|
|t:|1728493489
|move|p1a: Forretress|Spikes|p2a: Skarmory
|-sidestart|p2: gorditoconbigote|Spikes
|move|p2a: Skarmory|Roar|p1a: Forretress
|drag|p1a: Milotic|Milotic, M|57/100
|-damage|p1a: Milotic|32/100|[from] Spikes
|
|-weather|Sandstorm|[upkeep]
|-damage|p1a: Milotic|26/100|[from] Sandstorm
|-heal|p1a: Milotic|32/100|[from] item: Leftovers
|-heal|p2a: Skarmory|100/100 par|[from] item: Leftovers
|upkeep
|turn|37
|
|t:|1728493500
|switch|p2a: Celebi|Celebi|100/100
|-damage|p2a: Celebi|75/100|[from] Spikes
|move|p1a: Milotic|Recover|p1a: Milotic
|-heal|p1a: Milotic|82/100
|
|-weather|Sandstorm|[upkeep]
|-damage|p2a: Celebi|69/100|[from] Sandstorm
|-damage|p1a: Milotic|76/100|[from] Sandstorm
|-heal|p2a: Celebi|75/100|[from] item: Leftovers
|-heal|p1a: Milotic|82/100|[from] item: Leftovers
|upkeep
|turn|38
|
|t:|1728493507
|switch|p1a: Jirachi|Jirachi|84/100
|-damage|p1a: Jirachi|59/100|[from] Spikes
|move|p2a: Celebi|Leech Seed|p1a: Jirachi|[miss]
|-miss|p2a: Celebi|p1a: Jirachi
|
|-weather|Sandstorm|[upkeep]
|-damage|p2a: Celebi|69/100|[from] Sandstorm
|-heal|p1a: Jirachi|65/100|[from] item: Leftovers
|-heal|p2a: Celebi|75/100|[from] item: Leftovers
|upkeep
|turn|39
|
|t:|1728493513
|move|p2a: Celebi|Leech Seed|p1a: Jirachi
|-start|p1a: Jirachi|move: Leech Seed
|move|p1a: Jirachi|Toxic|p2a: Celebi|[miss]
|-miss|p1a: Jirachi|p2a: Celebi
|
|-weather|Sandstorm|[upkeep]
|-damage|p2a: Celebi|69/100|[from] Sandstorm
|-heal|p2a: Celebi|75/100|[from] item: Leftovers
|-heal|p1a: Jirachi|71/100|[from] item: Leftovers
|-damage|p1a: Jirachi|59/100|[from] Leech Seed|[of] p2a: Celebi
|-heal|p2a: Celebi|88/100|[silent]
|upkeep
|turn|40
|
|t:|1728493519
|move|p2a: Celebi|Heal Bell|p2a: Celebi
|-activate|p2a: Celebi|move: Heal Bell
|-curestatus|p2: Zapdos|slp|[silent]
|-curestatus|p2: Skarmory|par|[silent]
|move|p1a: Jirachi|Wish|p1a: Jirachi
|
|-weather|Sandstorm|[upkeep]
|-damage|p2a: Celebi|82/100|[from] Sandstorm
|-heal|p1a: Jirachi|65/100|[from] item: Leftovers
|-heal|p2a: Celebi|88/100|[from] item: Leftovers
|-damage|p1a: Jirachi|53/100|[from] Leech Seed|[of] p2a: Celebi
|-heal|p2a: Celebi|99/100|[silent]
|upkeep
|turn|41
|
|t:|1728493528
|move|p1a: Jirachi|Fire Punch|p2a: Celebi
|-supereffective|p2a: Celebi
|-damage|p2a: Celebi|75/100
|-status|p2a: Celebi|brn
|move|p2a: Celebi|Hidden Power|p1a: Jirachi
|-resisted|p1a: Jirachi
|-damage|p1a: Jirachi|45/100
|
|-heal|p1a: Jirachi|95/100|[from] move: Wish|[wisher] Jirachi
|-weather|Sandstorm|[upkeep]
|-damage|p2a: Celebi|69/100 brn|[from] Sandstorm
|-heal|p1a: Jirachi|100/100|[from] item: Leftovers
|-heal|p2a: Celebi|75/100 brn|[from] item: Leftovers
|-damage|p1a: Jirachi|88/100|[from] Leech Seed|[of] p2a: Celebi
|-heal|p2a: Celebi|87/100 brn|[silent]
|-damage|p2a: Celebi|75/100 brn|[from] brn
|upkeep
|turn|42
|
|t:|1728493538
|-curestatus|p2a: Celebi|brn|[from] ability: Natural Cure
|switch|p2a: Claydol|Claydol|32/100
|move|p1a: Jirachi|Wish|p1a: Jirachi
|
|-weather|Sandstorm|[upkeep]
|-heal|p1a: Jirachi|94/100|[from] item: Leftovers
|-damage|p1a: Jirachi|82/100|[from] Leech Seed|[of] p2a: Claydol
|-heal|p2a: Claydol|47/100|[silent]
|-heal|p2a: Claydol|54/100|[from] item: Leftovers
|upkeep
|turn|43
|
|t:|1728493546
|move|p1a: Jirachi|Toxic|p2a: Claydol
|-status|p2a: Claydol|tox
|move|p2a: Claydol|Rapid Spin|p1a: Jirachi
|-resisted|p1a: Jirachi
|-damage|p1a: Jirachi|80/100
|-sideend|p2: gorditoconbigote|Spikes|[from] move: Rapid Spin|[of] p2a: Claydol
|
|-heal|p1a: Jirachi|100/100|[from] move: Wish|[wisher] Jirachi
|-weather|Sandstorm|[upkeep]
|-damage|p1a: Jirachi|88/100|[from] Leech Seed|[of] p2a: Claydol
|-heal|p2a: Claydol|69/100 tox|[silent]
|-heal|p2a: Claydol|75/100 tox|[from] item: Leftovers
|-damage|p2a: Claydol|69/100 tox|[from] psn
|upkeep
|turn|44
|
|t:|1728493551
|switch|p2a: Celebi|Celebi|75/100
|move|p1a: Jirachi|Fire Punch|p2a: Celebi
|-supereffective|p2a: Celebi
|-damage|p2a: Celebi|47/100
|
|-weather|Sandstorm|[upkeep]
|-damage|p2a: Celebi|41/100|[from] Sandstorm
|-heal|p1a: Jirachi|94/100|[from] item: Leftovers
|-heal|p2a: Celebi|47/100|[from] item: Leftovers
|-damage|p1a: Jirachi|82/100|[from] Leech Seed|[of] p2a: Celebi
|-heal|p2a: Celebi|59/100|[silent]
|upkeep
|turn|45
|
|t:|1728493557
|move|p2a: Celebi|Recover|p2a: Celebi
|-heal|p2a: Celebi|100/100
|move|p1a: Jirachi|Wish|p1a: Jirachi
|
|-weather|Sandstorm|[upkeep]
|-damage|p2a: Celebi|94/100|[from] Sandstorm
|-heal|p2a: Celebi|100/100|[from] item: Leftovers
|-heal|p1a: Jirachi|88/100|[from] item: Leftovers
|-damage|p1a: Jirachi|76/100|[from] Leech Seed|[of] p2a: Celebi
|upkeep
|turn|46
|
|t:|1728493562
|move|p2a: Celebi|Hidden Power|p1a: Jirachi
|-resisted|p1a: Jirachi
|-damage|p1a: Jirachi|67/100
|move|p1a: Jirachi|Fire Punch|p2a: Celebi
|-supereffective|p2a: Celebi
|-damage|p2a: Celebi|72/100
|
|-heal|p1a: Jirachi|100/100|[from] move: Wish|[wisher] Jirachi
|-weather|Sandstorm|[upkeep]
|-damage|p2a: Celebi|66/100|[from] Sandstorm
|-heal|p2a: Celebi|72/100|[from] item: Leftovers
|-damage|p1a: Jirachi|88/100|[from] Leech Seed|[of] p2a: Celebi
|-heal|p2a: Celebi|85/100|[silent]
|upkeep
|turn|47
|
|t:|1728493570
|move|p1a: Jirachi|Wish|p1a: Jirachi
|move|p2a: Celebi|Heal Bell|p2a: Celebi
|-activate|p2a: Celebi|move: Heal Bell
|-curestatus|p2: Claydol|tox|[silent]
|
|-weather|Sandstorm|[upkeep]
|-damage|p2a: Celebi|78/100|[from] Sandstorm
|-heal|p2a: Celebi|85/100|[from] item: Leftovers
|-heal|p1a: Jirachi|94/100|[from] item: Leftovers
|-damage|p1a: Jirachi|82/100|[from] Leech Seed|[of] p2a: Celebi
|-heal|p2a: Celebi|97/100|[silent]
|upkeep
|turn|48
|
|t:|1728493579
|switch|p2a: Skarmory|Skarmory, M|100/100
|switch|p1a: Forretress|Forretress, F|100/100
|-damage|p1a: Forretress|76/100|[from] Spikes
|
|-heal|p1a: Forretress|100/100|[from] move: Wish|[wisher] Jirachi
|-weather|Sandstorm|[upkeep]
|upkeep
|turn|49
|
|t:|1728493589
|move|p1a: Forretress|Zap Cannon|p2a: Skarmory
|-supereffective|p2a: Skarmory
|-damage|p2a: Skarmory|74/100
|-status|p2a: Skarmory|par
|move|p2a: Skarmory|Roar|p1a: Forretress
|drag|p1a: Jirachi|Jirachi|82/100
|-damage|p1a: Jirachi|57/100|[from] Spikes
|
|-weather|Sandstorm|[upkeep]
|-heal|p1a: Jirachi|63/100|[from] item: Leftovers
|-heal|p2a: Skarmory|80/100 par|[from] item: Leftovers
|upkeep
|turn|50
|
|t:|1728493616
|move|p1a: Jirachi|Wish|p1a: Jirachi
|move|p2a: Skarmory|Roar|p1a: Jirachi
|drag|p1a: Tyranitar|Tyranitar, F|26/100 tox
|-damage|p1a: Tyranitar|1/100 tox|[from] Spikes
|
|-weather|Sandstorm|[upkeep]
|-heal|p1a: Tyranitar|7/100 tox|[from] item: Leftovers
|-damage|p1a: Tyranitar|1/100 tox|[from] psn
|-heal|p2a: Skarmory|86/100 par|[from] item: Leftovers
|upkeep
|turn|51
|
|t:|1728493626
|-singleturn|p1a: Tyranitar|move: Focus Punch
|move|p1a: Tyranitar|Focus Punch|p2a: Skarmory
|-damage|p2a: Skarmory|43/100 par
|move|p2a: Skarmory|Roar|p1a: Tyranitar
|drag|p1a: Milotic|Milotic, M|82/100
|-damage|p1a: Milotic|57/100|[from] Spikes
|
|-heal|p1a: Milotic|100/100|[from] move: Wish|[wisher] Jirachi
|-weather|Sandstorm|[upkeep]
|-damage|p1a: Milotic|94/100|[from] Sandstorm
|-heal|p1a: Milotic|100/100|[from] item: Leftovers
|-heal|p2a: Skarmory|49/100 par|[from] item: Leftovers
|upkeep
|turn|52
|
|t:|1728493637
|switch|p2a: Celebi|Celebi|97/100
|move|p1a: Milotic|Toxic|p2a: Celebi
|-status|p2a: Celebi|tox
|
|-weather|Sandstorm|[upkeep]
|-damage|p2a: Celebi|91/100 tox|[from] Sandstorm
|-damage|p1a: Milotic|94/100|[from] Sandstorm
|-heal|p2a: Celebi|97/100 tox|[from] item: Leftovers
|-damage|p2a: Celebi|91/100 tox|[from] psn
|-heal|p1a: Milotic|100/100|[from] item: Leftovers
|upkeep
|turn|53
|
|t:|1728493646
|switch|p1a: Forretress|Forretress, F|100/100
|-damage|p1a: Forretress|76/100|[from] Spikes
|move|p2a: Celebi|Leech Seed|p1a: Forretress
|-start|p1a: Forretress|move: Leech Seed
|
|-weather|Sandstorm|[upkeep]
|-damage|p2a: Celebi|85/100 tox|[from] Sandstorm
|-heal|p2a: Celebi|91/100 tox|[from] item: Leftovers
|-damage|p2a: Celebi|78/100 tox|[from] psn
|-heal|p1a: Forretress|82/100|[from] item: Leftovers
|-damage|p1a: Forretress|69/100|[from] Leech Seed|[of] p2a: Celebi
|-heal|p2a: Celebi|89/100 tox|[silent]
|upkeep
|turn|54
|
|t:|1728493654
|-curestatus|p2a: Celebi|tox|[from] ability: Natural Cure
|switch|p2a: Zapdos|Zapdos|16/100
|move|p1a: Forretress|Spikes|p2a: Zapdos
|-sidestart|p2: gorditoconbigote|Spikes
|
|-weather|Sandstorm|[upkeep]
|-damage|p2a: Zapdos|10/100|[from] Sandstorm
|-heal|p2a: Zapdos|16/100|[from] item: Leftovers
|-heal|p1a: Forretress|76/100|[from] item: Leftovers
|-damage|p1a: Forretress|63/100|[from] Leech Seed|[of] p2a: Zapdos
|-heal|p2a: Zapdos|28/100|[silent]
|upkeep
|turn|55
|
|t:|1728493669
|move|p2a: Zapdos|Rest|p2a: Zapdos
|-status|p2a: Zapdos|slp|[from] move: Rest
|-heal|p2a: Zapdos|100/100 slp|[silent]
|move|p1a: Forretress|Explosion|p2a: Zapdos
|-damage|p2a: Zapdos|0 fnt
|faint|p1a: Forretress
|faint|p2a: Zapdos
|
|t:|1728493686
|switch|p2a: Jirachi|Jirachi|100/100
|switch|p1a: Salamence|Salamence, F|100/100
|-ability|p1a: Salamence|Intimidate|boost
|-unboost|p2a: Jirachi|atk|1
|-damage|p2a: Jirachi|88/100|[from] Spikes
|
|-weather|Sandstorm|[upkeep]
|-damage|p1a: Salamence|94/100|[from] Sandstorm
|-heal|p1a: Salamence|100/100|[from] item: Leftovers
|-heal|p2a: Jirachi|94/100|[from] item: Leftovers
|upkeep
|turn|56
|
|t:|1728493693
|switch|p1a: Milotic|Milotic, M|100/100
|-damage|p1a: Milotic|76/100|[from] Spikes
|move|p2a: Jirachi|Toxic|p1a: Milotic|[miss]
|-miss|p2a: Jirachi|p1a: Milotic
|
|-weather|Sandstorm|[upkeep]
|-damage|p1a: Milotic|69/100|[from] Sandstorm
|-heal|p2a: Jirachi|100/100|[from] item: Leftovers
|-heal|p1a: Milotic|76/100|[from] item: Leftovers
|upkeep
|turn|57
|
|t:|1728493697
|move|p2a: Jirachi|Wish|p2a: Jirachi
|move|p1a: Milotic|Surf|p2a: Jirachi
|-damage|p2a: Jirachi|79/100
|
|-weather|Sandstorm|[upkeep]
|-damage|p1a: Milotic|69/100|[from] Sandstorm
|-heal|p2a: Jirachi|85/100|[from] item: Leftovers
|-heal|p1a: Milotic|76/100|[from] item: Leftovers
|upkeep
|turn|58
|
|t:|1728493707
|switch|p2a: Suicune|Suicune|70/100
|-damage|p2a: Suicune|58/100|[from] Spikes
|move|p1a: Milotic|Surf|p2a: Suicune
|-resisted|p2a: Suicune
|-damage|p2a: Suicune|45/100
|
|-heal|p2a: Suicune|95/100|[from] move: Wish|[wisher] Jirachi
|-weather|Sandstorm|[upkeep]
|-damage|p2a: Suicune|89/100|[from] Sandstorm
|-damage|p1a: Milotic|69/100|[from] Sandstorm
|-heal|p2a: Suicune|95/100|[from] item: Leftovers
|-heal|p1a: Milotic|76/100|[from] item: Leftovers
|upkeep
|turn|59
|
|t:|1728493729
|move|p2a: Suicune|Calm Mind|p2a: Suicune
|-boost|p2a: Suicune|spa|1
|-boost|p2a: Suicune|spd|1
|move|p1a: Milotic|Toxic|p2a: Suicune
|-status|p2a: Suicune|tox
|
|-weather|Sandstorm|[upkeep]
|-damage|p1a: Milotic|69/100|[from] Sandstorm
|-damage|p2a: Suicune|89/100 tox|[from] Sandstorm
|-heal|p1a: Milotic|76/100|[from] item: Leftovers
|-heal|p2a: Suicune|95/100 tox|[from] item: Leftovers
|-damage|p2a: Suicune|89/100 tox|[from] psn
|upkeep
|turn|60
|
|t:|1728493733
|move|p2a: Suicune|Calm Mind|p2a: Suicune
|-boost|p2a: Suicune|spa|1
|-boost|p2a: Suicune|spd|1
|move|p1a: Milotic|Recover|p1a: Milotic
|-heal|p1a: Milotic|100/100
|
|-weather|Sandstorm|[upkeep]
|-damage|p2a: Suicune|82/100 tox|[from] Sandstorm
|-damage|p1a: Milotic|94/100|[from] Sandstorm
|-heal|p1a: Milotic|100/100|[from] item: Leftovers
|-heal|p2a: Suicune|89/100 tox|[from] item: Leftovers
|-damage|p2a: Suicune|76/100 tox|[from] psn
|upkeep
|turn|61
|
|t:|1728493737
|move|p2a: Suicune|Rest|p2a: Suicune
|-status|p2a: Suicune|slp|[from] move: Rest
|-heal|p2a: Suicune|100/100 slp|[silent]
|move|p1a: Milotic|Surf|p2a: Suicune
|-resisted|p2a: Suicune
|-damage|p2a: Suicune|95/100 slp
|
|-weather|Sandstorm|[upkeep]
|-damage|p2a: Suicune|88/100 slp|[from] Sandstorm
|-damage|p1a: Milotic|94/100|[from] Sandstorm
|-heal|p2a: Suicune|95/100 slp|[from] item: Leftovers
|-heal|p1a: Milotic|100/100|[from] item: Leftovers
|upkeep
|turn|62
|
|t:|1728493745
|switch|p2a: Claydol|Claydol|69/100
|move|p1a: Milotic|Surf|p2a: Claydol
|-supereffective|p2a: Claydol
|-crit|p2a: Claydol
|-damage|p2a: Claydol|0 fnt
|faint|p2a: Claydol
|
|t:|1728493753
|switch|p2a: Celebi|Celebi|89/100
|-damage|p2a: Celebi|77/100|[from] Spikes
|
|-weather|Sandstorm|[upkeep]
|-damage|p2a: Celebi|71/100|[from] Sandstorm
|-damage|p1a: Milotic|94/100|[from] Sandstorm
|-heal|p2a: Celebi|77/100|[from] item: Leftovers
|-heal|p1a: Milotic|100/100|[from] item: Leftovers
|upkeep
|turn|63
|
|t:|1728493757
|move|p2a: Celebi|Leech Seed|p1a: Milotic
|-start|p1a: Milotic|move: Leech Seed
|move|p1a: Milotic|Toxic|p2a: Celebi|[miss]
|-miss|p1a: Milotic|p2a: Celebi
|
|-weather|Sandstorm|[upkeep]
|-damage|p2a: Celebi|71/100|[from] Sandstorm
|-damage|p1a: Milotic|94/100|[from] Sandstorm
|-heal|p2a: Celebi|77/100|[from] item: Leftovers
|-heal|p1a: Milotic|100/100|[from] item: Leftovers
|-damage|p1a: Milotic|88/100|[from] Leech Seed|[of] p2a: Celebi
|-heal|p2a: Celebi|89/100|[silent]
|upkeep
|turn|64
|
|t:|1728493762
|switch|p1a: Tyranitar|Tyranitar, F|1/100 tox
|-damage|p1a: Tyranitar|0 fnt|[from] Spikes
|faint|p1a: Tyranitar
|c|☆deckline|this if unplayable lol
|
|t:|1728493773
|switch|p1a: Claydol|Claydol|51/100 tox
|
|-weather|Sandstorm|[upkeep]
|-damage|p2a: Celebi|83/100|[from] Sandstorm
|-heal|p2a: Celebi|89/100|[from] item: Leftovers
|-heal|p1a: Claydol|57/100 tox|[from] item: Leftovers
|-damage|p1a: Claydol|51/100 tox|[from] psn
|upkeep
|turn|65
|
|t:|1728493780
|move|p2a: Celebi|Heal Bell|p2a: Celebi
|-activate|p2a: Celebi|move: Heal Bell
|-curestatus|p2: Skarmory|par|[silent]
|-curestatus|p2: Suicune|slp|[silent]
|move|p1a: Claydol|Rapid Spin|p2a: Celebi
|-damage|p2a: Celebi|86/100
|-sideend|p1: deckline|Spikes|[from] move: Rapid Spin|[of] p1a: Claydol
|
|-weather|Sandstorm|[upkeep]
|-damage|p2a: Celebi|80/100|[from] Sandstorm
|-heal|p2a: Celebi|86/100|[from] item: Leftovers
|-heal|p1a: Claydol|57/100 tox|[from] item: Leftovers
|-damage|p1a: Claydol|45/100 tox|[from] psn
|upkeep
|turn|66
|
|t:|1728493789
|move|p2a: Celebi|Hidden Power|p1a: Claydol
|-supereffective|p1a: Claydol
|-damage|p1a: Claydol|0 fnt
|faint|p1a: Claydol
|
|t:|1728493792
|switch|p1a: Jirachi|Jirachi|63/100
|
|-weather|Sandstorm|[upkeep]
|-damage|p2a: Celebi|80/100|[from] Sandstorm
|-heal|p1a: Jirachi|69/100|[from] item: Leftovers
|-heal|p2a: Celebi|86/100|[from] item: Leftovers
|upkeep
|turn|67
|
|t:|1728493797
|move|p1a: Jirachi|Toxic|p2a: Celebi
|-status|p2a: Celebi|tox
|move|p2a: Celebi|Leech Seed|p1a: Jirachi
|-start|p1a: Jirachi|move: Leech Seed
|
|-weather|Sandstorm|[upkeep]
|-damage|p2a: Celebi|80/100 tox|[from] Sandstorm
|-heal|p1a: Jirachi|75/100|[from] item: Leftovers
|-heal|p2a: Celebi|86/100 tox|[from] item: Leftovers
|-damage|p1a: Jirachi|63/100|[from] Leech Seed|[of] p2a: Celebi
|-heal|p2a: Celebi|99/100 tox|[silent]
|-damage|p2a: Celebi|93/100 tox|[from] psn
|upkeep
|turn|68
|
|t:|1728493804
|-curestatus|p2a: Celebi|tox|[from] ability: Natural Cure
|switch|p2a: Skarmory|Skarmory, M|49/100
|move|p1a: Jirachi|Fire Punch|p2a: Skarmory
|-supereffective|p2a: Skarmory
|-damage|p2a: Skarmory|15/100
|-status|p2a: Skarmory|brn
|
|-weather|Sandstorm|[upkeep]
|-heal|p1a: Jirachi|69/100|[from] item: Leftovers
|-damage|p1a: Jirachi|57/100|[from] Leech Seed|[of] p2a: Skarmory
|-heal|p2a: Skarmory|30/100 brn|[silent]
|-heal|p2a: Skarmory|36/100 brn|[from] item: Leftovers
|-damage|p2a: Skarmory|24/100 brn|[from] brn
|upkeep
|turn|69
|
|t:|1728493822
|switch|p2a: Suicune|Suicune|95/100
|-damage|p2a: Suicune|82/100|[from] Spikes
|move|p1a: Jirachi|Fire Punch|p2a: Suicune
|-resisted|p2a: Suicune
|-damage|p2a: Suicune|76/100
|
|-weather|Sandstorm|[upkeep]
|-damage|p2a: Suicune|69/100|[from] Sandstorm
|-heal|p1a: Jirachi|63/100|[from] item: Leftovers
|-damage|p1a: Jirachi|51/100|[from] Leech Seed|[of] p2a: Suicune
|-heal|p2a: Suicune|82/100|[silent]
|-heal|p2a: Suicune|88/100|[from] item: Leftovers
|upkeep
|turn|70
|
|t:|1728493826
|move|p1a: Jirachi|Toxic|p2a: Suicune
|-status|p2a: Suicune|tox
|move|p2a: Suicune|Calm Mind|p2a: Suicune
|-boost|p2a: Suicune|spa|1
|-boost|p2a: Suicune|spd|1
|
|-weather|Sandstorm|[upkeep]
|-damage|p2a: Suicune|82/100 tox|[from] Sandstorm
|-heal|p1a: Jirachi|57/100|[from] item: Leftovers
|-damage|p1a: Jirachi|45/100|[from] Leech Seed|[of] p2a: Suicune
|-heal|p2a: Suicune|94/100 tox|[silent]
|-heal|p2a: Suicune|100/100 tox|[from] item: Leftovers
|-damage|p2a: Suicune|94/100 tox|[from] psn
|upkeep
|turn|71
|
|t:|1728493830
|move|p1a: Jirachi|Wish|p1a: Jirachi
|move|p2a: Suicune|Calm Mind|p2a: Suicune
|-boost|p2a: Suicune|spa|1
|-boost|p2a: Suicune|spd|1
|
|-weather|Sandstorm|[upkeep]
|-damage|p2a: Suicune|88/100 tox|[from] Sandstorm
|-heal|p1a: Jirachi|51/100|[from] item: Leftovers
|-damage|p1a: Jirachi|38/100|[from] Leech Seed|[of] p2a: Suicune
|-heal|p2a: Suicune|100/100 tox|[silent]
|-damage|p2a: Suicune|88/100 tox|[from] psn
|upkeep
|turn|72
|
|t:|1728493836
|switch|p1a: Salamence|Salamence, F|100/100
|-ability|p1a: Salamence|Intimidate|boost
|-unboost|p2a: Suicune|atk|1
|move|p2a: Suicune|Surf|p1a: Salamence
|-resisted|p1a: Salamence
|-damage|p1a: Salamence|69/100
|
|-heal|p1a: Salamence|100/100|[from] move: Wish|[wisher] Jirachi
|-weather|Sandstorm|[upkeep]
|-damage|p1a: Salamence|94/100|[from] Sandstorm
|-damage|p2a: Suicune|82/100 tox|[from] Sandstorm
|-heal|p1a: Salamence|100/100|[from] item: Leftovers
|-heal|p2a: Suicune|88/100 tox|[from] item: Leftovers
|-damage|p2a: Suicune|69/100 tox|[from] psn
|upkeep
|turn|73
|inactive|deckline has 270 seconds left.
|
|t:|1728493871
|switch|p1a: Milotic|Milotic, M|88/100
|move|p2a: Suicune|Ice Beam|p1a: Milotic
|-resisted|p1a: Milotic
|-damage|p1a: Milotic|75/100
|
|-weather|Sandstorm|[upkeep]
|-damage|p1a: Milotic|69/100|[from] Sandstorm
|-damage|p2a: Suicune|63/100 tox|[from] Sandstorm
|-heal|p2a: Suicune|69/100 tox|[from] item: Leftovers
|-heal|p1a: Milotic|75/100|[from] item: Leftovers
|-damage|p2a: Suicune|44/100 tox|[from] psn
|upkeep
|turn|74
|
|t:|1728493877
|switch|p1a: Salamence|Salamence, F|100/100
|-ability|p1a: Salamence|Intimidate|boost
|-unboost|p2a: Suicune|atk|1
|move|p2a: Suicune|Rest|p2a: Suicune
|-status|p2a: Suicune|slp|[from] move: Rest
|-heal|p2a: Suicune|100/100 slp|[silent]
|
|-weather|Sandstorm|[upkeep]
|-damage|p1a: Salamence|94/100|[from] Sandstorm
|-damage|p2a: Suicune|94/100 slp|[from] Sandstorm
|-heal|p1a: Salamence|100/100|[from] item: Leftovers
|-heal|p2a: Suicune|100/100 slp|[from] item: Leftovers
|upkeep
|turn|75
|inactive|gorditoconbigote has 270 seconds left.
|
|t:|1728493918
|move|p1a: Salamence|Dragon Dance|p1a: Salamence
|-boost|p1a: Salamence|atk|1
|-boost|p1a: Salamence|spe|1
|cant|p2a: Suicune|slp
|
|-weather|Sandstorm|[upkeep]
|-damage|p1a: Salamence|94/100|[from] Sandstorm
|-damage|p2a: Suicune|94/100 slp|[from] Sandstorm
|-heal|p1a: Salamence|100/100|[from] item: Leftovers
|-heal|p2a: Suicune|100/100 slp|[from] item: Leftovers
|upkeep
|turn|76
|
|t:|1728493923
|move|p1a: Salamence|Hidden Power|p2a: Suicune
|-damage|p2a: Suicune|64/100 slp
|cant|p2a: Suicune|slp
|
|-weather|Sandstorm|[upkeep]
|-damage|p1a: Salamence|94/100|[from] Sandstorm
|-damage|p2a: Suicune|58/100 slp|[from] Sandstorm
|-heal|p1a: Salamence|100/100|[from] item: Leftovers
|-heal|p2a: Suicune|64/100 slp|[from] item: Leftovers
|upkeep
|turn|77
|
|t:|1728493931
|switch|p1a: Milotic|Milotic, M|75/100
|-curestatus|p2a: Suicune|slp|[msg]
|move|p2a: Suicune|Ice Beam|p1a: Milotic
|-resisted|p1a: Milotic
|-crit|p1a: Milotic
|-damage|p1a: Milotic|48/100
|-status|p1a: Milotic|frz
|
|-weather|Sandstorm|[upkeep]
|-damage|p1a: Milotic|42/100 frz|[from] Sandstorm
|-damage|p2a: Suicune|58/100|[from] Sandstorm
|-heal|p1a: Milotic|48/100 frz|[from] item: Leftovers
|-heal|p2a: Suicune|64/100|[from] item: Leftovers
|upkeep
|turn|78
|c|☆deckline|ye
|c|☆deckline|w/e
|
|t:|1728493941
|move|p2a: Suicune|Calm Mind|p2a: Suicune
|-boost|p2a: Suicune|spa|1
|-boost|p2a: Suicune|spd|1
|cant|p1a: Milotic|frz
|
|-weather|Sandstorm|[upkeep]
|-damage|p2a: Suicune|58/100|[from] Sandstorm
|-damage|p1a: Milotic|42/100 frz|[from] Sandstorm
|-heal|p2a: Suicune|64/100|[from] item: Leftovers
|-heal|p1a: Milotic|48/100 frz|[from] item: Leftovers
|upkeep
|turn|79
|
|t:|1728493951
|cant|p1a: Milotic|frz
|move|p2a: Suicune|Surf|p1a: Milotic
|-resisted|p1a: Milotic
|-damage|p1a: Milotic|23/100 frz
|
|-weather|Sandstorm|[upkeep]
|-damage|p2a: Suicune|58/100|[from] Sandstorm
|-damage|p1a: Milotic|17/100 frz|[from] Sandstorm
|-heal|p2a: Suicune|64/100|[from] item: Leftovers
|-heal|p1a: Milotic|23/100 frz|[from] item: Leftovers
|upkeep
|turn|80
|
|t:|1728493957
|move|p2a: Suicune|Surf|p1a: Milotic
|-resisted|p1a: Milotic
|-damage|p1a: Milotic|0 fnt
|faint|p1a: Milotic
|
|t:|1728493959
|switch|p1a: Jirachi|Jirachi|38/100
|
|-weather|Sandstorm|[upkeep]
|-damage|p2a: Suicune|58/100|[from] Sandstorm
|-heal|p1a: Jirachi|45/100|[from] item: Leftovers
|-heal|p2a: Suicune|64/100|[from] item: Leftovers
|upkeep
|turn|81
|
|t:|1728493978
|move|p1a: Jirachi|Protect|p1a: Jirachi
|-singleturn|p1a: Jirachi|Protect
|move|p2a: Suicune|Rest|p2a: Suicune
|-status|p2a: Suicune|slp|[from] move: Rest
|-heal|p2a: Suicune|100/100 slp|[silent]
|
|-weather|Sandstorm|[upkeep]
|-damage|p2a: Suicune|94/100 slp|[from] Sandstorm
|-heal|p1a: Jirachi|51/100|[from] item: Leftovers
|-heal|p2a: Suicune|100/100 slp|[from] item: Leftovers
|upkeep
|turn|82
|
|t:|1728493981
|switch|p1a: Salamence|Salamence, F|100/100
|-ability|p1a: Salamence|Intimidate|boost
|-unboost|p2a: Suicune|atk|1
|cant|p2a: Suicune|slp
|
|-weather|Sandstorm|[upkeep]
|-damage|p1a: Salamence|94/100|[from] Sandstorm
|-damage|p2a: Suicune|94/100 slp|[from] Sandstorm
|-heal|p1a: Salamence|100/100|[from] item: Leftovers
|-heal|p2a: Suicune|100/100 slp|[from] item: Leftovers
|upkeep
|turn|83
|
|t:|1728493985
|move|p1a: Salamence|Hidden Power|p2a: Suicune
|-damage|p2a: Suicune|76/100 slp
|cant|p2a: Suicune|slp
|
|-weather|Sandstorm|[upkeep]
|-damage|p1a: Salamence|94/100|[from] Sandstorm
|-damage|p2a: Suicune|70/100 slp|[from] Sandstorm
|-heal|p1a: Salamence|100/100|[from] item: Leftovers
|-heal|p2a: Suicune|76/100 slp|[from] item: Leftovers
|upkeep
|turn|84
|
|t:|1728493990
|switch|p1a: Jirachi|Jirachi|51/100
|-curestatus|p2a: Suicune|slp|[msg]
|move|p2a: Suicune|Ice Beam|p1a: Jirachi
|-resisted|p1a: Jirachi
|-damage|p1a: Jirachi|33/100
|
|-weather|Sandstorm|[upkeep]
|-damage|p2a: Suicune|70/100|[from] Sandstorm
|-heal|p1a: Jirachi|39/100|[from] item: Leftovers
|-heal|p2a: Suicune|76/100|[from] item: Leftovers
|upkeep
|turn|85
|
|t:|1728493996
|move|p1a: Jirachi|Protect|p1a: Jirachi
|-singleturn|p1a: Jirachi|Protect
|move|p2a: Suicune|Calm Mind|p2a: Suicune
|-boost|p2a: Suicune|spa|1
|-boost|p2a: Suicune|spd|1
|
|-weather|Sandstorm|[upkeep]
|-damage|p2a: Suicune|70/100|[from] Sandstorm
|-heal|p1a: Jirachi|45/100|[from] item: Leftovers
|-heal|p2a: Suicune|76/100|[from] item: Leftovers
|upkeep
|turn|86
|
|t:|1728494002
|move|p1a: Jirachi|Toxic|p2a: Suicune
|-status|p2a: Suicune|tox
|move|p2a: Suicune|Surf|p1a: Jirachi
|-damage|p1a: Jirachi|0 fnt
|faint|p1a: Jirachi
|c|☆deckline|disgusting bo tbh, gl next round
|-message|deckline forfeited.
|
|win|gorditoconbigote

</script>
<script type="application/json" class="data" id="replaydata-smogtours-gen3ou-796662">
{"id":"smogtours-gen3ou-796662","format":"[Gen 3] OU","players":["deckline","gorditoconbigote"],"uploadtime":1728494012,"views":104,"formatid":"gen3ou","rating":null,"private":0,"password":null}
</script>

<script defer src="js/replays.js?9d40a366"></script>
