<!DOCTYPE html>
<meta charset="utf-8" />
<meta name="viewport" content="width=device-width" />

<title>[Gen 3] OU: datguycactus vs. swinubfan123 - Replays - Pok&eacute;mon Showdown!</title>

<meta name="description" content="Watch a replay of a Pok&eacute;mon battle between datguycactus and swinubfan123! Format: [Gen 3] OU; Date: Oct 1, 2024" />
<!--

Hey, you! Looking in the source for the replay log?

You can find them in JSON format, just add `.json` at the end of a replay URL.

https://replay.pokemonshowdown.com/gen7randomdoublesbattle-865046831.json

Or, if you only need the log itself, add `.log` instead:

https://replay.pokemonshowdown.com/gen7randomdoublesbattle-865046831.log

-->

<link rel="stylesheet" href="//pokemonshowdown.com/style/global.css?0.023195364461161105" />
<link rel="stylesheet" href="//play.pokemonshowdown.com/style/font-awesome.css?0.13261647063804238" />
<link rel="stylesheet" href="//play.pokemonshowdown.com/style/battle.css?0.8753245789963631" />
<link rel="stylesheet" href="//play.pokemonshowdown.com/style/utilichart.css?0.8627959624976733" />

<!-- Global site tag (gtag.js) - Google Analytics -->
<script async src="https://www.googletagmanager.com/gtag/js?id=UA-26211653-1"></script>
<script>
  window.dataLayer = window.dataLayer || [];
  function gtag(){dataLayer.push(arguments);}
  gtag('js', new Date());

  gtag('config', 'UA-26211653-1');
</script>
<!-- End Google Analytics -->
<!-- Venatus Ad Manager - Install in <HEAD> of page -->
	<script src="https://hb.vntsm.com/v3/live/ad-manager.min.js" type="text/javascript" data-site-id="642aba63ec9a7b11c3c9c1be" data-mode="scan" async></script>
<!-- / Venatus Ad Manager -->

<style>
	@media (max-width:820px) {
		.battle {
			margin: 0 auto;
		}
		.battle-log {
			margin: 7px auto 0;
			max-width: 640px;
			height: 300px;
			position: static;
		}
	}
	.optgroup {
		display: inline-block;
		line-height: 22px;
		font-size: 10pt;
	}
	.optgroup .button {
		height: 25px;
		padding-top: 0;
		padding-bottom: 0;
	}
	.optgroup button.button {
		padding-left: 12px;
		padding-right: 12px;
	}
	.linklist {
		list-style: none;
		margin: 0.5em 0;
		padding: 0;
	}
	.linklist li {
		padding: 2px 0;
	}
	.sidebar {
		float: left;
		width: 320px;
	}
	.bar-wrapper {
		max-width: 1100px;
		margin: 0 auto;
	}
	.bar-wrapper.has-sidebar {
		max-width: 1430px;
	}
	.mainbar {
		margin: 0;
		padding-right: 1px;
	}
	.mainbar.has-sidebar {
		margin-left: 330px;
	}
	@media (min-width: 1511px) {
		.sidebar {
			width: 400px;
		}
		.bar-wrapper.has-sidebar {
			max-width: 1510px;
		}
		.mainbar.has-sidebar {
			margin-left: 410px;
		}
	}
	.section.first-section {
		margin-top: 9px;
	}
	.blocklink small {
		white-space: normal;
	}
	.button {
		vertical-align: middle;
	}
	.replay-controls {
		padding-top: 10px;
	}
	.replay-controls h1 {
		font-size: 16pt;
		font-weight: normal;
		color: #CCC;
	}
	.pagelink {
		text-align: center;
	}
	.pagelink a {
		width: 150px;
	}
	.textbox, .button {
		font-size: 11pt;
		vertical-align: middle;
	}
	@media (max-width: 450px) {
		.button {
			font-size: 9pt;
		}
	}
</style>

<div>

	<header>
		<div class="nav-wrapper"><ul class="nav">
			<li><a class="button nav-first" href="//pokemonshowdown.com/"><img src="//pokemonshowdown.com/images/pokemonshowdownbeta.png" srcset="//pokemonshowdown.com/images/pokemonshowdownbeta.png 1x, //pokemonshowdown.com/images/pokemonshowdownbeta@2x.png 2x" alt="Pok&eacute;mon Showdown" width="146" height="44" /> Home</a></li>
			<li><a class="button" href="//pokemonshowdown.com/dex/">Pok&eacute;dex</a></li>
			<li><a class="button cur" href="/">Replays</a></li>
			<li><a class="button" href="//pokemonshowdown.com/ladder/">Ladder</a></li>
			<li><a class="button nav-last" href="//pokemonshowdown.com/forums/">Forum</a></li>
			<li><a class="button greenbutton nav-first nav-last" href="//play.pokemonshowdown.com/">Play</a></li>
		</ul></div>
	</header>

	<div class="main" id="main">

		<noscript><section class="section">You need to enable JavaScript to use this page; sorry!</section></noscript>

	</div>

</div>

<script defer nomodule src="//play.pokemonshowdown.com/js/lib/ps-polyfill.js"></script>
<script defer src="//play.pokemonshowdown.com/js/lib/preact.min.js"></script>

<script defer src="//play.pokemonshowdown.com/config/config.js?2bddbc15"></script>
<script defer src="//play.pokemonshowdown.com/js/lib/jquery-1.11.0.min.js"></script>
<script defer src="//play.pokemonshowdown.com/js/lib/html-sanitizer-minified.js"></script>
<script defer src="//play.pokemonshowdown.com/js/battle-sound.js"></script>
<script defer src="//play.pokemonshowdown.com/js/battledata.js?0.7209276989879541"></script>
<script defer src="//play.pokemonshowdown.com/data/pokedex-mini.js?0.6111056340867951"></script>
<script defer src="//play.pokemonshowdown.com/data/pokedex-mini-bw.js?0.3532142036491459"></script>
<script defer src="//play.pokemonshowdown.com/data/graphics.js?0.24223875632456182"></script>
<script defer src="//play.pokemonshowdown.com/data/pokedex.js?0.38839984266356864"></script>
<script defer src="//play.pokemonshowdown.com/data/moves.js?0.21866028504024015"></script>
<script defer src="//play.pokemonshowdown.com/data/abilities.js?0.2005157953846628"></script>
<script defer src="//play.pokemonshowdown.com/data/items.js?0.9894211263848525"></script>
<script defer src="//play.pokemonshowdown.com/data/teambuilder-tables.js?0.6008791140282215"></script>
<script defer src="//play.pokemonshowdown.com/js/battle-tooltips.js?0.7580118955022959"></script>
<script defer src="//play.pokemonshowdown.com/js/battle.js?0.6057722274234274"></script>

<script defer src="js/utils.js?e31f9a17"></script>
<script defer src="js/replays-battle.js?7008c182"></script>

<!-- don't scrape this data! just add .json or .log after the URL!
Full API docs: https://github.com/smogon/pokemon-showdown-client/blob/master/WEB-API.md -->
<script type="text/plain" class="log" id="replaylog-smogtours-gen3ou-793832">
|inactive|Battle timer is ON: inactive players will automatically lose when time's up.
|t:|1727812170
|gametype|singles
|player|p1|datguycactus|169|
|player|p2|swinubfan123|265|
|teamsize|p1|6
|teamsize|p2|6
|gen|3
|tier|[Gen 3] OU
|rule|Sleep Clause Mod: Limit one foe put to sleep
|rule|Switch Priority Clause Mod: Faster Pokémon switch first
|rule|Species Clause: Limit one of each Pokémon
|rule|OHKO Clause: OHKO moves are banned
|rule|Evasion Items Clause: Evasion items are banned
|rule|Evasion Moves Clause: Evasion moves are banned
|rule|Endless Battle Clause: Forcing endless battles is banned
|rule|HP Percentage Mod: HP is shown in percentages
|rule|One Boost Passer Clause: Limit one Baton Passer that has a way to boost its stats
|rule|Freeze Clause Mod: Limit one foe frozen
|
|t:|1727812170
|start
|switch|p1a: Tyranitar|Tyranitar, F|100/100
|switch|p2a: Charizard|Charizard, F|100/100
|-weather|Sandstorm|[from] ability: Sand Stream|[of] p1a: Tyranitar
|turn|1
|
|t:|1727812182
|switch|p2a: Swampert|Swampert, F|100/100
|move|p1a: Tyranitar|Rock Slide|p2a: Swampert
|-resisted|p2a: Swampert
|-damage|p2a: Swampert|86/100
|
|-weather|Sandstorm|[upkeep]
|-heal|p2a: Swampert|92/100|[from] item: Leftovers
|upkeep
|turn|2
|
|t:|1727812189
|switch|p1a: Starmie|Starmie|100/100
|move|p2a: Swampert|Surf|p1a: Starmie
|-resisted|p1a: Starmie
|-damage|p1a: Starmie|84/100
|
|-weather|Sandstorm|[upkeep]
|-damage|p1a: Starmie|78/100|[from] Sandstorm
|-heal|p1a: Starmie|84/100|[from] item: Leftovers
|-heal|p2a: Swampert|98/100|[from] item: Leftovers
|upkeep
|turn|3
|
|t:|1727812195
|move|p2a: Swampert|Protect|p2a: Swampert
|-singleturn|p2a: Swampert|Protect
|move|p1a: Starmie|Surf|p2a: Swampert
|-activate|p2a: Swampert|Protect
|
|-weather|Sandstorm|[upkeep]
|-damage|p1a: Starmie|78/100|[from] Sandstorm
|-heal|p1a: Starmie|84/100|[from] item: Leftovers
|-heal|p2a: Swampert|100/100|[from] item: Leftovers
|upkeep
|turn|4
|
|t:|1727812200
|move|p1a: Starmie|Surf|p2a: Swampert
|-damage|p2a: Swampert|70/100
|move|p2a: Swampert|Toxic|p1a: Starmie
|-status|p1a: Starmie|tox
|
|-weather|Sandstorm|[upkeep]
|-damage|p1a: Starmie|78/100 tox|[from] Sandstorm
|-heal|p1a: Starmie|84/100 tox|[from] item: Leftovers
|-damage|p1a: Starmie|78/100 tox|[from] psn
|-heal|p2a: Swampert|77/100|[from] item: Leftovers
|upkeep
|turn|5
|
|t:|1727812208
|-curestatus|p1a: Starmie|tox|[from] ability: Natural Cure
|switch|p1a: Skarmory|Skarmory, F|100/100
|move|p2a: Swampert|Protect||[still]
|-fail|p2a: Swampert
|
|-weather|Sandstorm|[upkeep]
|-heal|p2a: Swampert|83/100|[from] item: Leftovers
|upkeep
|turn|6
|
|t:|1727812215
|switch|p2a: Charizard|Charizard, F|100/100
|move|p1a: Skarmory|Spikes|p2a: Charizard
|-sidestart|p2: swinubfan123|Spikes
|
|-weather|Sandstorm|[upkeep]
|-damage|p2a: Charizard|94/100|[from] Sandstorm
|-heal|p2a: Charizard|100/100|[from] item: Leftovers
|upkeep
|turn|7
|
|t:|1727812220
|switch|p1a: Starmie|Starmie|78/100
|move|p2a: Charizard|Substitute|p2a: Charizard
|-start|p2a: Charizard|Substitute
|-damage|p2a: Charizard|76/100
|
|-weather|Sandstorm|[upkeep]
|-damage|p1a: Starmie|72/100|[from] Sandstorm
|-damage|p2a: Charizard|70/100|[from] Sandstorm
|-heal|p1a: Starmie|78/100|[from] item: Leftovers
|-heal|p2a: Charizard|76/100|[from] item: Leftovers
|upkeep
|turn|8
|
|t:|1727812224
|move|p1a: Starmie|Surf|p2a: Charizard
|-supereffective|p2a: Charizard
|-end|p2a: Charizard|Substitute
|move|p2a: Charizard|Hidden Power|p1a: Starmie
|-supereffective|p1a: Starmie
|-damage|p1a: Starmie|21/100
|
|-weather|Sandstorm|[upkeep]
|-damage|p1a: Starmie|15/100|[from] Sandstorm
|-damage|p2a: Charizard|70/100|[from] Sandstorm
|-heal|p1a: Starmie|21/100|[from] item: Leftovers
|-heal|p2a: Charizard|76/100|[from] item: Leftovers
|upkeep
|turn|9
|
|t:|1727812230
|switch|p2a: Swampert|Swampert, F|83/100
|-damage|p2a: Swampert|70/100|[from] Spikes
|move|p1a: Starmie|Surf|p2a: Swampert
|-crit|p2a: Swampert
|-damage|p2a: Swampert|5/100
|
|-weather|Sandstorm|[upkeep]
|-damage|p1a: Starmie|15/100|[from] Sandstorm
|-heal|p1a: Starmie|21/100|[from] item: Leftovers
|-heal|p2a: Swampert|11/100|[from] item: Leftovers
|upkeep
|turn|10
|c|☆datguycactus|mb
|
|t:|1727812239
|move|p2a: Swampert|Protect|p2a: Swampert
|-singleturn|p2a: Swampert|Protect
|move|p1a: Starmie|Recover|p1a: Starmie
|-heal|p1a: Starmie|71/100
|
|-weather|Sandstorm|[upkeep]
|-damage|p1a: Starmie|65/100|[from] Sandstorm
|-heal|p1a: Starmie|71/100|[from] item: Leftovers
|-heal|p2a: Swampert|17/100|[from] item: Leftovers
|upkeep
|turn|11
|c|☆swinubfan123|dw
|
|t:|1727812248
|switch|p2a: Blissey|Blissey, F|100/100
|-damage|p2a: Blissey|88/100|[from] Spikes
|move|p1a: Starmie|Surf|p2a: Blissey
|-damage|p2a: Blissey|73/100
|
|-weather|Sandstorm|[upkeep]
|-damage|p1a: Starmie|65/100|[from] Sandstorm
|-damage|p2a: Blissey|67/100|[from] Sandstorm
|-heal|p1a: Starmie|71/100|[from] item: Leftovers
|-heal|p2a: Blissey|73/100|[from] item: Leftovers
|upkeep
|turn|12
|
|t:|1727812274
|switch|p1a: Blissey|Blissey, F|100/100
|move|p2a: Blissey|Seismic Toss|p1a: Blissey
|-damage|p1a: Blissey|85/100
|
|-weather|Sandstorm|[upkeep]
|-damage|p1a: Blissey|79/100|[from] Sandstorm
|-damage|p2a: Blissey|67/100|[from] Sandstorm
|-heal|p1a: Blissey|85/100|[from] item: Leftovers
|-heal|p2a: Blissey|73/100|[from] item: Leftovers
|upkeep
|turn|13
|
|t:|1727812278
|move|p1a: Blissey|Toxic|p2a: Blissey|[miss]
|-miss|p1a: Blissey|p2a: Blissey
|move|p2a: Blissey|Thunder Wave|p1a: Blissey
|-status|p1a: Blissey|par
|
|-weather|Sandstorm|[upkeep]
|-damage|p2a: Blissey|67/100|[from] Sandstorm
|-damage|p1a: Blissey|79/100 par|[from] Sandstorm
|-heal|p2a: Blissey|73/100|[from] item: Leftovers
|-heal|p1a: Blissey|85/100 par|[from] item: Leftovers
|upkeep
|turn|14
|
|t:|1727812285
|switch|p2a: Skarmory|Skarmory, M|100/100
|move|p1a: Blissey|Toxic|p2a: Skarmory
|-immune|p2a: Skarmory
|
|-weather|Sandstorm|[upkeep]
|-damage|p1a: Blissey|79/100 par|[from] Sandstorm
|-heal|p1a: Blissey|85/100 par|[from] item: Leftovers
|upkeep
|turn|15
|
|t:|1727812292
|-curestatus|p1a: Blissey|par|[from] ability: Natural Cure
|switch|p1a: Charizard|Charizard, M|100/100
|move|p2a: Skarmory|Spikes|p1a: Charizard
|-sidestart|p1: datguycactus|Spikes
|
|-weather|Sandstorm|[upkeep]
|-damage|p1a: Charizard|94/100|[from] Sandstorm
|-heal|p1a: Charizard|100/100|[from] item: Leftovers
|upkeep
|turn|16
|
|t:|1727812299
|move|p1a: Charizard|Fire Blast|p2a: Skarmory
|-supereffective|p2a: Skarmory
|-damage|p2a: Skarmory|0 fnt
|faint|p2a: Skarmory
|
|t:|1727812300
|switch|p2a: Charizard|Charizard, F|76/100
|
|-weather|Sandstorm|[upkeep]
|-damage|p1a: Charizard|94/100|[from] Sandstorm
|-damage|p2a: Charizard|70/100|[from] Sandstorm
|-heal|p1a: Charizard|100/100|[from] item: Leftovers
|-heal|p2a: Charizard|76/100|[from] item: Leftovers
|upkeep
|turn|17
|
|t:|1727812312
|move|p2a: Charizard|Substitute|p2a: Charizard
|-start|p2a: Charizard|Substitute
|-damage|p2a: Charizard|51/100
|move|p1a: Charizard|Substitute|p1a: Charizard
|-start|p1a: Charizard|Substitute
|-damage|p1a: Charizard|76/100
|
|-weather|Sandstorm|[upkeep]
|-damage|p1a: Charizard|70/100|[from] Sandstorm
|-damage|p2a: Charizard|45/100|[from] Sandstorm
|-heal|p2a: Charizard|51/100|[from] item: Leftovers
|-heal|p1a: Charizard|76/100|[from] item: Leftovers
|upkeep
|turn|18
|
|t:|1727812317
|-singleturn|p2a: Charizard|move: Focus Punch
|move|p1a: Charizard|Fire Blast|p2a: Charizard
|-resisted|p2a: Charizard
|-crit|p2a: Charizard
|-end|p2a: Charizard|Substitute
|move|p2a: Charizard|Focus Punch|p1a: Charizard
|-resisted|p1a: Charizard
|-activate|p1a: Charizard|Substitute|[damage]
|
|-weather|Sandstorm|[upkeep]
|-damage|p1a: Charizard|70/100|[from] Sandstorm
|-damage|p2a: Charizard|45/100|[from] Sandstorm
|-heal|p1a: Charizard|76/100|[from] item: Leftovers
|-heal|p2a: Charizard|51/100|[from] item: Leftovers
|upkeep
|turn|19
|
|t:|1727812327
|switch|p2a: Swampert|Swampert, F|17/100
|-damage|p2a: Swampert|5/100|[from] Spikes
|move|p1a: Charizard|Fire Blast|p2a: Swampert
|-resisted|p2a: Swampert
|-damage|p2a: Swampert|0 fnt
|faint|p2a: Swampert
|
|t:|1727812334
|switch|p2a: Blissey|Blissey, F|73/100
|-damage|p2a: Blissey|60/100|[from] Spikes
|
|-weather|Sandstorm|[upkeep]
|-damage|p1a: Charizard|70/100|[from] Sandstorm
|-damage|p2a: Blissey|54/100|[from] Sandstorm
|-heal|p1a: Charizard|76/100|[from] item: Leftovers
|-heal|p2a: Blissey|60/100|[from] item: Leftovers
|upkeep
|turn|20
|
|t:|1727812339
|-singleturn|p1a: Charizard|move: Focus Punch
|move|p2a: Blissey|Seismic Toss|p1a: Charizard
|-end|p1a: Charizard|Substitute
|move|p1a: Charizard|Focus Punch|p2a: Blissey
|-supereffective|p2a: Blissey
|-damage|p2a: Blissey|2/100
|
|-weather|Sandstorm|[upkeep]
|-damage|p1a: Charizard|70/100|[from] Sandstorm
|-damage|p2a: Blissey|0 fnt|[from] Sandstorm
|faint|p2a: Blissey
|-heal|p1a: Charizard|76/100|[from] item: Leftovers
|upkeep
|
|t:|1727812344
|switch|p2a: Charizard|Charizard, F|51/100
|turn|21
|
|t:|1727812351
|move|p2a: Charizard|Flamethrower|p1a: Charizard
|-resisted|p1a: Charizard
|-damage|p1a: Charizard|46/100
|move|p1a: Charizard|Fire Blast|p2a: Charizard
|-resisted|p2a: Charizard
|-damage|p2a: Charizard|13/100
|
|-weather|Sandstorm|[upkeep]
|-damage|p1a: Charizard|40/100|[from] Sandstorm
|-damage|p2a: Charizard|7/100|[from] Sandstorm
|-heal|p2a: Charizard|13/100|[from] item: Leftovers
|-heal|p1a: Charizard|46/100|[from] item: Leftovers
|upkeep
|turn|22
|
|t:|1727812358
|switch|p1a: Blissey|Blissey, F|85/100
|-damage|p1a: Blissey|73/100|[from] Spikes
|move|p2a: Charizard|Flamethrower|p1a: Blissey
|-damage|p1a: Blissey|48/100
|
|-weather|Sandstorm|[upkeep]
|-damage|p2a: Charizard|7/100|[from] Sandstorm
|-damage|p1a: Blissey|42/100|[from] Sandstorm
|-heal|p2a: Charizard|13/100|[from] item: Leftovers
|-heal|p1a: Blissey|48/100|[from] item: Leftovers
|upkeep
|turn|23
|
|t:|1727812367
|switch|p2a: Celebi|Celebi|100/100
|-damage|p2a: Celebi|88/100|[from] Spikes
|move|p1a: Blissey|Ice Beam|p2a: Celebi
|-supereffective|p2a: Celebi
|-crit|p2a: Celebi
|-damage|p2a: Celebi|5/100
|
|-weather|Sandstorm|[upkeep]
|-damage|p2a: Celebi|0 fnt|[from] Sandstorm
|-damage|p1a: Blissey|42/100|[from] Sandstorm
|faint|p2a: Celebi
|-heal|p1a: Blissey|48/100|[from] item: Leftovers
|upkeep
|c|☆datguycactus|mb
|
|t:|1727812375
|switch|p2a: Charizard|Charizard, F|13/100
|turn|24
|
|t:|1727812380
|move|p2a: Charizard|Flamethrower|p1a: Blissey
|-damage|p1a: Blissey|21/100
|move|p1a: Blissey|Ice Beam|p2a: Charizard
|-damage|p2a: Charizard|0 fnt
|faint|p2a: Charizard
|
|t:|1727812384
|switch|p2a: Salamence|Salamence, M|100/100
|-ability|p2a: Salamence|Intimidate|boost
|-unboost|p1a: Blissey|atk|1
|
|-weather|Sandstorm|[upkeep]
|-damage|p2a: Salamence|94/100|[from] Sandstorm
|-damage|p1a: Blissey|14/100|[from] Sandstorm
|-heal|p1a: Blissey|21/100|[from] item: Leftovers
|upkeep
|turn|25
|
|t:|1727812393
|move|p2a: Salamence|Hidden Power|p1a: Blissey
|-damage|p1a: Blissey|0 fnt
|faint|p1a: Blissey
|
|t:|1727812399
|switch|p1a: Skarmory|Skarmory, F|100/100
|
|-weather|Sandstorm|[upkeep]
|-damage|p2a: Salamence|88/100|[from] Sandstorm
|upkeep
|turn|26
|
|t:|1727812402
|move|p2a: Salamence|Hidden Power|p1a: Skarmory
|-resisted|p1a: Skarmory
|-damage|p1a: Skarmory|76/100
|move|p1a: Skarmory|Toxic|p2a: Salamence
|-status|p2a: Salamence|tox
|
|-weather|Sandstorm|[upkeep]
|-damage|p2a: Salamence|82/100 tox|[from] Sandstorm
|-damage|p2a: Salamence|76/100 tox|[from] psn
|-heal|p1a: Skarmory|82/100|[from] item: Leftovers
|upkeep
|turn|27
|
|t:|1727812407
|move|p1a: Skarmory|Protect|p1a: Skarmory
|-singleturn|p1a: Skarmory|Protect
|move|p2a: Salamence|Hidden Power|p1a: Skarmory
|-activate|p1a: Skarmory|Protect
|
|-weather|Sandstorm|[upkeep]
|-damage|p2a: Salamence|70/100 tox|[from] Sandstorm
|-damage|p2a: Salamence|58/100 tox|[from] psn
|-heal|p1a: Skarmory|88/100|[from] item: Leftovers
|upkeep
|turn|28
|c|☆swinubfan123|ggs lol
|c|☆datguycactus|gg
|
|t:|1727812414
|switch|p1a: Tyranitar|Tyranitar, F|100/100
|-damage|p1a: Tyranitar|88/100|[from] Spikes
|move|p2a: Salamence|Hidden Power|p1a: Tyranitar
|-resisted|p1a: Tyranitar
|-damage|p1a: Tyranitar|64/100
|
|-weather|Sandstorm|[upkeep]
|-damage|p2a: Salamence|52/100 tox|[from] Sandstorm
|-damage|p2a: Salamence|34/100 tox|[from] psn
|-heal|p1a: Tyranitar|70/100|[from] item: Leftovers
|upkeep
|turn|29
|
|t:|1727812417
|move|p2a: Salamence|Hidden Power|p1a: Tyranitar
|-resisted|p1a: Tyranitar
|-damage|p1a: Tyranitar|48/100
|move|p1a: Tyranitar|Rock Slide|p2a: Salamence
|-supereffective|p2a: Salamence
|-damage|p2a: Salamence|0 fnt
|faint|p2a: Salamence
|
|win|datguycactus
|player|p2|
|player|p1|
|player|p2|swinubfan123|265|

</script>
<script type="application/json" class="data" id="replaydata-smogtours-gen3ou-793832">
{"id":"smogtours-gen3ou-793832","format":"[Gen 3] OU","players":["datguycactus","swinubfan123"],"uploadtime":1727812417,"views":97,"formatid":"gen3ou","rating":null,"private":0,"password":null}
</script>

<script defer src="js/replays.js?9d40a366"></script>
