<!DOCTYPE html>
<meta charset="utf-8" />
<meta name="viewport" content="width=device-width" />

<title>[Gen 3] OU: Elian vs. ljsampson - Replays - Pok&eacute;mon Showdown!</title>

<meta name="description" content="Watch a replay of a Pok&eacute;mon battle between Elian and ljsampson! Format: [Gen 3] OU; Date: Oct 11, 2024" />
<!--

Hey, you! Looking in the source for the replay log?

You can find them in JSON format, just add `.json` at the end of a replay URL.

https://replay.pokemonshowdown.com/gen7randomdoublesbattle-865046831.json

Or, if you only need the log itself, add `.log` instead:

https://replay.pokemonshowdown.com/gen7randomdoublesbattle-865046831.log

-->

<link rel="stylesheet" href="//pokemonshowdown.com/style/global.css?0.767286132409787" />
<link rel="stylesheet" href="//play.pokemonshowdown.com/style/font-awesome.css?0.9266228007934947" />
<link rel="stylesheet" href="//play.pokemonshowdown.com/style/battle.css?0.7924700842790926" />
<link rel="stylesheet" href="//play.pokemonshowdown.com/style/utilichart.css?0.8777417872839479" />

<!-- Global site tag (gtag.js) - Google Analytics -->
<script async src="https://www.googletagmanager.com/gtag/js?id=UA-26211653-1"></script>
<script>
  window.dataLayer = window.dataLayer || [];
  function gtag(){dataLayer.push(arguments);}
  gtag('js', new Date());

  gtag('config', 'UA-26211653-1');
</script>
<!-- End Google Analytics -->
<!-- Venatus Ad Manager - Install in <HEAD> of page -->
	<script src="https://hb.vntsm.com/v3/live/ad-manager.min.js" type="text/javascript" data-site-id="642aba63ec9a7b11c3c9c1be" data-mode="scan" async></script>
<!-- / Venatus Ad Manager -->

<style>
	@media (max-width:820px) {
		.battle {
			margin: 0 auto;
		}
		.battle-log {
			margin: 7px auto 0;
			max-width: 640px;
			height: 300px;
			position: static;
		}
	}
	.optgroup {
		display: inline-block;
		line-height: 22px;
		font-size: 10pt;
	}
	.optgroup .button {
		height: 25px;
		padding-top: 0;
		padding-bottom: 0;
	}
	.optgroup button.button {
		padding-left: 12px;
		padding-right: 12px;
	}
	.linklist {
		list-style: none;
		margin: 0.5em 0;
		padding: 0;
	}
	.linklist li {
		padding: 2px 0;
	}
	.sidebar {
		float: left;
		width: 320px;
	}
	.bar-wrapper {
		max-width: 1100px;
		margin: 0 auto;
	}
	.bar-wrapper.has-sidebar {
		max-width: 1430px;
	}
	.mainbar {
		margin: 0;
		padding-right: 1px;
	}
	.mainbar.has-sidebar {
		margin-left: 330px;
	}
	@media (min-width: 1511px) {
		.sidebar {
			width: 400px;
		}
		.bar-wrapper.has-sidebar {
			max-width: 1510px;
		}
		.mainbar.has-sidebar {
			margin-left: 410px;
		}
	}
	.section.first-section {
		margin-top: 9px;
	}
	.blocklink small {
		white-space: normal;
	}
	.button {
		vertical-align: middle;
	}
	.replay-controls {
		padding-top: 10px;
	}
	.replay-controls h1 {
		font-size: 16pt;
		font-weight: normal;
		color: #CCC;
	}
	.pagelink {
		text-align: center;
	}
	.pagelink a {
		width: 150px;
	}
	.textbox, .button {
		font-size: 11pt;
		vertical-align: middle;
	}
	@media (max-width: 450px) {
		.button {
			font-size: 9pt;
		}
	}
</style>

<div>

	<header>
		<div class="nav-wrapper"><ul class="nav">
			<li><a class="button nav-first" href="//pokemonshowdown.com/"><img src="//pokemonshowdown.com/images/pokemonshowdownbeta.png" srcset="//pokemonshowdown.com/images/pokemonshowdownbeta.png 1x, //pokemonshowdown.com/images/pokemonshowdownbeta@2x.png 2x" alt="Pok&eacute;mon Showdown" width="146" height="44" /> Home</a></li>
			<li><a class="button" href="//pokemonshowdown.com/dex/">Pok&eacute;dex</a></li>
			<li><a class="button cur" href="/">Replays</a></li>
			<li><a class="button" href="//pokemonshowdown.com/ladder/">Ladder</a></li>
			<li><a class="button nav-last" href="//pokemonshowdown.com/forums/">Forum</a></li>
			<li><a class="button greenbutton nav-first nav-last" href="//play.pokemonshowdown.com/">Play</a></li>
		</ul></div>
	</header>

	<div class="main" id="main">

		<noscript><section class="section">You need to enable JavaScript to use this page; sorry!</section></noscript>

	</div>

</div>

<script defer nomodule src="//play.pokemonshowdown.com/js/lib/ps-polyfill.js"></script>
<script defer src="//play.pokemonshowdown.com/js/lib/preact.min.js"></script>

<script defer src="//play.pokemonshowdown.com/config/config.js?6dec07f6"></script>
<script defer src="//play.pokemonshowdown.com/js/lib/jquery-1.11.0.min.js"></script>
<script defer src="//play.pokemonshowdown.com/js/lib/html-sanitizer-minified.js"></script>
<script defer src="//play.pokemonshowdown.com/js/battle-sound.js"></script>
<script defer src="//play.pokemonshowdown.com/js/battledata.js?0.6315294753075389"></script>
<script defer src="//play.pokemonshowdown.com/data/pokedex-mini.js?0.7603743185311358"></script>
<script defer src="//play.pokemonshowdown.com/data/pokedex-mini-bw.js?0.030888842834281283"></script>
<script defer src="//play.pokemonshowdown.com/data/graphics.js?0.05593094747507488"></script>
<script defer src="//play.pokemonshowdown.com/data/pokedex.js?0.47064822249611904"></script>
<script defer src="//play.pokemonshowdown.com/data/moves.js?0.8583693120512459"></script>
<script defer src="//play.pokemonshowdown.com/data/abilities.js?0.16017181182386842"></script>
<script defer src="//play.pokemonshowdown.com/data/items.js?0.4163379185673943"></script>
<script defer src="//play.pokemonshowdown.com/data/teambuilder-tables.js?0.31075597372830477"></script>
<script defer src="//play.pokemonshowdown.com/js/battle-tooltips.js?0.6536193500708172"></script>
<script defer src="//play.pokemonshowdown.com/js/battle.js?0.1916591943277901"></script>

<script defer src="js/utils.js?e31f9a17"></script>
<script defer src="js/replays-battle.js?7008c182"></script>

<!-- don't scrape this data! just add .json or .log after the URL!
Full API docs: https://github.com/smogon/pokemon-showdown-client/blob/master/WEB-API.md -->
<script type="text/plain" class="log" id="replaylog-smogtours-gen3ou-797240">
|inactive|Battle timer is ON: inactive players will automatically lose when time's up.
|t:|1728672924
|gametype|singles
|player|p1|Elian|erika-gen2|
|player|p2|ljsampson|2|
|teamsize|p1|6
|teamsize|p2|6
|gen|3
|tier|[Gen 3] OU
|rule|Sleep Clause Mod: Limit one foe put to sleep
|rule|Switch Priority Clause Mod: Faster Pokémon switch first
|rule|Species Clause: Limit one of each Pokémon
|rule|OHKO Clause: OHKO moves are banned
|rule|Evasion Items Clause: Evasion items are banned
|rule|Evasion Moves Clause: Evasion moves are banned
|rule|Endless Battle Clause: Forcing endless battles is banned
|rule|HP Percentage Mod: HP is shown in percentages
|rule|One Boost Passer Clause: Limit one Baton Passer that has a way to boost its stats
|rule|Freeze Clause Mod: Limit one foe frozen
|
|t:|1728672924
|start
|switch|p1a: Swampert|Swampert, M|100/100
|switch|p2a: Regirock|Regirock|100/100
|turn|1
|c|+Sheik|Go team
|
|t:|1728672935
|move|p1a: Swampert|Curse|p1a: Swampert
|-unboost|p1a: Swampert|spe|1
|-boost|p1a: Swampert|atk|1
|-boost|p1a: Swampert|def|1
|move|p2a: Regirock|Explosion|p1a: Swampert
|-damage|p1a: Swampert|0 fnt
|faint|p2a: Regirock
|faint|p1a: Swampert
|
|t:|1728672955
|switch|p1a: Aerodactyl|Aerodactyl, F|100/100
|switch|p2a: Suicune|Suicune|100/100
|
|upkeep
|turn|2
|
|t:|1728672961
|switch|p1a: Zapdos|Zapdos|100/100
|move|p2a: Suicune|Calm Mind|p2a: Suicune
|-boost|p2a: Suicune|spa|1
|-boost|p2a: Suicune|spd|1
|
|upkeep
|turn|3
|
|t:|1728672980
|switch|p2a: Snorlax|Snorlax, F|100/100
|move|p1a: Zapdos|Roar|p2a: Snorlax
|drag|p2a: Zapdos|Zapdos|100/100
|
|upkeep
|turn|4
|
|t:|1728672989
|move|p2a: Zapdos|Toxic|p1a: Zapdos
|-status|p1a: Zapdos|tox
|move|p1a: Zapdos|Thunderbolt|p2a: Zapdos
|-damage|p2a: Zapdos|53/100
|
|-heal|p2a: Zapdos|59/100|[from] item: Leftovers
|-damage|p1a: Zapdos|94/100 tox|[from] psn
|upkeep
|turn|5
|
|t:|1728672994
|switch|p2a: Snorlax|Snorlax, F|100/100
|switch|p1a: Blissey|Blissey, F|100/100
|
|upkeep
|turn|6
|
|t:|1728672999
|switch|p1a: Skarmory|Skarmory, M|100/100
|move|p2a: Snorlax|Return|p1a: Skarmory
|-resisted|p1a: Skarmory
|-damage|p1a: Skarmory|82/100
|
|-heal|p1a: Skarmory|88/100|[from] item: Leftovers
|upkeep
|turn|7
|
|t:|1728673001
|switch|p2a: Zapdos|Zapdos|59/100
|move|p1a: Skarmory|Spikes|p2a: Zapdos
|-sidestart|p2: ljsampson|Spikes
|
|-heal|p2a: Zapdos|65/100|[from] item: Leftovers
|-heal|p1a: Skarmory|94/100|[from] item: Leftovers
|upkeep
|turn|8
|
|t:|1728673005
|switch|p1a: Blissey|Blissey, F|100/100
|move|p2a: Zapdos|Thunderbolt|p1a: Blissey
|-damage|p1a: Blissey|81/100
|-status|p1a: Blissey|par
|
|-heal|p2a: Zapdos|72/100|[from] item: Leftovers
|-heal|p1a: Blissey|87/100 par|[from] item: Leftovers
|upkeep
|turn|9
|
|t:|1728673010
|switch|p2a: Claydol|Claydol|100/100
|move|p1a: Blissey|Aromatherapy|p1a: Blissey
|-cureteam|p1a: Blissey|[from] move: Aromatherapy
|
|-heal|p1a: Blissey|94/100|[from] item: Leftovers
|upkeep
|turn|10
|
|t:|1728673013
|switch|p1a: Skarmory|Skarmory, M|94/100
|move|p2a: Claydol|Rapid Spin|p1a: Skarmory
|-resisted|p1a: Skarmory
|-crit|p1a: Skarmory
|-damage|p1a: Skarmory|90/100
|-sideend|p2: ljsampson|Spikes|[from] move: Rapid Spin|[of] p2a: Claydol
|
|-heal|p1a: Skarmory|96/100|[from] item: Leftovers
|upkeep
|turn|11
|
|t:|1728673025
|switch|p2a: Zapdos|Zapdos|72/100
|move|p1a: Skarmory|Spikes|p2a: Zapdos
|-sidestart|p2: ljsampson|Spikes
|
|-heal|p2a: Zapdos|78/100|[from] item: Leftovers
|-heal|p1a: Skarmory|100/100|[from] item: Leftovers
|upkeep
|turn|12
|
|t:|1728673031
|switch|p1a: Blissey|Blissey, F|94/100
|move|p2a: Zapdos|Thunderbolt|p1a: Blissey
|-damage|p1a: Blissey|75/100
|
|-heal|p2a: Zapdos|84/100|[from] item: Leftovers
|-heal|p1a: Blissey|81/100|[from] item: Leftovers
|upkeep
|turn|13
|
|t:|1728673041
|switch|p2a: Suicune|Suicune|100/100
|-damage|p2a: Suicune|88/100|[from] Spikes
|move|p1a: Blissey|Ice Beam|p2a: Suicune
|-resisted|p2a: Suicune
|-damage|p2a: Suicune|78/100
|
|-heal|p2a: Suicune|85/100|[from] item: Leftovers
|-heal|p1a: Blissey|87/100|[from] item: Leftovers
|upkeep
|turn|14
|
|t:|1728673049
|move|p2a: Suicune|Calm Mind|p2a: Suicune
|-boost|p2a: Suicune|spa|1
|-boost|p2a: Suicune|spd|1
|move|p1a: Blissey|Seismic Toss|p2a: Suicune
|-damage|p2a: Suicune|60/100
|
|-heal|p2a: Suicune|66/100|[from] item: Leftovers
|-heal|p1a: Blissey|94/100|[from] item: Leftovers
|upkeep
|turn|15
|
|t:|1728673054
|move|p2a: Suicune|Calm Mind|p2a: Suicune
|-boost|p2a: Suicune|spa|1
|-boost|p2a: Suicune|spd|1
|move|p1a: Blissey|Seismic Toss|p2a: Suicune
|-damage|p2a: Suicune|41/100
|
|-heal|p2a: Suicune|48/100|[from] item: Leftovers
|-heal|p1a: Blissey|99/100|[from] item: Leftovers
|upkeep
|turn|16
|
|t:|1728673060
|move|p2a: Suicune|Calm Mind|p2a: Suicune
|-boost|p2a: Suicune|spa|1
|-boost|p2a: Suicune|spd|1
|move|p1a: Blissey|Seismic Toss|p2a: Suicune
|-damage|p2a: Suicune|23/100
|
|-heal|p2a: Suicune|29/100|[from] item: Leftovers
|-heal|p1a: Blissey|100/100|[from] item: Leftovers
|upkeep
|turn|17
|
|t:|1728673064
|move|p2a: Suicune|Rest|p2a: Suicune
|-status|p2a: Suicune|slp|[from] move: Rest
|-heal|p2a: Suicune|100/100 slp|[silent]
|move|p1a: Blissey|Seismic Toss|p2a: Suicune
|-damage|p2a: Suicune|76/100 slp
|
|-heal|p2a: Suicune|82/100 slp|[from] item: Leftovers
|upkeep
|turn|18
|
|t:|1728673066
|switch|p1a: Zapdos|Zapdos|94/100
|cant|p2a: Suicune|slp
|
|-heal|p1a: Zapdos|100/100|[from] item: Leftovers
|-heal|p2a: Suicune|88/100 slp|[from] item: Leftovers
|upkeep
|turn|19
|
|t:|1728673070
|move|p1a: Zapdos|Roar|p2a: Suicune
|drag|p2a: Zapdos|Zapdos|84/100
|
|-heal|p2a: Zapdos|90/100|[from] item: Leftovers
|upkeep
|turn|20
|
|t:|1728673076
|switch|p1a: Blissey|Blissey, F|100/100
|move|p2a: Zapdos|Toxic|p1a: Blissey
|-status|p1a: Blissey|tox
|
|-heal|p2a: Zapdos|96/100|[from] item: Leftovers
|-damage|p1a: Blissey|94/100 tox|[from] psn
|upkeep
|turn|21
|
|t:|1728673093
|switch|p2a: Snorlax|Snorlax, F|100/100
|-damage|p2a: Snorlax|88/100|[from] Spikes
|move|p1a: Blissey|Ice Beam|p2a: Snorlax
|-damage|p2a: Snorlax|74/100
|
|-heal|p1a: Blissey|100/100 tox|[from] item: Leftovers
|-damage|p1a: Blissey|88/100 tox|[from] psn
|-heal|p2a: Snorlax|80/100|[from] item: Leftovers
|upkeep
|turn|22
|
|t:|1728673098
|-curestatus|p1a: Blissey|tox|[from] ability: Natural Cure
|switch|p1a: Skarmory|Skarmory, M|100/100
|switch|p2a: Claydol|Claydol|100/100
|
|upkeep
|turn|23
|
|t:|1728673101
|move|p1a: Skarmory|Toxic|p2a: Claydol
|-status|p2a: Claydol|tox
|move|p2a: Claydol|Rapid Spin|p1a: Skarmory
|-resisted|p1a: Skarmory
|-damage|p1a: Skarmory|99/100
|-sideend|p2: ljsampson|Spikes|[from] move: Rapid Spin|[of] p2a: Claydol
|
|-heal|p1a: Skarmory|100/100|[from] item: Leftovers
|-damage|p2a: Claydol|94/100 tox|[from] psn
|upkeep
|turn|24
|
|t:|1728673107
|switch|p2a: Celebi|Celebi|100/100
|move|p1a: Skarmory|Spikes|p2a: Celebi
|-sidestart|p2: ljsampson|Spikes
|
|upkeep
|turn|25
|
|t:|1728673125
|move|p2a: Celebi|Psychic|p1a: Skarmory
|-resisted|p1a: Skarmory
|-damage|p1a: Skarmory|81/100
|-unboost|p1a: Skarmory|spd|1
|move|p1a: Skarmory|Roar|p2a: Celebi
|drag|p2a: Snorlax|Snorlax, F|80/100
|-damage|p2a: Snorlax|68/100|[from] Spikes
|
|-heal|p1a: Skarmory|87/100|[from] item: Leftovers
|-heal|p2a: Snorlax|74/100|[from] item: Leftovers
|upkeep
|turn|26
|
|t:|1728673130
|move|p1a: Skarmory|Spikes|p2a: Snorlax
|-sidestart|p2: ljsampson|Spikes
|move|p2a: Snorlax|Return|p1a: Skarmory
|-resisted|p1a: Skarmory
|-damage|p1a: Skarmory|69/100
|
|-heal|p1a: Skarmory|75/100|[from] item: Leftovers
|-heal|p2a: Snorlax|80/100|[from] item: Leftovers
|upkeep
|turn|27
|
|t:|1728673139
|move|p2a: Snorlax|Return|p1a: Skarmory
|-resisted|p1a: Skarmory
|-damage|p1a: Skarmory|54/100
|move|p1a: Skarmory|Roar|p2a: Snorlax
|drag|p2a: Zapdos|Zapdos|96/100
|
|-heal|p2a: Zapdos|100/100|[from] item: Leftovers
|-heal|p1a: Skarmory|60/100|[from] item: Leftovers
|upkeep
|turn|28
|
|t:|1728673145
|switch|p2a: Claydol|Claydol|94/100 tox
|switch|p1a: Blissey|Blissey, F|88/100
|
|-heal|p2a: Claydol|100/100 tox|[from] item: Leftovers
|-damage|p2a: Claydol|94/100 tox|[from] psn
|-heal|p1a: Blissey|94/100|[from] item: Leftovers
|upkeep
|turn|29
|
|t:|1728673148
|move|p2a: Claydol|Rapid Spin|p1a: Blissey
|-damage|p1a: Blissey|89/100
|-sideend|p2: ljsampson|Spikes|[from] move: Rapid Spin|[of] p2a: Claydol
|move|p1a: Blissey|Ice Beam|p2a: Claydol
|-supereffective|p2a: Claydol
|-damage|p2a: Claydol|46/100 tox
|
|-heal|p2a: Claydol|53/100 tox|[from] item: Leftovers
|-damage|p2a: Claydol|40/100 tox|[from] psn
|-heal|p1a: Blissey|95/100|[from] item: Leftovers
|upkeep
|turn|30
|
|t:|1728673153
|switch|p1a: Magneton|Magneton|100/100
|move|p2a: Claydol|Explosion|p1a: Magneton
|-resisted|p1a: Magneton
|-damage|p1a: Magneton|5/100
|faint|p2a: Claydol
|
|t:|1728673160
|switch|p2a: Zapdos|Zapdos|100/100
|
|upkeep
|turn|31
|
|t:|1728673164
|switch|p1a: Blissey|Blissey, F|95/100
|move|p2a: Zapdos|Thunderbolt|p1a: Blissey
|-damage|p1a: Blissey|75/100
|
|-heal|p1a: Blissey|81/100|[from] item: Leftovers
|upkeep
|turn|32
|
|t:|1728673174
|switch|p2a: Snorlax|Snorlax, F|80/100
|move|p1a: Blissey|Seismic Toss|p2a: Snorlax
|-damage|p2a: Snorlax|58/100
|
|-heal|p1a: Blissey|87/100|[from] item: Leftovers
|-heal|p2a: Snorlax|64/100|[from] item: Leftovers
|upkeep
|turn|33
|
|t:|1728673183
|switch|p1a: Skarmory|Skarmory, M|60/100
|move|p2a: Snorlax|Return|p1a: Skarmory
|-resisted|p1a: Skarmory
|-damage|p1a: Skarmory|43/100
|
|-heal|p1a: Skarmory|49/100|[from] item: Leftovers
|-heal|p2a: Snorlax|70/100|[from] item: Leftovers
|upkeep
|turn|34
|
|t:|1728673208
|move|p1a: Skarmory|Spikes|p2a: Snorlax
|-sidestart|p2: ljsampson|Spikes
|move|p2a: Snorlax|Self-Destruct|p1a: Skarmory
|-resisted|p1a: Skarmory
|-damage|p1a: Skarmory|0 fnt
|faint|p2a: Snorlax
|faint|p1a: Skarmory
|
|t:|1728673217
|switch|p1a: Aerodactyl|Aerodactyl, F|100/100
|switch|p2a: Zapdos|Zapdos|100/100
|
|upkeep
|turn|35
|
|t:|1728673228
|switch|p2a: Suicune|Suicune|88/100 slp
|-damage|p2a: Suicune|76/100 slp|[from] Spikes
|move|p1a: Aerodactyl|Rock Slide|p2a: Suicune
|-damage|p2a: Suicune|48/100 slp
|
|-heal|p2a: Suicune|54/100 slp|[from] item: Leftovers
|upkeep
|turn|36
|
|t:|1728673234
|switch|p1a: Zapdos|Zapdos|100/100
|cant|p2a: Suicune|slp
|
|-heal|p2a: Suicune|60/100 slp|[from] item: Leftovers
|upkeep
|turn|37
|
|t:|1728673237
|switch|p2a: Celebi|Celebi|100/100
|-damage|p2a: Celebi|88/100|[from] Spikes
|move|p1a: Zapdos|Thunderbolt|p2a: Celebi
|-resisted|p2a: Celebi
|-damage|p2a: Celebi|70/100
|
|-heal|p2a: Celebi|76/100|[from] item: Leftovers
|upkeep
|turn|38
|
|t:|1728673241
|move|p2a: Celebi|Psychic|p1a: Zapdos
|-damage|p1a: Zapdos|71/100
|move|p1a: Zapdos|Toxic|p2a: Celebi
|-status|p2a: Celebi|tox
|
|-heal|p2a: Celebi|82/100 tox|[from] item: Leftovers
|-damage|p2a: Celebi|76/100 tox|[from] psn
|-heal|p1a: Zapdos|77/100|[from] item: Leftovers
|upkeep
|turn|39
|
|t:|1728673246
|switch|p1a: Blissey|Blissey, F|87/100
|move|p2a: Celebi|Psychic|p1a: Blissey
|-damage|p1a: Blissey|69/100
|-unboost|p1a: Blissey|spd|1
|
|-heal|p2a: Celebi|82/100 tox|[from] item: Leftovers
|-damage|p2a: Celebi|70/100 tox|[from] psn
|-heal|p1a: Blissey|75/100|[from] item: Leftovers
|upkeep
|turn|40
|
|t:|1728673251
|-curestatus|p2a: Celebi|tox|[from] ability: Natural Cure
|switch|p2a: Suicune|Suicune|60/100 slp
|-damage|p2a: Suicune|48/100 slp|[from] Spikes
|move|p1a: Blissey|Seismic Toss|p2a: Suicune
|-damage|p2a: Suicune|23/100 slp
|
|-heal|p2a: Suicune|29/100 slp|[from] item: Leftovers
|-heal|p1a: Blissey|81/100|[from] item: Leftovers
|upkeep
|turn|41
|
|t:|1728673255
|switch|p1a: Magneton|Magneton|5/100
|-curestatus|p2a: Suicune|slp|[msg]
|move|p2a: Suicune|Rest|p2a: Suicune
|-status|p2a: Suicune|slp|[from] move: Rest
|-heal|p2a: Suicune|100/100 slp|[silent]
|
|upkeep
|turn|42
|
|t:|1728673270
|switch|p2a: Zapdos|Zapdos|100/100
|move|p1a: Magneton|Hidden Power|p2a: Zapdos
|-damage|p2a: Zapdos|69/100
|
|-heal|p2a: Zapdos|76/100|[from] item: Leftovers
|upkeep
|turn|43
|
|t:|1728673277
|switch|p1a: Blissey|Blissey, F|81/100
|move|p2a: Zapdos|Thunderbolt|p1a: Blissey
|-damage|p1a: Blissey|63/100
|
|-heal|p2a: Zapdos|82/100|[from] item: Leftovers
|-heal|p1a: Blissey|69/100|[from] item: Leftovers
|upkeep
|turn|44
|
|t:|1728673281
|move|p2a: Zapdos|Toxic|p1a: Blissey
|-status|p1a: Blissey|tox
|move|p1a: Blissey|Seismic Toss|p2a: Zapdos
|-damage|p2a: Zapdos|51/100
|
|-heal|p2a: Zapdos|57/100|[from] item: Leftovers
|-heal|p1a: Blissey|75/100 tox|[from] item: Leftovers
|-damage|p1a: Blissey|69/100 tox|[from] psn
|upkeep
|turn|45
|
|t:|1728673306
|switch|p2a: Suicune|Suicune|100/100 slp
|-damage|p2a: Suicune|88/100 slp|[from] Spikes
|move|p1a: Blissey|Aromatherapy|p1a: Blissey
|-cureteam|p1a: Blissey|[from] move: Aromatherapy
|
|-heal|p2a: Suicune|94/100 slp|[from] item: Leftovers
|-heal|p1a: Blissey|75/100|[from] item: Leftovers
|upkeep
|turn|46
|
|t:|1728673312
|switch|p1a: Magneton|Magneton|5/100
|cant|p2a: Suicune|slp
|
|-heal|p2a: Suicune|100/100 slp|[from] item: Leftovers
|upkeep
|turn|47
|
|t:|1728673315
|switch|p2a: Celebi|Celebi|70/100
|-damage|p2a: Celebi|57/100|[from] Spikes
|move|p1a: Magneton|Thunderbolt|p2a: Celebi
|-resisted|p2a: Celebi
|-damage|p2a: Celebi|33/100
|
|-heal|p2a: Celebi|39/100|[from] item: Leftovers
|upkeep
|turn|48
|
|t:|1728673320
|switch|p1a: Aerodactyl|Aerodactyl, F|100/100
|move|p2a: Celebi|Psychic|p1a: Aerodactyl
|-damage|p1a: Aerodactyl|44/100
|-unboost|p1a: Aerodactyl|spd|1
|
|-heal|p2a: Celebi|45/100|[from] item: Leftovers
|upkeep
|turn|49
|
|t:|1728673328
|switch|p2a: Suicune|Suicune|100/100 slp
|-damage|p2a: Suicune|88/100 slp|[from] Spikes
|move|p1a: Aerodactyl|Double-Edge|p2a: Suicune
|-damage|p2a: Suicune|58/100 slp
|
|-heal|p2a: Suicune|64/100 slp|[from] item: Leftovers
|upkeep
|turn|50
|
|t:|1728673339
|move|p1a: Aerodactyl|Double-Edge|p2a: Suicune
|-damage|p2a: Suicune|35/100 slp
|cant|p2a: Suicune|slp
|
|-heal|p2a: Suicune|42/100 slp|[from] item: Leftovers
|upkeep
|turn|51
|
|t:|1728673352
|switch|p1a: Zapdos|Zapdos|77/100
|-curestatus|p2a: Suicune|slp|[msg]
|move|p2a: Suicune|Surf|p1a: Zapdos
|-damage|p1a: Zapdos|56/100
|
|-heal|p1a: Zapdos|62/100|[from] item: Leftovers
|-heal|p2a: Suicune|48/100|[from] item: Leftovers
|upkeep
|turn|52
|
|t:|1728673362
|switch|p2a: Zapdos|Zapdos|57/100
|move|p1a: Zapdos|Thunderbolt|p2a: Zapdos
|-damage|p2a: Zapdos|7/100
|
|-heal|p2a: Zapdos|13/100|[from] item: Leftovers
|-heal|p1a: Zapdos|68/100|[from] item: Leftovers
|upkeep
|turn|53
|
|t:|1728673378
|switch|p1a: Blissey|Blissey, F|75/100
|move|p2a: Zapdos|Thunderbolt|p1a: Blissey
|-damage|p1a: Blissey|56/100
|
|-heal|p2a: Zapdos|20/100|[from] item: Leftovers
|-heal|p1a: Blissey|62/100|[from] item: Leftovers
|upkeep
|turn|54
|
|t:|1728673390
|switch|p2a: Suicune|Suicune|48/100
|-damage|p2a: Suicune|35/100|[from] Spikes
|move|p1a: Blissey|Seismic Toss|p2a: Suicune
|-damage|p2a: Suicune|11/100
|
|-heal|p2a: Suicune|17/100|[from] item: Leftovers
|-heal|p1a: Blissey|68/100|[from] item: Leftovers
|upkeep
|turn|55
|
|t:|1728673400
|switch|p1a: Magneton|Magneton|5/100
|move|p2a: Suicune|Rest|p2a: Suicune
|-status|p2a: Suicune|slp|[from] move: Rest
|-heal|p2a: Suicune|100/100 slp|[silent]
|
|upkeep
|turn|56
|
|t:|1728673406
|switch|p2a: Zapdos|Zapdos|20/100
|move|p1a: Magneton|Thunderbolt|p2a: Zapdos
|-damage|p2a: Zapdos|0 fnt
|faint|p2a: Zapdos
|
|t:|1728673407
|switch|p2a: Celebi|Celebi|45/100
|-damage|p2a: Celebi|33/100|[from] Spikes
|
|-heal|p2a: Celebi|39/100|[from] item: Leftovers
|upkeep
|turn|57
|
|t:|1728673414
|switch|p1a: Blissey|Blissey, F|68/100
|move|p2a: Celebi|Giga Drain|p1a: Blissey
|-damage|p1a: Blissey|57/100
|-heal|p2a: Celebi|49/100|[from] drain|[of] p1a: Blissey
|
|-heal|p2a: Celebi|55/100|[from] item: Leftovers
|-heal|p1a: Blissey|63/100|[from] item: Leftovers
|upkeep
|turn|58
|
|t:|1728673418
|move|p2a: Celebi|Calm Mind|p2a: Celebi
|-boost|p2a: Celebi|spa|1
|-boost|p2a: Celebi|spd|1
|move|p1a: Blissey|Seismic Toss|p2a: Celebi
|-damage|p2a: Celebi|28/100
|
|-heal|p2a: Celebi|35/100|[from] item: Leftovers
|-heal|p1a: Blissey|69/100|[from] item: Leftovers
|upkeep
|turn|59
|
|t:|1728673424
|move|p2a: Celebi|Giga Drain|p1a: Blissey
|-damage|p1a: Blissey|53/100
|-heal|p2a: Celebi|49/100|[from] drain|[of] p1a: Blissey
|move|p1a: Blissey|Seismic Toss|p2a: Celebi
|-damage|p2a: Celebi|22/100
|
|-heal|p2a: Celebi|28/100|[from] item: Leftovers
|-heal|p1a: Blissey|59/100|[from] item: Leftovers
|upkeep
|turn|60
|
|t:|1728673439
|move|p2a: Celebi|Giga Drain|p1a: Blissey
|-damage|p1a: Blissey|42/100
|-heal|p2a: Celebi|43/100|[from] drain|[of] p1a: Blissey
|move|p1a: Blissey|Seismic Toss|p2a: Celebi
|-damage|p2a: Celebi|16/100
|
|-heal|p2a: Celebi|22/100|[from] item: Leftovers
|-heal|p1a: Blissey|49/100|[from] item: Leftovers
|upkeep
|turn|61
|
|t:|1728673446
|move|p2a: Celebi|Giga Drain|p1a: Blissey
|-crit|p1a: Blissey
|-damage|p1a: Blissey|14/100
|-heal|p2a: Celebi|52/100|[from] drain|[of] p1a: Blissey
|move|p1a: Blissey|Seismic Toss|p2a: Celebi
|-damage|p2a: Celebi|25/100
|
|-heal|p2a: Celebi|32/100|[from] item: Leftovers
|-heal|p1a: Blissey|20/100|[from] item: Leftovers
|upkeep
|turn|62
|
|t:|1728673454
|move|p2a: Celebi|Psychic|p1a: Blissey
|-damage|p1a: Blissey|0 fnt
|faint|p1a: Blissey
|
|t:|1728673457
|switch|p1a: Aerodactyl|Aerodactyl, F|44/100
|
|-heal|p2a: Celebi|38/100|[from] item: Leftovers
|upkeep
|turn|63
|
|t:|1728673460
|switch|p2a: Suicune|Suicune|100/100 slp
|-damage|p2a: Suicune|88/100 slp|[from] Spikes
|move|p1a: Aerodactyl|Hidden Power|p2a: Suicune
|-damage|p2a: Suicune|70/100 slp
|
|-heal|p2a: Suicune|76/100 slp|[from] item: Leftovers
|upkeep
|turn|64
|
|t:|1728673473
|switch|p1a: Zapdos|Zapdos|68/100
|switch|p2a: Celebi|Celebi|38/100
|-damage|p2a: Celebi|25/100|[from] Spikes
|
|-heal|p2a: Celebi|32/100|[from] item: Leftovers
|-heal|p1a: Zapdos|75/100|[from] item: Leftovers
|upkeep
|turn|65
|inactive|ljsampson has 270 seconds left.
|
|t:|1728673504
|switch|p1a: Magneton|Magneton|5/100
|move|p2a: Celebi|Calm Mind|p2a: Celebi
|-boost|p2a: Celebi|spa|1
|-boost|p2a: Celebi|spd|1
|
|-heal|p2a: Celebi|38/100|[from] item: Leftovers
|upkeep
|turn|66
|
|t:|1728673508
|move|p2a: Celebi|Giga Drain|p1a: Magneton
|-resisted|p1a: Magneton
|-damage|p1a: Magneton|0 fnt
|-heal|p2a: Celebi|39/100|[from] drain|[of] p1a: Magneton
|faint|p1a: Magneton
|
|t:|1728673511
|switch|p1a: Aerodactyl|Aerodactyl, F|44/100
|
|-heal|p2a: Celebi|45/100|[from] item: Leftovers
|upkeep
|turn|67
|
|t:|1728673532
|move|p1a: Aerodactyl|Hidden Power|p2a: Celebi
|-supereffective|p2a: Celebi
|-damage|p2a: Celebi|0 fnt
|faint|p2a: Celebi
|
|t:|1728673534
|switch|p2a: Suicune|Suicune|76/100 slp
|-damage|p2a: Suicune|64/100 slp|[from] Spikes
|
|-heal|p2a: Suicune|70/100 slp|[from] item: Leftovers
|upkeep
|turn|68
|
|t:|1728673541
|switch|p1a: Zapdos|Zapdos|75/100
|cant|p2a: Suicune|slp
|
|-heal|p1a: Zapdos|81/100|[from] item: Leftovers
|-heal|p2a: Suicune|76/100 slp|[from] item: Leftovers
|upkeep
|turn|69
|
|t:|1728673543
|move|p1a: Zapdos|Thunderbolt|p2a: Suicune
|-supereffective|p2a: Suicune
|-damage|p2a: Suicune|21/100 slp
|cant|p2a: Suicune|slp
|
|-heal|p1a: Zapdos|87/100|[from] item: Leftovers
|-heal|p2a: Suicune|27/100 slp|[from] item: Leftovers
|upkeep
|turn|70
|
|t:|1728673546
|move|p1a: Zapdos|Thunderbolt|p2a: Suicune
|-supereffective|p2a: Suicune
|-damage|p2a: Suicune|0 fnt
|faint|p2a: Suicune
|
|win|Elian
|player|p2|

</script>
<script type="application/json" class="data" id="replaydata-smogtours-gen3ou-797240">
{"id":"smogtours-gen3ou-797240","format":"[Gen 3] OU","players":["Elian","ljsampson"],"uploadtime":1728673546,"views":127,"formatid":"gen3ou","rating":null,"private":0,"password":null}
</script>

<script defer src="js/replays.js?9d40a366"></script>
