<!DOCTYPE html>
<meta charset="utf-8" />
<meta name="viewport" content="width=device-width" />

<title>[Gen 3] OU: RoomTemperatureIVs vs. CodeRedSP - Replays - Pok&eacute;mon Showdown!</title>

<meta name="description" content="Watch a replay of a Pok&eacute;mon battle between RoomTemperatureIVs and CodeRedSP! Format: [Gen 3] OU; Date: Oct 20, 2024" />
<!--

Hey, you! Looking in the source for the replay log?

You can find them in JSON format, just add `.json` at the end of a replay URL.

https://replay.pokemonshowdown.com/gen7randomdoublesbattle-865046831.json

Or, if you only need the log itself, add `.log` instead:

https://replay.pokemonshowdown.com/gen7randomdoublesbattle-865046831.log

-->

<link rel="stylesheet" href="//pokemonshowdown.com/style/global.css?0.767286132409787" />
<link rel="stylesheet" href="//play.pokemonshowdown.com/style/font-awesome.css?0.9266228007934947" />
<link rel="stylesheet" href="//play.pokemonshowdown.com/style/battle.css?0.7924700842790926" />
<link rel="stylesheet" href="//play.pokemonshowdown.com/style/utilichart.css?0.8777417872839479" />

<!-- Global site tag (gtag.js) - Google Analytics -->
<script async src="https://www.googletagmanager.com/gtag/js?id=UA-26211653-1"></script>
<script>
  window.dataLayer = window.dataLayer || [];
  function gtag(){dataLayer.push(arguments);}
  gtag('js', new Date());

  gtag('config', 'UA-26211653-1');
</script>
<!-- End Google Analytics -->
<!-- Venatus Ad Manager - Install in <HEAD> of page -->
	<script src="https://hb.vntsm.com/v3/live/ad-manager.min.js" type="text/javascript" data-site-id="642aba63ec9a7b11c3c9c1be" data-mode="scan" async></script>
<!-- / Venatus Ad Manager -->

<style>
	@media (max-width:820px) {
		.battle {
			margin: 0 auto;
		}
		.battle-log {
			margin: 7px auto 0;
			max-width: 640px;
			height: 300px;
			position: static;
		}
	}
	.optgroup {
		display: inline-block;
		line-height: 22px;
		font-size: 10pt;
	}
	.optgroup .button {
		height: 25px;
		padding-top: 0;
		padding-bottom: 0;
	}
	.optgroup button.button {
		padding-left: 12px;
		padding-right: 12px;
	}
	.linklist {
		list-style: none;
		margin: 0.5em 0;
		padding: 0;
	}
	.linklist li {
		padding: 2px 0;
	}
	.sidebar {
		float: left;
		width: 320px;
	}
	.bar-wrapper {
		max-width: 1100px;
		margin: 0 auto;
	}
	.bar-wrapper.has-sidebar {
		max-width: 1430px;
	}
	.mainbar {
		margin: 0;
		padding-right: 1px;
	}
	.mainbar.has-sidebar {
		margin-left: 330px;
	}
	@media (min-width: 1511px) {
		.sidebar {
			width: 400px;
		}
		.bar-wrapper.has-sidebar {
			max-width: 1510px;
		}
		.mainbar.has-sidebar {
			margin-left: 410px;
		}
	}
	.section.first-section {
		margin-top: 9px;
	}
	.blocklink small {
		white-space: normal;
	}
	.button {
		vertical-align: middle;
	}
	.replay-controls {
		padding-top: 10px;
	}
	.replay-controls h1 {
		font-size: 16pt;
		font-weight: normal;
		color: #CCC;
	}
	.pagelink {
		text-align: center;
	}
	.pagelink a {
		width: 150px;
	}
	.textbox, .button {
		font-size: 11pt;
		vertical-align: middle;
	}
	@media (max-width: 450px) {
		.button {
			font-size: 9pt;
		}
	}
</style>

<div>

	<header>
		<div class="nav-wrapper"><ul class="nav">
			<li><a class="button nav-first" href="//pokemonshowdown.com/"><img src="//pokemonshowdown.com/images/pokemonshowdownbeta.png" srcset="//pokemonshowdown.com/images/pokemonshowdownbeta.png 1x, //pokemonshowdown.com/images/pokemonshowdownbeta@2x.png 2x" alt="Pok&eacute;mon Showdown" width="146" height="44" /> Home</a></li>
			<li><a class="button" href="//pokemonshowdown.com/dex/">Pok&eacute;dex</a></li>
			<li><a class="button cur" href="/">Replays</a></li>
			<li><a class="button" href="//pokemonshowdown.com/ladder/">Ladder</a></li>
			<li><a class="button nav-last" href="//pokemonshowdown.com/forums/">Forum</a></li>
			<li><a class="button greenbutton nav-first nav-last" href="//play.pokemonshowdown.com/">Play</a></li>
		</ul></div>
	</header>

	<div class="main" id="main">

		<noscript><section class="section">You need to enable JavaScript to use this page; sorry!</section></noscript>

	</div>

</div>

<script defer nomodule src="//play.pokemonshowdown.com/js/lib/ps-polyfill.js"></script>
<script defer src="//play.pokemonshowdown.com/js/lib/preact.min.js"></script>

<script defer src="//play.pokemonshowdown.com/config/config.js?6dec07f6"></script>
<script defer src="//play.pokemonshowdown.com/js/lib/jquery-1.11.0.min.js"></script>
<script defer src="//play.pokemonshowdown.com/js/lib/html-sanitizer-minified.js"></script>
<script defer src="//play.pokemonshowdown.com/js/battle-sound.js"></script>
<script defer src="//play.pokemonshowdown.com/js/battledata.js?0.6315294753075389"></script>
<script defer src="//play.pokemonshowdown.com/data/pokedex-mini.js?0.7603743185311358"></script>
<script defer src="//play.pokemonshowdown.com/data/pokedex-mini-bw.js?0.030888842834281283"></script>
<script defer src="//play.pokemonshowdown.com/data/graphics.js?0.05593094747507488"></script>
<script defer src="//play.pokemonshowdown.com/data/pokedex.js?0.47064822249611904"></script>
<script defer src="//play.pokemonshowdown.com/data/moves.js?0.8583693120512459"></script>
<script defer src="//play.pokemonshowdown.com/data/abilities.js?0.16017181182386842"></script>
<script defer src="//play.pokemonshowdown.com/data/items.js?0.4163379185673943"></script>
<script defer src="//play.pokemonshowdown.com/data/teambuilder-tables.js?0.31075597372830477"></script>
<script defer src="//play.pokemonshowdown.com/js/battle-tooltips.js?0.6536193500708172"></script>
<script defer src="//play.pokemonshowdown.com/js/battle.js?0.1916591943277901"></script>

<script defer src="js/utils.js?e31f9a17"></script>
<script defer src="js/replays-battle.js?7008c182"></script>

<!-- don't scrape this data! just add .json or .log after the URL!
Full API docs: https://github.com/smogon/pokemon-showdown-client/blob/master/WEB-API.md -->
<script type="text/plain" class="log" id="replaylog-smogtours-gen3ou-800576">
|inactive|Battle timer is ON: inactive players will automatically lose when time's up.
|t:|1729444329
|gametype|singles
|player|p1|RoomTemperatureIVs|scientistf|
|player|p2|CodeRedSP|flannery|
|teamsize|p1|6
|teamsize|p2|6
|gen|3
|tier|[Gen 3] OU
|rule|Sleep Clause Mod: Limit one foe put to sleep
|rule|Switch Priority Clause Mod: Faster Pokémon switch first
|rule|Species Clause: Limit one of each Pokémon
|rule|OHKO Clause: OHKO moves are banned
|rule|Evasion Items Clause: Evasion items are banned
|rule|Evasion Moves Clause: Evasion moves are banned
|rule|Endless Battle Clause: Forcing endless battles is banned
|rule|HP Percentage Mod: HP is shown in percentages
|rule|One Boost Passer Clause: Limit one Baton Passer that has a way to boost its stats
|rule|Freeze Clause Mod: Limit one foe frozen
|
|t:|1729444329
|start
|switch|p1a: Tyranitar|Tyranitar, M|100/100
|switch|p2a: Blaziken|Blaziken, M|100/100
|-weather|Sandstorm|[from] ability: Sand Stream|[of] p1a: Tyranitar
|turn|1
|c|☆CodeRedSP|Glhf
|inactive|RoomTemperatureIVs has 270 seconds left.
|c|☆RoomTemperatureIVs|you too
|inactive|RoomTemperatureIVs has 240 seconds left.
|
|t:|1729444401
|switch|p1a: Swampert|Swampert, M|100/100
|move|p2a: Blaziken|Substitute|p2a: Blaziken
|-start|p2a: Blaziken|Substitute
|-damage|p2a: Blaziken|75/100
|
|-weather|Sandstorm|[upkeep]
|-damage|p2a: Blaziken|69/100|[from] Sandstorm
|upkeep
|turn|2
|inactive|RoomTemperatureIVs has 270 seconds left.
|
|t:|1729444440
|move|p2a: Blaziken|Toxic|p1a: Swampert
|-status|p1a: Swampert|tox
|move|p1a: Swampert|Earthquake|p2a: Blaziken
|-supereffective|p2a: Blaziken
|-end|p2a: Blaziken|Substitute
|
|-weather|Sandstorm|[upkeep]
|-damage|p2a: Blaziken|63/100|[from] Sandstorm
|-damage|p1a: Swampert|94/100 tox|[from] psn
|upkeep
|turn|3
|inactive|RoomTemperatureIVs has 270 seconds left.
|
|t:|1729444447
|move|p2a: Blaziken|Substitute|p2a: Blaziken
|-start|p2a: Blaziken|Substitute
|-damage|p2a: Blaziken|38/100
|move|p1a: Swampert|Hydro Pump|p2a: Blaziken
|-supereffective|p2a: Blaziken
|-end|p2a: Blaziken|Substitute
|
|-weather|Sandstorm|[upkeep]
|-damage|p2a: Blaziken|32/100|[from] Sandstorm
|-heal|p1a: Swampert|100/100 tox|[from] item: Leftovers
|-damage|p1a: Swampert|88/100 tox|[from] psn
|upkeep
|turn|4
|
|t:|1729444452
|switch|p2a: Skarmory|Skarmory, F|100/100
|move|p1a: Swampert|Earthquake|p2a: Skarmory
|-immune|p2a: Skarmory
|
|-weather|Sandstorm|[upkeep]
|-heal|p1a: Swampert|94/100 tox|[from] item: Leftovers
|-damage|p1a: Swampert|76/100 tox|[from] psn
|upkeep
|turn|5
|
|t:|1729444459
|switch|p1a: Tyranitar|Tyranitar, M|100/100
|move|p2a: Skarmory|Spikes|p1a: Tyranitar
|-sidestart|p1: RoomTemperatureIVs|Spikes
|
|-weather|Sandstorm|[upkeep]
|upkeep
|turn|6
|
|t:|1729444464
|-singleturn|p1a: Tyranitar|move: Focus Punch
|move|p2a: Skarmory|Protect|p2a: Skarmory
|-singleturn|p2a: Skarmory|Protect
|move|p1a: Tyranitar|Focus Punch|p2a: Skarmory
|-activate|p2a: Skarmory|Protect
|
|-weather|Sandstorm|[upkeep]
|upkeep
|turn|7
|
|t:|1729444474
|-singleturn|p1a: Tyranitar|move: Focus Punch
|move|p2a: Skarmory|Drill Peck|p1a: Tyranitar
|-resisted|p1a: Tyranitar
|-damage|p1a: Tyranitar|92/100
|move|p1a: Tyranitar|Focus Punch||[still]
|cant|p1a: Tyranitar|Focus Punch|Focus Punch
|
|-weather|Sandstorm|[upkeep]
|upkeep
|turn|8
|
|t:|1729444509
|-singleturn|p1a: Tyranitar|move: Focus Punch
|move|p2a: Skarmory|Spikes|p1a: Tyranitar
|-sidestart|p1: RoomTemperatureIVs|Spikes
|move|p1a: Tyranitar|Focus Punch|p2a: Skarmory
|-damage|p2a: Skarmory|45/100
|
|-weather|Sandstorm|[upkeep]
|-heal|p2a: Skarmory|50/100|[from] item: Leftovers
|upkeep
|turn|9
|inactive|RoomTemperatureIVs has 270 seconds left.
|
|t:|1729444529
|switch|p1a: Blissey|Blissey, F|100/100
|-damage|p1a: Blissey|84/100|[from] Spikes
|move|p2a: Skarmory|Protect||[still]
|-fail|p2a: Skarmory
|
|-weather|Sandstorm|[upkeep]
|-damage|p1a: Blissey|78/100|[from] Sandstorm
|-heal|p2a: Skarmory|56/100|[from] item: Leftovers
|-heal|p1a: Blissey|84/100|[from] item: Leftovers
|upkeep
|turn|10
|inactive|RoomTemperatureIVs has 270 seconds left.
|
|t:|1729444548
|switch|p2a: Blaziken|Blaziken, M|32/100
|move|p1a: Blissey|Fire Blast|p2a: Blaziken
|-resisted|p2a: Blaziken
|-damage|p2a: Blaziken|13/100
|
|-weather|Sandstorm|[upkeep]
|-damage|p2a: Blaziken|7/100|[from] Sandstorm
|-damage|p1a: Blissey|78/100|[from] Sandstorm
|-enditem|p2a: Blaziken|Salac Berry|[eat]
|-boost|p2a: Blaziken|spe|1|[from] item: Salac Berry
|-heal|p1a: Blissey|84/100|[from] item: Leftovers
|upkeep
|turn|11
|inactive|RoomTemperatureIVs has 270 seconds left.
|
|t:|1729444578
|switch|p1a: Celebi|Celebi|100/100
|-damage|p1a: Celebi|84/100|[from] Spikes
|move|p2a: Blaziken|Overheat|p1a: Celebi
|-supereffective|p1a: Celebi
|-damage|p1a: Celebi|0 fnt
|-unboost|p2a: Blaziken|spa|2
|faint|p1a: Celebi
|inactive|RoomTemperatureIVs has 240 seconds left.
|
|t:|1729444596
|switch|p1a: Metagross|Metagross|100/100
|-damage|p1a: Metagross|84/100|[from] Spikes
|
|-weather|Sandstorm|[upkeep]
|-damage|p2a: Blaziken|0 fnt|[from] Sandstorm
|faint|p2a: Blaziken
|upkeep
|
|t:|1729444603
|switch|p2a: Skarmory|Skarmory, F|56/100
|turn|12
|
|t:|1729444614
|switch|p1a: Tyranitar|Tyranitar, M|92/100
|-damage|p1a: Tyranitar|75/100|[from] Spikes
|move|p2a: Skarmory|Protect||[still]
|-fail|p2a: Skarmory
|
|-weather|Sandstorm|[upkeep]
|-heal|p2a: Skarmory|62/100|[from] item: Leftovers
|upkeep
|turn|13
|
|t:|1729444619
|switch|p2a: Swampert|Swampert, F|100/100
|move|p1a: Tyranitar|Rock Slide|p2a: Swampert
|-resisted|p2a: Swampert
|-damage|p2a: Swampert|68/100
|
|-weather|Sandstorm|[upkeep]
|-heal|p2a: Swampert|75/100|[from] item: Leftovers
|upkeep
|turn|14
|inactive|RoomTemperatureIVs has 240 seconds left.
|
|t:|1729444651
|switch|p1a: Blissey|Blissey, F|84/100
|-damage|p1a: Blissey|67/100|[from] Spikes
|move|p2a: Swampert|Earthquake|p1a: Blissey
|-damage|p1a: Blissey|26/100
|
|-weather|Sandstorm|[upkeep]
|-damage|p1a: Blissey|20/100|[from] Sandstorm
|-heal|p1a: Blissey|26/100|[from] item: Leftovers
|-heal|p2a: Swampert|81/100|[from] item: Leftovers
|upkeep
|turn|15
|inactive|RoomTemperatureIVs has 240 seconds left.
|
|t:|1729444658
|move|p1a: Blissey|Soft-Boiled|p1a: Blissey
|-heal|p1a: Blissey|76/100
|move|p2a: Swampert|Earthquake|p1a: Blissey
|-damage|p1a: Blissey|38/100
|
|-weather|Sandstorm|[upkeep]
|-damage|p1a: Blissey|32/100|[from] Sandstorm
|-heal|p1a: Blissey|38/100|[from] item: Leftovers
|-heal|p2a: Swampert|87/100|[from] item: Leftovers
|upkeep
|turn|16
|inactive|RoomTemperatureIVs has 240 seconds left.
|
|t:|1729444671
|move|p1a: Blissey|Soft-Boiled|p1a: Blissey
|-heal|p1a: Blissey|88/100
|move|p2a: Swampert|Earthquake|p1a: Blissey
|-damage|p1a: Blissey|52/100
|
|-weather|Sandstorm|[upkeep]
|-damage|p1a: Blissey|46/100|[from] Sandstorm
|-heal|p1a: Blissey|52/100|[from] item: Leftovers
|-heal|p2a: Swampert|93/100|[from] item: Leftovers
|upkeep
|turn|17
|inactive|RoomTemperatureIVs has 240 seconds left.
|
|t:|1729444684
|switch|p2a: Snorlax|Snorlax, F|100/100
|move|p1a: Blissey|Soft-Boiled|p1a: Blissey
|-heal|p1a: Blissey|100/100
|
|-weather|Sandstorm|[upkeep]
|-damage|p1a: Blissey|94/100|[from] Sandstorm
|-damage|p2a: Snorlax|94/100|[from] Sandstorm
|-heal|p1a: Blissey|100/100|[from] item: Leftovers
|-heal|p2a: Snorlax|100/100|[from] item: Leftovers
|upkeep
|turn|18
|inactive|RoomTemperatureIVs has 240 seconds left.
|
|t:|1729444702
|move|p1a: Blissey|Ice Beam|p2a: Snorlax
|-damage|p2a: Snorlax|86/100
|move|p2a: Snorlax|Curse|p2a: Snorlax
|-unboost|p2a: Snorlax|spe|1
|-boost|p2a: Snorlax|atk|1
|-boost|p2a: Snorlax|def|1
|
|-weather|Sandstorm|[upkeep]
|-damage|p1a: Blissey|94/100|[from] Sandstorm
|-damage|p2a: Snorlax|80/100|[from] Sandstorm
|-heal|p1a: Blissey|100/100|[from] item: Leftovers
|-heal|p2a: Snorlax|86/100|[from] item: Leftovers
|upkeep
|turn|19
|inactive|RoomTemperatureIVs has 240 seconds left.
|
|t:|1729444726
|move|p1a: Blissey|Thunder Wave|p2a: Snorlax
|-status|p2a: Snorlax|par
|move|p2a: Snorlax|Curse|p2a: Snorlax
|-unboost|p2a: Snorlax|spe|1
|-boost|p2a: Snorlax|atk|1
|-boost|p2a: Snorlax|def|1
|
|-weather|Sandstorm|[upkeep]
|-damage|p1a: Blissey|94/100|[from] Sandstorm
|-damage|p2a: Snorlax|80/100 par|[from] Sandstorm
|-heal|p1a: Blissey|100/100|[from] item: Leftovers
|-heal|p2a: Snorlax|86/100 par|[from] item: Leftovers
|upkeep
|turn|20
|
|t:|1729444729
|switch|p1a: Tyranitar|Tyranitar, M|75/100
|-damage|p1a: Tyranitar|59/100|[from] Spikes
|move|p2a: Snorlax|Body Slam|p1a: Tyranitar
|-resisted|p1a: Tyranitar
|-damage|p1a: Tyranitar|25/100
|
|-weather|Sandstorm|[upkeep]
|-damage|p2a: Snorlax|80/100 par|[from] Sandstorm
|-heal|p2a: Snorlax|86/100 par|[from] item: Leftovers
|upkeep
|turn|21
|inactive|RoomTemperatureIVs has 240 seconds left.
|
|t:|1729444735
|move|p1a: Tyranitar|Rock Slide|p2a: Snorlax
|-damage|p2a: Snorlax|58/100 par
|move|p2a: Snorlax|Body Slam|p1a: Tyranitar
|-resisted|p1a: Tyranitar
|-damage|p1a: Tyranitar|0 fnt
|faint|p1a: Tyranitar
|inactive|RoomTemperatureIVs has 240 seconds left.
|
|t:|1729444744
|switch|p1a: Metagross|Metagross|84/100
|-damage|p1a: Metagross|67/100|[from] Spikes
|
|-weather|Sandstorm|[upkeep]
|-damage|p2a: Snorlax|52/100 par|[from] Sandstorm
|-heal|p2a: Snorlax|58/100 par|[from] item: Leftovers
|upkeep
|turn|22
|
|t:|1729444746
|move|p1a: Metagross|Meteor Mash|p2a: Snorlax
|-damage|p2a: Snorlax|29/100 par
|-boost|p1a: Metagross|atk|1
|move|p2a: Snorlax|Shadow Ball|p1a: Metagross
|-damage|p1a: Metagross|24/100
|
|-weather|Sandstorm|[upkeep]
|-damage|p2a: Snorlax|22/100 par|[from] Sandstorm
|-heal|p2a: Snorlax|29/100 par|[from] item: Leftovers
|upkeep
|turn|23
|
|t:|1729444755
|move|p1a: Metagross|Meteor Mash|p2a: Snorlax
|-damage|p2a: Snorlax|0 fnt
|faint|p2a: Snorlax
|
|t:|1729444760
|switch|p2a: Starmie|Starmie|100/100
|
|-weather|Sandstorm|[upkeep]
|-damage|p2a: Starmie|94/100|[from] Sandstorm
|-heal|p2a: Starmie|100/100|[from] item: Leftovers
|upkeep
|turn|24
|
|t:|1729444783
|move|p2a: Starmie|Surf|p1a: Metagross
|-damage|p1a: Metagross|0 fnt
|faint|p1a: Metagross
|
|t:|1729444794
|switch|p1a: Swampert|Swampert, M|76/100 tox
|-damage|p1a: Swampert|59/100 tox|[from] Spikes
|
|-weather|Sandstorm|[upkeep]
|-damage|p2a: Starmie|94/100|[from] Sandstorm
|-heal|p2a: Starmie|100/100|[from] item: Leftovers
|-heal|p1a: Swampert|65/100 tox|[from] item: Leftovers
|-damage|p1a: Swampert|59/100 tox|[from] psn
|upkeep
|turn|25
|
|t:|1729444803
|move|p2a: Starmie|Protect|p2a: Starmie
|-singleturn|p2a: Starmie|Protect
|move|p1a: Swampert|Hydro Pump|p2a: Starmie
|-activate|p2a: Starmie|Protect
|
|-weather|Sandstorm|[upkeep]
|-damage|p2a: Starmie|94/100|[from] Sandstorm
|-heal|p2a: Starmie|100/100|[from] item: Leftovers
|-heal|p1a: Swampert|65/100 tox|[from] item: Leftovers
|-damage|p1a: Swampert|53/100 tox|[from] psn
|upkeep
|turn|26
|
|t:|1729444823
|switch|p2a: Blissey|Blissey, F|100/100
|move|p1a: Swampert|Earthquake|p2a: Blissey
|-damage|p2a: Blissey|65/100
|
|-weather|Sandstorm|[upkeep]
|-damage|p2a: Blissey|59/100|[from] Sandstorm
|-heal|p2a: Blissey|65/100|[from] item: Leftovers
|-heal|p1a: Swampert|59/100 tox|[from] item: Leftovers
|-damage|p1a: Swampert|41/100 tox|[from] psn
|upkeep
|turn|27
|
|t:|1729444833
|move|p2a: Blissey|Wish|p2a: Blissey
|move|p1a: Swampert|Earthquake|p2a: Blissey
|-damage|p2a: Blissey|31/100
|
|-weather|Sandstorm|[upkeep]
|-damage|p2a: Blissey|25/100|[from] Sandstorm
|-heal|p2a: Blissey|31/100|[from] item: Leftovers
|-heal|p1a: Swampert|47/100 tox|[from] item: Leftovers
|-damage|p1a: Swampert|22/100 tox|[from] psn
|upkeep
|turn|28
|
|t:|1729444841
|move|p2a: Blissey|Seismic Toss|p1a: Swampert
|-damage|p1a: Swampert|0 fnt
|faint|p1a: Swampert
|inactive|RoomTemperatureIVs has 270 seconds left.
|
|t:|1729444850
|switch|p1a: Aerodactyl|Aerodactyl, M|100/100
|
|-heal|p2a: Blissey|81/100|[from] move: Wish|[wisher] Blissey
|-weather|Sandstorm|[upkeep]
|-damage|p2a: Blissey|75/100|[from] Sandstorm
|-heal|p2a: Blissey|81/100|[from] item: Leftovers
|upkeep
|turn|29
|
|t:|1729444857
|switch|p2a: Skarmory|Skarmory, F|62/100
|move|p1a: Aerodactyl|Substitute|p1a: Aerodactyl
|-start|p1a: Aerodactyl|Substitute
|-damage|p1a: Aerodactyl|75/100
|
|-weather|Sandstorm|[upkeep]
|-heal|p2a: Skarmory|68/100|[from] item: Leftovers
|upkeep
|turn|30
|
|t:|1729444863
|move|p1a: Aerodactyl|Rock Slide|p2a: Skarmory|[miss]
|-miss|p1a: Aerodactyl|p2a: Skarmory
|move|p2a: Skarmory|Roar|p1a: Aerodactyl
|drag|p1a: Blissey|Blissey, F|100/100
|-damage|p1a: Blissey|84/100|[from] Spikes
|
|-weather|Sandstorm|[upkeep]
|-damage|p1a: Blissey|78/100|[from] Sandstorm
|-heal|p2a: Skarmory|74/100|[from] item: Leftovers
|-heal|p1a: Blissey|84/100|[from] item: Leftovers
|upkeep
|turn|31
|
|t:|1729444866
|move|p2a: Skarmory|Spikes|p1a: Blissey
|-sidestart|p1: RoomTemperatureIVs|Spikes
|move|p1a: Blissey|Thunder Wave|p2a: Skarmory
|-status|p2a: Skarmory|par
|
|-weather|Sandstorm|[upkeep]
|-damage|p1a: Blissey|78/100|[from] Sandstorm
|-heal|p1a: Blissey|84/100|[from] item: Leftovers
|-heal|p2a: Skarmory|80/100 par|[from] item: Leftovers
|upkeep
|turn|32
|
|t:|1729444872
|switch|p2a: Starmie|Starmie|100/100
|move|p1a: Blissey|Soft-Boiled|p1a: Blissey
|-heal|p1a: Blissey|100/100
|
|-weather|Sandstorm|[upkeep]
|-damage|p2a: Starmie|94/100|[from] Sandstorm
|-damage|p1a: Blissey|94/100|[from] Sandstorm
|-heal|p2a: Starmie|100/100|[from] item: Leftovers
|-heal|p1a: Blissey|100/100|[from] item: Leftovers
|upkeep
|turn|33
|
|t:|1729444892
|switch|p2a: Swampert|Swampert, F|93/100
|move|p1a: Blissey|Ice Beam|p2a: Swampert
|-damage|p2a: Swampert|76/100
|
|-weather|Sandstorm|[upkeep]
|-damage|p1a: Blissey|94/100|[from] Sandstorm
|-heal|p1a: Blissey|100/100|[from] item: Leftovers
|-heal|p2a: Swampert|82/100|[from] item: Leftovers
|upkeep
|turn|34
|
|t:|1729444902
|move|p1a: Blissey|Ice Beam|p2a: Swampert
|-damage|p2a: Swampert|66/100
|move|p2a: Swampert|Ice Beam|p1a: Blissey
|-damage|p1a: Blissey|93/100
|-status|p1a: Blissey|frz
|
|-weather|Sandstorm|[upkeep]
|-damage|p1a: Blissey|87/100 frz|[from] Sandstorm
|-heal|p1a: Blissey|93/100 frz|[from] item: Leftovers
|-heal|p2a: Swampert|73/100|[from] item: Leftovers
|upkeep
|turn|35
|
|t:|1729444907
|cant|p1a: Blissey|frz
|move|p2a: Swampert|Ice Beam|p1a: Blissey
|-damage|p1a: Blissey|84/100 frz
|
|-weather|Sandstorm|[upkeep]
|-damage|p1a: Blissey|78/100 frz|[from] Sandstorm
|-heal|p1a: Blissey|84/100 frz|[from] item: Leftovers
|-heal|p2a: Swampert|79/100|[from] item: Leftovers
|upkeep
|turn|36
|
|t:|1729444910
|-curestatus|p1a: Blissey|frz|[msg]
|move|p1a: Blissey|Ice Beam|p2a: Swampert
|-damage|p2a: Swampert|63/100
|move|p2a: Swampert|Earthquake|p1a: Blissey
|-damage|p1a: Blissey|46/100
|
|-weather|Sandstorm|[upkeep]
|-damage|p1a: Blissey|40/100|[from] Sandstorm
|-heal|p1a: Blissey|46/100|[from] item: Leftovers
|-heal|p2a: Swampert|69/100|[from] item: Leftovers
|upkeep
|turn|37
|
|t:|1729444914
|move|p1a: Blissey|Soft-Boiled|p1a: Blissey
|-heal|p1a: Blissey|96/100
|move|p2a: Swampert|Earthquake|p1a: Blissey
|-damage|p1a: Blissey|58/100
|
|-weather|Sandstorm|[upkeep]
|-damage|p1a: Blissey|52/100|[from] Sandstorm
|-heal|p1a: Blissey|58/100|[from] item: Leftovers
|-heal|p2a: Swampert|75/100|[from] item: Leftovers
|upkeep
|turn|38
|
|t:|1729444917
|move|p1a: Blissey|Soft-Boiled|p1a: Blissey
|-heal|p1a: Blissey|100/100
|move|p2a: Swampert|Earthquake|p1a: Blissey
|-damage|p1a: Blissey|63/100
|
|-weather|Sandstorm|[upkeep]
|-damage|p1a: Blissey|57/100|[from] Sandstorm
|-heal|p1a: Blissey|63/100|[from] item: Leftovers
|-heal|p2a: Swampert|81/100|[from] item: Leftovers
|upkeep
|turn|39
|
|t:|1729444924
|switch|p2a: Blissey|Blissey, F|81/100
|move|p1a: Blissey|Ice Beam|p2a: Blissey
|-damage|p2a: Blissey|71/100
|-status|p2a: Blissey|frz
|
|-weather|Sandstorm|[upkeep]
|-damage|p1a: Blissey|57/100|[from] Sandstorm
|-damage|p2a: Blissey|65/100 frz|[from] Sandstorm
|-heal|p1a: Blissey|63/100|[from] item: Leftovers
|-heal|p2a: Blissey|71/100 frz|[from] item: Leftovers
|upkeep
|turn|40
|
|t:|1729444926
|switch|p1a: Aerodactyl|Aerodactyl, M|75/100
|cant|p2a: Blissey|frz
|
|-weather|Sandstorm|[upkeep]
|-damage|p2a: Blissey|65/100 frz|[from] Sandstorm
|-heal|p2a: Blissey|71/100 frz|[from] item: Leftovers
|upkeep
|turn|41
|
|t:|1729444928
|-curestatus|p2a: Blissey|frz|[from] ability: Natural Cure
|switch|p2a: Starmie|Starmie|100/100
|move|p1a: Aerodactyl|Substitute|p1a: Aerodactyl
|-start|p1a: Aerodactyl|Substitute
|-damage|p1a: Aerodactyl|50/100
|
|-weather|Sandstorm|[upkeep]
|-damage|p2a: Starmie|94/100|[from] Sandstorm
|-heal|p2a: Starmie|100/100|[from] item: Leftovers
|upkeep
|turn|42
|
|t:|1729444934
|switch|p2a: Skarmory|Skarmory, F|80/100 par
|move|p1a: Aerodactyl|Double-Edge|p2a: Skarmory
|-resisted|p2a: Skarmory
|-damage|p2a: Skarmory|70/100 par
|
|-weather|Sandstorm|[upkeep]
|-heal|p2a: Skarmory|76/100 par|[from] item: Leftovers
|upkeep
|turn|43
|
|t:|1729444937
|move|p1a: Aerodactyl|Rock Slide|p2a: Skarmory
|-damage|p2a: Skarmory|55/100 par
|move|p2a: Skarmory|Roar|p1a: Aerodactyl
|drag|p1a: Blissey|Blissey, F|63/100
|-damage|p1a: Blissey|38/100|[from] Spikes
|
|-weather|Sandstorm|[upkeep]
|-damage|p1a: Blissey|32/100|[from] Sandstorm
|-heal|p1a: Blissey|38/100|[from] item: Leftovers
|-heal|p2a: Skarmory|61/100 par|[from] item: Leftovers
|upkeep
|turn|44
|
|t:|1729444942
|switch|p2a: Swampert|Swampert, F|81/100
|move|p1a: Blissey|Fire Blast|p2a: Swampert
|-resisted|p2a: Swampert
|-crit|p2a: Swampert
|-damage|p2a: Swampert|61/100
|
|-weather|Sandstorm|[upkeep]
|-damage|p1a: Blissey|32/100|[from] Sandstorm
|-heal|p1a: Blissey|38/100|[from] item: Leftovers
|-heal|p2a: Swampert|67/100|[from] item: Leftovers
|upkeep
|turn|45
|
|t:|1729444945
|move|p1a: Blissey|Soft-Boiled|p1a: Blissey
|-heal|p1a: Blissey|88/100
|move|p2a: Swampert|Earthquake|p1a: Blissey
|-damage|p1a: Blissey|51/100
|
|-weather|Sandstorm|[upkeep]
|-damage|p1a: Blissey|45/100|[from] Sandstorm
|-heal|p1a: Blissey|51/100|[from] item: Leftovers
|-heal|p2a: Swampert|74/100|[from] item: Leftovers
|upkeep
|turn|46
|
|t:|1729444948
|move|p1a: Blissey|Fire Blast|p2a: Swampert
|-resisted|p2a: Swampert
|-crit|p2a: Swampert
|-damage|p2a: Swampert|54/100
|move|p2a: Swampert|Earthquake|p1a: Blissey
|-damage|p1a: Blissey|10/100
|
|-weather|Sandstorm|[upkeep]
|-damage|p1a: Blissey|4/100|[from] Sandstorm
|-heal|p1a: Blissey|10/100|[from] item: Leftovers
|-heal|p2a: Swampert|60/100|[from] item: Leftovers
|upkeep
|turn|47
|
|t:|1729444950
|move|p1a: Blissey|Soft-Boiled|p1a: Blissey
|-heal|p1a: Blissey|60/100
|move|p2a: Swampert|Earthquake|p1a: Blissey
|-damage|p1a: Blissey|24/100
|
|-weather|Sandstorm|[upkeep]
|-damage|p1a: Blissey|18/100|[from] Sandstorm
|-heal|p1a: Blissey|24/100|[from] item: Leftovers
|-heal|p2a: Swampert|66/100|[from] item: Leftovers
|upkeep
|turn|48
|
|t:|1729444953
|move|p1a: Blissey|Soft-Boiled|p1a: Blissey
|-heal|p1a: Blissey|74/100
|move|p2a: Swampert|Earthquake|p1a: Blissey
|-damage|p1a: Blissey|34/100
|
|-weather|Sandstorm|[upkeep]
|-damage|p1a: Blissey|28/100|[from] Sandstorm
|-heal|p1a: Blissey|34/100|[from] item: Leftovers
|-heal|p2a: Swampert|72/100|[from] item: Leftovers
|upkeep
|turn|49
|
|t:|1729444956
|move|p1a: Blissey|Soft-Boiled|p1a: Blissey
|-heal|p1a: Blissey|84/100
|move|p2a: Swampert|Ice Beam|p1a: Blissey
|-damage|p1a: Blissey|76/100
|
|-weather|Sandstorm|[upkeep]
|-damage|p1a: Blissey|70/100|[from] Sandstorm
|-heal|p1a: Blissey|76/100|[from] item: Leftovers
|-heal|p2a: Swampert|78/100|[from] item: Leftovers
|upkeep
|turn|50
|
|t:|1729444962
|move|p1a: Blissey|Fire Blast|p2a: Swampert
|-resisted|p2a: Swampert
|-crit|p2a: Swampert
|-damage|p2a: Swampert|58/100
|move|p2a: Swampert|Ice Beam|p1a: Blissey
|-damage|p1a: Blissey|69/100
|-status|p1a: Blissey|frz
|
|-weather|Sandstorm|[upkeep]
|-damage|p1a: Blissey|63/100 frz|[from] Sandstorm
|-heal|p1a: Blissey|69/100 frz|[from] item: Leftovers
|-heal|p2a: Swampert|64/100|[from] item: Leftovers
|upkeep
|turn|51
|
|t:|1729444966
|-curestatus|p1a: Blissey|frz|[msg]
|move|p1a: Blissey|Soft-Boiled|p1a: Blissey
|-heal|p1a: Blissey|100/100
|move|p2a: Swampert|Earthquake|p1a: Blissey
|-damage|p1a: Blissey|62/100
|
|-weather|Sandstorm|[upkeep]
|-damage|p1a: Blissey|56/100|[from] Sandstorm
|-heal|p1a: Blissey|62/100|[from] item: Leftovers
|-heal|p2a: Swampert|70/100|[from] item: Leftovers
|upkeep
|turn|52
|
|t:|1729444969
|move|p1a: Blissey|Fire Blast|p2a: Swampert
|-resisted|p2a: Swampert
|-damage|p2a: Swampert|60/100
|move|p2a: Swampert|Ice Beam|p1a: Blissey
|-crit|p1a: Blissey
|-damage|p1a: Blissey|47/100
|
|-weather|Sandstorm|[upkeep]
|-damage|p1a: Blissey|41/100|[from] Sandstorm
|-heal|p1a: Blissey|47/100|[from] item: Leftovers
|-heal|p2a: Swampert|66/100|[from] item: Leftovers
|upkeep
|turn|53
|
|t:|1729444973
|move|p1a: Blissey|Soft-Boiled|p1a: Blissey
|-heal|p1a: Blissey|97/100
|move|p2a: Swampert|Ice Beam|p1a: Blissey
|-damage|p1a: Blissey|89/100
|
|-weather|Sandstorm|[upkeep]
|-damage|p1a: Blissey|83/100|[from] Sandstorm
|-heal|p1a: Blissey|89/100|[from] item: Leftovers
|-heal|p2a: Swampert|73/100|[from] item: Leftovers
|upkeep
|turn|54
|
|t:|1729444975
|move|p2a: Swampert|Protect|p2a: Swampert
|-singleturn|p2a: Swampert|Protect
|move|p1a: Blissey|Fire Blast|p2a: Swampert
|-activate|p2a: Swampert|Protect
|
|-weather|Sandstorm|[upkeep]
|-damage|p1a: Blissey|83/100|[from] Sandstorm
|-heal|p1a: Blissey|89/100|[from] item: Leftovers
|-heal|p2a: Swampert|79/100|[from] item: Leftovers
|upkeep
|turn|55
|
|t:|1729444978
|move|p1a: Blissey|Fire Blast|p2a: Swampert
|-resisted|p2a: Swampert
|-damage|p2a: Swampert|69/100
|move|p2a: Swampert|Ice Beam|p1a: Blissey
|-damage|p1a: Blissey|81/100
|-status|p1a: Blissey|frz
|
|-weather|Sandstorm|[upkeep]
|-damage|p1a: Blissey|75/100 frz|[from] Sandstorm
|-heal|p1a: Blissey|81/100 frz|[from] item: Leftovers
|-heal|p2a: Swampert|75/100|[from] item: Leftovers
|upkeep
|turn|56
|
|t:|1729444981
|cant|p1a: Blissey|frz
|move|p2a: Swampert|Earthquake|p1a: Blissey
|-damage|p1a: Blissey|43/100 frz
|
|-weather|Sandstorm|[upkeep]
|-damage|p1a: Blissey|37/100 frz|[from] Sandstorm
|-heal|p1a: Blissey|43/100 frz|[from] item: Leftovers
|-heal|p2a: Swampert|82/100|[from] item: Leftovers
|upkeep
|turn|57
|
|t:|1729444987
|cant|p1a: Blissey|frz
|move|p2a: Swampert|Earthquake|p1a: Blissey
|-damage|p1a: Blissey|7/100 frz
|
|-weather|Sandstorm|[upkeep]
|-damage|p1a: Blissey|1/100 frz|[from] Sandstorm
|-heal|p1a: Blissey|7/100 frz|[from] item: Leftovers
|-heal|p2a: Swampert|88/100|[from] item: Leftovers
|upkeep
|turn|58
|
|t:|1729444989
|cant|p1a: Blissey|frz
|move|p2a: Swampert|Ice Beam|p1a: Blissey
|-damage|p1a: Blissey|0 fnt
|faint|p1a: Blissey
|
|t:|1729444991
|switch|p1a: Aerodactyl|Aerodactyl, M|50/100
|
|-weather|Sandstorm|[upkeep]
|-heal|p2a: Swampert|94/100|[from] item: Leftovers
|upkeep
|turn|59
|
|t:|1729444992
|move|p1a: Aerodactyl|Substitute|p1a: Aerodactyl
|-start|p1a: Aerodactyl|Substitute
|-damage|p1a: Aerodactyl|25/100
|move|p2a: Swampert|Ice Beam|p1a: Aerodactyl
|-supereffective|p1a: Aerodactyl
|-end|p1a: Aerodactyl|Substitute
|
|-weather|Sandstorm|[upkeep]
|-enditem|p1a: Aerodactyl|Liechi Berry|[eat]
|-boost|p1a: Aerodactyl|atk|1|[from] item: Liechi Berry
|-heal|p2a: Swampert|99/100|[from] item: Leftovers
|upkeep
|turn|60
|
|t:|1729444995
|move|p1a: Aerodactyl|Double-Edge|p2a: Swampert
|-damage|p2a: Swampert|55/100
|move|p2a: Swampert|Ice Beam|p1a: Aerodactyl
|-supereffective|p1a: Aerodactyl
|-damage|p1a: Aerodactyl|0 fnt
|faint|p1a: Aerodactyl
|
|win|CodeRedSP
|c|☆RoomTemperatureIVs|ggs

</script>
<script type="application/json" class="data" id="replaydata-smogtours-gen3ou-800576">
{"id":"smogtours-gen3ou-800576","format":"[Gen 3] OU","players":["RoomTemperatureIVs","CodeRedSP"],"uploadtime":1729444995,"views":83,"formatid":"gen3ou","rating":null,"private":0,"password":null}
</script>

<script defer src="js/replays.js?9d40a366"></script>
