<!DOCTYPE html>
<meta charset="utf-8" />
<meta name="viewport" content="width=device-width" />

<title>[Gen 3] OU: Bhol vs. Sieeeffmon - Replays - Pok&eacute;mon Showdown!</title>

<meta name="description" content="Watch a replay of a Pok&eacute;mon battle between Bhol and Sieeeffmon! Format: [Gen 3] OU; Date: Nov 1, 2024" />
<!--

Hey, you! Looking in the source for the replay log?

You can find them in JSON format, just add `.json` at the end of a replay URL.

https://replay.pokemonshowdown.com/gen7randomdoublesbattle-865046831.json

Or, if you only need the log itself, add `.log` instead:

https://replay.pokemonshowdown.com/gen7randomdoublesbattle-865046831.log

-->

<link rel="stylesheet" href="//pokemonshowdown.com/style/global.css?0.023195364461161105" />
<link rel="stylesheet" href="//play.pokemonshowdown.com/style/font-awesome.css?0.13261647063804238" />
<link rel="stylesheet" href="//play.pokemonshowdown.com/style/battle.css?0.8753245789963631" />
<link rel="stylesheet" href="//play.pokemonshowdown.com/style/utilichart.css?0.8627959624976733" />

<!-- Global site tag (gtag.js) - Google Analytics -->
<script async src="https://www.googletagmanager.com/gtag/js?id=UA-26211653-1"></script>
<script>
  window.dataLayer = window.dataLayer || [];
  function gtag(){dataLayer.push(arguments);}
  gtag('js', new Date());

  gtag('config', 'UA-26211653-1');
</script>
<!-- End Google Analytics -->
<!-- Venatus Ad Manager - Install in <HEAD> of page -->
	<script src="https://hb.vntsm.com/v3/live/ad-manager.min.js" type="text/javascript" data-site-id="642aba63ec9a7b11c3c9c1be" data-mode="scan" async></script>
<!-- / Venatus Ad Manager -->

<style>
	@media (max-width:820px) {
		.battle {
			margin: 0 auto;
		}
		.battle-log {
			margin: 7px auto 0;
			max-width: 640px;
			height: 300px;
			position: static;
		}
	}
	.optgroup {
		display: inline-block;
		line-height: 22px;
		font-size: 10pt;
	}
	.optgroup .button {
		height: 25px;
		padding-top: 0;
		padding-bottom: 0;
	}
	.optgroup button.button {
		padding-left: 12px;
		padding-right: 12px;
	}
	.linklist {
		list-style: none;
		margin: 0.5em 0;
		padding: 0;
	}
	.linklist li {
		padding: 2px 0;
	}
	.sidebar {
		float: left;
		width: 320px;
	}
	.bar-wrapper {
		max-width: 1100px;
		margin: 0 auto;
	}
	.bar-wrapper.has-sidebar {
		max-width: 1430px;
	}
	.mainbar {
		margin: 0;
		padding-right: 1px;
	}
	.mainbar.has-sidebar {
		margin-left: 330px;
	}
	@media (min-width: 1511px) {
		.sidebar {
			width: 400px;
		}
		.bar-wrapper.has-sidebar {
			max-width: 1510px;
		}
		.mainbar.has-sidebar {
			margin-left: 410px;
		}
	}
	.section.first-section {
		margin-top: 9px;
	}
	.blocklink small {
		white-space: normal;
	}
	.button {
		vertical-align: middle;
	}
	.replay-controls {
		padding-top: 10px;
	}
	.replay-controls h1 {
		font-size: 16pt;
		font-weight: normal;
		color: #CCC;
	}
	.pagelink {
		text-align: center;
	}
	.pagelink a {
		width: 150px;
	}
	.textbox, .button {
		font-size: 11pt;
		vertical-align: middle;
	}
	@media (max-width: 450px) {
		.button {
			font-size: 9pt;
		}
	}
</style>

<div>

	<header>
		<div class="nav-wrapper"><ul class="nav">
			<li><a class="button nav-first" href="//pokemonshowdown.com/"><img src="//pokemonshowdown.com/images/pokemonshowdownbeta.png" srcset="//pokemonshowdown.com/images/pokemonshowdownbeta.png 1x, //pokemonshowdown.com/images/pokemonshowdownbeta@2x.png 2x" alt="Pok&eacute;mon Showdown" width="146" height="44" /> Home</a></li>
			<li><a class="button" href="//pokemonshowdown.com/dex/">Pok&eacute;dex</a></li>
			<li><a class="button cur" href="/">Replays</a></li>
			<li><a class="button" href="//pokemonshowdown.com/ladder/">Ladder</a></li>
			<li><a class="button nav-last" href="//pokemonshowdown.com/forums/">Forum</a></li>
			<li><a class="button greenbutton nav-first nav-last" href="//play.pokemonshowdown.com/">Play</a></li>
		</ul></div>
	</header>

	<div class="main" id="main">

		<noscript><section class="section">You need to enable JavaScript to use this page; sorry!</section></noscript>

	</div>

</div>

<script defer nomodule src="//play.pokemonshowdown.com/js/lib/ps-polyfill.js"></script>
<script defer src="//play.pokemonshowdown.com/js/lib/preact.min.js"></script>

<script defer src="//play.pokemonshowdown.com/config/config.js?2bddbc15"></script>
<script defer src="//play.pokemonshowdown.com/js/lib/jquery-1.11.0.min.js"></script>
<script defer src="//play.pokemonshowdown.com/js/lib/html-sanitizer-minified.js"></script>
<script defer src="//play.pokemonshowdown.com/js/battle-sound.js"></script>
<script defer src="//play.pokemonshowdown.com/js/battledata.js?0.7209276989879541"></script>
<script defer src="//play.pokemonshowdown.com/data/pokedex-mini.js?0.6111056340867951"></script>
<script defer src="//play.pokemonshowdown.com/data/pokedex-mini-bw.js?0.3532142036491459"></script>
<script defer src="//play.pokemonshowdown.com/data/graphics.js?0.24223875632456182"></script>
<script defer src="//play.pokemonshowdown.com/data/pokedex.js?0.38839984266356864"></script>
<script defer src="//play.pokemonshowdown.com/data/moves.js?0.21866028504024015"></script>
<script defer src="//play.pokemonshowdown.com/data/abilities.js?0.2005157953846628"></script>
<script defer src="//play.pokemonshowdown.com/data/items.js?0.9894211263848525"></script>
<script defer src="//play.pokemonshowdown.com/data/teambuilder-tables.js?0.6008791140282215"></script>
<script defer src="//play.pokemonshowdown.com/js/battle-tooltips.js?0.7580118955022959"></script>
<script defer src="//play.pokemonshowdown.com/js/battle.js?0.6057722274234274"></script>

<script defer src="js/utils.js?e31f9a17"></script>
<script defer src="js/replays-battle.js?7008c182"></script>

<!-- don't scrape this data! just add .json or .log after the URL!
Full API docs: https://github.com/smogon/pokemon-showdown-client/blob/master/WEB-API.md -->
<script type="text/plain" class="log" id="replaylog-gen3ou-2235422221">
|j|☆Bhol
|j|☆Sieeeffmon
|t:|1730477603
|gametype|singles
|player|p1|Bhol|sabrina|
|player|p2|Sieeeffmon|1|
|teamsize|p1|6
|teamsize|p2|6
|gen|3
|tier|[Gen 3] OU
|rule|Sleep Clause Mod: Limit one foe put to sleep
|rule|Switch Priority Clause Mod: Faster Pokémon switch first
|rule|Species Clause: Limit one of each Pokémon
|rule|OHKO Clause: OHKO moves are banned
|rule|Evasion Items Clause: Evasion items are banned
|rule|Evasion Moves Clause: Evasion moves are banned
|rule|Endless Battle Clause: Forcing endless battles is banned
|rule|HP Percentage Mod: HP is shown in percentages
|rule|One Boost Passer Clause: Limit one Baton Passer that has a way to boost its stats
|rule|Freeze Clause Mod: Limit one foe frozen
|
|t:|1730477603
|start
|switch|p1a: Metagross|Metagross|100/100
|switch|p2a: Suicune|Suicune|100/100
|turn|1
|c|☆Sieeeffmon|glhf!
|c|☆Bhol|Ty u2
|
|t:|1730477630
|move|p1a: Metagross|Double-Edge|p2a: Suicune
|-damage|p2a: Suicune|55/100
|-damage|p1a: Metagross|81/100|[from] Recoil|[of] p2a: Suicune
|move|p2a: Suicune|Substitute|p2a: Suicune
|-start|p2a: Suicune|Substitute
|-damage|p2a: Suicune|30/100
|
|-heal|p2a: Suicune|36/100|[from] item: Leftovers
|upkeep
|turn|2
|
|t:|1730477657
|move|p1a: Metagross|Double-Edge|p2a: Suicune
|-end|p2a: Suicune|Substitute
|-damage|p1a: Metagross|70/100|[from] Recoil|[of] p2a: Suicune
|move|p2a: Suicune|Surf|p1a: Metagross
|-damage|p1a: Metagross|20/100
|
|-heal|p2a: Suicune|42/100|[from] item: Leftovers
|upkeep
|turn|3
|
|t:|1730477729
|switch|p2a: Tyranitar|Tyranitar, F|100/100
|-weather|Sandstorm|[from] ability: Sand Stream|[of] p2a: Tyranitar
|move|p1a: Metagross|Double-Edge|p2a: Tyranitar
|-resisted|p2a: Tyranitar
|-damage|p2a: Tyranitar|74/100
|-damage|p1a: Metagross|9/100|[from] Recoil|[of] p2a: Tyranitar
|
|-weather|Sandstorm|[upkeep]
|upkeep
|turn|4
|
|t:|1730477749
|-singleturn|p2a: Tyranitar|move: Focus Punch
|switch|p1a: Gyarados|Gyarados, F|100/100
|-ability|p1a: Gyarados|Intimidate|boost
|-unboost|p2a: Tyranitar|atk|1
|move|p2a: Tyranitar|Focus Punch|p1a: Gyarados
|-resisted|p1a: Gyarados
|-damage|p1a: Gyarados|63/100
|
|-weather|Sandstorm|[upkeep]
|-damage|p1a: Gyarados|57/100|[from] Sandstorm
|-heal|p1a: Gyarados|63/100|[from] item: Leftovers
|upkeep
|turn|5
|
|t:|1730477782
|switch|p2a: Gyarados|Gyarados, F|100/100
|-ability|p2a: Gyarados|Intimidate|boost
|-unboost|p1a: Gyarados|atk|1
|move|p1a: Gyarados|Dragon Dance|p1a: Gyarados
|-boost|p1a: Gyarados|atk|1
|-boost|p1a: Gyarados|spe|1
|
|-weather|Sandstorm|[upkeep]
|-damage|p1a: Gyarados|57/100|[from] Sandstorm
|-damage|p2a: Gyarados|94/100|[from] Sandstorm
|-heal|p1a: Gyarados|63/100|[from] item: Leftovers
|-heal|p2a: Gyarados|100/100|[from] item: Leftovers
|upkeep
|turn|6
|
|t:|1730477820
|move|p1a: Gyarados|Dragon Dance|p1a: Gyarados
|-boost|p1a: Gyarados|atk|1
|-boost|p1a: Gyarados|spe|1
|move|p2a: Gyarados|Dragon Dance|p2a: Gyarados
|-boost|p2a: Gyarados|atk|1
|-boost|p2a: Gyarados|spe|1
|
|-weather|Sandstorm|[upkeep]
|-damage|p1a: Gyarados|57/100|[from] Sandstorm
|-damage|p2a: Gyarados|94/100|[from] Sandstorm
|-heal|p1a: Gyarados|63/100|[from] item: Leftovers
|-heal|p2a: Gyarados|100/100|[from] item: Leftovers
|upkeep
|turn|7
|
|t:|1730477838
|move|p1a: Gyarados|Double-Edge|p2a: Gyarados
|-damage|p2a: Gyarados|23/100
|-damage|p1a: Gyarados|38/100|[from] Recoil|[of] p2a: Gyarados
|move|p2a: Gyarados|Hidden Power|p1a: Gyarados
|-supereffective|p1a: Gyarados
|-damage|p1a: Gyarados|0 fnt
|faint|p1a: Gyarados
|
|t:|1730477866
|switch|p1a: Salamence|Salamence, F|100/100
|-ability|p1a: Salamence|Intimidate|boost
|-unboost|p2a: Gyarados|atk|1
|
|-weather|Sandstorm|[upkeep]
|-damage|p2a: Gyarados|17/100|[from] Sandstorm
|-damage|p1a: Salamence|94/100|[from] Sandstorm
|-heal|p2a: Gyarados|23/100|[from] item: Leftovers
|-heal|p1a: Salamence|100/100|[from] item: Leftovers
|upkeep
|turn|8
|
|t:|1730477886
|switch|p1a: Metagross|Metagross|9/100
|move|p2a: Gyarados|Hidden Power|p1a: Metagross
|-resisted|p1a: Metagross
|-damage|p1a: Metagross|0 fnt
|faint|p1a: Metagross
|
|t:|1730477892
|switch|p1a: Salamence|Salamence, F|100/100
|-ability|p1a: Salamence|Intimidate|boost
|-unboost|p2a: Gyarados|atk|1
|
|-weather|Sandstorm|[upkeep]
|-damage|p2a: Gyarados|17/100|[from] Sandstorm
|-damage|p1a: Salamence|94/100|[from] Sandstorm
|-heal|p2a: Gyarados|23/100|[from] item: Leftovers
|-heal|p1a: Salamence|100/100|[from] item: Leftovers
|upkeep
|turn|9
|
|t:|1730477906
|move|p2a: Gyarados|Hidden Power|p1a: Salamence
|-supereffective|p1a: Salamence
|-damage|p1a: Salamence|60/100
|move|p1a: Salamence|Hidden Power|p2a: Gyarados
|-damage|p2a: Gyarados|0 fnt
|faint|p2a: Gyarados
|
|t:|1730477937
|switch|p2a: Suicune|Suicune|42/100
|
|-weather|Sandstorm|[upkeep]
|-damage|p1a: Salamence|54/100|[from] Sandstorm
|-damage|p2a: Suicune|36/100|[from] Sandstorm
|-heal|p1a: Salamence|60/100|[from] item: Leftovers
|-heal|p2a: Suicune|42/100|[from] item: Leftovers
|upkeep
|turn|10
|
|t:|1730477952
|switch|p1a: Magneton|Magneton|100/100
|move|p2a: Suicune|Ice Beam|p1a: Magneton
|-resisted|p1a: Magneton
|-damage|p1a: Magneton|77/100
|
|-weather|Sandstorm|[upkeep]
|-damage|p2a: Suicune|36/100|[from] Sandstorm
|-heal|p2a: Suicune|42/100|[from] item: Leftovers
|upkeep
|turn|11
|
|t:|1730477983
|switch|p2a: Swampert|Swampert, F|100/100
|move|p1a: Magneton|Substitute|p1a: Magneton
|-start|p1a: Magneton|Substitute
|-damage|p1a: Magneton|52/100
|
|-weather|Sandstorm|[upkeep]
|upkeep
|turn|12
|
|t:|1730477993
|move|p1a: Magneton|Hidden Power|p2a: Swampert
|-supereffective|p2a: Swampert
|-damage|p2a: Swampert|19/100
|move|p2a: Swampert|Earthquake|p1a: Magneton
|-supereffective|p1a: Magneton
|-end|p1a: Magneton|Substitute
|
|-weather|Sandstorm|[upkeep]
|-heal|p2a: Swampert|25/100|[from] item: Leftovers
|upkeep
|turn|13
|
|t:|1730478057
|move|p1a: Magneton|Hidden Power|p2a: Swampert
|-supereffective|p2a: Swampert
|-damage|p2a: Swampert|0 fnt
|faint|p2a: Swampert
|
|t:|1730478081
|switch|p2a: Jirachi|Jirachi|100/100
|
|-weather|Sandstorm|[upkeep]
|upkeep
|turn|14
|
|t:|1730478114
|switch|p1a: Tyranitar|Tyranitar, M|100/100
|move|p2a: Jirachi|Calm Mind|p2a: Jirachi
|-boost|p2a: Jirachi|spa|1
|-boost|p2a: Jirachi|spd|1
|
|-weather|Sandstorm|[upkeep]
|upkeep
|turn|15
|
|t:|1730478123
|move|p2a: Jirachi|Hidden Power|p1a: Tyranitar
|-supereffective|p1a: Tyranitar
|-damage|p1a: Tyranitar|36/100
|move|p1a: Tyranitar|Dragon Dance|p1a: Tyranitar
|-boost|p1a: Tyranitar|atk|1
|-boost|p1a: Tyranitar|spe|1
|
|-weather|Sandstorm|[upkeep]
|upkeep
|turn|16
|
|t:|1730478178
|switch|p2a: Suicune|Suicune|42/100
|move|p1a: Tyranitar|Earthquake|p2a: Suicune
|-damage|p2a: Suicune|0 fnt
|faint|p2a: Suicune
|
|t:|1730478184
|switch|p2a: Jolteon|Jolteon, F|100/100
|
|-weather|Sandstorm|[upkeep]
|-damage|p2a: Jolteon|94/100|[from] Sandstorm
|-heal|p2a: Jolteon|100/100|[from] item: Leftovers
|upkeep
|turn|17
|
|t:|1730478208
|switch|p1a: Celebi|Celebi|100/100
|move|p2a: Jolteon|Thunderbolt|p1a: Celebi
|-resisted|p1a: Celebi
|-damage|p1a: Celebi|83/100
|
|-weather|Sandstorm|[upkeep]
|-damage|p2a: Jolteon|94/100|[from] Sandstorm
|-damage|p1a: Celebi|77/100|[from] Sandstorm
|-heal|p2a: Jolteon|100/100|[from] item: Leftovers
|-heal|p1a: Celebi|83/100|[from] item: Leftovers
|upkeep
|turn|18
|
|t:|1730478230
|move|p2a: Jolteon|Substitute|p2a: Jolteon
|-start|p2a: Jolteon|Substitute
|-damage|p2a: Jolteon|76/100
|move|p1a: Celebi|Leech Seed||[still]
|-fail|p1a: Celebi
|
|-weather|Sandstorm|[upkeep]
|-damage|p2a: Jolteon|69/100|[from] Sandstorm
|-damage|p1a: Celebi|77/100|[from] Sandstorm
|-heal|p2a: Jolteon|76/100|[from] item: Leftovers
|-heal|p1a: Celebi|83/100|[from] item: Leftovers
|upkeep
|turn|19
|
|t:|1730478244
|move|p2a: Jolteon|Baton Pass|p2a: Jolteon
|
|t:|1730478254
|switch|p2a: Jirachi|Jirachi|100/100|[from] Baton Pass
|move|p1a: Celebi|Substitute|p1a: Celebi
|-start|p1a: Celebi|Substitute
|-damage|p1a: Celebi|58/100
|
|-weather|Sandstorm|[upkeep]
|-damage|p1a: Celebi|52/100|[from] Sandstorm
|-heal|p1a: Celebi|58/100|[from] item: Leftovers
|upkeep
|turn|20
|
|t:|1730478288
|move|p1a: Celebi|Baton Pass|p1a: Celebi
|
|t:|1730478301
|switch|p1a: Tyranitar|Tyranitar, M|36/100|[from] Baton Pass
|move|p2a: Jirachi|Hidden Power|p1a: Tyranitar
|-supereffective|p1a: Tyranitar
|-end|p1a: Tyranitar|Substitute
|
|-weather|Sandstorm|[upkeep]
|upkeep
|turn|21
|
|t:|1730478321
|move|p2a: Jirachi|Hidden Power|p1a: Tyranitar
|-supereffective|p1a: Tyranitar
|-damage|p1a: Tyranitar|0 fnt
|faint|p1a: Tyranitar
|
|t:|1730478333
|switch|p1a: Magneton|Magneton|52/100
|
|-weather|Sandstorm|[upkeep]
|upkeep
|turn|22
|
|t:|1730478362
|move|p1a: Magneton|Thunderbolt|p2a: Jirachi
|-end|p2a: Jirachi|Substitute
|move|p2a: Jirachi|Fire Punch|p1a: Magneton
|-supereffective|p1a: Magneton
|-damage|p1a: Magneton|0 fnt
|faint|p1a: Magneton
|
|t:|1730478386
|switch|p1a: Celebi|Celebi|58/100
|
|-weather|Sandstorm|[upkeep]
|-damage|p1a: Celebi|52/100|[from] Sandstorm
|-heal|p1a: Celebi|58/100|[from] item: Leftovers
|upkeep
|turn|23
|
|t:|1730478428
|move|p1a: Celebi|Leech Seed|p2a: Jirachi
|-start|p2a: Jirachi|move: Leech Seed
|move|p2a: Jirachi|Fire Punch|p1a: Celebi
|-supereffective|p1a: Celebi
|-damage|p1a: Celebi|22/100
|
|-weather|Sandstorm|[upkeep]
|-damage|p1a: Celebi|16/100|[from] Sandstorm
|-heal|p1a: Celebi|22/100|[from] item: Leftovers
|-damage|p2a: Jirachi|88/100|[from] Leech Seed|[of] p1a: Celebi
|-heal|p1a: Celebi|35/100|[silent]
|upkeep
|turn|24
|
|t:|1730478451
|move|p1a: Celebi|Substitute|p1a: Celebi
|-start|p1a: Celebi|Substitute
|-damage|p1a: Celebi|10/100
|move|p2a: Jirachi|Fire Punch|p1a: Celebi
|-supereffective|p1a: Celebi
|-end|p1a: Celebi|Substitute
|
|-weather|Sandstorm|[upkeep]
|-damage|p1a: Celebi|3/100|[from] Sandstorm
|-heal|p1a: Celebi|10/100|[from] item: Leftovers
|-heal|p2a: Jirachi|94/100|[from] item: Leftovers
|-damage|p2a: Jirachi|82/100|[from] Leech Seed|[of] p1a: Celebi
|-heal|p1a: Celebi|22/100|[silent]
|upkeep
|turn|25
|
|t:|1730478474
|move|p1a: Celebi|Psychic|p2a: Jirachi
|-resisted|p2a: Jirachi
|-damage|p2a: Jirachi|75/100
|move|p2a: Jirachi|Fire Punch|p1a: Celebi
|-supereffective|p1a: Celebi
|-damage|p1a: Celebi|0 fnt
|faint|p1a: Celebi
|
|t:|1730478480
|switch|p1a: Salamence|Salamence, F|60/100
|-ability|p1a: Salamence|Intimidate|boost
|-unboost|p2a: Jirachi|atk|1
|
|-weather|Sandstorm|[upkeep]
|-damage|p1a: Salamence|54/100|[from] Sandstorm
|-heal|p1a: Salamence|60/100|[from] item: Leftovers
|-heal|p2a: Jirachi|82/100|[from] item: Leftovers
|-damage|p2a: Jirachi|69/100|[from] Leech Seed|[of] p1a: Salamence
|-heal|p1a: Salamence|76/100|[silent]
|upkeep
|turn|26
|
|t:|1730478580
|move|p1a: Salamence|Dragon Dance|p1a: Salamence
|-boost|p1a: Salamence|atk|1
|-boost|p1a: Salamence|spe|1
|move|p2a: Jirachi|Psychic|p1a: Salamence
|-damage|p1a: Salamence|36/100
|
|-weather|Sandstorm|[upkeep]
|-damage|p1a: Salamence|30/100|[from] Sandstorm
|-heal|p1a: Salamence|36/100|[from] item: Leftovers
|-heal|p2a: Jirachi|75/100|[from] item: Leftovers
|-damage|p2a: Jirachi|63/100|[from] Leech Seed|[of] p1a: Salamence
|-heal|p1a: Salamence|51/100|[silent]
|upkeep
|turn|27
|
|t:|1730478644
|move|p1a: Salamence|Earthquake|p2a: Jirachi
|-supereffective|p2a: Jirachi
|-damage|p2a: Jirachi|0 fnt
|faint|p2a: Jirachi
|
|t:|1730478656
|switch|p2a: Tyranitar|Tyranitar, F|74/100
|
|-weather|Sandstorm|[upkeep]
|-damage|p1a: Salamence|45/100|[from] Sandstorm
|-heal|p1a: Salamence|51/100|[from] item: Leftovers
|upkeep
|turn|28
|
|t:|1730478667
|move|p1a: Salamence|Earthquake|p2a: Tyranitar
|-supereffective|p2a: Tyranitar
|-damage|p2a: Tyranitar|0 fnt
|faint|p2a: Tyranitar
|
|t:|1730478673
|switch|p2a: Jolteon|Jolteon, F|76/100
|
|-weather|Sandstorm|[upkeep]
|-damage|p1a: Salamence|45/100|[from] Sandstorm
|-damage|p2a: Jolteon|69/100|[from] Sandstorm
|-heal|p1a: Salamence|51/100|[from] item: Leftovers
|-heal|p2a: Jolteon|76/100|[from] item: Leftovers
|upkeep
|turn|29
|
|t:|1730478677
|move|p1a: Salamence|Earthquake|p2a: Jolteon
|-supereffective|p2a: Jolteon
|-damage|p2a: Jolteon|0 fnt
|faint|p2a: Jolteon
|
|win|Bhol
|c|☆Sieeeffmon|gg
|c|☆Bhol|ggs
|c|☆Sieeeffmon|what is that mence spread
|c|☆Bhol|lmao I apparently forgot how to use show set
|c|☆Bhol|I’ll just send it to you on discord
|c|☆Sieeeffmon|'!showset 3
|c|☆Bhol|!showset 3
|c| Bhol|/raw <div class="infobox">Celebi @ Leftovers  <br />Ability: Natural Cure  <br />EVs: 252 HP &#x2f; 4 SpD &#x2f; 252 Spe  <br />Timid Nature  <br />IVs: 0 Atk  <br />- Substitute  <br />- Leech Seed  <br />- Psychic  <br />- Baton Pass  <br /><br /><\/div>
|c|☆Bhol|oh that’s not mence haha
|c|☆Sieeeffmon|lol
|c|☆Sieeeffmon|whoops
|c|☆Bhol|!showset 5
|c| Bhol|/raw <div class="infobox">Gyarados (F) @ Leftovers  <br />Ability: Intimidate  <br />Hidden Power: Ghost  <br />EVs: 28 HP &#x2f; 252 Atk &#x2f; 228 Spe  <br />Jolly Nature  <br />IVs: 30 Def &#x2f; 30 SpD  <br />- Hidden Power [Ghost]  <br />- Double-Edge  <br />- Earthquake  <br />- Dragon Dance  <br /><br /><\/div>
|c|☆Bhol|!showset 6
|c| Bhol|/raw <div class="infobox">Tyranitar (M) @ Lum Berry  <br />Ability: Sand Stream  <br />Hidden Power: Grass  <br />EVs: 232 Atk &#x2f; 24 SpA &#x2f; 252 Spe  <br />Hasty Nature  <br />IVs: 30 Atk &#x2f; 30 SpA  <br />- Hidden Power [Grass]  <br />- Dragon Dance  <br />- Earthquake  <br />- Rock Slide  <br /><br /><\/div>
|c|☆Bhol|LOL
|c|☆Bhol|!showset 4
|c| Bhol|/raw <div class="infobox">Salamence (F) @ Leftovers  <br />Ability: Intimidate  <br />Hidden Power: Flying  <br />EVs: 180 Atk &#x2f; 212 SpD &#x2f; 116 Spe  <br />Adamant Nature  <br />IVs: 30 HP &#x2f; 30 Atk &#x2f; 30 Def &#x2f; 30 SpA &#x2f; 30 SpD  <br />- Hidden Power [Flying]  <br />- Rock Slide  <br />- Earthquake  <br />- Dragon Dance  <br /><br /><\/div>
|c|☆Bhol|there we go

</script>
<script type="application/json" class="data" id="replaydata-gen3ou-2235422221">
{"id":"gen3ou-2235422221","format":"[Gen 3] OU","players":["Bhol","Sieeeffmon"],"uploadtime":1730478689,"views":189,"formatid":"gen3ou","rating":null,"private":0,"password":null}
</script>

<script defer src="js/replays.js?9d40a366"></script>
