<!DOCTYPE html>
<meta charset="utf-8" />
<meta name="viewport" content="width=device-width" />

<title>[Gen 3] OU: ccczzx vs. Zcarlett - Replays - Pok&eacute;mon Showdown!</title>

<meta name="description" content="Watch a replay of a Pok&eacute;mon battle between ccczzx and Zcarlett! Format: [Gen 3] OU; Date: Oct 8, 2024" />
<!--

Hey, you! Looking in the source for the replay log?

You can find them in JSON format, just add `.json` at the end of a replay URL.

https://replay.pokemonshowdown.com/gen7randomdoublesbattle-865046831.json

Or, if you only need the log itself, add `.log` instead:

https://replay.pokemonshowdown.com/gen7randomdoublesbattle-865046831.log

-->

<link rel="stylesheet" href="//pokemonshowdown.com/style/global.css?0.767286132409787" />
<link rel="stylesheet" href="//play.pokemonshowdown.com/style/font-awesome.css?0.9266228007934947" />
<link rel="stylesheet" href="//play.pokemonshowdown.com/style/battle.css?0.7924700842790926" />
<link rel="stylesheet" href="//play.pokemonshowdown.com/style/utilichart.css?0.8777417872839479" />

<!-- Global site tag (gtag.js) - Google Analytics -->
<script async src="https://www.googletagmanager.com/gtag/js?id=UA-26211653-1"></script>
<script>
  window.dataLayer = window.dataLayer || [];
  function gtag(){dataLayer.push(arguments);}
  gtag('js', new Date());

  gtag('config', 'UA-26211653-1');
</script>
<!-- End Google Analytics -->
<!-- Venatus Ad Manager - Install in <HEAD> of page -->
	<script src="https://hb.vntsm.com/v3/live/ad-manager.min.js" type="text/javascript" data-site-id="642aba63ec9a7b11c3c9c1be" data-mode="scan" async></script>
<!-- / Venatus Ad Manager -->

<style>
	@media (max-width:820px) {
		.battle {
			margin: 0 auto;
		}
		.battle-log {
			margin: 7px auto 0;
			max-width: 640px;
			height: 300px;
			position: static;
		}
	}
	.optgroup {
		display: inline-block;
		line-height: 22px;
		font-size: 10pt;
	}
	.optgroup .button {
		height: 25px;
		padding-top: 0;
		padding-bottom: 0;
	}
	.optgroup button.button {
		padding-left: 12px;
		padding-right: 12px;
	}
	.linklist {
		list-style: none;
		margin: 0.5em 0;
		padding: 0;
	}
	.linklist li {
		padding: 2px 0;
	}
	.sidebar {
		float: left;
		width: 320px;
	}
	.bar-wrapper {
		max-width: 1100px;
		margin: 0 auto;
	}
	.bar-wrapper.has-sidebar {
		max-width: 1430px;
	}
	.mainbar {
		margin: 0;
		padding-right: 1px;
	}
	.mainbar.has-sidebar {
		margin-left: 330px;
	}
	@media (min-width: 1511px) {
		.sidebar {
			width: 400px;
		}
		.bar-wrapper.has-sidebar {
			max-width: 1510px;
		}
		.mainbar.has-sidebar {
			margin-left: 410px;
		}
	}
	.section.first-section {
		margin-top: 9px;
	}
	.blocklink small {
		white-space: normal;
	}
	.button {
		vertical-align: middle;
	}
	.replay-controls {
		padding-top: 10px;
	}
	.replay-controls h1 {
		font-size: 16pt;
		font-weight: normal;
		color: #CCC;
	}
	.pagelink {
		text-align: center;
	}
	.pagelink a {
		width: 150px;
	}
	.textbox, .button {
		font-size: 11pt;
		vertical-align: middle;
	}
	@media (max-width: 450px) {
		.button {
			font-size: 9pt;
		}
	}
</style>

<div>

	<header>
		<div class="nav-wrapper"><ul class="nav">
			<li><a class="button nav-first" href="//pokemonshowdown.com/"><img src="//pokemonshowdown.com/images/pokemonshowdownbeta.png" srcset="//pokemonshowdown.com/images/pokemonshowdownbeta.png 1x, //pokemonshowdown.com/images/pokemonshowdownbeta@2x.png 2x" alt="Pok&eacute;mon Showdown" width="146" height="44" /> Home</a></li>
			<li><a class="button" href="//pokemonshowdown.com/dex/">Pok&eacute;dex</a></li>
			<li><a class="button cur" href="/">Replays</a></li>
			<li><a class="button" href="//pokemonshowdown.com/ladder/">Ladder</a></li>
			<li><a class="button nav-last" href="//pokemonshowdown.com/forums/">Forum</a></li>
			<li><a class="button greenbutton nav-first nav-last" href="//play.pokemonshowdown.com/">Play</a></li>
		</ul></div>
	</header>

	<div class="main" id="main">

		<noscript><section class="section">You need to enable JavaScript to use this page; sorry!</section></noscript>

	</div>

</div>

<script defer nomodule src="//play.pokemonshowdown.com/js/lib/ps-polyfill.js"></script>
<script defer src="//play.pokemonshowdown.com/js/lib/preact.min.js"></script>

<script defer src="//play.pokemonshowdown.com/config/config.js?6dec07f6"></script>
<script defer src="//play.pokemonshowdown.com/js/lib/jquery-1.11.0.min.js"></script>
<script defer src="//play.pokemonshowdown.com/js/lib/html-sanitizer-minified.js"></script>
<script defer src="//play.pokemonshowdown.com/js/battle-sound.js"></script>
<script defer src="//play.pokemonshowdown.com/js/battledata.js?0.6315294753075389"></script>
<script defer src="//play.pokemonshowdown.com/data/pokedex-mini.js?0.7603743185311358"></script>
<script defer src="//play.pokemonshowdown.com/data/pokedex-mini-bw.js?0.030888842834281283"></script>
<script defer src="//play.pokemonshowdown.com/data/graphics.js?0.05593094747507488"></script>
<script defer src="//play.pokemonshowdown.com/data/pokedex.js?0.47064822249611904"></script>
<script defer src="//play.pokemonshowdown.com/data/moves.js?0.8583693120512459"></script>
<script defer src="//play.pokemonshowdown.com/data/abilities.js?0.16017181182386842"></script>
<script defer src="//play.pokemonshowdown.com/data/items.js?0.4163379185673943"></script>
<script defer src="//play.pokemonshowdown.com/data/teambuilder-tables.js?0.31075597372830477"></script>
<script defer src="//play.pokemonshowdown.com/js/battle-tooltips.js?0.6536193500708172"></script>
<script defer src="//play.pokemonshowdown.com/js/battle.js?0.1916591943277901"></script>

<script defer src="js/utils.js?e31f9a17"></script>
<script defer src="js/replays-battle.js?7008c182"></script>

<!-- don't scrape this data! just add .json or .log after the URL!
Full API docs: https://github.com/smogon/pokemon-showdown-client/blob/master/WEB-API.md -->
<script type="text/plain" class="log" id="replaylog-smogtours-gen3ou-796520">
|inactive|Battle timer is ON: inactive players will automatically lose when time's up.
|t:|1728425843
|gametype|singles
|player|p1|ccczzx|266|
|player|p2|Zcarlett|miku-flying|
|teamsize|p1|6
|teamsize|p2|6
|gen|3
|tier|[Gen 3] OU
|rule|Sleep Clause Mod: Limit one foe put to sleep
|rule|Switch Priority Clause Mod: Faster Pokémon switch first
|rule|Species Clause: Limit one of each Pokémon
|rule|OHKO Clause: OHKO moves are banned
|rule|Evasion Items Clause: Evasion items are banned
|rule|Evasion Moves Clause: Evasion moves are banned
|rule|Endless Battle Clause: Forcing endless battles is banned
|rule|HP Percentage Mod: HP is shown in percentages
|rule|One Boost Passer Clause: Limit one Baton Passer that has a way to boost its stats
|rule|Freeze Clause Mod: Limit one foe frozen
|
|t:|1728425843
|start
|switch|p1a: RAN IT ar|Tyranitar, F|100/100
|switch|p2a: Tyranitar|Tyranitar, F|100/100
|-weather|Sandstorm|[from] ability: Sand Stream|[of] p2a: Tyranitar
|turn|1
|c|☆ccczzx|glhf
|c|☆Zcarlett|u2
|
|t:|1728425867
|switch|p1a: goldbo|Swampert, M|100/100
|move|p2a: Tyranitar|Dragon Dance|p2a: Tyranitar
|-boost|p2a: Tyranitar|atk|1
|-boost|p2a: Tyranitar|spe|1
|
|-weather|Sandstorm|[upkeep]
|upkeep
|turn|2
|
|t:|1728425876
|switch|p2a: Skarmory|Skarmory, F|100/100
|move|p1a: goldbo|Surf|p2a: Skarmory
|-damage|p2a: Skarmory|69/100
|
|-weather|Sandstorm|[upkeep]
|-heal|p2a: Skarmory|75/100|[from] item: Leftovers
|upkeep
|turn|3
|
|t:|1728425888
|switch|p1a: zepzy|Zapdos|100/100
|move|p2a: Skarmory|Spikes|p1a: zepzy
|-sidestart|p1: ccczzx|Spikes
|
|-weather|Sandstorm|[upkeep]
|-damage|p1a: zepzy|94/100|[from] Sandstorm
|-heal|p1a: zepzy|100/100|[from] item: Leftovers
|-heal|p2a: Skarmory|81/100|[from] item: Leftovers
|upkeep
|turn|4
|
|t:|1728425894
|switch|p2a: Blissey|Blissey, F|100/100
|move|p1a: zepzy|Thunderbolt|p2a: Blissey
|-damage|p2a: Blissey|78/100
|
|-weather|Sandstorm|[upkeep]
|-damage|p1a: zepzy|94/100|[from] Sandstorm
|-damage|p2a: Blissey|72/100|[from] Sandstorm
|-heal|p1a: zepzy|100/100|[from] item: Leftovers
|-heal|p2a: Blissey|78/100|[from] item: Leftovers
|upkeep
|turn|5
|
|t:|1728425902
|move|p1a: zepzy|Protect|p1a: zepzy
|-singleturn|p1a: zepzy|Protect
|move|p2a: Blissey|Ice Beam|p1a: zepzy
|-activate|p1a: zepzy|Protect
|
|-weather|Sandstorm|[upkeep]
|-damage|p1a: zepzy|94/100|[from] Sandstorm
|-damage|p2a: Blissey|72/100|[from] Sandstorm
|-heal|p1a: zepzy|100/100|[from] item: Leftovers
|-heal|p2a: Blissey|78/100|[from] item: Leftovers
|upkeep
|turn|6
|
|t:|1728425911
|switch|p1a: billiards|Blissey, F|100/100
|-damage|p1a: billiards|88/100|[from] Spikes
|move|p2a: Blissey|Toxic|p1a: billiards|[miss]
|-miss|p2a: Blissey|p1a: billiards
|
|-weather|Sandstorm|[upkeep]
|-damage|p2a: Blissey|72/100|[from] Sandstorm
|-damage|p1a: billiards|82/100|[from] Sandstorm
|-heal|p2a: Blissey|78/100|[from] item: Leftovers
|-heal|p1a: billiards|88/100|[from] item: Leftovers
|upkeep
|turn|7
|
|t:|1728425927
|move|p2a: Blissey|Toxic|p1a: billiards
|-status|p1a: billiards|tox
|move|p1a: billiards|Seismic Toss|p2a: Blissey
|-damage|p2a: Blissey|63/100
|
|-weather|Sandstorm|[upkeep]
|-damage|p2a: Blissey|57/100|[from] Sandstorm
|-damage|p1a: billiards|82/100 tox|[from] Sandstorm
|-heal|p2a: Blissey|63/100|[from] item: Leftovers
|-heal|p1a: billiards|88/100 tox|[from] item: Leftovers
|-damage|p1a: billiards|82/100 tox|[from] psn
|upkeep
|turn|8
|
|t:|1728425937
|-curestatus|p1a: billiards|tox|[from] ability: Natural Cure
|switch|p1a: tressy|Forretress, M|100/100
|-damage|p1a: tressy|88/100|[from] Spikes
|move|p2a: Blissey|Toxic|p1a: tressy
|-immune|p1a: tressy
|
|-weather|Sandstorm|[upkeep]
|-damage|p2a: Blissey|57/100|[from] Sandstorm
|-heal|p2a: Blissey|63/100|[from] item: Leftovers
|-heal|p1a: tressy|94/100|[from] item: Leftovers
|upkeep
|turn|9
|
|t:|1728425946
|switch|p2a: Moltres|Moltres|100/100
|move|p1a: tressy|Spikes|p2a: Moltres
|-sidestart|p2: Zcarlett|Spikes
|
|-weather|Sandstorm|[upkeep]
|-damage|p2a: Moltres|94/100|[from] Sandstorm
|-heal|p2a: Moltres|100/100|[from] item: Leftovers
|-heal|p1a: tressy|100/100|[from] item: Leftovers
|upkeep
|turn|10
|
|t:|1728425955
|switch|p1a: billiards|Blissey, F|82/100
|-damage|p1a: billiards|69/100|[from] Spikes
|move|p2a: Moltres|Will-O-Wisp|p1a: billiards|[miss]
|-miss|p2a: Moltres|p1a: billiards
|
|-weather|Sandstorm|[upkeep]
|-damage|p2a: Moltres|94/100|[from] Sandstorm
|-damage|p1a: billiards|63/100|[from] Sandstorm
|-heal|p2a: Moltres|100/100|[from] item: Leftovers
|-heal|p1a: billiards|69/100|[from] item: Leftovers
|upkeep
|turn|11
|
|t:|1728425965
|switch|p2a: Blissey|Blissey, F|63/100
|-damage|p2a: Blissey|50/100|[from] Spikes
|move|p1a: billiards|Soft-Boiled|p1a: billiards
|-heal|p1a: billiards|100/100
|
|-weather|Sandstorm|[upkeep]
|-damage|p2a: Blissey|44/100|[from] Sandstorm
|-damage|p1a: billiards|94/100|[from] Sandstorm
|-heal|p2a: Blissey|50/100|[from] item: Leftovers
|-heal|p1a: billiards|100/100|[from] item: Leftovers
|upkeep
|turn|12
|
|t:|1728425971
|switch|p1a: tressy|Forretress, M|100/100
|-damage|p1a: tressy|88/100|[from] Spikes
|move|p2a: Blissey|Soft-Boiled|p2a: Blissey
|-heal|p2a: Blissey|99/100
|
|-weather|Sandstorm|[upkeep]
|-damage|p2a: Blissey|94/100|[from] Sandstorm
|-heal|p2a: Blissey|99/100|[from] item: Leftovers
|-heal|p1a: tressy|94/100|[from] item: Leftovers
|upkeep
|turn|13
|
|t:|1728425984
|move|p2a: Blissey|Thunderbolt|p1a: tressy
|-damage|p1a: tressy|71/100
|move|p1a: tressy|Spikes|p2a: Blissey
|-sidestart|p2: Zcarlett|Spikes
|
|-weather|Sandstorm|[upkeep]
|-damage|p2a: Blissey|94/100|[from] Sandstorm
|-heal|p2a: Blissey|99/100|[from] item: Leftovers
|-heal|p1a: tressy|77/100|[from] item: Leftovers
|upkeep
|turn|14
|
|t:|1728425988
|switch|p2a: Moltres|Moltres|100/100
|move|p1a: tressy|Spikes|p2a: Moltres
|-sidestart|p2: Zcarlett|Spikes
|
|-weather|Sandstorm|[upkeep]
|-damage|p2a: Moltres|94/100|[from] Sandstorm
|-heal|p2a: Moltres|100/100|[from] item: Leftovers
|-heal|p1a: tressy|84/100|[from] item: Leftovers
|upkeep
|turn|15
|
|t:|1728425996
|switch|p1a: billiards|Blissey, F|100/100
|-damage|p1a: billiards|88/100|[from] Spikes
|move|p2a: Moltres|Will-O-Wisp|p1a: billiards
|-status|p1a: billiards|brn
|
|-weather|Sandstorm|[upkeep]
|-damage|p2a: Moltres|94/100|[from] Sandstorm
|-damage|p1a: billiards|82/100 brn|[from] Sandstorm
|-heal|p2a: Moltres|100/100|[from] item: Leftovers
|-heal|p1a: billiards|88/100 brn|[from] item: Leftovers
|-damage|p1a: billiards|76/100 brn|[from] brn
|upkeep
|turn|16
|inactive|Zcarlett has 270 seconds left.
|
|t:|1728426038
|switch|p2a: Skarmory|Skarmory, F|81/100
|move|p1a: billiards|Wish|p1a: billiards
|
|-weather|Sandstorm|[upkeep]
|-damage|p1a: billiards|69/100 brn|[from] Sandstorm
|-heal|p2a: Skarmory|87/100|[from] item: Leftovers
|-heal|p1a: billiards|76/100 brn|[from] item: Leftovers
|-damage|p1a: billiards|63/100 brn|[from] brn
|upkeep
|turn|17
|
|t:|1728426051
|switch|p2a: Moltres|Moltres|100/100
|-curestatus|p1a: billiards|brn|[from] ability: Natural Cure
|switch|p1a: tressy|Forretress, M|84/100
|-damage|p1a: tressy|71/100|[from] Spikes
|
|-heal|p1a: tressy|100/100|[from] move: Wish|[wisher] billiards
|-weather|Sandstorm|[upkeep]
|-damage|p2a: Moltres|94/100|[from] Sandstorm
|-heal|p2a: Moltres|100/100|[from] item: Leftovers
|upkeep
|turn|18
|inactive|Zcarlett has 270 seconds left.
|
|t:|1728426059
|switch|p1a: goldbo|Swampert, M|100/100
|-damage|p1a: goldbo|88/100|[from] Spikes
|move|p2a: Moltres|Flamethrower|p1a: goldbo
|-resisted|p1a: goldbo
|-damage|p1a: goldbo|68/100
|
|-weather|Sandstorm|[upkeep]
|-damage|p2a: Moltres|94/100|[from] Sandstorm
|-heal|p2a: Moltres|100/100|[from] item: Leftovers
|-heal|p1a: goldbo|74/100|[from] item: Leftovers
|upkeep
|turn|19
|
|t:|1728426070
|move|p2a: Moltres|Hidden Power|p1a: goldbo
|-supereffective|p1a: goldbo
|-damage|p1a: goldbo|0 fnt
|faint|p1a: goldbo
|c|☆ccczzx|fuck
|
|t:|1728426086
|switch|p1a: billiards|Blissey, F|63/100
|-damage|p1a: billiards|51/100|[from] Spikes
|
|-weather|Sandstorm|[upkeep]
|-damage|p2a: Moltres|94/100|[from] Sandstorm
|-damage|p1a: billiards|45/100|[from] Sandstorm
|-heal|p2a: Moltres|100/100|[from] item: Leftovers
|-heal|p1a: billiards|51/100|[from] item: Leftovers
|upkeep
|turn|20
|
|t:|1728426092
|move|p2a: Moltres|Will-O-Wisp|p1a: billiards|[miss]
|-miss|p2a: Moltres|p1a: billiards
|move|p1a: billiards|Soft-Boiled|p1a: billiards
|-heal|p1a: billiards|100/100
|
|-weather|Sandstorm|[upkeep]
|-damage|p2a: Moltres|94/100|[from] Sandstorm
|-damage|p1a: billiards|94/100|[from] Sandstorm
|-heal|p2a: Moltres|100/100|[from] item: Leftovers
|-heal|p1a: billiards|100/100|[from] item: Leftovers
|upkeep
|turn|21
|
|t:|1728426098
|switch|p2a: Blissey|Blissey, F|99/100
|-damage|p2a: Blissey|75/100|[from] Spikes
|move|p1a: billiards|Seismic Toss|p2a: Blissey
|-damage|p2a: Blissey|60/100
|
|-weather|Sandstorm|[upkeep]
|-damage|p2a: Blissey|54/100|[from] Sandstorm
|-damage|p1a: billiards|94/100|[from] Sandstorm
|-heal|p2a: Blissey|60/100|[from] item: Leftovers
|-heal|p1a: billiards|100/100|[from] item: Leftovers
|upkeep
|turn|22
|
|t:|1728426104
|switch|p1a: tressy|Forretress, M|100/100
|-damage|p1a: tressy|88/100|[from] Spikes
|move|p2a: Blissey|Ice Beam|p1a: tressy
|-resisted|p1a: tressy
|-damage|p1a: tressy|75/100
|
|-weather|Sandstorm|[upkeep]
|-damage|p2a: Blissey|54/100|[from] Sandstorm
|-heal|p2a: Blissey|60/100|[from] item: Leftovers
|-heal|p1a: tressy|82/100|[from] item: Leftovers
|upkeep
|turn|23
|
|t:|1728426108
|switch|p2a: Moltres|Moltres|100/100
|move|p1a: tressy|Rapid Spin|p2a: Moltres
|-damage|p2a: Moltres|96/100
|-sideend|p1: ccczzx|Spikes|[from] move: Rapid Spin|[of] p1a: tressy
|
|-weather|Sandstorm|[upkeep]
|-damage|p2a: Moltres|90/100|[from] Sandstorm
|-heal|p2a: Moltres|96/100|[from] item: Leftovers
|-heal|p1a: tressy|88/100|[from] item: Leftovers
|upkeep
|turn|24
|
|t:|1728426117
|switch|p1a: billiards|Blissey, F|100/100
|move|p2a: Moltres|Will-O-Wisp|p1a: billiards|[miss]
|-miss|p2a: Moltres|p1a: billiards
|
|-weather|Sandstorm|[upkeep]
|-damage|p2a: Moltres|90/100|[from] Sandstorm
|-damage|p1a: billiards|94/100|[from] Sandstorm
|-heal|p2a: Moltres|96/100|[from] item: Leftovers
|-heal|p1a: billiards|100/100|[from] item: Leftovers
|upkeep
|turn|25
|inactive|Zcarlett has 270 seconds left.
|inactive|ccczzx has 270 seconds left.
|
|t:|1728426158
|switch|p2a: Skarmory|Skarmory, F|87/100
|switch|p1a: zepzy|Zapdos|100/100
|
|-weather|Sandstorm|[upkeep]
|-damage|p1a: zepzy|94/100|[from] Sandstorm
|-heal|p1a: zepzy|100/100|[from] item: Leftovers
|-heal|p2a: Skarmory|93/100|[from] item: Leftovers
|upkeep
|turn|26
|
|t:|1728426162
|switch|p2a: Blissey|Blissey, F|60/100
|-damage|p2a: Blissey|35/100|[from] Spikes
|move|p1a: zepzy|Thunderbolt|p2a: Blissey
|-damage|p2a: Blissey|13/100
|-status|p2a: Blissey|par
|
|-weather|Sandstorm|[upkeep]
|-damage|p1a: zepzy|94/100|[from] Sandstorm
|-damage|p2a: Blissey|7/100 par|[from] Sandstorm
|-heal|p1a: zepzy|100/100|[from] item: Leftovers
|-heal|p2a: Blissey|13/100 par|[from] item: Leftovers
|upkeep
|turn|27
|
|t:|1728426168
|move|p1a: zepzy|Thunderbolt|p2a: Blissey
|-damage|p2a: Blissey|0 fnt
|faint|p2a: Blissey
|
|t:|1728426178
|switch|p2a: Tyranitar|Tyranitar, F|100/100
|-damage|p2a: Tyranitar|76/100|[from] Spikes
|
|-weather|Sandstorm|[upkeep]
|-damage|p1a: zepzy|94/100|[from] Sandstorm
|-heal|p1a: zepzy|100/100|[from] item: Leftovers
|-heal|p2a: Tyranitar|82/100|[from] item: Leftovers
|upkeep
|turn|28
|
|t:|1728426193
|move|p1a: zepzy|Toxic|p2a: Tyranitar
|-status|p2a: Tyranitar|tox
|move|p2a: Tyranitar|Dragon Dance|p2a: Tyranitar
|-boost|p2a: Tyranitar|atk|1
|-boost|p2a: Tyranitar|spe|1
|
|-weather|Sandstorm|[upkeep]
|-damage|p1a: zepzy|94/100|[from] Sandstorm
|-heal|p2a: Tyranitar|88/100 tox|[from] item: Leftovers
|-damage|p2a: Tyranitar|82/100 tox|[from] psn
|-heal|p1a: zepzy|100/100|[from] item: Leftovers
|upkeep
|turn|29
|
|t:|1728426200
|switch|p1a: tressy|Forretress, M|88/100
|move|p2a: Tyranitar|Rock Slide|p1a: tressy|[miss]
|-miss|p2a: Tyranitar|p1a: tressy
|
|-weather|Sandstorm|[upkeep]
|-heal|p2a: Tyranitar|88/100 tox|[from] item: Leftovers
|-damage|p2a: Tyranitar|76/100 tox|[from] psn
|-heal|p1a: tressy|94/100|[from] item: Leftovers
|upkeep
|turn|30
|
|t:|1728426207
|move|p2a: Tyranitar|Rock Slide|p1a: tressy
|-crit|p1a: tressy
|-damage|p1a: tressy|0 fnt
|faint|p1a: tressy
|c|☆ccczzx|oh, cmonnnn, oh well
|
|t:|1728426221
|switch|p1a: hard dymanic|Aerodactyl, F|100/100
|
|-weather|Sandstorm|[upkeep]
|-heal|p2a: Tyranitar|82/100 tox|[from] item: Leftovers
|-damage|p2a: Tyranitar|63/100 tox|[from] psn
|upkeep
|turn|31
|
|t:|1728426227
|switch|p2a: Skarmory|Skarmory, F|93/100
|move|p1a: hard dymanic|Hidden Power|p2a: Skarmory
|-resisted|p2a: Skarmory
|-damage|p2a: Skarmory|87/100
|
|-weather|Sandstorm|[upkeep]
|-heal|p2a: Skarmory|93/100|[from] item: Leftovers
|upkeep
|turn|32
|
|t:|1728426236
|switch|p1a: zepzy|Zapdos|100/100
|move|p2a: Skarmory|Spikes|p1a: zepzy
|-sidestart|p1: ccczzx|Spikes
|
|-weather|Sandstorm|[upkeep]
|-damage|p1a: zepzy|94/100|[from] Sandstorm
|-heal|p1a: zepzy|100/100|[from] item: Leftovers
|-heal|p2a: Skarmory|99/100|[from] item: Leftovers
|upkeep
|turn|33
|
|t:|1728426250
|switch|p2a: Tyranitar|Tyranitar, F|63/100 tox
|-damage|p2a: Tyranitar|38/100 tox|[from] Spikes
|move|p1a: zepzy|Thunderbolt|p2a: Tyranitar
|-crit|p2a: Tyranitar
|-damage|p2a: Tyranitar|0 fnt
|faint|p2a: Tyranitar
|
|t:|1728426259
|switch|p2a: Jirachi|Jirachi|100/100
|-damage|p2a: Jirachi|75/100|[from] Spikes
|
|-weather|Sandstorm|[upkeep]
|-damage|p1a: zepzy|94/100|[from] Sandstorm
|-heal|p1a: zepzy|100/100|[from] item: Leftovers
|-heal|p2a: Jirachi|82/100|[from] item: Leftovers
|upkeep
|turn|34
|
|t:|1728426273
|move|p2a: Jirachi|Ice Punch|p1a: zepzy
|-supereffective|p1a: zepzy
|-damage|p1a: zepzy|56/100
|move|p1a: zepzy|Thunderbolt|p2a: Jirachi
|-crit|p2a: Jirachi
|-damage|p2a: Jirachi|0 fnt
|faint|p2a: Jirachi
|c|☆ccczzx|crits galore
|
|t:|1728426295
|switch|p2a: Swampert|Swampert, F|100/100
|-damage|p2a: Swampert|76/100|[from] Spikes
|
|-weather|Sandstorm|[upkeep]
|-damage|p1a: zepzy|50/100|[from] Sandstorm
|-heal|p1a: zepzy|56/100|[from] item: Leftovers
|-heal|p2a: Swampert|82/100|[from] item: Leftovers
|upkeep
|turn|35
|
|t:|1728426301
|move|p2a: Swampert|Protect|p2a: Swampert
|-singleturn|p2a: Swampert|Protect
|move|p1a: zepzy|Toxic|p2a: Swampert|[miss]
|-miss|p1a: zepzy|p2a: Swampert
|
|-weather|Sandstorm|[upkeep]
|-damage|p1a: zepzy|50/100|[from] Sandstorm
|-heal|p1a: zepzy|56/100|[from] item: Leftovers
|-heal|p2a: Swampert|88/100|[from] item: Leftovers
|upkeep
|turn|36
|
|t:|1728426304
|move|p1a: zepzy|Toxic|p2a: Swampert
|-status|p2a: Swampert|tox
|move|p2a: Swampert|Ice Beam|p1a: zepzy
|-supereffective|p1a: zepzy
|-damage|p1a: zepzy|13/100
|
|-weather|Sandstorm|[upkeep]
|-damage|p1a: zepzy|7/100|[from] Sandstorm
|-heal|p1a: zepzy|13/100|[from] item: Leftovers
|-heal|p2a: Swampert|94/100 tox|[from] item: Leftovers
|-damage|p2a: Swampert|88/100 tox|[from] psn
|upkeep
|turn|37
|
|t:|1728426311
|move|p1a: zepzy|Protect|p1a: zepzy
|-singleturn|p1a: zepzy|Protect
|move|p2a: Swampert|Ice Beam|p1a: zepzy
|-activate|p1a: zepzy|Protect
|
|-weather|Sandstorm|[upkeep]
|-damage|p1a: zepzy|7/100|[from] Sandstorm
|-heal|p1a: zepzy|13/100|[from] item: Leftovers
|-heal|p2a: Swampert|94/100 tox|[from] item: Leftovers
|-damage|p2a: Swampert|82/100 tox|[from] psn
|upkeep
|turn|38
|
|t:|1728426319
|switch|p1a: billiards|Blissey, F|100/100
|-damage|p1a: billiards|88/100|[from] Spikes
|move|p2a: Swampert|Ice Beam|p1a: billiards
|-damage|p1a: billiards|80/100
|
|-weather|Sandstorm|[upkeep]
|-damage|p1a: billiards|74/100|[from] Sandstorm
|-heal|p2a: Swampert|88/100 tox|[from] item: Leftovers
|-damage|p2a: Swampert|69/100 tox|[from] psn
|-heal|p1a: billiards|80/100|[from] item: Leftovers
|upkeep
|turn|39
|
|t:|1728426327
|switch|p2a: Skarmory|Skarmory, F|99/100
|move|p1a: billiards|Wish|p1a: billiards
|
|-weather|Sandstorm|[upkeep]
|-damage|p1a: billiards|74/100|[from] Sandstorm
|-heal|p2a: Skarmory|100/100|[from] item: Leftovers
|-heal|p1a: billiards|80/100|[from] item: Leftovers
|upkeep
|turn|40
|
|t:|1728426343
|switch|p1a: zepzy|Zapdos|13/100
|move|p2a: Skarmory|Taunt|p1a: zepzy
|-start|p1a: zepzy|move: Taunt
|
|-heal|p1a: zepzy|63/100|[from] move: Wish|[wisher] billiards
|-weather|Sandstorm|[upkeep]
|-damage|p1a: zepzy|57/100|[from] Sandstorm
|-heal|p1a: zepzy|63/100|[from] item: Leftovers
|upkeep
|turn|41
|-message|Zcarlett forfeited.
|
|win|ccczzx
|c|☆ccczzx|ggwp
|c|☆Zcarlett|fuck this tier sometimes

</script>
<script type="application/json" class="data" id="replaydata-smogtours-gen3ou-796520">
{"id":"smogtours-gen3ou-796520","format":"[Gen 3] OU","players":["ccczzx","Zcarlett"],"uploadtime":1728426348,"views":92,"formatid":"gen3ou","rating":null,"private":0,"password":null}
</script>

<script defer src="js/replays.js?9d40a366"></script>
