<!DOCTYPE html>
<meta charset="utf-8" />
<meta name="viewport" content="width=device-width" />

<title>[Gen 3] OU: moowee vs. kfz - Replays - Pok&eacute;mon Showdown!</title>

<meta name="description" content="Watch a replay of a Pok&eacute;mon battle between moowee and kfz! Format: [Gen 3] OU; Date: Oct 14, 2024" />
<!--

Hey, you! Looking in the source for the replay log?

You can find them in JSON format, just add `.json` at the end of a replay URL.

https://replay.pokemonshowdown.com/gen7randomdoublesbattle-865046831.json

Or, if you only need the log itself, add `.log` instead:

https://replay.pokemonshowdown.com/gen7randomdoublesbattle-865046831.log

-->

<link rel="stylesheet" href="//pokemonshowdown.com/style/global.css?0.767286132409787" />
<link rel="stylesheet" href="//play.pokemonshowdown.com/style/font-awesome.css?0.9266228007934947" />
<link rel="stylesheet" href="//play.pokemonshowdown.com/style/battle.css?0.7924700842790926" />
<link rel="stylesheet" href="//play.pokemonshowdown.com/style/utilichart.css?0.8777417872839479" />

<!-- Global site tag (gtag.js) - Google Analytics -->
<script async src="https://www.googletagmanager.com/gtag/js?id=UA-26211653-1"></script>
<script>
  window.dataLayer = window.dataLayer || [];
  function gtag(){dataLayer.push(arguments);}
  gtag('js', new Date());

  gtag('config', 'UA-26211653-1');
</script>
<!-- End Google Analytics -->
<!-- Venatus Ad Manager - Install in <HEAD> of page -->
	<script src="https://hb.vntsm.com/v3/live/ad-manager.min.js" type="text/javascript" data-site-id="642aba63ec9a7b11c3c9c1be" data-mode="scan" async></script>
<!-- / Venatus Ad Manager -->

<style>
	@media (max-width:820px) {
		.battle {
			margin: 0 auto;
		}
		.battle-log {
			margin: 7px auto 0;
			max-width: 640px;
			height: 300px;
			position: static;
		}
	}
	.optgroup {
		display: inline-block;
		line-height: 22px;
		font-size: 10pt;
	}
	.optgroup .button {
		height: 25px;
		padding-top: 0;
		padding-bottom: 0;
	}
	.optgroup button.button {
		padding-left: 12px;
		padding-right: 12px;
	}
	.linklist {
		list-style: none;
		margin: 0.5em 0;
		padding: 0;
	}
	.linklist li {
		padding: 2px 0;
	}
	.sidebar {
		float: left;
		width: 320px;
	}
	.bar-wrapper {
		max-width: 1100px;
		margin: 0 auto;
	}
	.bar-wrapper.has-sidebar {
		max-width: 1430px;
	}
	.mainbar {
		margin: 0;
		padding-right: 1px;
	}
	.mainbar.has-sidebar {
		margin-left: 330px;
	}
	@media (min-width: 1511px) {
		.sidebar {
			width: 400px;
		}
		.bar-wrapper.has-sidebar {
			max-width: 1510px;
		}
		.mainbar.has-sidebar {
			margin-left: 410px;
		}
	}
	.section.first-section {
		margin-top: 9px;
	}
	.blocklink small {
		white-space: normal;
	}
	.button {
		vertical-align: middle;
	}
	.replay-controls {
		padding-top: 10px;
	}
	.replay-controls h1 {
		font-size: 16pt;
		font-weight: normal;
		color: #CCC;
	}
	.pagelink {
		text-align: center;
	}
	.pagelink a {
		width: 150px;
	}
	.textbox, .button {
		font-size: 11pt;
		vertical-align: middle;
	}
	@media (max-width: 450px) {
		.button {
			font-size: 9pt;
		}
	}
</style>

<div>

	<header>
		<div class="nav-wrapper"><ul class="nav">
			<li><a class="button nav-first" href="//pokemonshowdown.com/"><img src="//pokemonshowdown.com/images/pokemonshowdownbeta.png" srcset="//pokemonshowdown.com/images/pokemonshowdownbeta.png 1x, //pokemonshowdown.com/images/pokemonshowdownbeta@2x.png 2x" alt="Pok&eacute;mon Showdown" width="146" height="44" /> Home</a></li>
			<li><a class="button" href="//pokemonshowdown.com/dex/">Pok&eacute;dex</a></li>
			<li><a class="button cur" href="/">Replays</a></li>
			<li><a class="button" href="//pokemonshowdown.com/ladder/">Ladder</a></li>
			<li><a class="button nav-last" href="//pokemonshowdown.com/forums/">Forum</a></li>
			<li><a class="button greenbutton nav-first nav-last" href="//play.pokemonshowdown.com/">Play</a></li>
		</ul></div>
	</header>

	<div class="main" id="main">

		<noscript><section class="section">You need to enable JavaScript to use this page; sorry!</section></noscript>

	</div>

</div>

<script defer nomodule src="//play.pokemonshowdown.com/js/lib/ps-polyfill.js"></script>
<script defer src="//play.pokemonshowdown.com/js/lib/preact.min.js"></script>

<script defer src="//play.pokemonshowdown.com/config/config.js?6dec07f6"></script>
<script defer src="//play.pokemonshowdown.com/js/lib/jquery-1.11.0.min.js"></script>
<script defer src="//play.pokemonshowdown.com/js/lib/html-sanitizer-minified.js"></script>
<script defer src="//play.pokemonshowdown.com/js/battle-sound.js"></script>
<script defer src="//play.pokemonshowdown.com/js/battledata.js?0.6315294753075389"></script>
<script defer src="//play.pokemonshowdown.com/data/pokedex-mini.js?0.7603743185311358"></script>
<script defer src="//play.pokemonshowdown.com/data/pokedex-mini-bw.js?0.030888842834281283"></script>
<script defer src="//play.pokemonshowdown.com/data/graphics.js?0.05593094747507488"></script>
<script defer src="//play.pokemonshowdown.com/data/pokedex.js?0.47064822249611904"></script>
<script defer src="//play.pokemonshowdown.com/data/moves.js?0.8583693120512459"></script>
<script defer src="//play.pokemonshowdown.com/data/abilities.js?0.16017181182386842"></script>
<script defer src="//play.pokemonshowdown.com/data/items.js?0.4163379185673943"></script>
<script defer src="//play.pokemonshowdown.com/data/teambuilder-tables.js?0.31075597372830477"></script>
<script defer src="//play.pokemonshowdown.com/js/battle-tooltips.js?0.6536193500708172"></script>
<script defer src="//play.pokemonshowdown.com/js/battle.js?0.1916591943277901"></script>

<script defer src="js/utils.js?e31f9a17"></script>
<script defer src="js/replays-battle.js?7008c182"></script>

<!-- don't scrape this data! just add .json or .log after the URL!
Full API docs: https://github.com/smogon/pokemon-showdown-client/blob/master/WEB-API.md -->
<script type="text/plain" class="log" id="replaylog-smogtours-gen3ou-798679">
|inactive|Battle timer is ON: inactive players will automatically lose when time's up.
|t:|1728926955
|gametype|singles
|player|p1|moowee|burglar|
|player|p2|kfz|101|
|teamsize|p1|6
|teamsize|p2|6
|gen|3
|tier|[Gen 3] OU
|rule|Sleep Clause Mod: Limit one foe put to sleep
|rule|Switch Priority Clause Mod: Faster Pokémon switch first
|rule|Species Clause: Limit one of each Pokémon
|rule|OHKO Clause: OHKO moves are banned
|rule|Evasion Items Clause: Evasion items are banned
|rule|Evasion Moves Clause: Evasion moves are banned
|rule|Endless Battle Clause: Forcing endless battles is banned
|rule|HP Percentage Mod: HP is shown in percentages
|rule|One Boost Passer Clause: Limit one Baton Passer that has a way to boost its stats
|rule|Freeze Clause Mod: Limit one foe frozen
|
|t:|1728926955
|start
|switch|p1a: Salamence|Salamence, M|100/100
|switch|p2a: Butterfree|Butterfree, F|100/100
|-ability|p1a: Salamence|Intimidate|boost
|-unboost|p2a: Butterfree|atk|1
|turn|1
|inactive|kfz has 270 seconds left.
|
|t:|1728927001
|switch|p2a: Kingdra|Kingdra, F|100/100
|move|p1a: Salamence|Fire Blast|p2a: Kingdra
|-resisted|p2a: Kingdra
|-damage|p2a: Kingdra|90/100
|
|upkeep
|turn|2
|
|t:|1728927028
|move|p1a: Salamence|Dragon Claw|p2a: Kingdra
|-supereffective|p2a: Kingdra
|-damage|p2a: Kingdra|4/100
|move|p2a: Kingdra|Rain Dance|p2a: Kingdra
|-weather|RainDance
|
|-weather|RainDance|[upkeep]
|upkeep
|turn|3
|
|t:|1728927041
|switch|p1a: Starmie|Starmie|100/100
|move|p2a: Kingdra|Ice Beam|p1a: Starmie
|-resisted|p1a: Starmie
|-damage|p1a: Starmie|80/100
|
|-weather|RainDance|[upkeep]
|-heal|p1a: Starmie|86/100|[from] item: Leftovers
|upkeep
|turn|4
|
|t:|1728927054
|switch|p2a: Electrode|Electrode|100/100
|move|p1a: Starmie|Psychic|p2a: Electrode
|-damage|p2a: Electrode|43/100
|
|-weather|RainDance|[upkeep]
|-heal|p1a: Starmie|92/100|[from] item: Leftovers
|upkeep
|turn|5
|
|t:|1728927063
|switch|p1a: Celebi|Celebi|100/100
|move|p2a: Electrode|Thunder|p1a: Celebi
|-resisted|p1a: Celebi
|-damage|p1a: Celebi|81/100
|-status|p1a: Celebi|par
|
|-weather|RainDance|[upkeep]
|-heal|p1a: Celebi|87/100 par|[from] item: Leftovers
|upkeep
|turn|6
|
|t:|1728927074
|move|p2a: Electrode|Hidden Power|p1a: Celebi
|-supereffective|p1a: Celebi
|-damage|p1a: Celebi|56/100 par
|move|p1a: Celebi|Calm Mind|p1a: Celebi
|-boost|p1a: Celebi|spa|1
|-boost|p1a: Celebi|spd|1
|
|-weather|none
|-heal|p1a: Celebi|62/100 par|[from] item: Leftovers
|upkeep
|turn|7
|
|t:|1728927083
|switch|p2a: Dugtrio|Dugtrio, F|100/100
|cant|p1a: Celebi|par
|
|-heal|p1a: Celebi|69/100 par|[from] item: Leftovers
|upkeep
|turn|8
|
|t:|1728927093
|move|p2a: Dugtrio|Hidden Power|p1a: Celebi
|-supereffective|p1a: Celebi
|-damage|p1a: Celebi|0 fnt
|faint|p1a: Celebi
|
|t:|1728927105
|switch|p1a: Salamence|Salamence, M|100/100
|-ability|p1a: Salamence|Intimidate|boost
|-unboost|p2a: Dugtrio|atk|1
|
|upkeep
|turn|9
|inactive|kfz has 270 seconds left.
|
|t:|1728927151
|switch|p2a: Butterfree|Butterfree, F|100/100
|move|p1a: Salamence|Dragon Claw|p2a: Butterfree
|-damage|p2a: Butterfree|52/100
|
|upkeep
|turn|10
|inactive|moowee has 270 seconds left.
|
|t:|1728927193
|move|p1a: Salamence|Fire Blast|p2a: Butterfree|[miss]
|-miss|p1a: Salamence|p2a: Butterfree
|move|p2a: Butterfree|Sleep Powder|p1a: Salamence
|-status|p1a: Salamence|slp|[from] move: Sleep Powder
|
|upkeep
|turn|11
|
|t:|1728927212
|cant|p1a: Salamence|slp
|move|p2a: Butterfree|Rain Dance|p2a: Butterfree
|-weather|RainDance
|
|-weather|RainDance|[upkeep]
|upkeep
|turn|12
|inactive|moowee has 270 seconds left.
|
|t:|1728927222
|switch|p2a: Kingdra|Kingdra, F|4/100
|-curestatus|p1a: Salamence|slp|[msg]
|move|p1a: Salamence|Dragon Claw|p2a: Kingdra
|-supereffective|p2a: Kingdra
|-damage|p2a: Kingdra|0 fnt
|faint|p2a: Kingdra
|inactive|kfz has 240 seconds left.
|
|t:|1728927244
|switch|p2a: Dugtrio|Dugtrio, F|100/100
|
|-weather|RainDance|[upkeep]
|upkeep
|turn|13
|inactive|moowee has 270 seconds left.
|inactive|kfz has 240 seconds left.
|
|t:|1728927273
|move|p2a: Dugtrio|Rock Slide|p1a: Salamence
|-supereffective|p1a: Salamence
|-damage|p1a: Salamence|33/100
|cant|p1a: Salamence|flinch
|
|-weather|RainDance|[upkeep]
|-heal|p1a: Salamence|39/100|[from] item: Leftovers
|upkeep
|turn|14
|inactive|moowee has 270 seconds left.
|
|t:|1728927280
|switch|p1a: Metagross|Metagross|100/100
|move|p2a: Dugtrio|Rock Slide|p1a: Metagross
|-resisted|p1a: Metagross
|-damage|p1a: Metagross|89/100
|
|-weather|RainDance|[upkeep]
|upkeep
|turn|15
|inactive|moowee has 270 seconds left.
|inactive|kfz has 240 seconds left.
|
|t:|1728927313
|switch|p2a: Skarmory|Skarmory, M|100/100
|move|p1a: Metagross|Meteor Mash|p2a: Skarmory
|-resisted|p2a: Skarmory
|-damage|p2a: Skarmory|78/100
|-boost|p1a: Metagross|atk|1
|
|-weather|none
|-heal|p2a: Skarmory|84/100|[from] item: Leftovers
|upkeep
|turn|16
|inactive|kfz has 240 seconds left.
|
|t:|1728927319
|move|p1a: Metagross|Meteor Mash|p2a: Skarmory|[miss]
|-miss|p1a: Metagross|p2a: Skarmory
|move|p2a: Skarmory|Spikes|p1a: Metagross
|-sidestart|p1: moowee|Spikes
|
|-heal|p2a: Skarmory|90/100|[from] item: Leftovers
|upkeep
|turn|17
|
|t:|1728927324
|move|p1a: Metagross|Meteor Mash|p2a: Skarmory
|-resisted|p2a: Skarmory
|-damage|p2a: Skarmory|59/100
|move|p2a: Skarmory|Spikes|p1a: Metagross
|-sidestart|p1: moowee|Spikes
|
|-heal|p2a: Skarmory|65/100|[from] item: Leftovers
|upkeep
|turn|18
|inactive|moowee has 270 seconds left.
|
|t:|1728927329
|move|p1a: Metagross|Meteor Mash|p2a: Skarmory
|-resisted|p2a: Skarmory
|-damage|p2a: Skarmory|31/100
|move|p2a: Skarmory|Spikes|p1a: Metagross
|-sidestart|p1: moowee|Spikes
|
|-heal|p2a: Skarmory|37/100|[from] item: Leftovers
|upkeep
|turn|19
|
|t:|1728927334
|move|p2a: Skarmory|Protect|p2a: Skarmory
|-singleturn|p2a: Skarmory|Protect
|move|p1a: Metagross|Meteor Mash|p2a: Skarmory
|-activate|p2a: Skarmory|Protect
|
|-heal|p2a: Skarmory|43/100|[from] item: Leftovers
|upkeep
|turn|20
|inactive|kfz has 270 seconds left.
|
|t:|1728927352
|move|p1a: Metagross|Meteor Mash|p2a: Skarmory
|-resisted|p2a: Skarmory
|-damage|p2a: Skarmory|11/100
|-boost|p1a: Metagross|atk|1
|move|p2a: Skarmory|Roar|p1a: Metagross
|drag|p1a: Salamence|Salamence, M|39/100
|-ability|p1a: Salamence|Intimidate|boost
|-unboost|p2a: Skarmory|atk|1
|
|-heal|p1a: Salamence|45/100|[from] item: Leftovers
|-heal|p2a: Skarmory|17/100|[from] item: Leftovers
|upkeep
|turn|21
|
|t:|1728927374
|move|p1a: Salamence|Dragon Claw|p2a: Skarmory
|-resisted|p2a: Skarmory
|-damage|p2a: Skarmory|0 fnt
|faint|p2a: Skarmory
|inactive|kfz has 240 seconds left.
|
|t:|1728927407
|switch|p2a: Dugtrio|Dugtrio, F|100/100
|
|-heal|p1a: Salamence|51/100|[from] item: Leftovers
|upkeep
|turn|22
|inactive|moowee has 270 seconds left.
|inactive|moowee has 240 seconds left.
|inactive|moowee has 210 seconds left.
|
|t:|1728927493
|move|p2a: Dugtrio|Earthquake|p1a: Salamence
|-immune|p1a: Salamence
|move|p1a: Salamence|Hidden Power|p2a: Dugtrio
|-supereffective|p2a: Dugtrio
|-damage|p2a: Dugtrio|0 fnt
|faint|p2a: Dugtrio
|inactive|kfz has 240 seconds left.
|
|t:|1728927515
|switch|p2a: Electrode|Electrode|43/100
|
|-heal|p1a: Salamence|57/100|[from] item: Leftovers
|upkeep
|turn|23
|inactive|moowee has 210 seconds left.
|inactive|moowee has 180 seconds left.
|
|t:|1728927558
|move|p2a: Electrode|Hidden Power|p1a: Salamence
|-supereffective|p1a: Salamence
|-damage|p1a: Salamence|0 fnt
|faint|p1a: Salamence
|inactive|moowee has 180 seconds left.
|inactive|moowee has 150 seconds left.
|
|t:|1728927599
|switch|p1a: Zapdos|Zapdos|100/100
|
|upkeep
|turn|24
|
|t:|1728927615
|move|p2a: Electrode|Thunder Wave|p1a: Zapdos
|-status|p1a: Zapdos|par
|move|p1a: Zapdos|Thunder Wave|p2a: Electrode
|-status|p2a: Electrode|par
|-enditem|p2a: Electrode|Lum Berry|[eat]
|-curestatus|p2a: Electrode|par|[msg]
|
|upkeep
|turn|25
|
|t:|1728927627
|move|p2a: Electrode|Hidden Power|p1a: Zapdos
|-supereffective|p1a: Zapdos
|-damage|p1a: Zapdos|61/100 par
|move|p1a: Zapdos|Thunder Wave|p2a: Electrode
|-status|p2a: Electrode|par
|
|-heal|p1a: Zapdos|67/100 par|[from] item: Leftovers
|upkeep
|turn|26
|inactive|moowee has 150 seconds left.
|
|t:|1728927656
|move|p2a: Electrode|Explosion|p1a: Zapdos
|-damage|p1a: Zapdos|0 fnt
|faint|p2a: Electrode
|faint|p1a: Zapdos
|inactive|moowee has 150 seconds left.
|
|t:|1728927672
|switch|p2a: Snorlax|Snorlax, F|100/100
|switch|p1a: Starmie|Starmie|92/100
|-damage|p1a: Starmie|67/100|[from] Spikes
|
|-heal|p1a: Starmie|73/100|[from] item: Leftovers
|upkeep
|turn|27
|
|t:|1728927678
|move|p1a: Starmie|Rapid Spin|p2a: Snorlax
|-damage|p2a: Snorlax|98/100
|-sideend|p1: moowee|Spikes|[from] move: Rapid Spin|[of] p1a: Starmie
|move|p2a: Snorlax|Curse|p2a: Snorlax
|-unboost|p2a: Snorlax|spe|1
|-boost|p2a: Snorlax|atk|1
|-boost|p2a: Snorlax|def|1
|
|-heal|p1a: Starmie|79/100|[from] item: Leftovers
|-heal|p2a: Snorlax|100/100|[from] item: Leftovers
|upkeep
|turn|28
|
|t:|1728927690
|move|p1a: Starmie|Psychic|p2a: Snorlax
|-damage|p2a: Snorlax|81/100
|move|p2a: Snorlax|Curse|p2a: Snorlax
|-unboost|p2a: Snorlax|spe|1
|-boost|p2a: Snorlax|atk|1
|-boost|p2a: Snorlax|def|1
|
|-heal|p1a: Starmie|85/100|[from] item: Leftovers
|-heal|p2a: Snorlax|87/100|[from] item: Leftovers
|upkeep
|turn|29
|
|t:|1728927695
|move|p1a: Starmie|Psychic|p2a: Snorlax
|-damage|p2a: Snorlax|66/100
|-unboost|p2a: Snorlax|spd|1
|move|p2a: Snorlax|Shadow Ball|p1a: Starmie
|-supereffective|p1a: Starmie
|-damage|p1a: Starmie|0 fnt
|faint|p1a: Starmie
|
|t:|1728927705
|switch|p1a: Dugtrio|Dugtrio, M|100/100
|
|-heal|p2a: Snorlax|72/100|[from] item: Leftovers
|upkeep
|turn|30
|
|t:|1728927715
|move|p1a: Dugtrio|Earthquake|p2a: Snorlax
|-damage|p2a: Snorlax|51/100
|move|p2a: Snorlax|Body Slam|p1a: Dugtrio
|-damage|p1a: Dugtrio|0 fnt
|faint|p1a: Dugtrio
|
|t:|1728927718
|switch|p1a: Metagross|Metagross|89/100
|
|-heal|p2a: Snorlax|57/100|[from] item: Leftovers
|upkeep
|turn|31
|
|t:|1728927729
|move|p1a: Metagross|Meteor Mash|p2a: Snorlax
|-damage|p2a: Snorlax|32/100
|move|p2a: Snorlax|Body Slam|p1a: Metagross
|-resisted|p1a: Metagross
|-damage|p1a: Metagross|61/100
|
|-heal|p2a: Snorlax|38/100|[from] item: Leftovers
|upkeep
|turn|32
|
|t:|1728927744
|move|p1a: Metagross|Meteor Mash|p2a: Snorlax
|-damage|p2a: Snorlax|13/100
|move|p2a: Snorlax|Rest|p2a: Snorlax
|-status|p2a: Snorlax|slp|[from] move: Rest
|-heal|p2a: Snorlax|100/100 slp|[silent]
|
|upkeep
|turn|33
|
|t:|1728927758
|move|p1a: Metagross|Meteor Mash|p2a: Snorlax|[miss]
|-miss|p1a: Metagross|p2a: Snorlax
|cant|p2a: Snorlax|slp
|
|upkeep
|turn|34
|
|t:|1728927763
|move|p1a: Metagross|Meteor Mash|p2a: Snorlax
|-damage|p2a: Snorlax|76/100 slp
|cant|p2a: Snorlax|slp
|
|-heal|p2a: Snorlax|83/100 slp|[from] item: Leftovers
|upkeep
|turn|35
|
|t:|1728927767
|move|p1a: Metagross|Meteor Mash|p2a: Snorlax|[miss]
|-miss|p1a: Metagross|p2a: Snorlax
|-curestatus|p2a: Snorlax|slp|[msg]
|move|p2a: Snorlax|Body Slam|p1a: Metagross
|-resisted|p1a: Metagross
|-damage|p1a: Metagross|33/100
|
|-heal|p2a: Snorlax|89/100|[from] item: Leftovers
|upkeep
|turn|36
|
|t:|1728927769
|move|p1a: Metagross|Meteor Mash|p2a: Snorlax
|-damage|p2a: Snorlax|65/100
|move|p2a: Snorlax|Body Slam|p1a: Metagross
|-resisted|p1a: Metagross
|-damage|p1a: Metagross|4/100
|
|-heal|p2a: Snorlax|71/100|[from] item: Leftovers
|upkeep
|turn|37
|
|t:|1728927774
|move|p1a: Metagross|Meteor Mash|p2a: Snorlax
|-damage|p2a: Snorlax|46/100
|move|p2a: Snorlax|Body Slam|p1a: Metagross
|-resisted|p1a: Metagross
|-damage|p1a: Metagross|0 fnt
|faint|p1a: Metagross
|
|win|kfz
|c|☆moowee|gg
|c|☆kfz|gg

</script>
<script type="application/json" class="data" id="replaydata-smogtours-gen3ou-798679">
{"id":"smogtours-gen3ou-798679","format":"[Gen 3] OU","players":["moowee","kfz"],"uploadtime":1728927774,"views":118,"formatid":"gen3ou","rating":null,"private":0,"password":null}
</script>

<script defer src="js/replays.js?9d40a366"></script>
