<!DOCTYPE html>
<meta charset="utf-8" />
<meta name="viewport" content="width=device-width" />

<title>[Gen 3] OU: leng loi vs. crustaceus - Replays - Pok&eacute;mon Showdown!</title>

<meta name="description" content="Watch a replay of a Pok&eacute;mon battle between leng loi and crustaceus! Format: [Gen 3] OU; Date: Oct 2, 2024" />
<!--

Hey, you! Looking in the source for the replay log?

You can find them in JSON format, just add `.json` at the end of a replay URL.

https://replay.pokemonshowdown.com/gen7randomdoublesbattle-865046831.json

Or, if you only need the log itself, add `.log` instead:

https://replay.pokemonshowdown.com/gen7randomdoublesbattle-865046831.log

-->

<link rel="stylesheet" href="//pokemonshowdown.com/style/global.css?0.767286132409787" />
<link rel="stylesheet" href="//play.pokemonshowdown.com/style/font-awesome.css?0.9266228007934947" />
<link rel="stylesheet" href="//play.pokemonshowdown.com/style/battle.css?0.7924700842790926" />
<link rel="stylesheet" href="//play.pokemonshowdown.com/style/utilichart.css?0.8777417872839479" />

<!-- Global site tag (gtag.js) - Google Analytics -->
<script async src="https://www.googletagmanager.com/gtag/js?id=UA-26211653-1"></script>
<script>
  window.dataLayer = window.dataLayer || [];
  function gtag(){dataLayer.push(arguments);}
  gtag('js', new Date());

  gtag('config', 'UA-26211653-1');
</script>
<!-- End Google Analytics -->
<!-- Venatus Ad Manager - Install in <HEAD> of page -->
	<script src="https://hb.vntsm.com/v3/live/ad-manager.min.js" type="text/javascript" data-site-id="642aba63ec9a7b11c3c9c1be" data-mode="scan" async></script>
<!-- / Venatus Ad Manager -->

<style>
	@media (max-width:820px) {
		.battle {
			margin: 0 auto;
		}
		.battle-log {
			margin: 7px auto 0;
			max-width: 640px;
			height: 300px;
			position: static;
		}
	}
	.optgroup {
		display: inline-block;
		line-height: 22px;
		font-size: 10pt;
	}
	.optgroup .button {
		height: 25px;
		padding-top: 0;
		padding-bottom: 0;
	}
	.optgroup button.button {
		padding-left: 12px;
		padding-right: 12px;
	}
	.linklist {
		list-style: none;
		margin: 0.5em 0;
		padding: 0;
	}
	.linklist li {
		padding: 2px 0;
	}
	.sidebar {
		float: left;
		width: 320px;
	}
	.bar-wrapper {
		max-width: 1100px;
		margin: 0 auto;
	}
	.bar-wrapper.has-sidebar {
		max-width: 1430px;
	}
	.mainbar {
		margin: 0;
		padding-right: 1px;
	}
	.mainbar.has-sidebar {
		margin-left: 330px;
	}
	@media (min-width: 1511px) {
		.sidebar {
			width: 400px;
		}
		.bar-wrapper.has-sidebar {
			max-width: 1510px;
		}
		.mainbar.has-sidebar {
			margin-left: 410px;
		}
	}
	.section.first-section {
		margin-top: 9px;
	}
	.blocklink small {
		white-space: normal;
	}
	.button {
		vertical-align: middle;
	}
	.replay-controls {
		padding-top: 10px;
	}
	.replay-controls h1 {
		font-size: 16pt;
		font-weight: normal;
		color: #CCC;
	}
	.pagelink {
		text-align: center;
	}
	.pagelink a {
		width: 150px;
	}
	.textbox, .button {
		font-size: 11pt;
		vertical-align: middle;
	}
	@media (max-width: 450px) {
		.button {
			font-size: 9pt;
		}
	}
</style>

<div>

	<header>
		<div class="nav-wrapper"><ul class="nav">
			<li><a class="button nav-first" href="//pokemonshowdown.com/"><img src="//pokemonshowdown.com/images/pokemonshowdownbeta.png" srcset="//pokemonshowdown.com/images/pokemonshowdownbeta.png 1x, //pokemonshowdown.com/images/pokemonshowdownbeta@2x.png 2x" alt="Pok&eacute;mon Showdown" width="146" height="44" /> Home</a></li>
			<li><a class="button" href="//pokemonshowdown.com/dex/">Pok&eacute;dex</a></li>
			<li><a class="button cur" href="/">Replays</a></li>
			<li><a class="button" href="//pokemonshowdown.com/ladder/">Ladder</a></li>
			<li><a class="button nav-last" href="//pokemonshowdown.com/forums/">Forum</a></li>
			<li><a class="button greenbutton nav-first nav-last" href="//play.pokemonshowdown.com/">Play</a></li>
		</ul></div>
	</header>

	<div class="main" id="main">

		<noscript><section class="section">You need to enable JavaScript to use this page; sorry!</section></noscript>

	</div>

</div>

<script defer nomodule src="//play.pokemonshowdown.com/js/lib/ps-polyfill.js"></script>
<script defer src="//play.pokemonshowdown.com/js/lib/preact.min.js"></script>

<script defer src="//play.pokemonshowdown.com/config/config.js?6dec07f6"></script>
<script defer src="//play.pokemonshowdown.com/js/lib/jquery-1.11.0.min.js"></script>
<script defer src="//play.pokemonshowdown.com/js/lib/html-sanitizer-minified.js"></script>
<script defer src="//play.pokemonshowdown.com/js/battle-sound.js"></script>
<script defer src="//play.pokemonshowdown.com/js/battledata.js?0.6315294753075389"></script>
<script defer src="//play.pokemonshowdown.com/data/pokedex-mini.js?0.7603743185311358"></script>
<script defer src="//play.pokemonshowdown.com/data/pokedex-mini-bw.js?0.030888842834281283"></script>
<script defer src="//play.pokemonshowdown.com/data/graphics.js?0.05593094747507488"></script>
<script defer src="//play.pokemonshowdown.com/data/pokedex.js?0.47064822249611904"></script>
<script defer src="//play.pokemonshowdown.com/data/moves.js?0.8583693120512459"></script>
<script defer src="//play.pokemonshowdown.com/data/abilities.js?0.16017181182386842"></script>
<script defer src="//play.pokemonshowdown.com/data/items.js?0.4163379185673943"></script>
<script defer src="//play.pokemonshowdown.com/data/teambuilder-tables.js?0.31075597372830477"></script>
<script defer src="//play.pokemonshowdown.com/js/battle-tooltips.js?0.6536193500708172"></script>
<script defer src="//play.pokemonshowdown.com/js/battle.js?0.1916591943277901"></script>

<script defer src="js/utils.js?e31f9a17"></script>
<script defer src="js/replays-battle.js?7008c182"></script>

<!-- don't scrape this data! just add .json or .log after the URL!
Full API docs: https://github.com/smogon/pokemon-showdown-client/blob/master/WEB-API.md -->
<script type="text/plain" class="log" id="replaylog-smogtours-gen3ou-794067">
|inactive|Battle timer is ON: inactive players will automatically lose when time's up.
|t:|1727903650
|gametype|singles
|player|p1|leng loi|#scl4machines2|
|player|p2|crustaceus|169|
|teamsize|p1|6
|teamsize|p2|6
|gen|3
|tier|[Gen 3] OU
|rule|Sleep Clause Mod: Limit one foe put to sleep
|rule|Switch Priority Clause Mod: Faster Pokémon switch first
|rule|Species Clause: Limit one of each Pokémon
|rule|OHKO Clause: OHKO moves are banned
|rule|Evasion Items Clause: Evasion items are banned
|rule|Evasion Moves Clause: Evasion moves are banned
|rule|Endless Battle Clause: Forcing endless battles is banned
|rule|HP Percentage Mod: HP is shown in percentages
|rule|One Boost Passer Clause: Limit one Baton Passer that has a way to boost its stats
|rule|Freeze Clause Mod: Limit one foe frozen
|
|t:|1727903650
|start
|switch|p1a: Salamence|Salamence, M|100/100
|switch|p2a: Meatball|Forretress, F|100/100
|-ability|p1a: Salamence|Intimidate|boost
|-unboost|p2a: Meatball|atk|1
|turn|1
|c|☆leng loi|glhf
|c|☆crustaceus|glhf
|inactive|leng loi has 270 seconds left.
|
|t:|1727903682
|switch|p2a: Zivs|Swampert, M|100/100
|move|p1a: Salamence|Fire Blast|p2a: Zivs
|-resisted|p2a: Zivs
|-damage|p2a: Zivs|83/100
|
|-heal|p2a: Zivs|89/100|[from] item: Leftovers
|upkeep
|turn|2
|
|t:|1727903689
|move|p2a: Zivs|Protect|p2a: Zivs
|-singleturn|p2a: Zivs|Protect
|move|p1a: Salamence|Hidden Power|p2a: Zivs
|-activate|p2a: Zivs|Protect
|
|-heal|p2a: Zivs|96/100|[from] item: Leftovers
|upkeep
|turn|3
|
|t:|1727903704
|switch|p2a: Perkons|Zapdos|100/100
|move|p1a: Salamence|Brick Break|p2a: Perkons
|-resisted|p2a: Perkons
|-damage|p2a: Perkons|89/100
|
|-heal|p2a: Perkons|95/100|[from] item: Leftovers
|upkeep
|turn|4
|
|t:|1727903714
|switch|p1a: Swampert|Swampert, F|100/100
|move|p2a: Perkons|Thunderbolt|p1a: Swampert
|-immune|p1a: Swampert
|
|-heal|p2a: Perkons|100/100|[from] item: Leftovers
|upkeep
|turn|5
|
|t:|1727903718
|switch|p1a: Jirachi|Jirachi|100/100
|move|p2a: Perkons|Hidden Power|p1a: Jirachi
|-resisted|p1a: Jirachi
|-damage|p1a: Jirachi|94/100
|
|-heal|p1a: Jirachi|99/100|[from] item: Leftovers
|upkeep
|turn|6
|
|t:|1727903727
|switch|p2a: Olas|Blissey, F|100/100
|move|p1a: Jirachi|Toxic|p2a: Olas
|-status|p2a: Olas|tox
|
|-heal|p1a: Jirachi|100/100|[from] item: Leftovers
|-damage|p2a: Olas|94/100 tox|[from] psn
|upkeep
|turn|7
|
|t:|1727903744
|move|p1a: Jirachi|Toxic|p2a: Olas
|-fail|p2a: Olas|tox
|move|p2a: Olas|Thunder Wave|p1a: Jirachi
|-status|p1a: Jirachi|par
|
|-heal|p2a: Olas|100/100 tox|[from] item: Leftovers
|-damage|p2a: Olas|88/100 tox|[from] psn
|upkeep
|turn|8
|inactive|leng loi has 270 seconds left.
|
|t:|1727903775
|-curestatus|p2a: Olas|tox|[from] ability: Natural Cure
|switch|p2a: Perkons|Zapdos|100/100
|move|p1a: Jirachi|Toxic|p2a: Perkons
|-status|p2a: Perkons|tox
|
|-damage|p2a: Perkons|94/100 tox|[from] psn
|upkeep
|turn|9
|inactive|leng loi has 270 seconds left.
|inactive|crustaceus has 270 seconds left.
|
|t:|1727903790
|switch|p1a: Tyranitar|Tyranitar, M|100/100
|-weather|Sandstorm|[from] ability: Sand Stream|[of] p1a: Tyranitar
|move|p2a: Perkons|Hidden Power|p1a: Tyranitar
|-supereffective|p1a: Tyranitar
|-damage|p1a: Tyranitar|68/100
|
|-weather|Sandstorm|[upkeep]
|-damage|p2a: Perkons|88/100 tox|[from] Sandstorm
|-heal|p2a: Perkons|94/100 tox|[from] item: Leftovers
|-damage|p2a: Perkons|82/100 tox|[from] psn
|-heal|p1a: Tyranitar|74/100|[from] item: Leftovers
|upkeep
|turn|10
|
|t:|1727903798
|-activate|p2a: Perkons|move: Pursuit
|move|p1a: Tyranitar|Pursuit|p2a: Perkons|[from]Pursuit
|-damage|p2a: Perkons|57/100 tox
|switch|p2a: Zivs|Swampert, M|96/100
|
|-weather|Sandstorm|[upkeep]
|-heal|p1a: Tyranitar|80/100|[from] item: Leftovers
|-heal|p2a: Zivs|100/100|[from] item: Leftovers
|upkeep
|turn|11
|inactive|leng loi has 270 seconds left.
|inactive|crustaceus has 270 seconds left.
|
|t:|1727903831
|switch|p1a: Skarmory|Skarmory, M|100/100
|switch|p2a: Olas|Blissey, F|88/100
|
|-weather|Sandstorm|[upkeep]
|-damage|p2a: Olas|82/100|[from] Sandstorm
|-heal|p2a: Olas|88/100|[from] item: Leftovers
|upkeep
|turn|12
|
|t:|1727903838
|move|p1a: Skarmory|Spikes|p2a: Olas
|-sidestart|p2: crustaceus|Spikes
|move|p2a: Olas|Thunder Wave|p1a: Skarmory
|-status|p1a: Skarmory|par
|
|-weather|Sandstorm|[upkeep]
|-damage|p2a: Olas|82/100|[from] Sandstorm
|-heal|p2a: Olas|88/100|[from] item: Leftovers
|upkeep
|turn|13
|
|t:|1727903844
|switch|p2a: Meatball|Forretress, F|100/100
|-damage|p2a: Meatball|88/100|[from] Spikes
|move|p1a: Skarmory|Roar|p2a: Meatball
|drag|p2a: Perkons|Zapdos|57/100 tox
|
|-weather|Sandstorm|[upkeep]
|-damage|p2a: Perkons|51/100 tox|[from] Sandstorm
|-heal|p2a: Perkons|57/100 tox|[from] item: Leftovers
|-damage|p2a: Perkons|51/100 tox|[from] psn
|upkeep
|turn|14
|inactive|leng loi has 270 seconds left.
|
|t:|1727903857
|switch|p1a: Swampert|Swampert, F|100/100
|move|p2a: Perkons|Rest|p2a: Perkons
|-status|p2a: Perkons|slp|[from] move: Rest
|-heal|p2a: Perkons|100/100 slp|[silent]
|
|-weather|Sandstorm|[upkeep]
|-damage|p2a: Perkons|94/100 slp|[from] Sandstorm
|-heal|p2a: Perkons|100/100 slp|[from] item: Leftovers
|upkeep
|turn|15
|inactive|leng loi has 270 seconds left.
|
|t:|1727903870
|cant|p2a: Perkons|slp
|move|p2a: Perkons|Sleep Talk|p2a: Perkons
|move|p2a: Perkons|Hidden Power|p1a: Swampert|[from]Sleep Talk
|-supereffective|p1a: Swampert
|-damage|p1a: Swampert|29/100
|move|p1a: Swampert|Ice Beam|p2a: Perkons
|-supereffective|p2a: Perkons
|-damage|p2a: Perkons|73/100 slp
|
|-weather|Sandstorm|[upkeep]
|-damage|p2a: Perkons|66/100 slp|[from] Sandstorm
|-heal|p2a: Perkons|73/100 slp|[from] item: Leftovers
|-heal|p1a: Swampert|35/100|[from] item: Leftovers
|upkeep
|turn|16
|inactive|leng loi has 270 seconds left.
|
|t:|1727903884
|move|p1a: Swampert|Protect|p1a: Swampert
|-singleturn|p1a: Swampert|Protect
|cant|p2a: Perkons|slp
|move|p2a: Perkons|Sleep Talk|p2a: Perkons
|move|p2a: Perkons|Hidden Power|p1a: Swampert|[from]Sleep Talk
|-activate|p1a: Swampert|Protect
|
|-weather|Sandstorm|[upkeep]
|-damage|p2a: Perkons|66/100 slp|[from] Sandstorm
|-heal|p2a: Perkons|73/100 slp|[from] item: Leftovers
|-heal|p1a: Swampert|41/100|[from] item: Leftovers
|upkeep
|turn|17
|
|t:|1727903893
|switch|p1a: Jirachi|Jirachi|100/100 par
|-curestatus|p2a: Perkons|slp|[msg]
|move|p2a: Perkons|Thunderbolt|p1a: Jirachi
|-damage|p1a: Jirachi|75/100 par
|
|-weather|Sandstorm|[upkeep]
|-damage|p2a: Perkons|66/100|[from] Sandstorm
|-heal|p2a: Perkons|73/100|[from] item: Leftovers
|-heal|p1a: Jirachi|81/100 par|[from] item: Leftovers
|upkeep
|turn|18
|
|t:|1727903901
|switch|p2a: Olas|Blissey, F|88/100
|-damage|p2a: Olas|76/100|[from] Spikes
|move|p1a: Jirachi|Wish|p1a: Jirachi
|
|-weather|Sandstorm|[upkeep]
|-damage|p2a: Olas|70/100|[from] Sandstorm
|-heal|p2a: Olas|76/100|[from] item: Leftovers
|-heal|p1a: Jirachi|87/100 par|[from] item: Leftovers
|upkeep
|turn|19
|
|t:|1727903915
|switch|p1a: Swampert|Swampert, F|41/100
|move|p2a: Olas|Wish|p2a: Olas
|
|-heal|p1a: Swampert|91/100|[from] move: Wish|[wisher] Jirachi
|-weather|Sandstorm|[upkeep]
|-damage|p2a: Olas|70/100|[from] Sandstorm
|-heal|p2a: Olas|76/100|[from] item: Leftovers
|-heal|p1a: Swampert|97/100|[from] item: Leftovers
|upkeep
|turn|20
|
|t:|1727903929
|switch|p2a: Meatball|Forretress, F|88/100
|-damage|p2a: Meatball|76/100|[from] Spikes
|switch|p1a: Skarmory|Skarmory, M|100/100 par
|
|-heal|p2a: Meatball|100/100|[from] move: Wish|[wisher] Olas
|-weather|Sandstorm|[upkeep]
|upkeep
|turn|21
|
|t:|1727903932
|switch|p1a: Gengar|Gengar, F, shiny|100/100
|move|p2a: Meatball|Spikes|p1a: Gengar
|-sidestart|p1: leng loi|Spikes
|
|-weather|Sandstorm|[upkeep]
|-damage|p1a: Gengar|94/100|[from] Sandstorm
|-heal|p1a: Gengar|100/100|[from] item: Leftovers
|upkeep
|turn|22
|
|t:|1727903939
|switch|p2a: Kalni|Tyranitar, M|100/100
|-damage|p2a: Kalni|88/100|[from] Spikes
|move|p1a: Gengar|Will-O-Wisp|p2a: Kalni
|-status|p2a: Kalni|brn
|
|-weather|Sandstorm|[upkeep]
|-damage|p1a: Gengar|94/100|[from] Sandstorm
|-heal|p1a: Gengar|100/100|[from] item: Leftovers
|-heal|p2a: Kalni|94/100 brn|[from] item: Leftovers
|-damage|p2a: Kalni|82/100 brn|[from] brn
|upkeep
|turn|23
|
|t:|1727903955
|move|p1a: Gengar|Thunderbolt|p2a: Kalni
|-damage|p2a: Kalni|59/100 brn
|move|p2a: Kalni|Pursuit|p1a: Gengar
|-supereffective|p1a: Gengar
|-damage|p1a: Gengar|48/100
|
|-weather|Sandstorm|[upkeep]
|-damage|p1a: Gengar|41/100|[from] Sandstorm
|-heal|p1a: Gengar|48/100|[from] item: Leftovers
|-heal|p2a: Kalni|66/100 brn|[from] item: Leftovers
|-damage|p2a: Kalni|53/100 brn|[from] brn
|upkeep
|turn|24
|
|t:|1727903962
|move|p1a: Gengar|Destiny Bond|p1a: Gengar
|-singlemove|p1a: Gengar|Destiny Bond
|move|p2a: Kalni|Pursuit|p1a: Gengar
|-supereffective|p1a: Gengar
|-damage|p1a: Gengar|0 fnt
|faint|p1a: Gengar
|-activate|p1a: Gengar|move: Destiny Bond
|faint|p2a: Kalni
|
|t:|1727903970
|switch|p1a: Salamence|Salamence, M|100/100
|switch|p2a: Dinosaur Dave|Aerodactyl, F|100/100
|-ability|p1a: Salamence|Intimidate|boost
|-unboost|p2a: Dinosaur Dave|atk|1
|
|-weather|Sandstorm|[upkeep]
|-damage|p1a: Salamence|94/100|[from] Sandstorm
|-heal|p1a: Salamence|100/100|[from] item: Leftovers
|upkeep
|turn|25
|
|t:|1727903983
|switch|p1a: Swampert|Swampert, F|97/100
|-damage|p1a: Swampert|85/100|[from] Spikes
|move|p2a: Dinosaur Dave|Rock Slide|p1a: Swampert|[miss]
|-miss|p2a: Dinosaur Dave|p1a: Swampert
|
|-weather|Sandstorm|[upkeep]
|-heal|p1a: Swampert|91/100|[from] item: Leftovers
|upkeep
|turn|26
|
|t:|1727903993
|switch|p2a: Meatball|Forretress, F|100/100
|-damage|p2a: Meatball|88/100|[from] Spikes
|move|p1a: Swampert|Ice Beam|p2a: Meatball
|-resisted|p2a: Meatball
|-damage|p2a: Meatball|80/100
|-status|p2a: Meatball|frz
|
|-weather|Sandstorm|[upkeep]
|-heal|p1a: Swampert|97/100|[from] item: Leftovers
|-heal|p2a: Meatball|86/100 frz|[from] item: Leftovers
|upkeep
|turn|27
|
|t:|1727904000
|switch|p1a: Salamence|Salamence, M|100/100
|-ability|p1a: Salamence|Intimidate|boost
|-unboost|p2a: Meatball|atk|1
|cant|p2a: Meatball|frz
|
|-weather|Sandstorm|[upkeep]
|-damage|p1a: Salamence|94/100|[from] Sandstorm
|-heal|p1a: Salamence|100/100|[from] item: Leftovers
|-heal|p2a: Meatball|92/100 frz|[from] item: Leftovers
|upkeep
|turn|28
|c|☆crustaceus|:(
|
|t:|1727904022
|switch|p2a: Perkons|Zapdos|73/100
|move|p1a: Salamence|Fire Blast|p2a: Perkons
|-crit|p2a: Perkons
|-damage|p2a: Perkons|15/100
|
|-weather|Sandstorm|[upkeep]
|-damage|p1a: Salamence|94/100|[from] Sandstorm
|-damage|p2a: Perkons|8/100|[from] Sandstorm
|-heal|p1a: Salamence|100/100|[from] item: Leftovers
|-heal|p2a: Perkons|15/100|[from] item: Leftovers
|upkeep
|turn|29
|
|t:|1727904034
|move|p1a: Salamence|Dragon Claw|p2a: Perkons
|-damage|p2a: Perkons|0 fnt
|faint|p2a: Perkons
|
|t:|1727904037
|switch|p2a: Dinosaur Dave|Aerodactyl, F|100/100
|
|-weather|Sandstorm|[upkeep]
|-damage|p1a: Salamence|94/100|[from] Sandstorm
|-heal|p1a: Salamence|100/100|[from] item: Leftovers
|upkeep
|turn|30
|
|t:|1727904052
|switch|p1a: Skarmory|Skarmory, M|100/100 par
|move|p2a: Dinosaur Dave|Double-Edge|p1a: Skarmory
|-resisted|p1a: Skarmory
|-damage|p1a: Skarmory|79/100 par
|
|-weather|Sandstorm|[upkeep]
|-heal|p1a: Skarmory|85/100 par|[from] item: Leftovers
|upkeep
|turn|31
|
|t:|1727904055
|switch|p2a: Meatball|Forretress, F|92/100 frz
|-damage|p2a: Meatball|80/100 frz|[from] Spikes
|move|p1a: Skarmory|Spikes|p2a: Meatball
|-sidestart|p2: crustaceus|Spikes
|
|-weather|Sandstorm|[upkeep]
|-heal|p2a: Meatball|86/100 frz|[from] item: Leftovers
|-heal|p1a: Skarmory|91/100 par|[from] item: Leftovers
|upkeep
|turn|32
|
|t:|1727904059
|cant|p2a: Meatball|frz
|cant|p1a: Skarmory|par
|
|-weather|Sandstorm|[upkeep]
|-heal|p2a: Meatball|92/100 frz|[from] item: Leftovers
|-heal|p1a: Skarmory|97/100 par|[from] item: Leftovers
|upkeep
|turn|33
|
|t:|1727904064
|switch|p1a: Tyranitar|Tyranitar, M|80/100
|-damage|p1a: Tyranitar|68/100|[from] Spikes
|cant|p2a: Meatball|frz
|
|-weather|Sandstorm|[upkeep]
|-heal|p1a: Tyranitar|74/100|[from] item: Leftovers
|-heal|p2a: Meatball|98/100 frz|[from] item: Leftovers
|upkeep
|turn|34
|
|t:|1727904075
|switch|p2a: Olas|Blissey, F|76/100
|-damage|p2a: Olas|59/100|[from] Spikes
|move|p1a: Tyranitar|Fire Blast|p2a: Olas
|-damage|p2a: Olas|45/100
|
|-weather|Sandstorm|[upkeep]
|-damage|p2a: Olas|39/100|[from] Sandstorm
|-heal|p1a: Tyranitar|80/100|[from] item: Leftovers
|-heal|p2a: Olas|45/100|[from] item: Leftovers
|upkeep
|turn|35
|
|t:|1727904086
|switch|p1a: Skarmory|Skarmory, M|97/100 par
|move|p2a: Olas|Soft-Boiled|p2a: Olas
|-heal|p2a: Olas|95/100
|
|-weather|Sandstorm|[upkeep]
|-damage|p2a: Olas|89/100|[from] Sandstorm
|-heal|p2a: Olas|95/100|[from] item: Leftovers
|-heal|p1a: Skarmory|100/100 par|[from] item: Leftovers
|upkeep
|turn|36
|
|t:|1727904101
|switch|p2a: Meatball|Forretress, F|98/100 frz
|-damage|p2a: Meatball|82/100 frz|[from] Spikes
|move|p1a: Skarmory|Spikes|p2a: Meatball
|-sidestart|p2: crustaceus|Spikes
|
|-weather|Sandstorm|[upkeep]
|-heal|p2a: Meatball|88/100 frz|[from] item: Leftovers
|upkeep
|turn|37
|
|t:|1727904106
|switch|p1a: Salamence|Salamence, M|100/100
|-ability|p1a: Salamence|Intimidate|boost
|-unboost|p2a: Meatball|atk|1
|cant|p2a: Meatball|frz
|
|-weather|Sandstorm|[upkeep]
|-damage|p1a: Salamence|94/100|[from] Sandstorm
|-heal|p1a: Salamence|100/100|[from] item: Leftovers
|-heal|p2a: Meatball|94/100 frz|[from] item: Leftovers
|upkeep
|turn|38
|
|t:|1727904119
|move|p1a: Salamence|Fire Blast|p2a: Meatball
|-supereffective|p2a: Meatball
|-damage|p2a: Meatball|0 fnt
|faint|p2a: Meatball
|
|t:|1727904122
|switch|p2a: Dinosaur Dave|Aerodactyl, F|100/100
|
|-weather|Sandstorm|[upkeep]
|-damage|p1a: Salamence|94/100|[from] Sandstorm
|-heal|p1a: Salamence|100/100|[from] item: Leftovers
|upkeep
|turn|39
|
|t:|1727904131
|switch|p1a: Skarmory|Skarmory, M|100/100 par
|move|p2a: Dinosaur Dave|Rock Slide|p1a: Skarmory
|-damage|p1a: Skarmory|62/100 par
|
|-weather|Sandstorm|[upkeep]
|-heal|p1a: Skarmory|68/100 par|[from] item: Leftovers
|upkeep
|turn|40
|
|t:|1727904134
|move|p2a: Dinosaur Dave|Rock Slide|p1a: Skarmory
|-damage|p1a: Skarmory|25/100 par
|move|p1a: Skarmory|Toxic|p2a: Dinosaur Dave
|-status|p2a: Dinosaur Dave|tox
|
|-weather|Sandstorm|[upkeep]
|-damage|p2a: Dinosaur Dave|95/100 tox|[from] psn
|-heal|p1a: Skarmory|31/100 par|[from] item: Leftovers
|upkeep
|turn|41
|
|t:|1727904137
|switch|p1a: Swampert|Swampert, F|97/100
|-damage|p1a: Swampert|85/100|[from] Spikes
|move|p2a: Dinosaur Dave|Rock Slide|p1a: Swampert
|-resisted|p1a: Swampert
|-damage|p1a: Swampert|66/100
|
|-weather|Sandstorm|[upkeep]
|-damage|p2a: Dinosaur Dave|83/100 tox|[from] psn
|-heal|p1a: Swampert|72/100|[from] item: Leftovers
|upkeep
|turn|42
|
|t:|1727904145
|switch|p2a: Zivs|Swampert, M|100/100
|-damage|p2a: Zivs|76/100|[from] Spikes
|move|p1a: Swampert|Earthquake|p2a: Zivs
|-damage|p2a: Zivs|49/100
|
|-weather|Sandstorm|[upkeep]
|-heal|p2a: Zivs|55/100|[from] item: Leftovers
|-heal|p1a: Swampert|79/100|[from] item: Leftovers
|upkeep
|turn|43
|
|t:|1727904156
|move|p2a: Zivs|Toxic|p1a: Swampert
|-status|p1a: Swampert|tox
|move|p1a: Swampert|Hydro Pump|p2a: Zivs
|-crit|p2a: Zivs
|-damage|p2a: Zivs|0 fnt
|faint|p2a: Zivs
|
|t:|1727904172
|switch|p2a: Dinosaur Dave|Aerodactyl, F|83/100 tox
|
|-weather|Sandstorm|[upkeep]
|-damage|p2a: Dinosaur Dave|77/100 tox|[from] psn
|-heal|p1a: Swampert|85/100 tox|[from] item: Leftovers
|-damage|p1a: Swampert|79/100 tox|[from] psn
|upkeep
|turn|44
|
|t:|1727904176
|move|p2a: Dinosaur Dave|Double-Edge|p1a: Swampert
|-damage|p1a: Swampert|43/100 tox
|move|p1a: Swampert|Ice Beam|p2a: Dinosaur Dave
|-supereffective|p2a: Dinosaur Dave
|-damage|p2a: Dinosaur Dave|26/100 tox
|
|-weather|Sandstorm|[upkeep]
|-damage|p2a: Dinosaur Dave|14/100 tox|[from] psn
|-heal|p1a: Swampert|49/100 tox|[from] item: Leftovers
|-damage|p1a: Swampert|36/100 tox|[from] psn
|upkeep
|turn|45
|
|t:|1727904182
|move|p1a: Swampert|Protect|p1a: Swampert
|-singleturn|p1a: Swampert|Protect
|move|p2a: Dinosaur Dave|Double-Edge|p1a: Swampert
|-activate|p1a: Swampert|Protect
|
|-weather|Sandstorm|[upkeep]
|-damage|p2a: Dinosaur Dave|0 fnt|[from] psn
|faint|p2a: Dinosaur Dave
|-heal|p1a: Swampert|43/100 tox|[from] item: Leftovers
|-damage|p1a: Swampert|24/100 tox|[from] psn
|upkeep
|
|t:|1727904185
|switch|p2a: Olas|Blissey, F|95/100
|-damage|p2a: Olas|70/100|[from] Spikes
|turn|46
|
|t:|1727904190
|switch|p1a: Jirachi|Jirachi|87/100 par
|-damage|p1a: Jirachi|75/100 par|[from] Spikes
|move|p2a: Olas|Seismic Toss|p1a: Jirachi
|-damage|p1a: Jirachi|50/100 par
|
|-weather|Sandstorm|[upkeep]
|-damage|p2a: Olas|64/100|[from] Sandstorm
|-heal|p2a: Olas|70/100|[from] item: Leftovers
|-heal|p1a: Jirachi|56/100 par|[from] item: Leftovers
|upkeep
|turn|47
|
|t:|1727904193
|move|p2a: Olas|Seismic Toss|p1a: Jirachi
|-damage|p1a: Jirachi|31/100 par
|move|p1a: Jirachi|Toxic|p2a: Olas
|-status|p2a: Olas|tox
|
|-weather|Sandstorm|[upkeep]
|-damage|p2a: Olas|64/100 tox|[from] Sandstorm
|-heal|p2a: Olas|70/100 tox|[from] item: Leftovers
|-damage|p2a: Olas|64/100 tox|[from] psn
|-heal|p1a: Jirachi|37/100 par|[from] item: Leftovers
|upkeep
|turn|48
|c|☆crustaceus|gg
|
|t:|1727904202
|move|p2a: Olas|Seismic Toss|p1a: Jirachi
|-damage|p1a: Jirachi|12/100 par
|cant|p1a: Jirachi|par
|
|-weather|Sandstorm|[upkeep]
|-damage|p2a: Olas|57/100 tox|[from] Sandstorm
|-heal|p2a: Olas|64/100 tox|[from] item: Leftovers
|-damage|p2a: Olas|51/100 tox|[from] psn
|-heal|p1a: Jirachi|19/100 par|[from] item: Leftovers
|upkeep
|turn|49
|c|☆leng loi|ggs mb for hax
|
|t:|1727904205
|cant|p1a: Jirachi|par
|move|p2a: Olas|Seismic Toss|p1a: Jirachi
|-damage|p1a: Jirachi|0 fnt
|faint|p1a: Jirachi
|c|☆crustaceus|it happens
|
|t:|1727904210
|switch|p1a: Salamence|Salamence, M|100/100
|-ability|p1a: Salamence|Intimidate|boost
|-unboost|p2a: Olas|atk|1
|
|-weather|Sandstorm|[upkeep]
|-damage|p1a: Salamence|94/100|[from] Sandstorm
|-damage|p2a: Olas|45/100 tox|[from] Sandstorm
|-heal|p1a: Salamence|100/100|[from] item: Leftovers
|-heal|p2a: Olas|51/100 tox|[from] item: Leftovers
|-damage|p2a: Olas|33/100 tox|[from] psn
|upkeep
|turn|50
|c|☆crustaceus|wp
|c|☆crustaceus|some tight games
|
|t:|1727904220
|move|p1a: Salamence|Brick Break|p2a: Olas
|-supereffective|p2a: Olas
|-damage|p2a: Olas|0 fnt
|faint|p2a: Olas
|
|win|leng loi

</script>
<script type="application/json" class="data" id="replaydata-smogtours-gen3ou-794067">
{"id":"smogtours-gen3ou-794067","format":"[Gen 3] OU","players":["leng loi","crustaceus"],"uploadtime":1727904220,"views":133,"formatid":"gen3ou","rating":null,"private":0,"password":null}
</script>

<script defer src="js/replays.js?9d40a366"></script>
