<!DOCTYPE html>
<meta charset="utf-8" />
<meta name="viewport" content="width=device-width" />

<title>[Gen 3] OU: 3 blades vs. lunasran - Replays - Pok&eacute;mon Showdown!</title>

<meta name="description" content="Watch a replay of a Pok&eacute;mon battle between 3 blades and lunasran! Format: [Gen 3] OU; Date: Oct 10, 2024" />
<!--

Hey, you! Looking in the source for the replay log?

You can find them in JSON format, just add `.json` at the end of a replay URL.

https://replay.pokemonshowdown.com/gen7randomdoublesbattle-865046831.json

Or, if you only need the log itself, add `.log` instead:

https://replay.pokemonshowdown.com/gen7randomdoublesbattle-865046831.log

-->

<link rel="stylesheet" href="//pokemonshowdown.com/style/global.css?0.023195364461161105" />
<link rel="stylesheet" href="//play.pokemonshowdown.com/style/font-awesome.css?0.13261647063804238" />
<link rel="stylesheet" href="//play.pokemonshowdown.com/style/battle.css?0.8753245789963631" />
<link rel="stylesheet" href="//play.pokemonshowdown.com/style/utilichart.css?0.8627959624976733" />

<!-- Global site tag (gtag.js) - Google Analytics -->
<script async src="https://www.googletagmanager.com/gtag/js?id=UA-26211653-1"></script>
<script>
  window.dataLayer = window.dataLayer || [];
  function gtag(){dataLayer.push(arguments);}
  gtag('js', new Date());

  gtag('config', 'UA-26211653-1');
</script>
<!-- End Google Analytics -->
<!-- Venatus Ad Manager - Install in <HEAD> of page -->
	<script src="https://hb.vntsm.com/v3/live/ad-manager.min.js" type="text/javascript" data-site-id="642aba63ec9a7b11c3c9c1be" data-mode="scan" async></script>
<!-- / Venatus Ad Manager -->

<style>
	@media (max-width:820px) {
		.battle {
			margin: 0 auto;
		}
		.battle-log {
			margin: 7px auto 0;
			max-width: 640px;
			height: 300px;
			position: static;
		}
	}
	.optgroup {
		display: inline-block;
		line-height: 22px;
		font-size: 10pt;
	}
	.optgroup .button {
		height: 25px;
		padding-top: 0;
		padding-bottom: 0;
	}
	.optgroup button.button {
		padding-left: 12px;
		padding-right: 12px;
	}
	.linklist {
		list-style: none;
		margin: 0.5em 0;
		padding: 0;
	}
	.linklist li {
		padding: 2px 0;
	}
	.sidebar {
		float: left;
		width: 320px;
	}
	.bar-wrapper {
		max-width: 1100px;
		margin: 0 auto;
	}
	.bar-wrapper.has-sidebar {
		max-width: 1430px;
	}
	.mainbar {
		margin: 0;
		padding-right: 1px;
	}
	.mainbar.has-sidebar {
		margin-left: 330px;
	}
	@media (min-width: 1511px) {
		.sidebar {
			width: 400px;
		}
		.bar-wrapper.has-sidebar {
			max-width: 1510px;
		}
		.mainbar.has-sidebar {
			margin-left: 410px;
		}
	}
	.section.first-section {
		margin-top: 9px;
	}
	.blocklink small {
		white-space: normal;
	}
	.button {
		vertical-align: middle;
	}
	.replay-controls {
		padding-top: 10px;
	}
	.replay-controls h1 {
		font-size: 16pt;
		font-weight: normal;
		color: #CCC;
	}
	.pagelink {
		text-align: center;
	}
	.pagelink a {
		width: 150px;
	}
	.textbox, .button {
		font-size: 11pt;
		vertical-align: middle;
	}
	@media (max-width: 450px) {
		.button {
			font-size: 9pt;
		}
	}
</style>

<div>

	<header>
		<div class="nav-wrapper"><ul class="nav">
			<li><a class="button nav-first" href="//pokemonshowdown.com/"><img src="//pokemonshowdown.com/images/pokemonshowdownbeta.png" srcset="//pokemonshowdown.com/images/pokemonshowdownbeta.png 1x, //pokemonshowdown.com/images/pokemonshowdownbeta@2x.png 2x" alt="Pok&eacute;mon Showdown" width="146" height="44" /> Home</a></li>
			<li><a class="button" href="//pokemonshowdown.com/dex/">Pok&eacute;dex</a></li>
			<li><a class="button cur" href="/">Replays</a></li>
			<li><a class="button" href="//pokemonshowdown.com/ladder/">Ladder</a></li>
			<li><a class="button nav-last" href="//pokemonshowdown.com/forums/">Forum</a></li>
			<li><a class="button greenbutton nav-first nav-last" href="//play.pokemonshowdown.com/">Play</a></li>
		</ul></div>
	</header>

	<div class="main" id="main">

		<noscript><section class="section">You need to enable JavaScript to use this page; sorry!</section></noscript>

	</div>

</div>

<script defer nomodule src="//play.pokemonshowdown.com/js/lib/ps-polyfill.js"></script>
<script defer src="//play.pokemonshowdown.com/js/lib/preact.min.js"></script>

<script defer src="//play.pokemonshowdown.com/config/config.js?2bddbc15"></script>
<script defer src="//play.pokemonshowdown.com/js/lib/jquery-1.11.0.min.js"></script>
<script defer src="//play.pokemonshowdown.com/js/lib/html-sanitizer-minified.js"></script>
<script defer src="//play.pokemonshowdown.com/js/battle-sound.js"></script>
<script defer src="//play.pokemonshowdown.com/js/battledata.js?0.7209276989879541"></script>
<script defer src="//play.pokemonshowdown.com/data/pokedex-mini.js?0.6111056340867951"></script>
<script defer src="//play.pokemonshowdown.com/data/pokedex-mini-bw.js?0.3532142036491459"></script>
<script defer src="//play.pokemonshowdown.com/data/graphics.js?0.24223875632456182"></script>
<script defer src="//play.pokemonshowdown.com/data/pokedex.js?0.38839984266356864"></script>
<script defer src="//play.pokemonshowdown.com/data/moves.js?0.21866028504024015"></script>
<script defer src="//play.pokemonshowdown.com/data/abilities.js?0.2005157953846628"></script>
<script defer src="//play.pokemonshowdown.com/data/items.js?0.9894211263848525"></script>
<script defer src="//play.pokemonshowdown.com/data/teambuilder-tables.js?0.6008791140282215"></script>
<script defer src="//play.pokemonshowdown.com/js/battle-tooltips.js?0.7580118955022959"></script>
<script defer src="//play.pokemonshowdown.com/js/battle.js?0.6057722274234274"></script>

<script defer src="js/utils.js?e31f9a17"></script>
<script defer src="js/replays-battle.js?7008c182"></script>

<!-- don't scrape this data! just add .json or .log after the URL!
Full API docs: https://github.com/smogon/pokemon-showdown-client/blob/master/WEB-API.md -->
<script type="text/plain" class="log" id="replaylog-smogtours-gen3ou-797006">
|inactive|Battle timer is ON: inactive players will automatically lose when time's up.
|t:|1728592721
|gametype|singles
|player|p1|3 blades|guzma|
|player|p2|lunasran|erika|
|teamsize|p1|6
|teamsize|p2|6
|gen|3
|tier|[Gen 3] OU
|rule|Sleep Clause Mod: Limit one foe put to sleep
|rule|Switch Priority Clause Mod: Faster Pokémon switch first
|rule|Species Clause: Limit one of each Pokémon
|rule|OHKO Clause: OHKO moves are banned
|rule|Evasion Items Clause: Evasion items are banned
|rule|Evasion Moves Clause: Evasion moves are banned
|rule|Endless Battle Clause: Forcing endless battles is banned
|rule|HP Percentage Mod: HP is shown in percentages
|rule|One Boost Passer Clause: Limit one Baton Passer that has a way to boost its stats
|rule|Freeze Clause Mod: Limit one foe frozen
|
|t:|1728592721
|start
|switch|p1a: CRAZY DIAMOND|Tyranitar, F|100/100
|switch|p2a: Medicham|Medicham, F, shiny|100/100
|-weather|Sandstorm|[from] ability: Sand Stream|[of] p1a: CRAZY DIAMOND
|turn|1
|c|☆3 blades|hf
|c|☆lunasran|glhf
|inactive|lunasran has 270 seconds left.
|
|t:|1728592757
|switch|p2a: Starmie|Starmie, shiny|100/100
|switch|p1a: WONDER OF U|Gengar, F|100/100
|
|-weather|Sandstorm|[upkeep]
|-damage|p2a: Starmie|94/100|[from] Sandstorm
|-damage|p1a: WONDER OF U|94/100|[from] Sandstorm
|-heal|p2a: Starmie|100/100|[from] item: Leftovers
|-heal|p1a: WONDER OF U|100/100|[from] item: Leftovers
|upkeep
|turn|2
|inactive|lunasran has 270 seconds left.
|
|t:|1728592790
|switch|p1a: LOVE DELUXE|Blissey, F|100/100
|move|p2a: Starmie|Thunder Wave|p1a: LOVE DELUXE
|-status|p1a: LOVE DELUXE|par
|
|-weather|Sandstorm|[upkeep]
|-damage|p2a: Starmie|94/100|[from] Sandstorm
|-damage|p1a: LOVE DELUXE|94/100 par|[from] Sandstorm
|-heal|p2a: Starmie|100/100|[from] item: Leftovers
|-heal|p1a: LOVE DELUXE|100/100 par|[from] item: Leftovers
|upkeep
|turn|3
|inactive|lunasran has 270 seconds left.
|
|t:|1728592813
|switch|p2a: Celebi|Celebi|100/100
|-curestatus|p1a: LOVE DELUXE|par|[from] ability: Natural Cure
|switch|p1a: SILVER CHARIOT|Skarmory, F|100/100
|
|-weather|Sandstorm|[upkeep]
|-damage|p2a: Celebi|94/100|[from] Sandstorm
|-heal|p2a: Celebi|100/100|[from] item: Leftovers
|upkeep
|turn|4
|
|t:|1728592832
|switch|p2a: Zapdos|Zapdos, shiny|100/100
|move|p1a: SILVER CHARIOT|Spikes|p2a: Zapdos
|-sidestart|p2: lunasran|Spikes
|
|-weather|Sandstorm|[upkeep]
|-damage|p2a: Zapdos|94/100|[from] Sandstorm
|-heal|p2a: Zapdos|100/100|[from] item: Leftovers
|upkeep
|turn|5
|
|t:|1728592843
|switch|p1a: CRAZY DIAMOND|Tyranitar, F|100/100
|move|p2a: Zapdos|Substitute|p2a: Zapdos
|-start|p2a: Zapdos|Substitute
|-damage|p2a: Zapdos|76/100
|
|-weather|Sandstorm|[upkeep]
|-damage|p2a: Zapdos|69/100|[from] Sandstorm
|-heal|p2a: Zapdos|76/100|[from] item: Leftovers
|upkeep
|turn|6
|
|t:|1728592851
|move|p2a: Zapdos|Hidden Power|p1a: CRAZY DIAMOND
|-supereffective|p1a: CRAZY DIAMOND
|-damage|p1a: CRAZY DIAMOND|56/100
|move|p1a: CRAZY DIAMOND|Rock Slide|p2a: Zapdos
|-supereffective|p2a: Zapdos
|-end|p2a: Zapdos|Substitute
|
|-weather|Sandstorm|[upkeep]
|-damage|p2a: Zapdos|69/100|[from] Sandstorm
|-heal|p2a: Zapdos|76/100|[from] item: Leftovers
|-heal|p1a: CRAZY DIAMOND|63/100|[from] item: Leftovers
|upkeep
|turn|7
|inactive|lunasran has 270 seconds left.
|
|t:|1728592886
|switch|p2a: Starmie|Starmie, shiny|100/100
|-damage|p2a: Starmie|88/100|[from] Spikes
|move|p1a: CRAZY DIAMOND|Rock Slide|p2a: Starmie
|-damage|p2a: Starmie|36/100
|
|-weather|Sandstorm|[upkeep]
|-damage|p2a: Starmie|30/100|[from] Sandstorm
|-heal|p2a: Starmie|36/100|[from] item: Leftovers
|-heal|p1a: CRAZY DIAMOND|69/100|[from] item: Leftovers
|upkeep
|turn|8
|c|☆3 blades|tip: shiny zapdos cannot run batton pass, so i know that u dont have it already
|inactive|lunasran has 240 seconds left.
|c|☆lunasran|i didn't even know zap got BP
|
|t:|1728592913
|switch|p1a: LOVE DELUXE|Blissey, F|100/100
|move|p2a: Starmie|Rapid Spin|p1a: LOVE DELUXE
|-damage|p1a: LOVE DELUXE|98/100
|-sideend|p2: lunasran|Spikes|[from] move: Rapid Spin|[of] p2a: Starmie
|
|-weather|Sandstorm|[upkeep]
|-damage|p2a: Starmie|30/100|[from] Sandstorm
|-damage|p1a: LOVE DELUXE|91/100|[from] Sandstorm
|-heal|p2a: Starmie|36/100|[from] item: Leftovers
|-heal|p1a: LOVE DELUXE|98/100|[from] item: Leftovers
|upkeep
|turn|9
|c|☆lunasran|lmao
|c|☆3 blades|oh lol
|inactive|lunasran has 240 seconds left.
|c|☆3 blades|welp
|inactive|3 blades has 270 seconds left.
|
|t:|1728592929
|switch|p2a: Medicham|Medicham, F, shiny|100/100
|move|p1a: LOVE DELUXE|Toxic|p2a: Medicham
|-status|p2a: Medicham|tox
|
|-weather|Sandstorm|[upkeep]
|-damage|p2a: Medicham|94/100 tox|[from] Sandstorm
|-damage|p1a: LOVE DELUXE|91/100|[from] Sandstorm
|-damage|p2a: Medicham|88/100 tox|[from] psn
|-heal|p1a: LOVE DELUXE|98/100|[from] item: Leftovers
|upkeep
|turn|10
|c|☆3 blades|now u know
|inactive|3 blades has 270 seconds left.
|inactive|lunasran has 240 seconds left.
|
|t:|1728592965
|switch|p1a: SILVER CHARIOT|Skarmory, F|100/100
|move|p2a: Medicham|Shadow Ball|p1a: SILVER CHARIOT
|-resisted|p1a: SILVER CHARIOT
|-damage|p1a: SILVER CHARIOT|80/100
|-unboost|p1a: SILVER CHARIOT|spd|1
|
|-weather|Sandstorm|[upkeep]
|-damage|p2a: Medicham|82/100 tox|[from] Sandstorm
|-damage|p2a: Medicham|70/100 tox|[from] psn
|-heal|p1a: SILVER CHARIOT|86/100|[from] item: Leftovers
|upkeep
|turn|11
|
|t:|1728592983
|switch|p2a: Zapdos|Zapdos, shiny|76/100
|move|p1a: SILVER CHARIOT|Spikes|p2a: Zapdos
|-sidestart|p2: lunasran|Spikes
|
|-weather|Sandstorm|[upkeep]
|-damage|p2a: Zapdos|69/100|[from] Sandstorm
|-heal|p2a: Zapdos|76/100|[from] item: Leftovers
|-heal|p1a: SILVER CHARIOT|92/100|[from] item: Leftovers
|upkeep
|turn|12
|inactive|lunasran has 210 seconds left.
|
|t:|1728593005
|switch|p1a: LOVE DELUXE|Blissey, F|98/100
|move|p2a: Zapdos|Thunderbolt|p1a: LOVE DELUXE
|-damage|p1a: LOVE DELUXE|79/100
|
|-weather|Sandstorm|[upkeep]
|-damage|p2a: Zapdos|69/100|[from] Sandstorm
|-damage|p1a: LOVE DELUXE|73/100|[from] Sandstorm
|-heal|p2a: Zapdos|76/100|[from] item: Leftovers
|-heal|p1a: LOVE DELUXE|79/100|[from] item: Leftovers
|upkeep
|turn|13
|inactive|lunasran has 210 seconds left.
|
|t:|1728593027
|switch|p2a: Celebi|Celebi|100/100
|-damage|p2a: Celebi|88/100|[from] Spikes
|move|p1a: LOVE DELUXE|Soft-Boiled|p1a: LOVE DELUXE
|-heal|p1a: LOVE DELUXE|100/100
|
|-weather|Sandstorm|[upkeep]
|-damage|p2a: Celebi|82/100|[from] Sandstorm
|-damage|p1a: LOVE DELUXE|94/100|[from] Sandstorm
|-heal|p2a: Celebi|88/100|[from] item: Leftovers
|-heal|p1a: LOVE DELUXE|100/100|[from] item: Leftovers
|upkeep
|turn|14
|inactive|3 blades has 270 seconds left.
|
|t:|1728593038
|switch|p1a: SILVER CHARIOT|Skarmory, F|92/100
|move|p2a: Celebi|Swords Dance|p2a: Celebi
|-boost|p2a: Celebi|atk|2
|
|-weather|Sandstorm|[upkeep]
|-damage|p2a: Celebi|82/100|[from] Sandstorm
|-heal|p2a: Celebi|88/100|[from] item: Leftovers
|-heal|p1a: SILVER CHARIOT|98/100|[from] item: Leftovers
|upkeep
|turn|15
|
|t:|1728593063
|move|p2a: Celebi|Ancient Power|p1a: SILVER CHARIOT
|-damage|p1a: SILVER CHARIOT|78/100
|move|p1a: SILVER CHARIOT|Roar|p2a: Celebi
|drag|p2a: Zapdos|Zapdos, shiny|76/100
|
|-weather|Sandstorm|[upkeep]
|-damage|p2a: Zapdos|69/100|[from] Sandstorm
|-heal|p2a: Zapdos|76/100|[from] item: Leftovers
|-heal|p1a: SILVER CHARIOT|84/100|[from] item: Leftovers
|upkeep
|turn|16
|inactive|lunasran has 180 seconds left.
|
|t:|1728593083
|switch|p2a: Metagross|Metagross, shiny|100/100
|-damage|p2a: Metagross|88/100|[from] Spikes
|switch|p1a: LOVE DELUXE|Blissey, F|100/100
|
|-weather|Sandstorm|[upkeep]
|-damage|p1a: LOVE DELUXE|94/100|[from] Sandstorm
|-heal|p2a: Metagross|94/100|[from] item: Leftovers
|-heal|p1a: LOVE DELUXE|100/100|[from] item: Leftovers
|upkeep
|turn|17
|inactive|lunasran has 180 seconds left.
|
|t:|1728593099
|switch|p1a: STAR PLATINUM|Swampert, F|100/100
|move|p2a: Metagross|Agility|p2a: Metagross
|-boost|p2a: Metagross|spe|2
|
|-weather|Sandstorm|[upkeep]
|-heal|p2a: Metagross|99/100|[from] item: Leftovers
|upkeep
|turn|18
|inactive|lunasran has 180 seconds left.
|
|t:|1728593109
|move|p2a: Metagross|Meteor Mash|p1a: STAR PLATINUM
|-resisted|p1a: STAR PLATINUM
|-damage|p1a: STAR PLATINUM|85/100
|move|p1a: STAR PLATINUM|Earthquake|p2a: Metagross
|-supereffective|p2a: Metagross
|-damage|p2a: Metagross|57/100
|
|-weather|Sandstorm|[upkeep]
|-heal|p2a: Metagross|63/100|[from] item: Leftovers
|-heal|p1a: STAR PLATINUM|91/100|[from] item: Leftovers
|upkeep
|turn|19
|inactive|lunasran has 180 seconds left.
|c|+siglut|42?
|inactive|lunasran has 150 seconds left.
|c|☆lunasran|?
|c|☆3 blades|it is bold max max siglut xd
|inactive|3 blades has 270 seconds left.
|c|☆3 blades|i mean impish
|c|+siglut|Lmao I was gonna say 
|
|t:|1728593194
|move|p2a: Metagross|Earthquake|p1a: STAR PLATINUM
|-damage|p1a: STAR PLATINUM|70/100
|move|p1a: STAR PLATINUM|Hydro Pump|p2a: Metagross
|-damage|p2a: Metagross|24/100
|
|-weather|Sandstorm|[upkeep]
|-heal|p2a: Metagross|30/100|[from] item: Leftovers
|-heal|p1a: STAR PLATINUM|76/100|[from] item: Leftovers
|upkeep
|turn|20
|inactive|lunasran has 120 seconds left.
|
|t:|1728593249
|switch|p2a: Celebi|Celebi|88/100
|-damage|p2a: Celebi|76/100|[from] Spikes
|move|p1a: STAR PLATINUM|Protect||[still]
|-fail|p1a: STAR PLATINUM
|
|-weather|Sandstorm|[upkeep]
|-damage|p2a: Celebi|69/100|[from] Sandstorm
|-heal|p2a: Celebi|76/100|[from] item: Leftovers
|-heal|p1a: STAR PLATINUM|82/100|[from] item: Leftovers
|upkeep
|turn|21
|inactive|lunasran has 90 seconds left.
|
|t:|1728593286
|switch|p1a: SILVER CHARIOT|Skarmory, F|84/100
|move|p2a: Celebi|Swords Dance|p2a: Celebi
|-boost|p2a: Celebi|atk|2
|
|-weather|Sandstorm|[upkeep]
|-damage|p2a: Celebi|69/100|[from] Sandstorm
|-heal|p2a: Celebi|76/100|[from] item: Leftovers
|-heal|p1a: SILVER CHARIOT|90/100|[from] item: Leftovers
|upkeep
|turn|22
|
|t:|1728593299
|move|p2a: Celebi|Baton Pass|p2a: Celebi
|
|t:|1728593316
|switch|p2a: Snorlax|Snorlax, M, shiny|100/100|[from] Baton Pass
|-damage|p2a: Snorlax|88/100|[from] Spikes
|move|p1a: SILVER CHARIOT|Roar|p2a: Snorlax
|drag|p2a: Zapdos|Zapdos, shiny|76/100
|
|-weather|Sandstorm|[upkeep]
|-damage|p2a: Zapdos|69/100|[from] Sandstorm
|-heal|p2a: Zapdos|76/100|[from] item: Leftovers
|-heal|p1a: SILVER CHARIOT|96/100|[from] item: Leftovers
|upkeep
|turn|23
|
|t:|1728593328
|switch|p1a: LOVE DELUXE|Blissey, F|100/100
|move|p2a: Zapdos|Hidden Power|p1a: LOVE DELUXE
|-damage|p1a: LOVE DELUXE|91/100
|
|-weather|Sandstorm|[upkeep]
|-damage|p2a: Zapdos|69/100|[from] Sandstorm
|-damage|p1a: LOVE DELUXE|85/100|[from] Sandstorm
|-heal|p2a: Zapdos|76/100|[from] item: Leftovers
|-heal|p1a: LOVE DELUXE|91/100|[from] item: Leftovers
|upkeep
|turn|24
|inactive|lunasran has 60 seconds left.
|
|t:|1728593361
|switch|p2a: Celebi|Celebi|76/100
|-damage|p2a: Celebi|63/100|[from] Spikes
|move|p1a: LOVE DELUXE|Ice Beam|p2a: Celebi
|-supereffective|p2a: Celebi
|-damage|p2a: Celebi|24/100
|
|-weather|Sandstorm|[upkeep]
|-damage|p2a: Celebi|18/100|[from] Sandstorm
|-damage|p1a: LOVE DELUXE|85/100|[from] Sandstorm
|-heal|p2a: Celebi|24/100|[from] item: Leftovers
|-heal|p1a: LOVE DELUXE|91/100|[from] item: Leftovers
|upkeep
|turn|25
|c|+UDM31|go mielke
|c|☆3 blades|\o/
|inactive|lunasran has 30 seconds left.
|
|t:|1728593386
|move|p2a: Celebi|Recover|p2a: Celebi
|-heal|p2a: Celebi|74/100
|move|p1a: LOVE DELUXE|Ice Beam|p2a: Celebi
|-supereffective|p2a: Celebi
|-damage|p2a: Celebi|38/100
|
|-weather|Sandstorm|[upkeep]
|-damage|p2a: Celebi|31/100|[from] Sandstorm
|-damage|p1a: LOVE DELUXE|85/100|[from] Sandstorm
|-heal|p2a: Celebi|38/100|[from] item: Leftovers
|-heal|p1a: LOVE DELUXE|91/100|[from] item: Leftovers
|upkeep
|turn|26
|
|t:|1728593395
|move|p2a: Celebi|Recover|p2a: Celebi
|-heal|p2a: Celebi|88/100
|move|p1a: LOVE DELUXE|Toxic|p2a: Celebi
|-status|p2a: Celebi|tox
|
|-weather|Sandstorm|[upkeep]
|-damage|p2a: Celebi|81/100 tox|[from] Sandstorm
|-damage|p1a: LOVE DELUXE|85/100|[from] Sandstorm
|-heal|p2a: Celebi|88/100 tox|[from] item: Leftovers
|-damage|p2a: Celebi|81/100 tox|[from] psn
|-heal|p1a: LOVE DELUXE|91/100|[from] item: Leftovers
|upkeep
|turn|27
|
|t:|1728593408
|-curestatus|p2a: Celebi|tox|[from] ability: Natural Cure
|switch|p2a: Metagross|Metagross, shiny|30/100
|-damage|p2a: Metagross|18/100|[from] Spikes
|move|p1a: LOVE DELUXE|Ice Beam|p2a: Metagross
|-resisted|p2a: Metagross
|-damage|p2a: Metagross|8/100
|-status|p2a: Metagross|frz
|
|-weather|Sandstorm|[upkeep]
|-damage|p1a: LOVE DELUXE|85/100|[from] Sandstorm
|-heal|p2a: Metagross|14/100 frz|[from] item: Leftovers
|-heal|p1a: LOVE DELUXE|91/100|[from] item: Leftovers
|upkeep
|turn|28
|c|☆lunasran|fml
|inactive|lunasran has 30 seconds left.
|
|t:|1728593425
|switch|p1a: STAR PLATINUM|Swampert, F|82/100
|cant|p2a: Metagross|frz
|
|-weather|Sandstorm|[upkeep]
|-heal|p2a: Metagross|20/100 frz|[from] item: Leftovers
|-heal|p1a: STAR PLATINUM|88/100|[from] item: Leftovers
|upkeep
|turn|29
|inactive|lunasran has 30 seconds left.
|
|t:|1728593436
|cant|p2a: Metagross|frz
|move|p1a: STAR PLATINUM|Earthquake|p2a: Metagross
|-supereffective|p2a: Metagross
|-damage|p2a: Metagross|0 fnt
|faint|p2a: Metagross
|inactive|lunasran has 30 seconds left.
|
|t:|1728593441
|switch|p2a: Zapdos|Zapdos, shiny|76/100
|
|-weather|Sandstorm|[upkeep]
|-damage|p2a: Zapdos|69/100|[from] Sandstorm
|-heal|p2a: Zapdos|76/100|[from] item: Leftovers
|-heal|p1a: STAR PLATINUM|95/100|[from] item: Leftovers
|upkeep
|turn|30
|
|t:|1728593448
|switch|p1a: LOVE DELUXE|Blissey, F|91/100
|move|p2a: Zapdos|Hidden Power|p1a: LOVE DELUXE
|-damage|p1a: LOVE DELUXE|82/100
|
|-weather|Sandstorm|[upkeep]
|-damage|p2a: Zapdos|69/100|[from] Sandstorm
|-damage|p1a: LOVE DELUXE|76/100|[from] Sandstorm
|-heal|p2a: Zapdos|76/100|[from] item: Leftovers
|-heal|p1a: LOVE DELUXE|82/100|[from] item: Leftovers
|upkeep
|turn|31
|
|t:|1728593462
|move|p2a: Zapdos|Thunder Wave|p1a: LOVE DELUXE
|-status|p1a: LOVE DELUXE|par
|move|p1a: LOVE DELUXE|Ice Beam|p2a: Zapdos
|-supereffective|p2a: Zapdos
|-damage|p2a: Zapdos|28/100
|
|-weather|Sandstorm|[upkeep]
|-damage|p2a: Zapdos|22/100|[from] Sandstorm
|-damage|p1a: LOVE DELUXE|76/100 par|[from] Sandstorm
|-heal|p2a: Zapdos|28/100|[from] item: Leftovers
|-heal|p1a: LOVE DELUXE|82/100 par|[from] item: Leftovers
|upkeep
|turn|32
|inactive|lunasran has 30 seconds left.
|
|t:|1728593486
|switch|p2a: Medicham|Medicham, F, shiny|70/100 tox
|-damage|p2a: Medicham|58/100 tox|[from] Spikes
|cant|p1a: LOVE DELUXE|par
|
|-weather|Sandstorm|[upkeep]
|-damage|p2a: Medicham|51/100 tox|[from] Sandstorm
|-damage|p1a: LOVE DELUXE|76/100 par|[from] Sandstorm
|-damage|p2a: Medicham|45/100 tox|[from] psn
|-heal|p1a: LOVE DELUXE|82/100 par|[from] item: Leftovers
|upkeep
|turn|33
|inactive|lunasran has 30 seconds left.
|
|t:|1728593498
|-singleturn|p2a: Medicham|move: Focus Punch
|-curestatus|p1a: LOVE DELUXE|par|[from] ability: Natural Cure
|switch|p1a: STAR PLATINUM|Swampert, F|95/100
|move|p2a: Medicham|Focus Punch|p1a: STAR PLATINUM
|-damage|p1a: STAR PLATINUM|0 fnt
|faint|p1a: STAR PLATINUM
|inactive|lunasran has 30 seconds left this turn.
|
|t:|1728593504
|switch|p1a: HIGHWAY STAR|Starmie|100/100
|
|-weather|Sandstorm|[upkeep]
|-damage|p1a: HIGHWAY STAR|94/100|[from] Sandstorm
|-damage|p2a: Medicham|39/100 tox|[from] Sandstorm
|-heal|p1a: HIGHWAY STAR|100/100|[from] item: Leftovers
|-damage|p2a: Medicham|27/100 tox|[from] psn
|upkeep
|turn|34
|inactive|lunasran has 30 seconds left.
|inactive|lunasran has 20 seconds left.
|
|t:|1728593525
|switch|p2a: Zapdos|Zapdos, shiny|28/100
|move|p1a: HIGHWAY STAR|Ice Beam|p2a: Zapdos
|-supereffective|p2a: Zapdos
|-crit|p2a: Zapdos
|-damage|p2a: Zapdos|0 fnt
|faint|p2a: Zapdos
|inactive|lunasran has 25 seconds left this turn.
|inactive|lunasran has 20 seconds left.
|
|t:|1728593534
|switch|p2a: Celebi|Celebi|81/100
|-damage|p2a: Celebi|69/100|[from] Spikes
|
|-weather|Sandstorm|[upkeep]
|-damage|p1a: HIGHWAY STAR|94/100|[from] Sandstorm
|-damage|p2a: Celebi|63/100|[from] Sandstorm
|-heal|p1a: HIGHWAY STAR|100/100|[from] item: Leftovers
|-heal|p2a: Celebi|69/100|[from] item: Leftovers
|upkeep
|turn|35
|inactive|lunasran has 30 seconds left this turn.
|
|t:|1728593542
|move|p1a: HIGHWAY STAR|Ice Beam|p2a: Celebi
|-supereffective|p2a: Celebi
|-damage|p2a: Celebi|23/100
|move|p2a: Celebi|Baton Pass|p2a: Celebi
|inactive|lunasran has 30 seconds left this turn.
|
|t:|1728593546
|switch|p2a: Snorlax|Snorlax, M, shiny|88/100|[from] Baton Pass
|-damage|p2a: Snorlax|76/100|[from] Spikes
|
|-weather|Sandstorm|[upkeep]
|-damage|p1a: HIGHWAY STAR|94/100|[from] Sandstorm
|-damage|p2a: Snorlax|70/100|[from] Sandstorm
|-heal|p1a: HIGHWAY STAR|100/100|[from] item: Leftovers
|-heal|p2a: Snorlax|76/100|[from] item: Leftovers
|upkeep
|turn|36
|inactive|lunasran has 30 seconds left.
|
|t:|1728593560
|switch|p1a: WONDER OF U|Gengar, F|100/100
|move|p2a: Snorlax|Curse|p2a: Snorlax
|-unboost|p2a: Snorlax|spe|1
|-boost|p2a: Snorlax|atk|1
|-boost|p2a: Snorlax|def|1
|
|-weather|Sandstorm|[upkeep]
|-damage|p1a: WONDER OF U|94/100|[from] Sandstorm
|-damage|p2a: Snorlax|70/100|[from] Sandstorm
|-heal|p1a: WONDER OF U|100/100|[from] item: Leftovers
|-heal|p2a: Snorlax|76/100|[from] item: Leftovers
|upkeep
|turn|37
|inactive|lunasran has 30 seconds left.
|inactive|lunasran has 20 seconds left.
|inactive|lunasran has 15 seconds left.
|
|t:|1728593588
|switch|p2a: Starmie|Starmie, shiny|36/100
|-damage|p2a: Starmie|24/100|[from] Spikes
|move|p1a: WONDER OF U|Will-O-Wisp|p2a: Starmie
|-status|p2a: Starmie|brn
|
|-weather|Sandstorm|[upkeep]
|-damage|p2a: Starmie|17/100 brn|[from] Sandstorm
|-damage|p1a: WONDER OF U|94/100|[from] Sandstorm
|-heal|p2a: Starmie|24/100 brn|[from] item: Leftovers
|-damage|p2a: Starmie|11/100 brn|[from] brn
|-heal|p1a: WONDER OF U|100/100|[from] item: Leftovers
|upkeep
|turn|38
|inactive|lunasran has 25 seconds left this turn.
|inactive|lunasran has 20 seconds left.
|inactive|lunasran has 15 seconds left.
|
|t:|1728593599
|switch|p1a: LOVE DELUXE|Blissey, F|82/100
|move|p2a: Starmie|Thunder Wave|p1a: LOVE DELUXE
|-status|p1a: LOVE DELUXE|par
|
|-weather|Sandstorm|[upkeep]
|-damage|p2a: Starmie|5/100 brn|[from] Sandstorm
|-damage|p1a: LOVE DELUXE|76/100 par|[from] Sandstorm
|-heal|p2a: Starmie|11/100 brn|[from] item: Leftovers
|-damage|p2a: Starmie|0 fnt|[from] brn
|faint|p2a: Starmie
|-heal|p1a: LOVE DELUXE|82/100 par|[from] item: Leftovers
|upkeep
|inactive|lunasran has 20 seconds left this turn.
|inactive|lunasran has 15 seconds left.
|inactive|lunasran has 10 seconds left.
|
|t:|1728593611
|switch|p2a: Snorlax|Snorlax, M, shiny|76/100
|-damage|p2a: Snorlax|63/100|[from] Spikes
|turn|39
|inactive|lunasran has 20 seconds left this turn.
|inactive|lunasran has 15 seconds left.
|
|t:|1728593616
|switch|p2a: Celebi|Celebi|23/100
|-damage|p2a: Celebi|10/100|[from] Spikes
|-curestatus|p1a: LOVE DELUXE|par|[from] ability: Natural Cure
|switch|p1a: WONDER OF U|Gengar, F|100/100
|
|-weather|Sandstorm|[upkeep]
|-damage|p2a: Celebi|4/100|[from] Sandstorm
|-damage|p1a: WONDER OF U|94/100|[from] Sandstorm
|-heal|p2a: Celebi|10/100|[from] item: Leftovers
|-heal|p1a: WONDER OF U|100/100|[from] item: Leftovers
|upkeep
|turn|40
|inactive|lunasran has 25 seconds left this turn.
|inactive|lunasran has 20 seconds left.
|inactive|lunasran has 15 seconds left.
|
|t:|1728593627
|move|p2a: Celebi|Recover|p2a: Celebi
|-heal|p2a: Celebi|60/100
|move|p1a: WONDER OF U|Fire Punch|p2a: Celebi
|-supereffective|p2a: Celebi
|-damage|p2a: Celebi|21/100
|
|-weather|Sandstorm|[upkeep]
|-damage|p2a: Celebi|15/100|[from] Sandstorm
|-damage|p1a: WONDER OF U|94/100|[from] Sandstorm
|-heal|p2a: Celebi|21/100|[from] item: Leftovers
|-heal|p1a: WONDER OF U|100/100|[from] item: Leftovers
|upkeep
|turn|41
|inactive|lunasran has 25 seconds left this turn.
|inactive|lunasran has 20 seconds left.
|
|t:|1728593638
|switch|p1a: SILVER CHARIOT|Skarmory, F|96/100
|move|p2a: Celebi|Recover|p2a: Celebi
|-heal|p2a: Celebi|71/100
|
|-weather|Sandstorm|[upkeep]
|-damage|p2a: Celebi|65/100|[from] Sandstorm
|-heal|p2a: Celebi|71/100|[from] item: Leftovers
|-heal|p1a: SILVER CHARIOT|100/100|[from] item: Leftovers
|upkeep
|turn|42
|inactive|lunasran has 30 seconds left this turn.
|inactive|lunasran has 20 seconds left.
|
|t:|1728593651
|move|p2a: Celebi|Ancient Power|p1a: SILVER CHARIOT
|-damage|p1a: SILVER CHARIOT|89/100
|move|p1a: SILVER CHARIOT|Spikes|p2a: Celebi
|-sidestart|p2: lunasran|Spikes
|
|-weather|Sandstorm|[upkeep]
|-damage|p2a: Celebi|65/100|[from] Sandstorm
|-heal|p2a: Celebi|71/100|[from] item: Leftovers
|-heal|p1a: SILVER CHARIOT|95/100|[from] item: Leftovers
|upkeep
|turn|43
|inactive|lunasran has 30 seconds left this turn.
|
|t:|1728593659
|move|p2a: Celebi|Swords Dance|p2a: Celebi
|-boost|p2a: Celebi|atk|2
|move|p1a: SILVER CHARIOT|Spikes|p2a: Celebi
|-sidestart|p2: lunasran|Spikes
|
|-weather|Sandstorm|[upkeep]
|-damage|p2a: Celebi|65/100|[from] Sandstorm
|-heal|p2a: Celebi|71/100|[from] item: Leftovers
|-heal|p1a: SILVER CHARIOT|100/100|[from] item: Leftovers
|upkeep
|turn|44
|inactive|lunasran has 30 seconds left.
|
|t:|1728593671
|move|p2a: Celebi|Ancient Power|p1a: SILVER CHARIOT
|-damage|p1a: SILVER CHARIOT|80/100
|move|p1a: SILVER CHARIOT|Roar|p2a: Celebi
|drag|p2a: Medicham|Medicham, F, shiny|27/100 tox
|-damage|p2a: Medicham|2/100 tox|[from] Spikes
|
|-weather|Sandstorm|[upkeep]
|-damage|p2a: Medicham|0 fnt|[from] Sandstorm
|faint|p2a: Medicham
|-heal|p1a: SILVER CHARIOT|86/100|[from] item: Leftovers
|upkeep
|inactive|lunasran has 30 seconds left this turn.
|inactive|lunasran has 20 seconds left.
|
|t:|1728593682
|switch|p2a: Celebi|Celebi|71/100
|-damage|p2a: Celebi|46/100|[from] Spikes
|turn|45
|inactive|lunasran has 30 seconds left this turn.
|
|t:|1728593687
|move|p2a: Celebi|Ancient Power|p1a: SILVER CHARIOT
|-damage|p1a: SILVER CHARIOT|76/100
|move|p1a: SILVER CHARIOT|Roar|p2a: Celebi
|drag|p2a: Snorlax|Snorlax, M, shiny|63/100
|-damage|p2a: Snorlax|38/100|[from] Spikes
|
|-weather|Sandstorm|[upkeep]
|-damage|p2a: Snorlax|32/100|[from] Sandstorm
|-heal|p1a: SILVER CHARIOT|82/100|[from] item: Leftovers
|-heal|p2a: Snorlax|38/100|[from] item: Leftovers
|upkeep
|turn|46
|inactive|lunasran has 30 seconds left.
|
|t:|1728593698
|move|p2a: Snorlax|Body Slam|p1a: SILVER CHARIOT
|-resisted|p1a: SILVER CHARIOT
|-damage|p1a: SILVER CHARIOT|67/100
|move|p1a: SILVER CHARIOT|Roar|p2a: Snorlax
|drag|p2a: Celebi|Celebi|46/100
|-damage|p2a: Celebi|21/100|[from] Spikes
|
|-weather|Sandstorm|[upkeep]
|-damage|p2a: Celebi|15/100|[from] Sandstorm
|-heal|p2a: Celebi|21/100|[from] item: Leftovers
|-heal|p1a: SILVER CHARIOT|73/100|[from] item: Leftovers
|upkeep
|turn|47
|inactive|lunasran has 30 seconds left.
|
|t:|1728593715
|move|p2a: Celebi|Ancient Power|p1a: SILVER CHARIOT
|-damage|p1a: SILVER CHARIOT|63/100
|move|p1a: SILVER CHARIOT|Toxic|p2a: Celebi
|-status|p2a: Celebi|tox
|
|-weather|Sandstorm|[upkeep]
|-damage|p2a: Celebi|15/100 tox|[from] Sandstorm
|-heal|p2a: Celebi|21/100 tox|[from] item: Leftovers
|-damage|p2a: Celebi|15/100 tox|[from] psn
|-heal|p1a: SILVER CHARIOT|69/100|[from] item: Leftovers
|upkeep
|turn|48
|inactive|lunasran has 30 seconds left.
|
|t:|1728593724
|switch|p1a: CRAZY DIAMOND|Tyranitar, F|69/100
|move|p2a: Celebi|Ancient Power|p1a: CRAZY DIAMOND
|-damage|p1a: CRAZY DIAMOND|59/100
|
|-weather|Sandstorm|[upkeep]
|-damage|p2a: Celebi|8/100 tox|[from] Sandstorm
|-heal|p2a: Celebi|15/100 tox|[from] item: Leftovers
|-damage|p2a: Celebi|2/100 tox|[from] psn
|-heal|p1a: CRAZY DIAMOND|65/100|[from] item: Leftovers
|upkeep
|turn|49
|
|t:|1728593734
|move|p2a: Celebi|Ancient Power|p1a: CRAZY DIAMOND
|-damage|p1a: CRAZY DIAMOND|55/100
|move|p1a: CRAZY DIAMOND|Hidden Power|p2a: Celebi
|-supereffective|p2a: Celebi
|-damage|p2a: Celebi|0 fnt
|faint|p2a: Celebi
|
|t:|1728593740
|switch|p2a: Snorlax|Snorlax, M, shiny|38/100
|-damage|p2a: Snorlax|13/100|[from] Spikes
|
|-weather|Sandstorm|[upkeep]
|-damage|p2a: Snorlax|7/100|[from] Sandstorm
|-heal|p1a: CRAZY DIAMOND|61/100|[from] item: Leftovers
|-heal|p2a: Snorlax|13/100|[from] item: Leftovers
|upkeep
|turn|50
|c|☆3 blades|gg
|c|☆lunasran|gg
|
|t:|1728593748
|move|p1a: CRAZY DIAMOND|Earthquake|p2a: Snorlax
|-damage|p2a: Snorlax|0 fnt
|faint|p2a: Snorlax
|
|win|3 blades

</script>
<script type="application/json" class="data" id="replaydata-smogtours-gen3ou-797006">
{"id":"smogtours-gen3ou-797006","format":"[Gen 3] OU","players":["3 blades","lunasran"],"uploadtime":1728593748,"views":120,"formatid":"gen3ou","rating":null,"private":0,"password":null}
</script>

<script defer src="js/replays.js?9d40a366"></script>
