<!DOCTYPE html>
<meta charset="utf-8" />
<meta name="viewport" content="width=device-width" />

<title>[Gen 3] OU: blyargh vs. Blaniom - Replays - Pok&eacute;mon Showdown!</title>

<meta name="description" content="Watch a replay of a Pok&eacute;mon battle between blyargh and Blaniom! Format: [Gen 3] OU; Date: Oct 29, 2024" />
<!--

Hey, you! Looking in the source for the replay log?

You can find them in JSON format, just add `.json` at the end of a replay URL.

https://replay.pokemonshowdown.com/gen7randomdoublesbattle-865046831.json

Or, if you only need the log itself, add `.log` instead:

https://replay.pokemonshowdown.com/gen7randomdoublesbattle-865046831.log

-->

<link rel="stylesheet" href="//pokemonshowdown.com/style/global.css?0.023195364461161105" />
<link rel="stylesheet" href="//play.pokemonshowdown.com/style/font-awesome.css?0.13261647063804238" />
<link rel="stylesheet" href="//play.pokemonshowdown.com/style/battle.css?0.8753245789963631" />
<link rel="stylesheet" href="//play.pokemonshowdown.com/style/utilichart.css?0.8627959624976733" />

<!-- Global site tag (gtag.js) - Google Analytics -->
<script async src="https://www.googletagmanager.com/gtag/js?id=UA-26211653-1"></script>
<script>
  window.dataLayer = window.dataLayer || [];
  function gtag(){dataLayer.push(arguments);}
  gtag('js', new Date());

  gtag('config', 'UA-26211653-1');
</script>
<!-- End Google Analytics -->
<!-- Venatus Ad Manager - Install in <HEAD> of page -->
	<script src="https://hb.vntsm.com/v3/live/ad-manager.min.js" type="text/javascript" data-site-id="642aba63ec9a7b11c3c9c1be" data-mode="scan" async></script>
<!-- / Venatus Ad Manager -->

<style>
	@media (max-width:820px) {
		.battle {
			margin: 0 auto;
		}
		.battle-log {
			margin: 7px auto 0;
			max-width: 640px;
			height: 300px;
			position: static;
		}
	}
	.optgroup {
		display: inline-block;
		line-height: 22px;
		font-size: 10pt;
	}
	.optgroup .button {
		height: 25px;
		padding-top: 0;
		padding-bottom: 0;
	}
	.optgroup button.button {
		padding-left: 12px;
		padding-right: 12px;
	}
	.linklist {
		list-style: none;
		margin: 0.5em 0;
		padding: 0;
	}
	.linklist li {
		padding: 2px 0;
	}
	.sidebar {
		float: left;
		width: 320px;
	}
	.bar-wrapper {
		max-width: 1100px;
		margin: 0 auto;
	}
	.bar-wrapper.has-sidebar {
		max-width: 1430px;
	}
	.mainbar {
		margin: 0;
		padding-right: 1px;
	}
	.mainbar.has-sidebar {
		margin-left: 330px;
	}
	@media (min-width: 1511px) {
		.sidebar {
			width: 400px;
		}
		.bar-wrapper.has-sidebar {
			max-width: 1510px;
		}
		.mainbar.has-sidebar {
			margin-left: 410px;
		}
	}
	.section.first-section {
		margin-top: 9px;
	}
	.blocklink small {
		white-space: normal;
	}
	.button {
		vertical-align: middle;
	}
	.replay-controls {
		padding-top: 10px;
	}
	.replay-controls h1 {
		font-size: 16pt;
		font-weight: normal;
		color: #CCC;
	}
	.pagelink {
		text-align: center;
	}
	.pagelink a {
		width: 150px;
	}
	.textbox, .button {
		font-size: 11pt;
		vertical-align: middle;
	}
	@media (max-width: 450px) {
		.button {
			font-size: 9pt;
		}
	}
</style>

<div>

	<header>
		<div class="nav-wrapper"><ul class="nav">
			<li><a class="button nav-first" href="//pokemonshowdown.com/"><img src="//pokemonshowdown.com/images/pokemonshowdownbeta.png" srcset="//pokemonshowdown.com/images/pokemonshowdownbeta.png 1x, //pokemonshowdown.com/images/pokemonshowdownbeta@2x.png 2x" alt="Pok&eacute;mon Showdown" width="146" height="44" /> Home</a></li>
			<li><a class="button" href="//pokemonshowdown.com/dex/">Pok&eacute;dex</a></li>
			<li><a class="button cur" href="/">Replays</a></li>
			<li><a class="button" href="//pokemonshowdown.com/ladder/">Ladder</a></li>
			<li><a class="button nav-last" href="//pokemonshowdown.com/forums/">Forum</a></li>
			<li><a class="button greenbutton nav-first nav-last" href="//play.pokemonshowdown.com/">Play</a></li>
		</ul></div>
	</header>

	<div class="main" id="main">

		<noscript><section class="section">You need to enable JavaScript to use this page; sorry!</section></noscript>

	</div>

</div>

<script defer nomodule src="//play.pokemonshowdown.com/js/lib/ps-polyfill.js"></script>
<script defer src="//play.pokemonshowdown.com/js/lib/preact.min.js"></script>

<script defer src="//play.pokemonshowdown.com/config/config.js?2bddbc15"></script>
<script defer src="//play.pokemonshowdown.com/js/lib/jquery-1.11.0.min.js"></script>
<script defer src="//play.pokemonshowdown.com/js/lib/html-sanitizer-minified.js"></script>
<script defer src="//play.pokemonshowdown.com/js/battle-sound.js"></script>
<script defer src="//play.pokemonshowdown.com/js/battledata.js?0.7209276989879541"></script>
<script defer src="//play.pokemonshowdown.com/data/pokedex-mini.js?0.6111056340867951"></script>
<script defer src="//play.pokemonshowdown.com/data/pokedex-mini-bw.js?0.3532142036491459"></script>
<script defer src="//play.pokemonshowdown.com/data/graphics.js?0.24223875632456182"></script>
<script defer src="//play.pokemonshowdown.com/data/pokedex.js?0.38839984266356864"></script>
<script defer src="//play.pokemonshowdown.com/data/moves.js?0.21866028504024015"></script>
<script defer src="//play.pokemonshowdown.com/data/abilities.js?0.2005157953846628"></script>
<script defer src="//play.pokemonshowdown.com/data/items.js?0.9894211263848525"></script>
<script defer src="//play.pokemonshowdown.com/data/teambuilder-tables.js?0.6008791140282215"></script>
<script defer src="//play.pokemonshowdown.com/js/battle-tooltips.js?0.7580118955022959"></script>
<script defer src="//play.pokemonshowdown.com/js/battle.js?0.6057722274234274"></script>

<script defer src="js/utils.js?e31f9a17"></script>
<script defer src="js/replays-battle.js?7008c182"></script>

<!-- don't scrape this data! just add .json or .log after the URL!
Full API docs: https://github.com/smogon/pokemon-showdown-client/blob/master/WEB-API.md -->
<script type="text/plain" class="log" id="replaylog-smogtours-gen3ou-803281">
|inactive|Battle timer is ON: inactive players will automatically lose when time's up.
|t:|1730231950
|gametype|singles
|player|p1|blyargh|#advpliv|
|player|p2|Blaniom|clerkf|
|teamsize|p1|6
|teamsize|p2|6
|gen|3
|tier|[Gen 3] OU
|rule|Sleep Clause Mod: Limit one foe put to sleep
|rule|Switch Priority Clause Mod: Faster Pokémon switch first
|rule|Species Clause: Limit one of each Pokémon
|rule|OHKO Clause: OHKO moves are banned
|rule|Evasion Items Clause: Evasion items are banned
|rule|Evasion Moves Clause: Evasion moves are banned
|rule|Endless Battle Clause: Forcing endless battles is banned
|rule|HP Percentage Mod: HP is shown in percentages
|rule|One Boost Passer Clause: Limit one Baton Passer that has a way to boost its stats
|rule|Freeze Clause Mod: Limit one foe frozen
|
|t:|1730231950
|start
|switch|p1a: Tyranitar|Tyranitar, M|100/100
|switch|p2a: Zapdos|Zapdos|100/100
|-weather|Sandstorm|[from] ability: Sand Stream|[of] p1a: Tyranitar
|turn|1
|c|☆Blaniom|gl
|
|t:|1730231960
|switch|p2a: Suicune|Suicune|100/100
|move|p1a: Tyranitar|Dragon Dance|p1a: Tyranitar
|-boost|p1a: Tyranitar|atk|1
|-boost|p1a: Tyranitar|spe|1
|
|-weather|Sandstorm|[upkeep]
|-damage|p2a: Suicune|94/100|[from] Sandstorm
|-heal|p2a: Suicune|100/100|[from] item: Leftovers
|upkeep
|turn|2
|c|☆blyargh|=
|
|t:|1730231965
|move|p1a: Tyranitar|Rock Slide|p2a: Suicune|[miss]
|-miss|p1a: Tyranitar|p2a: Suicune
|move|p2a: Suicune|Hydro Pump|p1a: Tyranitar
|-supereffective|p1a: Tyranitar
|-damage|p1a: Tyranitar|6/100
|
|-weather|Sandstorm|[upkeep]
|-damage|p2a: Suicune|94/100|[from] Sandstorm
|-heal|p1a: Tyranitar|12/100|[from] item: Leftovers
|-heal|p2a: Suicune|100/100|[from] item: Leftovers
|upkeep
|turn|3
|
|t:|1730231971
|move|p1a: Tyranitar|Rock Slide|p2a: Suicune
|-damage|p2a: Suicune|62/100
|move|p2a: Suicune|Ice Beam|p1a: Tyranitar
|-damage|p1a: Tyranitar|0 fnt
|faint|p1a: Tyranitar
|
|t:|1730231975
|switch|p1a: Zapdos|Zapdos|100/100
|
|-weather|Sandstorm|[upkeep]
|-damage|p1a: Zapdos|94/100|[from] Sandstorm
|-damage|p2a: Suicune|56/100|[from] Sandstorm
|-heal|p1a: Zapdos|100/100|[from] item: Leftovers
|-heal|p2a: Suicune|62/100|[from] item: Leftovers
|upkeep
|turn|4
|
|t:|1730231981
|switch|p2a: Blissey|Blissey, F|100/100
|move|p1a: Zapdos|Thunderbolt|p2a: Blissey
|-damage|p2a: Blissey|83/100
|
|-weather|Sandstorm|[upkeep]
|-damage|p1a: Zapdos|94/100|[from] Sandstorm
|-damage|p2a: Blissey|77/100|[from] Sandstorm
|-heal|p1a: Zapdos|100/100|[from] item: Leftovers
|-heal|p2a: Blissey|83/100|[from] item: Leftovers
|upkeep
|turn|5
|
|t:|1730231986
|switch|p1a: Skarmory|Skarmory, M|100/100
|move|p2a: Blissey|Seismic Toss|p1a: Skarmory
|-damage|p1a: Skarmory|71/100
|
|-weather|Sandstorm|[upkeep]
|-damage|p2a: Blissey|77/100|[from] Sandstorm
|-heal|p1a: Skarmory|77/100|[from] item: Leftovers
|-heal|p2a: Blissey|83/100|[from] item: Leftovers
|upkeep
|turn|6
|
|t:|1730231990
|move|p1a: Skarmory|Spikes|p2a: Blissey
|-sidestart|p2: Blaniom|Spikes
|move|p2a: Blissey|Thunder Wave|p1a: Skarmory
|-status|p1a: Skarmory|par
|
|-weather|Sandstorm|[upkeep]
|-damage|p2a: Blissey|77/100|[from] Sandstorm
|-heal|p2a: Blissey|83/100|[from] item: Leftovers
|-heal|p1a: Skarmory|83/100 par|[from] item: Leftovers
|upkeep
|turn|7
|
|t:|1730231993
|switch|p2a: Zapdos|Zapdos|100/100
|switch|p1a: Swampert|Swampert, M|100/100
|
|-weather|Sandstorm|[upkeep]
|-damage|p2a: Zapdos|94/100|[from] Sandstorm
|-heal|p2a: Zapdos|100/100|[from] item: Leftovers
|upkeep
|turn|8
|
|t:|1730231996
|switch|p1a: Celebi|Celebi|100/100
|move|p2a: Zapdos|Toxic|p1a: Celebi|[miss]
|-miss|p2a: Zapdos|p1a: Celebi
|
|-weather|Sandstorm|[upkeep]
|-damage|p2a: Zapdos|94/100|[from] Sandstorm
|-damage|p1a: Celebi|94/100|[from] Sandstorm
|-heal|p2a: Zapdos|100/100|[from] item: Leftovers
|-heal|p1a: Celebi|100/100|[from] item: Leftovers
|upkeep
|turn|9
|
|t:|1730232002
|move|p2a: Zapdos|Toxic|p1a: Celebi
|-status|p1a: Celebi|tox
|move|p1a: Celebi|Leech Seed|p2a: Zapdos
|-start|p2a: Zapdos|move: Leech Seed
|
|-weather|Sandstorm|[upkeep]
|-damage|p2a: Zapdos|94/100|[from] Sandstorm
|-damage|p1a: Celebi|94/100 tox|[from] Sandstorm
|-heal|p2a: Zapdos|100/100|[from] item: Leftovers
|-damage|p2a: Zapdos|88/100|[from] Leech Seed|[of] p1a: Celebi
|-heal|p1a: Celebi|100/100 tox|[silent]
|-damage|p1a: Celebi|94/100 tox|[from] psn
|upkeep
|turn|10
|
|t:|1730232006
|switch|p2a: Charizard|Charizard, F|100/100
|-curestatus|p1a: Celebi|tox|[from] ability: Natural Cure
|switch|p1a: Swampert|Swampert, M|100/100
|
|-weather|Sandstorm|[upkeep]
|-damage|p2a: Charizard|94/100|[from] Sandstorm
|-heal|p2a: Charizard|100/100|[from] item: Leftovers
|upkeep
|turn|11
|
|t:|1730232011
|switch|p2a: Zapdos|Zapdos|88/100
|move|p1a: Swampert|Hydro Pump|p2a: Zapdos
|-damage|p2a: Zapdos|50/100
|
|-weather|Sandstorm|[upkeep]
|-damage|p2a: Zapdos|43/100|[from] Sandstorm
|-heal|p2a: Zapdos|50/100|[from] item: Leftovers
|upkeep
|turn|12
|
|t:|1730232017
|switch|p1a: Celebi|Celebi|94/100
|move|p2a: Zapdos|Toxic|p1a: Celebi
|-status|p1a: Celebi|tox
|
|-weather|Sandstorm|[upkeep]
|-damage|p2a: Zapdos|43/100|[from] Sandstorm
|-damage|p1a: Celebi|88/100 tox|[from] Sandstorm
|-heal|p2a: Zapdos|50/100|[from] item: Leftovers
|-heal|p1a: Celebi|94/100 tox|[from] item: Leftovers
|-damage|p1a: Celebi|88/100 tox|[from] psn
|upkeep
|turn|13
|
|t:|1730232020
|move|p2a: Zapdos|Protect|p2a: Zapdos
|-singleturn|p2a: Zapdos|Protect
|move|p1a: Celebi|Leech Seed|p2a: Zapdos
|-activate|p2a: Zapdos|Protect
|
|-weather|Sandstorm|[upkeep]
|-damage|p2a: Zapdos|43/100|[from] Sandstorm
|-damage|p1a: Celebi|82/100 tox|[from] Sandstorm
|-heal|p2a: Zapdos|50/100|[from] item: Leftovers
|-heal|p1a: Celebi|88/100 tox|[from] item: Leftovers
|-damage|p1a: Celebi|76/100 tox|[from] psn
|upkeep
|turn|14
|
|t:|1730232023
|move|p2a: Zapdos|Rest|p2a: Zapdos
|-status|p2a: Zapdos|slp|[from] move: Rest
|-heal|p2a: Zapdos|100/100 slp|[silent]
|move|p1a: Celebi|Leech Seed|p2a: Zapdos
|-start|p2a: Zapdos|move: Leech Seed
|
|-weather|Sandstorm|[upkeep]
|-damage|p2a: Zapdos|94/100 slp|[from] Sandstorm
|-damage|p1a: Celebi|70/100 tox|[from] Sandstorm
|-heal|p2a: Zapdos|100/100 slp|[from] item: Leftovers
|-damage|p2a: Zapdos|88/100 slp|[from] Leech Seed|[of] p1a: Celebi
|-heal|p1a: Celebi|82/100 tox|[silent]
|-heal|p1a: Celebi|88/100 tox|[from] item: Leftovers
|-damage|p1a: Celebi|70/100 tox|[from] psn
|upkeep
|turn|15
|
|t:|1730232026
|switch|p2a: Charizard|Charizard, F|100/100
|-curestatus|p1a: Celebi|tox|[from] ability: Natural Cure
|switch|p1a: Zapdos|Zapdos|100/100
|
|-weather|Sandstorm|[upkeep]
|-damage|p2a: Charizard|94/100|[from] Sandstorm
|-damage|p1a: Zapdos|94/100|[from] Sandstorm
|-heal|p2a: Charizard|100/100|[from] item: Leftovers
|-heal|p1a: Zapdos|100/100|[from] item: Leftovers
|upkeep
|turn|16
|
|t:|1730232029
|switch|p2a: Blissey|Blissey, F|83/100
|-damage|p2a: Blissey|71/100|[from] Spikes
|move|p1a: Zapdos|Thunderbolt|p2a: Blissey
|-damage|p2a: Blissey|55/100
|
|-weather|Sandstorm|[upkeep]
|-damage|p1a: Zapdos|94/100|[from] Sandstorm
|-damage|p2a: Blissey|49/100|[from] Sandstorm
|-heal|p1a: Zapdos|100/100|[from] item: Leftovers
|-heal|p2a: Blissey|55/100|[from] item: Leftovers
|upkeep
|turn|17
|
|t:|1730232033
|switch|p1a: Swampert|Swampert, M|100/100
|move|p2a: Blissey|Soft-Boiled|p2a: Blissey
|-heal|p2a: Blissey|100/100
|
|-weather|Sandstorm|[upkeep]
|-damage|p2a: Blissey|94/100|[from] Sandstorm
|-heal|p2a: Blissey|100/100|[from] item: Leftovers
|upkeep
|turn|18
|
|t:|1730232037
|move|p2a: Blissey|Seismic Toss|p1a: Swampert
|-damage|p1a: Swampert|76/100
|move|p1a: Swampert|Curse|p1a: Swampert
|-unboost|p1a: Swampert|spe|1
|-boost|p1a: Swampert|atk|1
|-boost|p1a: Swampert|def|1
|
|-weather|Sandstorm|[upkeep]
|-damage|p2a: Blissey|94/100|[from] Sandstorm
|-heal|p2a: Blissey|100/100|[from] item: Leftovers
|-heal|p1a: Swampert|82/100|[from] item: Leftovers
|upkeep
|turn|19
|
|t:|1730232043
|move|p2a: Blissey|Aromatherapy|p2a: Blissey
|-cureteam|p2a: Blissey|[from] move: Aromatherapy
|move|p1a: Swampert|Hydro Pump|p2a: Blissey
|-damage|p2a: Blissey|84/100
|
|-weather|Sandstorm|[upkeep]
|-damage|p2a: Blissey|78/100|[from] Sandstorm
|-heal|p2a: Blissey|84/100|[from] item: Leftovers
|-heal|p1a: Swampert|88/100|[from] item: Leftovers
|upkeep
|turn|20
|
|t:|1730232045
|switch|p2a: Zapdos|Zapdos|88/100
|move|p1a: Swampert|Hydro Pump|p2a: Zapdos
|-damage|p2a: Zapdos|52/100
|
|-weather|Sandstorm|[upkeep]
|-damage|p2a: Zapdos|46/100|[from] Sandstorm
|-heal|p2a: Zapdos|52/100|[from] item: Leftovers
|-heal|p1a: Swampert|94/100|[from] item: Leftovers
|upkeep
|turn|21
|
|t:|1730232048
|switch|p1a: Celebi|Celebi|70/100
|move|p2a: Zapdos|Toxic|p1a: Celebi
|-status|p1a: Celebi|tox
|
|-weather|Sandstorm|[upkeep]
|-damage|p2a: Zapdos|46/100|[from] Sandstorm
|-damage|p1a: Celebi|63/100 tox|[from] Sandstorm
|-heal|p2a: Zapdos|52/100|[from] item: Leftovers
|-heal|p1a: Celebi|70/100 tox|[from] item: Leftovers
|-damage|p1a: Celebi|63/100 tox|[from] psn
|upkeep
|turn|22
|
|t:|1730232053
|move|p2a: Zapdos|Thunderbolt|p1a: Celebi
|-resisted|p1a: Celebi
|-damage|p1a: Celebi|45/100 tox
|move|p1a: Celebi|Leech Seed|p2a: Zapdos
|-start|p2a: Zapdos|move: Leech Seed
|
|-weather|Sandstorm|[upkeep]
|-damage|p2a: Zapdos|46/100|[from] Sandstorm
|-damage|p1a: Celebi|39/100 tox|[from] Sandstorm
|-heal|p2a: Zapdos|52/100|[from] item: Leftovers
|-damage|p2a: Zapdos|39/100|[from] Leech Seed|[of] p1a: Celebi
|-heal|p1a: Celebi|52/100 tox|[silent]
|-heal|p1a: Celebi|58/100 tox|[from] item: Leftovers
|-damage|p1a: Celebi|45/100 tox|[from] psn
|upkeep
|turn|23
|
|t:|1730232058
|switch|p2a: Charizard|Charizard, F|100/100
|-curestatus|p1a: Celebi|tox|[from] ability: Natural Cure
|switch|p1a: Swampert|Swampert, M|94/100
|
|-weather|Sandstorm|[upkeep]
|-damage|p2a: Charizard|94/100|[from] Sandstorm
|-heal|p2a: Charizard|100/100|[from] item: Leftovers
|-heal|p1a: Swampert|100/100|[from] item: Leftovers
|upkeep
|turn|24
|
|t:|1730232064
|switch|p1a: Aerodactyl|Aerodactyl, F|100/100
|move|p2a: Charizard|Substitute|p2a: Charizard
|-start|p2a: Charizard|Substitute
|-damage|p2a: Charizard|76/100
|
|-weather|Sandstorm|[upkeep]
|-damage|p2a: Charizard|70/100|[from] Sandstorm
|-heal|p2a: Charizard|76/100|[from] item: Leftovers
|upkeep
|turn|25
|inactive|Blaniom has 270 seconds left.
|inactive|Blaniom has 240 seconds left.
|
|t:|1730232142
|-singleturn|p2a: Charizard|move: Focus Punch
|move|p1a: Aerodactyl|Rock Slide|p2a: Charizard
|-supereffective|p2a: Charizard
|-end|p2a: Charizard|Substitute
|move|p2a: Charizard|Focus Punch|p1a: Aerodactyl
|-damage|p1a: Aerodactyl|54/100
|
|-weather|Sandstorm|[upkeep]
|-damage|p2a: Charizard|70/100|[from] Sandstorm
|-heal|p2a: Charizard|76/100|[from] item: Leftovers
|upkeep
|turn|26
|
|t:|1730232149
|switch|p1a: Celebi|Celebi|45/100
|switch|p2a: Forretress|Forretress, F|100/100
|-damage|p2a: Forretress|88/100|[from] Spikes
|
|-weather|Sandstorm|[upkeep]
|-damage|p1a: Celebi|39/100|[from] Sandstorm
|-heal|p1a: Celebi|45/100|[from] item: Leftovers
|-heal|p2a: Forretress|94/100|[from] item: Leftovers
|upkeep
|turn|27
|
|t:|1730232153
|switch|p2a: Zapdos|Zapdos|39/100
|move|p1a: Celebi|Hidden Power|p2a: Zapdos
|-crit|p2a: Zapdos
|-damage|p2a: Zapdos|5/100
|
|-weather|Sandstorm|[upkeep]
|-damage|p2a: Zapdos|0 fnt|[from] Sandstorm
|-damage|p1a: Celebi|39/100|[from] Sandstorm
|faint|p2a: Zapdos
|-heal|p1a: Celebi|45/100|[from] item: Leftovers
|upkeep
|
|t:|1730232158
|switch|p2a: Charizard|Charizard, F|76/100
|turn|28
|
|t:|1730232167
|switch|p1a: Swampert|Swampert, M|100/100
|move|p2a: Charizard|Substitute|p2a: Charizard
|-start|p2a: Charizard|Substitute
|-damage|p2a: Charizard|51/100
|
|-weather|Sandstorm|[upkeep]
|-damage|p2a: Charizard|45/100|[from] Sandstorm
|-heal|p2a: Charizard|51/100|[from] item: Leftovers
|upkeep
|turn|29
|
|t:|1730232172
|-singleturn|p2a: Charizard|move: Focus Punch
|move|p1a: Swampert|Ice Beam|p2a: Charizard
|-end|p2a: Charizard|Substitute
|move|p2a: Charizard|Focus Punch|p1a: Swampert
|-damage|p1a: Swampert|74/100
|
|-weather|Sandstorm|[upkeep]
|-damage|p2a: Charizard|45/100|[from] Sandstorm
|-heal|p2a: Charizard|51/100|[from] item: Leftovers
|-heal|p1a: Swampert|80/100|[from] item: Leftovers
|upkeep
|turn|30
|
|t:|1730232174
|move|p2a: Charizard|Hidden Power|p1a: Swampert
|-supereffective|p1a: Swampert
|-damage|p1a: Swampert|0 fnt
|faint|p1a: Swampert
|
|t:|1730232176
|switch|p1a: Aerodactyl|Aerodactyl, F|54/100
|
|-weather|Sandstorm|[upkeep]
|-damage|p2a: Charizard|45/100|[from] Sandstorm
|-heal|p2a: Charizard|51/100|[from] item: Leftovers
|upkeep
|turn|31
|
|t:|1730232181
|switch|p2a: Forretress|Forretress, F|94/100
|-damage|p2a: Forretress|82/100|[from] Spikes
|move|p1a: Aerodactyl|Rock Slide|p2a: Forretress
|-crit|p2a: Forretress
|-damage|p2a: Forretress|30/100
|
|-weather|Sandstorm|[upkeep]
|-heal|p2a: Forretress|36/100|[from] item: Leftovers
|upkeep
|turn|32
|
|t:|1730232186
|switch|p1a: Celebi|Celebi|45/100
|move|p2a: Forretress|Rest|p2a: Forretress
|-status|p2a: Forretress|slp|[from] move: Rest
|-heal|p2a: Forretress|100/100 slp|[silent]
|
|-weather|Sandstorm|[upkeep]
|-damage|p1a: Celebi|39/100|[from] Sandstorm
|-heal|p1a: Celebi|45/100|[from] item: Leftovers
|upkeep
|turn|33
|
|t:|1730232191
|switch|p2a: Charizard|Charizard, F|51/100
|move|p1a: Celebi|Leech Seed|p2a: Charizard
|-start|p2a: Charizard|move: Leech Seed
|
|-weather|Sandstorm|[upkeep]
|-damage|p2a: Charizard|45/100|[from] Sandstorm
|-damage|p1a: Celebi|39/100|[from] Sandstorm
|-heal|p2a: Charizard|51/100|[from] item: Leftovers
|-damage|p2a: Charizard|38/100|[from] Leech Seed|[of] p1a: Celebi
|-heal|p1a: Celebi|49/100|[silent]
|-heal|p1a: Celebi|55/100|[from] item: Leftovers
|upkeep
|turn|34
|
|t:|1730232197
|switch|p2a: Blissey|Blissey, F|84/100
|-damage|p2a: Blissey|72/100|[from] Spikes
|switch|p1a: Aerodactyl|Aerodactyl, F|54/100
|
|-weather|Sandstorm|[upkeep]
|-damage|p2a: Blissey|65/100|[from] Sandstorm
|-heal|p2a: Blissey|72/100|[from] item: Leftovers
|upkeep
|turn|35
|
|t:|1730232204
|switch|p1a: Skarmory|Skarmory, M|83/100 par
|move|p2a: Blissey|Thunder Wave|p1a: Skarmory
|-fail|p1a: Skarmory|par
|
|-weather|Sandstorm|[upkeep]
|-damage|p2a: Blissey|65/100|[from] Sandstorm
|-heal|p2a: Blissey|72/100|[from] item: Leftovers
|-heal|p1a: Skarmory|89/100 par|[from] item: Leftovers
|upkeep
|turn|36
|
|t:|1730232208
|move|p2a: Blissey|Aromatherapy|p2a: Blissey
|-cureteam|p2a: Blissey|[from] move: Aromatherapy
|move|p1a: Skarmory|Spikes|p2a: Blissey
|-sidestart|p2: Blaniom|Spikes
|
|-weather|Sandstorm|[upkeep]
|-damage|p2a: Blissey|65/100|[from] Sandstorm
|-heal|p2a: Blissey|72/100|[from] item: Leftovers
|-heal|p1a: Skarmory|95/100 par|[from] item: Leftovers
|upkeep
|turn|37
|
|t:|1730232214
|switch|p2a: Forretress|Forretress, F|100/100
|-damage|p2a: Forretress|84/100|[from] Spikes
|move|p1a: Skarmory|Spikes|p2a: Forretress
|-sidestart|p2: Blaniom|Spikes
|
|-weather|Sandstorm|[upkeep]
|-heal|p2a: Forretress|90/100|[from] item: Leftovers
|-heal|p1a: Skarmory|100/100 par|[from] item: Leftovers
|upkeep
|turn|38
|
|t:|1730232217
|move|p2a: Forretress|Rapid Spin|p1a: Skarmory
|-resisted|p1a: Skarmory
|-damage|p1a: Skarmory|99/100 par
|-sideend|p2: Blaniom|Spikes|[from] move: Rapid Spin|[of] p2a: Forretress
|cant|p1a: Skarmory|par
|
|-weather|Sandstorm|[upkeep]
|-heal|p2a: Forretress|96/100|[from] item: Leftovers
|-heal|p1a: Skarmory|100/100 par|[from] item: Leftovers
|upkeep
|turn|39
|
|t:|1730232220
|move|p2a: Forretress|Spikes|p1a: Skarmory
|-sidestart|p1: blyargh|Spikes
|move|p1a: Skarmory|Spikes|p2a: Forretress
|-sidestart|p2: Blaniom|Spikes
|
|-weather|Sandstorm|[upkeep]
|-heal|p2a: Forretress|100/100|[from] item: Leftovers
|upkeep
|turn|40
|
|t:|1730232223
|move|p2a: Forretress|Rapid Spin|p1a: Skarmory
|-resisted|p1a: Skarmory
|-damage|p1a: Skarmory|99/100 par
|-sideend|p2: Blaniom|Spikes|[from] move: Rapid Spin|[of] p2a: Forretress
|move|p1a: Skarmory|Spikes|p2a: Forretress
|-sidestart|p2: Blaniom|Spikes
|
|-weather|Sandstorm|[upkeep]
|-heal|p1a: Skarmory|100/100 par|[from] item: Leftovers
|upkeep
|turn|41
|
|t:|1730232225
|move|p2a: Forretress|Spikes|p1a: Skarmory
|-sidestart|p1: blyargh|Spikes
|move|p1a: Skarmory|Spikes|p2a: Forretress
|-sidestart|p2: Blaniom|Spikes
|
|-weather|Sandstorm|[upkeep]
|upkeep
|turn|42
|
|t:|1730232227
|move|p2a: Forretress|Rapid Spin|p1a: Skarmory
|-resisted|p1a: Skarmory
|-damage|p1a: Skarmory|99/100 par
|-sideend|p2: Blaniom|Spikes|[from] move: Rapid Spin|[of] p2a: Forretress
|move|p1a: Skarmory|Spikes|p2a: Forretress
|-sidestart|p2: Blaniom|Spikes
|
|-weather|Sandstorm|[upkeep]
|-heal|p1a: Skarmory|100/100 par|[from] item: Leftovers
|upkeep
|turn|43
|
|t:|1730232228
|move|p2a: Forretress|Rapid Spin|p1a: Skarmory
|-resisted|p1a: Skarmory
|-damage|p1a: Skarmory|99/100 par
|-sideend|p2: Blaniom|Spikes|[from] move: Rapid Spin|[of] p2a: Forretress
|move|p1a: Skarmory|Drill Peck|p2a: Forretress
|-damage|p2a: Forretress|87/100
|
|-weather|Sandstorm|[upkeep]
|-heal|p2a: Forretress|93/100|[from] item: Leftovers
|-heal|p1a: Skarmory|100/100 par|[from] item: Leftovers
|upkeep
|turn|44
|
|t:|1730232230
|move|p2a: Forretress|Spikes|p1a: Skarmory
|-sidestart|p1: blyargh|Spikes
|move|p1a: Skarmory|Spikes|p2a: Forretress
|-sidestart|p2: Blaniom|Spikes
|
|-weather|Sandstorm|[upkeep]
|-heal|p2a: Forretress|99/100|[from] item: Leftovers
|upkeep
|turn|45
|
|t:|1730232232
|move|p2a: Forretress|Rapid Spin|p1a: Skarmory
|-resisted|p1a: Skarmory
|-damage|p1a: Skarmory|99/100 par
|-sideend|p2: Blaniom|Spikes|[from] move: Rapid Spin|[of] p2a: Forretress
|cant|p1a: Skarmory|par
|
|-weather|Sandstorm|[upkeep]
|-heal|p2a: Forretress|100/100|[from] item: Leftovers
|-heal|p1a: Skarmory|100/100 par|[from] item: Leftovers
|upkeep
|turn|46
|
|t:|1730232237
|move|p2a: Forretress|Spikes||[still]
|-fail|p2a: Forretress
|move|p1a: Skarmory|Spikes|p2a: Forretress
|-sidestart|p2: Blaniom|Spikes
|
|-weather|Sandstorm|[upkeep]
|upkeep
|turn|47
|
|t:|1730232245
|move|p2a: Forretress|Rapid Spin|p1a: Skarmory
|-resisted|p1a: Skarmory
|-damage|p1a: Skarmory|99/100 par
|-sideend|p2: Blaniom|Spikes|[from] move: Rapid Spin|[of] p2a: Forretress
|move|p1a: Skarmory|Drill Peck|p2a: Forretress
|-damage|p2a: Forretress|87/100
|
|-weather|Sandstorm|[upkeep]
|-heal|p2a: Forretress|93/100|[from] item: Leftovers
|-heal|p1a: Skarmory|100/100 par|[from] item: Leftovers
|upkeep
|turn|48
|
|t:|1730232256
|move|p2a: Forretress|Spikes||[still]
|-fail|p2a: Forretress
|move|p1a: Skarmory|Spikes|p2a: Forretress
|-sidestart|p2: Blaniom|Spikes
|
|-weather|Sandstorm|[upkeep]
|-heal|p2a: Forretress|99/100|[from] item: Leftovers
|upkeep
|turn|49
|
|t:|1730232259
|move|p2a: Forretress|Rapid Spin|p1a: Skarmory
|-resisted|p1a: Skarmory
|-damage|p1a: Skarmory|99/100 par
|-sideend|p2: Blaniom|Spikes|[from] move: Rapid Spin|[of] p2a: Forretress
|move|p1a: Skarmory|Drill Peck|p2a: Forretress
|-damage|p2a: Forretress|86/100
|
|-weather|Sandstorm|[upkeep]
|-heal|p2a: Forretress|93/100|[from] item: Leftovers
|-heal|p1a: Skarmory|100/100 par|[from] item: Leftovers
|upkeep
|turn|50
|
|t:|1730232263
|move|p2a: Forretress|Spikes||[still]
|-fail|p2a: Forretress
|move|p1a: Skarmory|Spikes|p2a: Forretress
|-sidestart|p2: Blaniom|Spikes
|
|-weather|Sandstorm|[upkeep]
|-heal|p2a: Forretress|99/100|[from] item: Leftovers
|upkeep
|turn|51
|
|t:|1730232267
|move|p2a: Forretress|Spikes||[still]
|-fail|p2a: Forretress
|move|p1a: Skarmory|Drill Peck|p2a: Forretress
|-damage|p2a: Forretress|87/100
|
|-weather|Sandstorm|[upkeep]
|-heal|p2a: Forretress|93/100|[from] item: Leftovers
|upkeep
|turn|52
|
|t:|1730232271
|move|p2a: Forretress|Rapid Spin|p1a: Skarmory
|-resisted|p1a: Skarmory
|-damage|p1a: Skarmory|99/100 par
|-sideend|p2: Blaniom|Spikes|[from] move: Rapid Spin|[of] p2a: Forretress
|move|p1a: Skarmory|Drill Peck|p2a: Forretress
|-damage|p2a: Forretress|80/100
|
|-weather|Sandstorm|[upkeep]
|-heal|p2a: Forretress|86/100|[from] item: Leftovers
|-heal|p1a: Skarmory|100/100 par|[from] item: Leftovers
|upkeep
|turn|53
|
|t:|1730232275
|move|p2a: Forretress|Spikes||[still]
|-fail|p2a: Forretress
|move|p1a: Skarmory|Spikes|p2a: Forretress
|-sidestart|p2: Blaniom|Spikes
|
|-weather|Sandstorm|[upkeep]
|-heal|p2a: Forretress|93/100|[from] item: Leftovers
|upkeep
|turn|54
|
|t:|1730232287
|switch|p1a: Zapdos|Zapdos|100/100
|move|p2a: Forretress|Rapid Spin|p1a: Zapdos
|-damage|p1a: Zapdos|96/100
|-sideend|p2: Blaniom|Spikes|[from] move: Rapid Spin|[of] p2a: Forretress
|
|-weather|Sandstorm|[upkeep]
|-damage|p1a: Zapdos|90/100|[from] Sandstorm
|-heal|p1a: Zapdos|96/100|[from] item: Leftovers
|-heal|p2a: Forretress|99/100|[from] item: Leftovers
|upkeep
|turn|55
|
|t:|1730232294
|switch|p2a: Blissey|Blissey, F|72/100
|move|p1a: Zapdos|Toxic|p2a: Blissey|[miss]
|-miss|p1a: Zapdos|p2a: Blissey
|
|-weather|Sandstorm|[upkeep]
|-damage|p1a: Zapdos|90/100|[from] Sandstorm
|-damage|p2a: Blissey|65/100|[from] Sandstorm
|-heal|p1a: Zapdos|96/100|[from] item: Leftovers
|-heal|p2a: Blissey|72/100|[from] item: Leftovers
|upkeep
|turn|56
|
|t:|1730232300
|switch|p1a: Skarmory|Skarmory, M|100/100 par
|move|p2a: Blissey|Thunder Wave|p1a: Skarmory
|-fail|p1a: Skarmory|par
|
|-weather|Sandstorm|[upkeep]
|-damage|p2a: Blissey|65/100|[from] Sandstorm
|-heal|p2a: Blissey|72/100|[from] item: Leftovers
|upkeep
|turn|57
|
|t:|1730232303
|switch|p2a: Forretress|Forretress, F|99/100
|move|p1a: Skarmory|Spikes|p2a: Forretress
|-sidestart|p2: Blaniom|Spikes
|
|-weather|Sandstorm|[upkeep]
|-heal|p2a: Forretress|100/100|[from] item: Leftovers
|upkeep
|turn|58
|
|t:|1730232305
|switch|p1a: Zapdos|Zapdos|96/100
|move|p2a: Forretress|Rapid Spin|p1a: Zapdos
|-damage|p1a: Zapdos|91/100
|-sideend|p2: Blaniom|Spikes|[from] move: Rapid Spin|[of] p2a: Forretress
|
|-weather|Sandstorm|[upkeep]
|-damage|p1a: Zapdos|85/100|[from] Sandstorm
|-heal|p1a: Zapdos|91/100|[from] item: Leftovers
|upkeep
|turn|59
|
|t:|1730232311
|switch|p2a: Blissey|Blissey, F|72/100
|move|p1a: Zapdos|Toxic|p2a: Blissey
|-status|p2a: Blissey|tox
|
|-weather|Sandstorm|[upkeep]
|-damage|p1a: Zapdos|85/100|[from] Sandstorm
|-damage|p2a: Blissey|65/100 tox|[from] Sandstorm
|-heal|p1a: Zapdos|91/100|[from] item: Leftovers
|-heal|p2a: Blissey|72/100 tox|[from] item: Leftovers
|-damage|p2a: Blissey|65/100 tox|[from] psn
|upkeep
|turn|60
|
|t:|1730232313
|switch|p1a: Skarmory|Skarmory, M|100/100 par
|move|p2a: Blissey|Soft-Boiled|p2a: Blissey
|-heal|p2a: Blissey|100/100 tox
|
|-weather|Sandstorm|[upkeep]
|-damage|p2a: Blissey|94/100 tox|[from] Sandstorm
|-heal|p2a: Blissey|100/100 tox|[from] item: Leftovers
|-damage|p2a: Blissey|88/100 tox|[from] psn
|upkeep
|turn|61
|
|t:|1730232317
|-curestatus|p2a: Blissey|tox|[from] ability: Natural Cure
|switch|p2a: Charizard|Charizard, F|38/100
|move|p1a: Skarmory|Spikes|p2a: Charizard
|-sidestart|p2: Blaniom|Spikes
|
|-weather|Sandstorm|[upkeep]
|-damage|p2a: Charizard|32/100|[from] Sandstorm
|-heal|p2a: Charizard|38/100|[from] item: Leftovers
|upkeep
|turn|62
|
|t:|1730232322
|switch|p1a: Aerodactyl|Aerodactyl, F|54/100
|move|p2a: Charizard|Fire Blast|p1a: Aerodactyl
|-resisted|p1a: Aerodactyl
|-crit|p1a: Aerodactyl
|-damage|p1a: Aerodactyl|0 fnt
|faint|p1a: Aerodactyl
|
|t:|1730232327
|switch|p1a: Zapdos|Zapdos|91/100
|
|-weather|Sandstorm|[upkeep]
|-damage|p2a: Charizard|32/100|[from] Sandstorm
|-damage|p1a: Zapdos|85/100|[from] Sandstorm
|-heal|p2a: Charizard|38/100|[from] item: Leftovers
|-heal|p1a: Zapdos|91/100|[from] item: Leftovers
|upkeep
|turn|63
|
|t:|1730232331
|switch|p2a: Blissey|Blissey, F|88/100
|-damage|p2a: Blissey|76/100|[from] Spikes
|move|p1a: Zapdos|Thunderbolt|p2a: Blissey
|-damage|p2a: Blissey|60/100
|
|-weather|Sandstorm|[upkeep]
|-damage|p1a: Zapdos|85/100|[from] Sandstorm
|-damage|p2a: Blissey|54/100|[from] Sandstorm
|-heal|p1a: Zapdos|91/100|[from] item: Leftovers
|-heal|p2a: Blissey|60/100|[from] item: Leftovers
|upkeep
|turn|64
|
|t:|1730232334
|switch|p1a: Celebi|Celebi|55/100
|-damage|p1a: Celebi|30/100|[from] Spikes
|move|p2a: Blissey|Soft-Boiled|p2a: Blissey
|-heal|p2a: Blissey|100/100
|
|-weather|Sandstorm|[upkeep]
|-damage|p1a: Celebi|24/100|[from] Sandstorm
|-damage|p2a: Blissey|94/100|[from] Sandstorm
|-heal|p1a: Celebi|30/100|[from] item: Leftovers
|-heal|p2a: Blissey|100/100|[from] item: Leftovers
|upkeep
|turn|65
|
|t:|1730232338
|move|p1a: Celebi|Leech Seed|p2a: Blissey
|-start|p2a: Blissey|move: Leech Seed
|move|p2a: Blissey|Seismic Toss|p1a: Celebi
|-damage|p1a: Celebi|4/100
|
|-weather|Sandstorm|[upkeep]
|-damage|p1a: Celebi|0 fnt|[from] Sandstorm
|-damage|p2a: Blissey|94/100|[from] Sandstorm
|faint|p1a: Celebi
|-heal|p2a: Blissey|100/100|[from] item: Leftovers
|upkeep
|
|t:|1730232342
|switch|p1a: Zapdos|Zapdos|91/100
|turn|66
|
|t:|1730232345
|move|p1a: Zapdos|Thunderbolt|p2a: Blissey
|-damage|p2a: Blissey|83/100
|move|p2a: Blissey|Thunder Wave|p1a: Zapdos
|-status|p1a: Zapdos|par
|
|-weather|Sandstorm|[upkeep]
|-damage|p2a: Blissey|77/100|[from] Sandstorm
|-damage|p1a: Zapdos|85/100 par|[from] Sandstorm
|-heal|p2a: Blissey|83/100|[from] item: Leftovers
|-damage|p2a: Blissey|70/100|[from] Leech Seed|[of] p1a: Zapdos
|-heal|p1a: Zapdos|100/100 par|[silent]
|upkeep
|turn|67
|
|t:|1730232349
|switch|p2a: Forretress|Forretress, F|100/100
|-damage|p2a: Forretress|88/100|[from] Spikes
|move|p1a: Zapdos|Thunderbolt|p2a: Forretress
|-damage|p2a: Forretress|16/100
|-status|p2a: Forretress|par
|
|-weather|Sandstorm|[upkeep]
|-damage|p1a: Zapdos|94/100 par|[from] Sandstorm
|-heal|p1a: Zapdos|100/100 par|[from] item: Leftovers
|-heal|p2a: Forretress|22/100 par|[from] item: Leftovers
|upkeep
|turn|68
|
|t:|1730232351
|move|p1a: Zapdos|Thunderbolt|p2a: Forretress
|-damage|p2a: Forretress|0 fnt
|faint|p2a: Forretress
|
|t:|1730232359
|switch|p2a: Suicune|Suicune|62/100
|-damage|p2a: Suicune|50/100|[from] Spikes
|
|-weather|Sandstorm|[upkeep]
|-damage|p2a: Suicune|43/100|[from] Sandstorm
|-damage|p1a: Zapdos|94/100 par|[from] Sandstorm
|-heal|p2a: Suicune|50/100|[from] item: Leftovers
|-heal|p1a: Zapdos|100/100 par|[from] item: Leftovers
|upkeep
|turn|69
|
|t:|1730232361
|move|p2a: Suicune|Ice Beam|p1a: Zapdos
|-supereffective|p1a: Zapdos
|-damage|p1a: Zapdos|49/100 par
|cant|p1a: Zapdos|par
|
|-weather|Sandstorm|[upkeep]
|-damage|p2a: Suicune|43/100|[from] Sandstorm
|-damage|p1a: Zapdos|43/100 par|[from] Sandstorm
|-heal|p2a: Suicune|50/100|[from] item: Leftovers
|-heal|p1a: Zapdos|49/100 par|[from] item: Leftovers
|upkeep
|turn|70
|
|t:|1730232364
|move|p2a: Suicune|Ice Beam|p1a: Zapdos
|-supereffective|p1a: Zapdos
|-damage|p1a: Zapdos|0 fnt
|faint|p1a: Zapdos
|
|t:|1730232365
|switch|p1a: Skarmory|Skarmory, M|100/100 par
|
|-weather|Sandstorm|[upkeep]
|-damage|p2a: Suicune|43/100|[from] Sandstorm
|-heal|p2a: Suicune|50/100|[from] item: Leftovers
|upkeep
|turn|71
|
|t:|1730232371
|move|p2a: Suicune|Calm Mind|p2a: Suicune
|-boost|p2a: Suicune|spa|1
|-boost|p2a: Suicune|spd|1
|move|p1a: Skarmory|Roar|p2a: Suicune
|drag|p2a: Blissey|Blissey, F|70/100
|-damage|p2a: Blissey|58/100|[from] Spikes
|
|-weather|Sandstorm|[upkeep]
|-damage|p2a: Blissey|52/100|[from] Sandstorm
|-heal|p2a: Blissey|58/100|[from] item: Leftovers
|upkeep
|turn|72
|
|t:|1730232373
|move|p2a: Blissey|Soft-Boiled|p2a: Blissey
|-heal|p2a: Blissey|100/100
|move|p1a: Skarmory|Drill Peck|p2a: Blissey
|-damage|p2a: Blissey|79/100
|
|-weather|Sandstorm|[upkeep]
|-damage|p2a: Blissey|73/100|[from] Sandstorm
|-heal|p2a: Blissey|79/100|[from] item: Leftovers
|upkeep
|turn|73
|
|t:|1730232377
|move|p2a: Blissey|Seismic Toss|p1a: Skarmory
|-damage|p1a: Skarmory|71/100 par
|move|p1a: Skarmory|Spikes|p2a: Blissey
|-sidestart|p2: Blaniom|Spikes
|
|-weather|Sandstorm|[upkeep]
|-damage|p2a: Blissey|73/100|[from] Sandstorm
|-heal|p2a: Blissey|79/100|[from] item: Leftovers
|-heal|p1a: Skarmory|77/100 par|[from] item: Leftovers
|upkeep
|turn|74
|
|t:|1730232380
|move|p2a: Blissey|Seismic Toss|p1a: Skarmory
|-damage|p1a: Skarmory|47/100 par
|cant|p1a: Skarmory|par
|
|-weather|Sandstorm|[upkeep]
|-damage|p2a: Blissey|73/100|[from] Sandstorm
|-heal|p2a: Blissey|79/100|[from] item: Leftovers
|-heal|p1a: Skarmory|53/100 par|[from] item: Leftovers
|upkeep
|turn|75
|
|t:|1730232383
|move|p2a: Blissey|Seismic Toss|p1a: Skarmory
|-damage|p1a: Skarmory|23/100 par
|move|p1a: Skarmory|Roar|p2a: Blissey
|drag|p2a: Suicune|Suicune|50/100
|-damage|p2a: Suicune|33/100|[from] Spikes
|
|-weather|Sandstorm|[upkeep]
|-damage|p2a: Suicune|27/100|[from] Sandstorm
|-heal|p2a: Suicune|33/100|[from] item: Leftovers
|-heal|p1a: Skarmory|29/100 par|[from] item: Leftovers
|upkeep
|turn|76
|
|t:|1730232386
|move|p2a: Suicune|Ice Beam|p1a: Skarmory
|-damage|p1a: Skarmory|3/100 par
|move|p1a: Skarmory|Spikes|p2a: Suicune
|-sidestart|p2: Blaniom|Spikes
|
|-weather|Sandstorm|[upkeep]
|-damage|p2a: Suicune|27/100|[from] Sandstorm
|-heal|p2a: Suicune|33/100|[from] item: Leftovers
|-heal|p1a: Skarmory|9/100 par|[from] item: Leftovers
|upkeep
|turn|77
|
|t:|1730232389
|move|p2a: Suicune|Ice Beam|p1a: Skarmory
|-damage|p1a: Skarmory|0 fnt
|faint|p1a: Skarmory
|
|win|Blaniom
|c|☆blyargh|ggs
|c|☆Blaniom|gg wp

</script>
<script type="application/json" class="data" id="replaydata-smogtours-gen3ou-803281">
{"id":"smogtours-gen3ou-803281","format":"[Gen 3] OU","players":["blyargh","Blaniom"],"uploadtime":1730232389,"views":129,"formatid":"gen3ou","rating":null,"private":0,"password":null}
</script>

<script defer src="js/replays.js?9d40a366"></script>
