<!DOCTYPE html>
<meta charset="utf-8" />
<meta name="viewport" content="width=device-width" />

<title>[Gen 3] OU: bluesenergy00 vs. alargemongoose - Replays - Pok&eacute;mon Showdown!</title>

<meta name="description" content="Watch a replay of a Pok&eacute;mon battle between bluesenergy00 and alargemongoose! Format: [Gen 3] OU; Date: Nov 7, 2024" />
<!--

Hey, you! Looking in the source for the replay log?

You can find them in JSON format, just add `.json` at the end of a replay URL.

https://replay.pokemonshowdown.com/gen7randomdoublesbattle-865046831.json

Or, if you only need the log itself, add `.log` instead:

https://replay.pokemonshowdown.com/gen7randomdoublesbattle-865046831.log

-->

<link rel="stylesheet" href="//pokemonshowdown.com/style/global.css?0.023195364461161105" />
<link rel="stylesheet" href="//play.pokemonshowdown.com/style/font-awesome.css?0.13261647063804238" />
<link rel="stylesheet" href="//play.pokemonshowdown.com/style/battle.css?0.8753245789963631" />
<link rel="stylesheet" href="//play.pokemonshowdown.com/style/utilichart.css?0.8627959624976733" />

<!-- Global site tag (gtag.js) - Google Analytics -->
<script async src="https://www.googletagmanager.com/gtag/js?id=UA-26211653-1"></script>
<script>
  window.dataLayer = window.dataLayer || [];
  function gtag(){dataLayer.push(arguments);}
  gtag('js', new Date());

  gtag('config', 'UA-26211653-1');
</script>
<!-- End Google Analytics -->
<!-- Venatus Ad Manager - Install in <HEAD> of page -->
	<script src="https://hb.vntsm.com/v3/live/ad-manager.min.js" type="text/javascript" data-site-id="642aba63ec9a7b11c3c9c1be" data-mode="scan" async></script>
<!-- / Venatus Ad Manager -->

<style>
	@media (max-width:820px) {
		.battle {
			margin: 0 auto;
		}
		.battle-log {
			margin: 7px auto 0;
			max-width: 640px;
			height: 300px;
			position: static;
		}
	}
	.optgroup {
		display: inline-block;
		line-height: 22px;
		font-size: 10pt;
	}
	.optgroup .button {
		height: 25px;
		padding-top: 0;
		padding-bottom: 0;
	}
	.optgroup button.button {
		padding-left: 12px;
		padding-right: 12px;
	}
	.linklist {
		list-style: none;
		margin: 0.5em 0;
		padding: 0;
	}
	.linklist li {
		padding: 2px 0;
	}
	.sidebar {
		float: left;
		width: 320px;
	}
	.bar-wrapper {
		max-width: 1100px;
		margin: 0 auto;
	}
	.bar-wrapper.has-sidebar {
		max-width: 1430px;
	}
	.mainbar {
		margin: 0;
		padding-right: 1px;
	}
	.mainbar.has-sidebar {
		margin-left: 330px;
	}
	@media (min-width: 1511px) {
		.sidebar {
			width: 400px;
		}
		.bar-wrapper.has-sidebar {
			max-width: 1510px;
		}
		.mainbar.has-sidebar {
			margin-left: 410px;
		}
	}
	.section.first-section {
		margin-top: 9px;
	}
	.blocklink small {
		white-space: normal;
	}
	.button {
		vertical-align: middle;
	}
	.replay-controls {
		padding-top: 10px;
	}
	.replay-controls h1 {
		font-size: 16pt;
		font-weight: normal;
		color: #CCC;
	}
	.pagelink {
		text-align: center;
	}
	.pagelink a {
		width: 150px;
	}
	.textbox, .button {
		font-size: 11pt;
		vertical-align: middle;
	}
	@media (max-width: 450px) {
		.button {
			font-size: 9pt;
		}
	}
</style>

<div>

	<header>
		<div class="nav-wrapper"><ul class="nav">
			<li><a class="button nav-first" href="//pokemonshowdown.com/"><img src="//pokemonshowdown.com/images/pokemonshowdownbeta.png" srcset="//pokemonshowdown.com/images/pokemonshowdownbeta.png 1x, //pokemonshowdown.com/images/pokemonshowdownbeta@2x.png 2x" alt="Pok&eacute;mon Showdown" width="146" height="44" /> Home</a></li>
			<li><a class="button" href="//pokemonshowdown.com/dex/">Pok&eacute;dex</a></li>
			<li><a class="button cur" href="/">Replays</a></li>
			<li><a class="button" href="//pokemonshowdown.com/ladder/">Ladder</a></li>
			<li><a class="button nav-last" href="//pokemonshowdown.com/forums/">Forum</a></li>
			<li><a class="button greenbutton nav-first nav-last" href="//play.pokemonshowdown.com/">Play</a></li>
		</ul></div>
	</header>

	<div class="main" id="main">

		<noscript><section class="section">You need to enable JavaScript to use this page; sorry!</section></noscript>

	</div>

</div>

<script defer nomodule src="//play.pokemonshowdown.com/js/lib/ps-polyfill.js"></script>
<script defer src="//play.pokemonshowdown.com/js/lib/preact.min.js"></script>

<script defer src="//play.pokemonshowdown.com/config/config.js?2bddbc15"></script>
<script defer src="//play.pokemonshowdown.com/js/lib/jquery-1.11.0.min.js"></script>
<script defer src="//play.pokemonshowdown.com/js/lib/html-sanitizer-minified.js"></script>
<script defer src="//play.pokemonshowdown.com/js/battle-sound.js"></script>
<script defer src="//play.pokemonshowdown.com/js/battledata.js?0.7209276989879541"></script>
<script defer src="//play.pokemonshowdown.com/data/pokedex-mini.js?0.6111056340867951"></script>
<script defer src="//play.pokemonshowdown.com/data/pokedex-mini-bw.js?0.3532142036491459"></script>
<script defer src="//play.pokemonshowdown.com/data/graphics.js?0.24223875632456182"></script>
<script defer src="//play.pokemonshowdown.com/data/pokedex.js?0.38839984266356864"></script>
<script defer src="//play.pokemonshowdown.com/data/moves.js?0.21866028504024015"></script>
<script defer src="//play.pokemonshowdown.com/data/abilities.js?0.2005157953846628"></script>
<script defer src="//play.pokemonshowdown.com/data/items.js?0.9894211263848525"></script>
<script defer src="//play.pokemonshowdown.com/data/teambuilder-tables.js?0.6008791140282215"></script>
<script defer src="//play.pokemonshowdown.com/js/battle-tooltips.js?0.7580118955022959"></script>
<script defer src="//play.pokemonshowdown.com/js/battle.js?0.6057722274234274"></script>

<script defer src="js/utils.js?e31f9a17"></script>
<script defer src="js/replays-battle.js?7008c182"></script>

<!-- don't scrape this data! just add .json or .log after the URL!
Full API docs: https://github.com/smogon/pokemon-showdown-client/blob/master/WEB-API.md -->
<script type="text/plain" class="log" id="replaylog-smogtours-gen3ou-805140">
|inactive|Battle timer is ON: inactive players will automatically lose when time's up.
|t:|1731012707
|gametype|singles
|player|p1|bluesenergy00|red|
|player|p2|alargemongoose|fisherman|
|teamsize|p1|6
|teamsize|p2|6
|gen|3
|tier|[Gen 3] OU
|rule|Sleep Clause Mod: Limit one foe put to sleep
|rule|Switch Priority Clause Mod: Faster Pokémon switch first
|rule|Species Clause: Limit one of each Pokémon
|rule|OHKO Clause: OHKO moves are banned
|rule|Evasion Items Clause: Evasion items are banned
|rule|Evasion Moves Clause: Evasion moves are banned
|rule|Endless Battle Clause: Forcing endless battles is banned
|rule|HP Percentage Mod: HP is shown in percentages
|rule|One Boost Passer Clause: Limit one Baton Passer that has a way to boost its stats
|rule|Freeze Clause Mod: Limit one foe frozen
|
|t:|1731012707
|start
|switch|p1a: Slaking|Slaking, F|100/100
|switch|p2a: Lou|Zapdos|100/100
|turn|1
|c|☆bluesenergy00|hf
|c|☆alargemongoose|you too
|
|t:|1731012735
|move|p1a: Slaking|Double-Edge|p2a: Lou
|-damage|p2a: Lou|0 fnt
|-damage|p1a: Slaking|72/100|[from] Recoil|[of] p2a: Lou
|faint|p2a: Lou
|
|t:|1731012760
|switch|p2a: Trowe|Breloom, M, shiny|100/100
|
|upkeep
|turn|2
|
|t:|1731012787
|switch|p1a: Blastoise|Blastoise, M|100/100
|move|p2a: Trowe|Substitute|p2a: Trowe
|-start|p2a: Trowe|Substitute
|-damage|p2a: Trowe|76/100
|
|-heal|p2a: Trowe|82/100|[from] item: Leftovers
|upkeep
|turn|3
|
|t:|1731012796
|move|p2a: Trowe|Spore|p1a: Blastoise
|-status|p1a: Blastoise|slp|[from] move: Spore
|cant|p1a: Blastoise|slp
|
|-heal|p2a: Trowe|88/100|[from] item: Leftovers
|upkeep
|turn|4
|
|t:|1731012802
|move|p2a: Trowe|Leech Seed|p1a: Blastoise
|-start|p1a: Blastoise|move: Leech Seed
|cant|p1a: Blastoise|slp
|
|-heal|p2a: Trowe|94/100|[from] item: Leftovers
|-damage|p1a: Blastoise|88/100 slp|[from] Leech Seed|[of] p2a: Trowe
|-heal|p2a: Trowe|100/100|[silent]
|upkeep
|turn|5
|
|t:|1731012821
|-singleturn|p2a: Trowe|move: Focus Punch
|move|p2a: Trowe|Focus Punch|p1a: Blastoise
|-damage|p1a: Blastoise|14/100 slp
|-curestatus|p1a: Blastoise|slp|[msg]
|move|p1a: Blastoise|Roar|p2a: Trowe
|drag|p2a: Volta|Metagross, shiny|100/100
|
|-heal|p1a: Blastoise|20/100|[from] item: Leftovers
|-damage|p1a: Blastoise|7/100|[from] Leech Seed|[of] p2a: Volta
|upkeep
|turn|6
|
|t:|1731012837
|switch|p1a: Skarmory|Skarmory, F|100/100
|move|p2a: Volta|Earthquake|p1a: Skarmory
|-immune|p1a: Skarmory
|
|upkeep
|turn|7
|
|t:|1731012858
|switch|p2a: Sharky|Tyranitar, M, shiny|100/100
|-weather|Sandstorm|[from] ability: Sand Stream|[of] p2a: Sharky
|move|p1a: Skarmory|Spikes|p2a: Sharky
|-sidestart|p2: alargemongoose|Spikes
|
|-weather|Sandstorm|[upkeep]
|upkeep
|turn|8
|inactive|alargemongoose has 270 seconds left.
|
|t:|1731012875
|switch|p1a: Flygon|Flygon, M|100/100
|move|p2a: Sharky|Flamethrower|p1a: Flygon
|-resisted|p1a: Flygon
|-damage|p1a: Flygon|83/100
|
|-weather|Sandstorm|[upkeep]
|-heal|p1a: Flygon|89/100|[from] item: Leftovers
|upkeep
|turn|9
|inactive|alargemongoose has 270 seconds left.
|
|t:|1731012889
|switch|p1a: Slaking|Slaking, F|72/100
|switch|p2a: Artichoke|Suicune, shiny|100/100
|-damage|p2a: Artichoke|88/100|[from] Spikes
|
|-weather|Sandstorm|[upkeep]
|-damage|p1a: Slaking|66/100|[from] Sandstorm
|-damage|p2a: Artichoke|82/100|[from] Sandstorm
|-heal|p2a: Artichoke|88/100|[from] item: Leftovers
|upkeep
|turn|10
|
|t:|1731012898
|move|p1a: Slaking|Double-Edge|p2a: Artichoke
|-damage|p2a: Artichoke|16/100
|-damage|p1a: Slaking|44/100|[from] Recoil|[of] p2a: Artichoke
|move|p2a: Artichoke|Surf|p1a: Slaking
|-damage|p1a: Slaking|12/100
|
|-weather|Sandstorm|[upkeep]
|-damage|p1a: Slaking|6/100|[from] Sandstorm
|-damage|p2a: Artichoke|10/100|[from] Sandstorm
|-heal|p2a: Artichoke|16/100|[from] item: Leftovers
|upkeep
|turn|11
|
|t:|1731012909
|switch|p1a: Skarmory|Skarmory, F|100/100
|move|p2a: Artichoke|Rest|p2a: Artichoke
|-status|p2a: Artichoke|slp|[from] move: Rest
|-heal|p2a: Artichoke|100/100 slp|[silent]
|
|-weather|Sandstorm|[upkeep]
|-damage|p2a: Artichoke|94/100 slp|[from] Sandstorm
|-heal|p2a: Artichoke|100/100 slp|[from] item: Leftovers
|upkeep
|turn|12
|inactive|alargemongoose has 270 seconds left.
|
|t:|1731012926
|switch|p2a: Sharky|Tyranitar, M, shiny|100/100
|-damage|p2a: Sharky|88/100|[from] Spikes
|move|p1a: Skarmory|Drill Peck|p2a: Sharky
|-resisted|p2a: Sharky
|-crit|p2a: Sharky
|-damage|p2a: Sharky|70/100
|
|-weather|Sandstorm|[upkeep]
|-heal|p2a: Sharky|76/100|[from] item: Leftovers
|upkeep
|turn|13
|inactive|alargemongoose has 270 seconds left.
|
|t:|1731012937
|-singleturn|p2a: Sharky|move: Focus Punch
|move|p1a: Skarmory|Protect|p1a: Skarmory
|-singleturn|p1a: Skarmory|Protect
|move|p2a: Sharky|Focus Punch|p1a: Skarmory
|-activate|p1a: Skarmory|Protect
|
|-weather|Sandstorm|[upkeep]
|-heal|p2a: Sharky|82/100|[from] item: Leftovers
|upkeep
|turn|14
|inactive|alargemongoose has 270 seconds left.
|
|t:|1731012966
|move|p1a: Skarmory|Spikes|p2a: Sharky
|-sidestart|p2: alargemongoose|Spikes
|move|p2a: Sharky|Flamethrower|p1a: Skarmory
|-supereffective|p1a: Skarmory
|-damage|p1a: Skarmory|47/100
|
|-weather|Sandstorm|[upkeep]
|-heal|p1a: Skarmory|53/100|[from] item: Leftovers
|-heal|p2a: Sharky|88/100|[from] item: Leftovers
|upkeep
|turn|15
|
|t:|1731012975
|move|p1a: Skarmory|Drill Peck|p2a: Sharky
|-resisted|p2a: Sharky
|-damage|p2a: Sharky|80/100
|move|p2a: Sharky|Flamethrower|p1a: Skarmory
|-supereffective|p1a: Skarmory
|-damage|p1a: Skarmory|3/100
|
|-weather|Sandstorm|[upkeep]
|-heal|p1a: Skarmory|9/100|[from] item: Leftovers
|-heal|p2a: Sharky|86/100|[from] item: Leftovers
|upkeep
|turn|16
|
|t:|1731012986
|switch|p1a: Flygon|Flygon, M|89/100
|move|p2a: Sharky|Flamethrower|p1a: Flygon
|-resisted|p1a: Flygon
|-damage|p1a: Flygon|74/100
|
|-weather|Sandstorm|[upkeep]
|-heal|p1a: Flygon|80/100|[from] item: Leftovers
|-heal|p2a: Sharky|93/100|[from] item: Leftovers
|upkeep
|turn|17
|
|t:|1731013002
|move|p1a: Flygon|Earthquake|p2a: Sharky
|-supereffective|p2a: Sharky
|-damage|p2a: Sharky|36/100
|move|p2a: Sharky|Crunch|p1a: Flygon
|-damage|p1a: Flygon|42/100
|-unboost|p1a: Flygon|spd|1
|
|-weather|Sandstorm|[upkeep]
|-heal|p1a: Flygon|48/100|[from] item: Leftovers
|-heal|p2a: Sharky|43/100|[from] item: Leftovers
|upkeep
|turn|18
|
|t:|1731013026
|move|p1a: Flygon|Earthquake|p2a: Sharky
|-supereffective|p2a: Sharky
|-damage|p2a: Sharky|0 fnt
|faint|p2a: Sharky
|inactive|alargemongoose has 240 seconds left.
|
|t:|1731013044
|switch|p2a: Artichoke|Suicune, shiny|100/100 slp
|-damage|p2a: Artichoke|84/100 slp|[from] Spikes
|
|-weather|Sandstorm|[upkeep]
|-damage|p2a: Artichoke|78/100 slp|[from] Sandstorm
|-heal|p1a: Flygon|54/100|[from] item: Leftovers
|-heal|p2a: Artichoke|84/100 slp|[from] item: Leftovers
|upkeep
|turn|19
|inactive|alargemongoose has 240 seconds left.
|inactive|alargemongoose has 210 seconds left.
|
|t:|1731013093
|switch|p1a: Blissey|Blissey, F|100/100
|switch|p2a: Trowe|Breloom, M, shiny|100/100
|-damage|p2a: Trowe|84/100|[from] Spikes
|
|-weather|Sandstorm|[upkeep]
|-damage|p2a: Trowe|78/100|[from] Sandstorm
|-damage|p1a: Blissey|94/100|[from] Sandstorm
|-heal|p2a: Trowe|84/100|[from] item: Leftovers
|-heal|p1a: Blissey|100/100|[from] item: Leftovers
|upkeep
|turn|20
|inactive|bluesenergy00 has 270 seconds left.
|
|t:|1731013114
|switch|p1a: Blastoise|Blastoise, M|7/100
|move|p2a: Trowe|Substitute|p2a: Trowe
|-start|p2a: Trowe|Substitute
|-damage|p2a: Trowe|59/100
|
|-weather|Sandstorm|[upkeep]
|-damage|p2a: Trowe|53/100|[from] Sandstorm
|-damage|p1a: Blastoise|1/100|[from] Sandstorm
|-heal|p2a: Trowe|59/100|[from] item: Leftovers
|-heal|p1a: Blastoise|7/100|[from] item: Leftovers
|upkeep
|turn|21
|inactive|alargemongoose has 210 seconds left.
|inactive|bluesenergy00 has 270 seconds left.
|
|t:|1731013134
|switch|p1a: Skarmory|Skarmory, F|9/100
|move|p2a: Trowe|Spore|p1a: Skarmory
|-status|p1a: Skarmory|slp|[from] move: Spore
|
|-weather|Sandstorm|[upkeep]
|-damage|p2a: Trowe|53/100|[from] Sandstorm
|-heal|p2a: Trowe|59/100|[from] item: Leftovers
|-heal|p1a: Skarmory|15/100 slp|[from] item: Leftovers
|upkeep
|turn|22
|inactive|bluesenergy00 has 270 seconds left.
|
|t:|1731013147
|-singleturn|p2a: Trowe|move: Focus Punch
|switch|p1a: Slaking|Slaking, F|6/100
|move|p2a: Trowe|Focus Punch|p1a: Slaking
|-supereffective|p1a: Slaking
|-damage|p1a: Slaking|0 fnt
|faint|p1a: Slaking
|
|t:|1731013149
|switch|p1a: Jirachi|Jirachi|100/100
|
|-weather|Sandstorm|[upkeep]
|-damage|p2a: Trowe|53/100|[from] Sandstorm
|-heal|p2a: Trowe|59/100|[from] item: Leftovers
|upkeep
|turn|23
|
|t:|1731013154
|move|p2a: Trowe|Spore|p1a: Jirachi
|-message|Sleep Clause Mod activated.
|-hint|Sleep Clause Mod prevents players from putting more than one of their opponent's Pokémon to sleep at a time
|move|p1a: Jirachi|Fire Punch|p2a: Trowe
|-supereffective|p2a: Trowe
|-end|p2a: Trowe|Substitute
|
|-weather|Sandstorm|[upkeep]
|-damage|p2a: Trowe|53/100|[from] Sandstorm
|-heal|p2a: Trowe|59/100|[from] item: Leftovers
|upkeep
|turn|24
|inactive|alargemongoose has 240 seconds left.
|c|☆alargemongoose|shit
|
|t:|1731013180
|switch|p2a: Artichoke|Suicune, shiny|84/100 slp
|-damage|p2a: Artichoke|67/100 slp|[from] Spikes
|move|p1a: Jirachi|Wish|p1a: Jirachi
|
|-weather|Sandstorm|[upkeep]
|-damage|p2a: Artichoke|61/100 slp|[from] Sandstorm
|-heal|p2a: Artichoke|67/100 slp|[from] item: Leftovers
|upkeep
|turn|25
|
|t:|1731013187
|switch|p1a: Blastoise|Blastoise, M|7/100
|cant|p2a: Artichoke|slp
|move|p2a: Artichoke|Sleep Talk|p2a: Artichoke
|move|p2a: Artichoke|Surf|p1a: Blastoise|[from]Sleep Talk
|-resisted|p1a: Blastoise
|-damage|p1a: Blastoise|0 fnt
|faint|p1a: Blastoise
|
|t:|1731013195
|switch|p1a: Skarmory|Skarmory, F|15/100 slp
|
|-heal|p1a: Skarmory|65/100 slp|[from] move: Wish|[wisher] Jirachi
|-weather|Sandstorm|[upkeep]
|-damage|p2a: Artichoke|61/100 slp|[from] Sandstorm
|-heal|p2a: Artichoke|67/100 slp|[from] item: Leftovers
|-heal|p1a: Skarmory|71/100 slp|[from] item: Leftovers
|upkeep
|turn|26
|
|t:|1731013203
|switch|p1a: Blissey|Blissey, F|100/100
|cant|p2a: Artichoke|slp
|move|p2a: Artichoke|Sleep Talk|p2a: Artichoke
|move|p2a: Artichoke|Surf|p1a: Blissey|[from]Sleep Talk
|-damage|p1a: Blissey|89/100
|
|-weather|Sandstorm|[upkeep]
|-damage|p2a: Artichoke|61/100 slp|[from] Sandstorm
|-damage|p1a: Blissey|83/100|[from] Sandstorm
|-heal|p2a: Artichoke|67/100 slp|[from] item: Leftovers
|-heal|p1a: Blissey|89/100|[from] item: Leftovers
|upkeep
|turn|27
|inactive|alargemongoose has 240 seconds left.
|
|t:|1731013214
|switch|p2a: Volta|Metagross, shiny|100/100
|-damage|p2a: Volta|84/100|[from] Spikes
|move|p1a: Blissey|Thunderbolt|p2a: Volta
|-damage|p2a: Volta|55/100
|
|-weather|Sandstorm|[upkeep]
|-damage|p1a: Blissey|83/100|[from] Sandstorm
|-heal|p1a: Blissey|89/100|[from] item: Leftovers
|upkeep
|turn|28
|inactive|alargemongoose has 240 seconds left.
|
|t:|1731013233
|switch|p1a: Skarmory|Skarmory, F|71/100 slp
|move|p2a: Volta|Meteor Mash|p1a: Skarmory
|-resisted|p1a: Skarmory
|-damage|p1a: Skarmory|40/100 slp
|
|-weather|Sandstorm|[upkeep]
|-heal|p1a: Skarmory|46/100 slp|[from] item: Leftovers
|upkeep
|turn|29
|
|t:|1731013237
|switch|p1a: Jirachi|Jirachi|100/100
|move|p2a: Volta|Meteor Mash|p1a: Jirachi
|-resisted|p1a: Jirachi
|-damage|p1a: Jirachi|76/100
|
|-weather|Sandstorm|[upkeep]
|-heal|p1a: Jirachi|82/100|[from] item: Leftovers
|upkeep
|turn|30
|inactive|alargemongoose has 240 seconds left.
|
|t:|1731013269
|switch|p2a: Artichoke|Suicune, shiny|67/100 slp
|-damage|p2a: Artichoke|51/100 slp|[from] Spikes
|move|p1a: Jirachi|Wish|p1a: Jirachi
|
|-weather|Sandstorm|[upkeep]
|-damage|p2a: Artichoke|45/100 slp|[from] Sandstorm
|-heal|p1a: Jirachi|88/100|[from] item: Leftovers
|-heal|p2a: Artichoke|51/100 slp|[from] item: Leftovers
|upkeep
|turn|31
|
|t:|1731013280
|switch|p1a: Skarmory|Skarmory, F|46/100 slp
|cant|p2a: Artichoke|slp
|
|-heal|p1a: Skarmory|96/100 slp|[from] move: Wish|[wisher] Jirachi
|-weather|Sandstorm|[upkeep]
|-damage|p2a: Artichoke|45/100 slp|[from] Sandstorm
|-heal|p2a: Artichoke|51/100 slp|[from] item: Leftovers
|-heal|p1a: Skarmory|100/100 slp|[from] item: Leftovers
|upkeep
|turn|32
|
|t:|1731013286
|switch|p1a: Blissey|Blissey, F|89/100
|cant|p2a: Artichoke|slp
|
|-weather|Sandstorm|[upkeep]
|-damage|p2a: Artichoke|45/100 slp|[from] Sandstorm
|-damage|p1a: Blissey|83/100|[from] Sandstorm
|-heal|p2a: Artichoke|51/100 slp|[from] item: Leftovers
|-heal|p1a: Blissey|89/100|[from] item: Leftovers
|upkeep
|turn|33
|
|t:|1731013293
|-curestatus|p2a: Artichoke|slp|[msg]
|move|p2a: Artichoke|Rest|p2a: Artichoke
|-status|p2a: Artichoke|slp|[from] move: Rest
|-heal|p2a: Artichoke|100/100 slp|[silent]
|move|p1a: Blissey|Thunderbolt|p2a: Artichoke
|-supereffective|p2a: Artichoke
|-crit|p2a: Artichoke
|-damage|p2a: Artichoke|30/100 slp
|
|-weather|Sandstorm|[upkeep]
|-damage|p2a: Artichoke|24/100 slp|[from] Sandstorm
|-damage|p1a: Blissey|83/100|[from] Sandstorm
|-heal|p2a: Artichoke|30/100 slp|[from] item: Leftovers
|-heal|p1a: Blissey|89/100|[from] item: Leftovers
|upkeep
|turn|34
|inactive|alargemongoose has 240 seconds left.
|
|t:|1731013314
|cant|p2a: Artichoke|slp
|move|p1a: Blissey|Thunderbolt|p2a: Artichoke
|-supereffective|p2a: Artichoke
|-damage|p2a: Artichoke|0 fnt
|faint|p2a: Artichoke
|
|t:|1731013316
|switch|p2a: Volta|Metagross, shiny|55/100
|-damage|p2a: Volta|39/100|[from] Spikes
|
|-weather|Sandstorm|[upkeep]
|-damage|p1a: Blissey|83/100|[from] Sandstorm
|-heal|p1a: Blissey|89/100|[from] item: Leftovers
|upkeep
|turn|35
|
|t:|1731013321
|switch|p1a: Skarmory|Skarmory, F|100/100 slp
|move|p2a: Volta|Explosion|p1a: Skarmory
|-resisted|p1a: Skarmory
|-damage|p1a: Skarmory|0 fnt
|faint|p2a: Volta
|faint|p1a: Skarmory
|
|t:|1731013327
|switch|p2a: DJ|Snorlax, F, shiny|100/100
|switch|p1a: Flygon|Flygon, M|54/100
|-damage|p2a: DJ|84/100|[from] Spikes
|
|-weather|Sandstorm|[upkeep]
|-damage|p2a: DJ|78/100|[from] Sandstorm
|-heal|p1a: Flygon|61/100|[from] item: Leftovers
|-heal|p2a: DJ|84/100|[from] item: Leftovers
|upkeep
|turn|36
|
|t:|1731013334
|move|p1a: Flygon|Earthquake|p2a: DJ
|-damage|p2a: DJ|49/100
|move|p2a: DJ|Curse|p2a: DJ
|-unboost|p2a: DJ|spe|1
|-boost|p2a: DJ|atk|1
|-boost|p2a: DJ|def|1
|
|-weather|Sandstorm|[upkeep]
|-damage|p2a: DJ|43/100|[from] Sandstorm
|-heal|p1a: Flygon|67/100|[from] item: Leftovers
|-heal|p2a: DJ|49/100|[from] item: Leftovers
|upkeep
|turn|37
|
|t:|1731013346
|move|p1a: Flygon|Earthquake|p2a: DJ
|-damage|p2a: DJ|28/100
|move|p2a: DJ|Self-Destruct|p1a: Flygon
|-damage|p1a: Flygon|0 fnt
|faint|p2a: DJ
|faint|p1a: Flygon
|inactive|bluesenergy00 has 270 seconds left.
|
|t:|1731013389
|switch|p1a: Jirachi|Jirachi|88/100
|switch|p2a: Trowe|Breloom, M, shiny|59/100
|-damage|p2a: Trowe|43/100|[from] Spikes
|
|-weather|Sandstorm|[upkeep]
|-damage|p2a: Trowe|37/100|[from] Sandstorm
|-heal|p2a: Trowe|43/100|[from] item: Leftovers
|-heal|p1a: Jirachi|94/100|[from] item: Leftovers
|upkeep
|turn|38
|
|t:|1731013394
|move|p2a: Trowe|Spore|p1a: Jirachi
|-status|p1a: Jirachi|slp|[from] move: Spore
|cant|p1a: Jirachi|slp
|
|-weather|Sandstorm|[upkeep]
|-damage|p2a: Trowe|37/100|[from] Sandstorm
|-heal|p2a: Trowe|43/100|[from] item: Leftovers
|-heal|p1a: Jirachi|100/100 slp|[from] item: Leftovers
|upkeep
|turn|39
|
|t:|1731013401
|move|p2a: Trowe|Substitute|p2a: Trowe
|-start|p2a: Trowe|Substitute
|-damage|p2a: Trowe|18/100
|cant|p1a: Jirachi|slp
|
|-weather|Sandstorm|[upkeep]
|-damage|p2a: Trowe|12/100|[from] Sandstorm
|-heal|p2a: Trowe|18/100|[from] item: Leftovers
|upkeep
|turn|40
|
|t:|1731013404
|move|p2a: Trowe|Leech Seed|p1a: Jirachi
|-start|p1a: Jirachi|move: Leech Seed
|cant|p1a: Jirachi|slp
|
|-weather|Sandstorm|[upkeep]
|-damage|p2a: Trowe|12/100|[from] Sandstorm
|-heal|p2a: Trowe|18/100|[from] item: Leftovers
|-damage|p1a: Jirachi|88/100 slp|[from] Leech Seed|[of] p2a: Trowe
|-heal|p2a: Trowe|40/100|[silent]
|upkeep
|turn|41
|inactive|bluesenergy00 has 270 seconds left.
|
|t:|1731013441
|-singleturn|p2a: Trowe|move: Focus Punch
|-curestatus|p1a: Jirachi|slp|[msg]
|move|p1a: Jirachi|Fire Punch|p2a: Trowe
|-supereffective|p2a: Trowe
|-end|p2a: Trowe|Substitute
|move|p2a: Trowe|Focus Punch|p1a: Jirachi
|-damage|p1a: Jirachi|39/100
|
|-weather|Sandstorm|[upkeep]
|-damage|p2a: Trowe|34/100|[from] Sandstorm
|-heal|p2a: Trowe|40/100|[from] item: Leftovers
|-heal|p1a: Jirachi|46/100|[from] item: Leftovers
|-damage|p1a: Jirachi|33/100|[from] Leech Seed|[of] p2a: Trowe
|-heal|p2a: Trowe|62/100|[silent]
|upkeep
|turn|42
|
|t:|1731013447
|move|p2a: Trowe|Spore|p1a: Jirachi
|-status|p1a: Jirachi|slp|[from] move: Spore
|cant|p1a: Jirachi|slp
|
|-weather|Sandstorm|[upkeep]
|-damage|p2a: Trowe|55/100|[from] Sandstorm
|-heal|p2a: Trowe|62/100|[from] item: Leftovers
|-heal|p1a: Jirachi|39/100 slp|[from] item: Leftovers
|-damage|p1a: Jirachi|27/100 slp|[from] Leech Seed|[of] p2a: Trowe
|-heal|p2a: Trowe|83/100|[silent]
|upkeep
|turn|43
|
|t:|1731013452
|move|p2a: Trowe|Substitute|p2a: Trowe
|-start|p2a: Trowe|Substitute
|-damage|p2a: Trowe|59/100
|cant|p1a: Jirachi|slp
|
|-weather|Sandstorm|[upkeep]
|-damage|p2a: Trowe|52/100|[from] Sandstorm
|-heal|p2a: Trowe|59/100|[from] item: Leftovers
|-heal|p1a: Jirachi|33/100 slp|[from] item: Leftovers
|-damage|p1a: Jirachi|21/100 slp|[from] Leech Seed|[of] p2a: Trowe
|-heal|p2a: Trowe|80/100|[silent]
|upkeep
|turn|44
|
|t:|1731013458
|-singleturn|p2a: Trowe|move: Focus Punch
|-curestatus|p1a: Jirachi|slp|[msg]
|move|p1a: Jirachi|Fire Punch|p2a: Trowe
|-supereffective|p2a: Trowe
|-end|p2a: Trowe|Substitute
|move|p2a: Trowe|Focus Punch|p1a: Jirachi
|-damage|p1a: Jirachi|0 fnt
|faint|p1a: Jirachi
|
|t:|1731013462
|switch|p1a: Blissey|Blissey, F|89/100
|
|-weather|Sandstorm|[upkeep]
|-damage|p2a: Trowe|74/100|[from] Sandstorm
|-damage|p1a: Blissey|83/100|[from] Sandstorm
|-heal|p2a: Trowe|80/100|[from] item: Leftovers
|-heal|p1a: Blissey|89/100|[from] item: Leftovers
|upkeep
|turn|45
|
|t:|1731013465
|move|p2a: Trowe|Spore|p1a: Blissey
|-status|p1a: Blissey|slp|[from] move: Spore
|cant|p1a: Blissey|slp
|
|-weather|Sandstorm|[upkeep]
|-damage|p2a: Trowe|74/100|[from] Sandstorm
|-damage|p1a: Blissey|83/100 slp|[from] Sandstorm
|-heal|p2a: Trowe|80/100|[from] item: Leftovers
|-heal|p1a: Blissey|89/100 slp|[from] item: Leftovers
|upkeep
|turn|46
|
|t:|1731013467
|move|p2a: Trowe|Substitute|p2a: Trowe
|-start|p2a: Trowe|Substitute
|-damage|p2a: Trowe|55/100
|cant|p1a: Blissey|slp
|
|-weather|Sandstorm|[upkeep]
|-damage|p2a: Trowe|49/100|[from] Sandstorm
|-damage|p1a: Blissey|83/100 slp|[from] Sandstorm
|-heal|p2a: Trowe|55/100|[from] item: Leftovers
|-heal|p1a: Blissey|89/100 slp|[from] item: Leftovers
|upkeep
|turn|47
|c|☆bluesenergy00|gg
|c|☆alargemongoose|gg
|
|t:|1731013477
|-singleturn|p2a: Trowe|move: Focus Punch
|cant|p1a: Blissey|slp
|move|p2a: Trowe|Focus Punch|p1a: Blissey
|-supereffective|p1a: Blissey
|-damage|p1a: Blissey|0 fnt
|faint|p1a: Blissey
|
|win|alargemongoose

</script>
<script type="application/json" class="data" id="replaydata-smogtours-gen3ou-805140">
{"id":"smogtours-gen3ou-805140","format":"[Gen 3] OU","players":["bluesenergy00","alargemongoose"],"uploadtime":1731013477,"views":85,"formatid":"gen3ou","rating":null,"private":0,"password":null}
</script>

<script defer src="js/replays.js?9d40a366"></script>
