<!DOCTYPE html>
<meta charset="utf-8" />
<meta name="viewport" content="width=device-width" />

<title>[Gen 3] OU: taccat vs. Rizzarro Flame - Replays - Pok&eacute;mon Showdown!</title>

<meta name="description" content="Watch a replay of a Pok&eacute;mon battle between taccat and Rizzarro Flame! Format: [Gen 3] OU; Date: Oct 4, 2024" />
<!--

Hey, you! Looking in the source for the replay log?

You can find them in JSON format, just add `.json` at the end of a replay URL.

https://replay.pokemonshowdown.com/gen7randomdoublesbattle-865046831.json

Or, if you only need the log itself, add `.log` instead:

https://replay.pokemonshowdown.com/gen7randomdoublesbattle-865046831.log

-->

<link rel="stylesheet" href="//pokemonshowdown.com/style/global.css?0.023195364461161105" />
<link rel="stylesheet" href="//play.pokemonshowdown.com/style/font-awesome.css?0.13261647063804238" />
<link rel="stylesheet" href="//play.pokemonshowdown.com/style/battle.css?0.8753245789963631" />
<link rel="stylesheet" href="//play.pokemonshowdown.com/style/utilichart.css?0.8627959624976733" />

<!-- Global site tag (gtag.js) - Google Analytics -->
<script async src="https://www.googletagmanager.com/gtag/js?id=UA-26211653-1"></script>
<script>
  window.dataLayer = window.dataLayer || [];
  function gtag(){dataLayer.push(arguments);}
  gtag('js', new Date());

  gtag('config', 'UA-26211653-1');
</script>
<!-- End Google Analytics -->
<!-- Venatus Ad Manager - Install in <HEAD> of page -->
	<script src="https://hb.vntsm.com/v3/live/ad-manager.min.js" type="text/javascript" data-site-id="642aba63ec9a7b11c3c9c1be" data-mode="scan" async></script>
<!-- / Venatus Ad Manager -->

<style>
	@media (max-width:820px) {
		.battle {
			margin: 0 auto;
		}
		.battle-log {
			margin: 7px auto 0;
			max-width: 640px;
			height: 300px;
			position: static;
		}
	}
	.optgroup {
		display: inline-block;
		line-height: 22px;
		font-size: 10pt;
	}
	.optgroup .button {
		height: 25px;
		padding-top: 0;
		padding-bottom: 0;
	}
	.optgroup button.button {
		padding-left: 12px;
		padding-right: 12px;
	}
	.linklist {
		list-style: none;
		margin: 0.5em 0;
		padding: 0;
	}
	.linklist li {
		padding: 2px 0;
	}
	.sidebar {
		float: left;
		width: 320px;
	}
	.bar-wrapper {
		max-width: 1100px;
		margin: 0 auto;
	}
	.bar-wrapper.has-sidebar {
		max-width: 1430px;
	}
	.mainbar {
		margin: 0;
		padding-right: 1px;
	}
	.mainbar.has-sidebar {
		margin-left: 330px;
	}
	@media (min-width: 1511px) {
		.sidebar {
			width: 400px;
		}
		.bar-wrapper.has-sidebar {
			max-width: 1510px;
		}
		.mainbar.has-sidebar {
			margin-left: 410px;
		}
	}
	.section.first-section {
		margin-top: 9px;
	}
	.blocklink small {
		white-space: normal;
	}
	.button {
		vertical-align: middle;
	}
	.replay-controls {
		padding-top: 10px;
	}
	.replay-controls h1 {
		font-size: 16pt;
		font-weight: normal;
		color: #CCC;
	}
	.pagelink {
		text-align: center;
	}
	.pagelink a {
		width: 150px;
	}
	.textbox, .button {
		font-size: 11pt;
		vertical-align: middle;
	}
	@media (max-width: 450px) {
		.button {
			font-size: 9pt;
		}
	}
</style>

<div>

	<header>
		<div class="nav-wrapper"><ul class="nav">
			<li><a class="button nav-first" href="//pokemonshowdown.com/"><img src="//pokemonshowdown.com/images/pokemonshowdownbeta.png" srcset="//pokemonshowdown.com/images/pokemonshowdownbeta.png 1x, //pokemonshowdown.com/images/pokemonshowdownbeta@2x.png 2x" alt="Pok&eacute;mon Showdown" width="146" height="44" /> Home</a></li>
			<li><a class="button" href="//pokemonshowdown.com/dex/">Pok&eacute;dex</a></li>
			<li><a class="button cur" href="/">Replays</a></li>
			<li><a class="button" href="//pokemonshowdown.com/ladder/">Ladder</a></li>
			<li><a class="button nav-last" href="//pokemonshowdown.com/forums/">Forum</a></li>
			<li><a class="button greenbutton nav-first nav-last" href="//play.pokemonshowdown.com/">Play</a></li>
		</ul></div>
	</header>

	<div class="main" id="main">

		<noscript><section class="section">You need to enable JavaScript to use this page; sorry!</section></noscript>

	</div>

</div>

<script defer nomodule src="//play.pokemonshowdown.com/js/lib/ps-polyfill.js"></script>
<script defer src="//play.pokemonshowdown.com/js/lib/preact.min.js"></script>

<script defer src="//play.pokemonshowdown.com/config/config.js?2bddbc15"></script>
<script defer src="//play.pokemonshowdown.com/js/lib/jquery-1.11.0.min.js"></script>
<script defer src="//play.pokemonshowdown.com/js/lib/html-sanitizer-minified.js"></script>
<script defer src="//play.pokemonshowdown.com/js/battle-sound.js"></script>
<script defer src="//play.pokemonshowdown.com/js/battledata.js?0.7209276989879541"></script>
<script defer src="//play.pokemonshowdown.com/data/pokedex-mini.js?0.6111056340867951"></script>
<script defer src="//play.pokemonshowdown.com/data/pokedex-mini-bw.js?0.3532142036491459"></script>
<script defer src="//play.pokemonshowdown.com/data/graphics.js?0.24223875632456182"></script>
<script defer src="//play.pokemonshowdown.com/data/pokedex.js?0.38839984266356864"></script>
<script defer src="//play.pokemonshowdown.com/data/moves.js?0.21866028504024015"></script>
<script defer src="//play.pokemonshowdown.com/data/abilities.js?0.2005157953846628"></script>
<script defer src="//play.pokemonshowdown.com/data/items.js?0.9894211263848525"></script>
<script defer src="//play.pokemonshowdown.com/data/teambuilder-tables.js?0.6008791140282215"></script>
<script defer src="//play.pokemonshowdown.com/js/battle-tooltips.js?0.7580118955022959"></script>
<script defer src="//play.pokemonshowdown.com/js/battle.js?0.6057722274234274"></script>

<script defer src="js/utils.js?e31f9a17"></script>
<script defer src="js/replays-battle.js?7008c182"></script>

<!-- don't scrape this data! just add .json or .log after the URL!
Full API docs: https://github.com/smogon/pokemon-showdown-client/blob/master/WEB-API.md -->
<script type="text/plain" class="log" id="replaylog-smogtours-gen3ou-794528">
|inactive|Battle timer is ON: inactive players will automatically lose when time's up.
|t:|1728040192
|gametype|singles
|player|p1|taccat|ltsurge|
|player|p2|Rizzarro Flame|2|
|teamsize|p1|6
|teamsize|p2|6
|gen|3
|tier|[Gen 3] OU
|rule|Sleep Clause Mod: Limit one foe put to sleep
|rule|Switch Priority Clause Mod: Faster Pokémon switch first
|rule|Species Clause: Limit one of each Pokémon
|rule|OHKO Clause: OHKO moves are banned
|rule|Evasion Items Clause: Evasion items are banned
|rule|Evasion Moves Clause: Evasion moves are banned
|rule|Endless Battle Clause: Forcing endless battles is banned
|rule|HP Percentage Mod: HP is shown in percentages
|rule|One Boost Passer Clause: Limit one Baton Passer that has a way to boost its stats
|rule|Freeze Clause Mod: Limit one foe frozen
|
|t:|1728040192
|start
|switch|p1a: Skarmory|Skarmory, M|100/100
|switch|p2a: Suicune|Suicune|100/100
|turn|1
|
|t:|1728040205
|move|p2a: Suicune|Calm Mind|p2a: Suicune
|-boost|p2a: Suicune|spa|1
|-boost|p2a: Suicune|spd|1
|move|p1a: Skarmory|Spikes|p2a: Suicune
|-sidestart|p2: Rizzarro Flame|Spikes
|
|upkeep
|turn|2
|
|t:|1728040216
|move|p2a: Suicune|Surf|p1a: Skarmory
|-damage|p1a: Skarmory|39/100
|move|p1a: Skarmory|Roar|p2a: Suicune
|drag|p2a: Gengar|Gengar, M|100/100
|
|-heal|p1a: Skarmory|45/100|[from] item: Leftovers
|upkeep
|turn|3
|
|t:|1728040225
|move|p1a: Skarmory|Protect|p1a: Skarmory
|-singleturn|p1a: Skarmory|Protect
|move|p2a: Gengar|Will-O-Wisp|p1a: Skarmory
|-activate|p1a: Skarmory|Protect
|
|-heal|p1a: Skarmory|51/100|[from] item: Leftovers
|upkeep
|turn|4
|
|t:|1728040232
|switch|p1a: Blissey|Blissey, F|100/100
|move|p2a: Gengar|Thunderbolt|p1a: Blissey
|-damage|p1a: Blissey|91/100
|
|-heal|p1a: Blissey|97/100|[from] item: Leftovers
|upkeep
|turn|5
|
|t:|1728040240
|move|p2a: Gengar|Explosion|p1a: Blissey
|-damage|p1a: Blissey|39/100
|faint|p2a: Gengar
|
|t:|1728040242
|switch|p2a: Dugtrio|Dugtrio, M|100/100
|-damage|p2a: Dugtrio|88/100|[from] Spikes
|
|-heal|p1a: Blissey|45/100|[from] item: Leftovers
|upkeep
|turn|6
|
|t:|1728040247
|move|p2a: Dugtrio|Earthquake|p1a: Blissey
|-damage|p1a: Blissey|0 fnt
|faint|p1a: Blissey
|
|t:|1728040255
|switch|p1a: Skarmory|Skarmory, M|51/100
|
|-heal|p1a: Skarmory|57/100|[from] item: Leftovers
|upkeep
|turn|7
|
|t:|1728040263
|switch|p2a: Claydol|Claydol|100/100
|move|p1a: Skarmory|Spikes|p2a: Claydol
|-sidestart|p2: Rizzarro Flame|Spikes
|
|-heal|p1a: Skarmory|63/100|[from] item: Leftovers
|upkeep
|turn|8
|
|t:|1728040273
|move|p1a: Skarmory|Protect|p1a: Skarmory
|-singleturn|p1a: Skarmory|Protect
|move|p2a: Claydol|Psychic|p1a: Skarmory
|-activate|p1a: Skarmory|Protect
|
|-heal|p1a: Skarmory|69/100|[from] item: Leftovers
|upkeep
|turn|9
|
|t:|1728040287
|move|p2a: Claydol|Rapid Spin|p1a: Skarmory
|-resisted|p1a: Skarmory
|-damage|p1a: Skarmory|67/100
|-sideend|p2: Rizzarro Flame|Spikes|[from] move: Rapid Spin|[of] p2a: Claydol
|move|p1a: Skarmory|Drill Peck|p2a: Claydol
|-damage|p2a: Claydol|78/100
|
|-heal|p2a: Claydol|84/100|[from] item: Leftovers
|-heal|p1a: Skarmory|73/100|[from] item: Leftovers
|upkeep
|turn|10
|
|t:|1728040299
|switch|p2a: Dusclops|Dusclops, M|100/100
|move|p1a: Skarmory|Spikes|p2a: Dusclops
|-sidestart|p2: Rizzarro Flame|Spikes
|
|-heal|p1a: Skarmory|79/100|[from] item: Leftovers
|upkeep
|turn|11
|
|t:|1728040309
|switch|p1a: Celebi|Celebi|100/100
|move|p2a: Dusclops|Calm Mind|p2a: Dusclops
|-boost|p2a: Dusclops|spa|1
|-boost|p2a: Dusclops|spd|1
|
|upkeep
|turn|12
|
|t:|1728040319
|move|p1a: Celebi|Perish Song|p1a: Celebi
|-start|p1a: Celebi|perish3|[silent]
|-start|p2a: Dusclops|perish3|[silent]
|-fieldactivate|move: Perish Song
|move|p2a: Dusclops|Ice Beam|p1a: Celebi
|-supereffective|p1a: Celebi
|-damage|p1a: Celebi|65/100
|
|-heal|p1a: Celebi|72/100|[from] item: Leftovers
|-start|p1a: Celebi|perish3
|-start|p2a: Dusclops|perish3
|upkeep
|turn|13
|
|t:|1728040336
|move|p1a: Celebi|Leech Seed|p2a: Dusclops
|-start|p2a: Dusclops|move: Leech Seed
|move|p2a: Dusclops|Ice Beam|p1a: Celebi
|-supereffective|p1a: Celebi
|-damage|p1a: Celebi|39/100
|
|-heal|p1a: Celebi|46/100|[from] item: Leftovers
|-damage|p2a: Dusclops|88/100|[from] Leech Seed|[of] p1a: Celebi
|-heal|p1a: Celebi|54/100|[silent]
|-start|p1a: Celebi|perish2
|-start|p2a: Dusclops|perish2
|upkeep
|turn|14
|
|t:|1728040345
|switch|p2a: Claydol|Claydol|84/100
|move|p1a: Celebi|Recover|p1a: Celebi
|-heal|p1a: Celebi|100/100
|
|-heal|p2a: Claydol|90/100|[from] item: Leftovers
|-start|p1a: Celebi|perish1
|upkeep
|turn|15
|
|t:|1728040353
|switch|p1a: Magneton|Magneton|100/100
|switch|p2a: Suicune|Suicune|100/100
|-damage|p2a: Suicune|88/100|[from] Spikes
|
|-heal|p2a: Suicune|94/100|[from] item: Leftovers
|upkeep
|turn|16
|
|t:|1728040372
|switch|p1a: Skarmory|Skarmory, M|79/100
|switch|p2a: Dugtrio|Dugtrio, M|88/100
|-damage|p2a: Dugtrio|76/100|[from] Spikes
|
|-heal|p1a: Skarmory|85/100|[from] item: Leftovers
|upkeep
|turn|17
|
|t:|1728040383
|switch|p2a: Claydol|Claydol|90/100
|move|p1a: Skarmory|Drill Peck|p2a: Claydol
|-damage|p2a: Claydol|65/100
|
|-heal|p2a: Claydol|71/100|[from] item: Leftovers
|-heal|p1a: Skarmory|91/100|[from] item: Leftovers
|upkeep
|turn|18
|
|t:|1728040390
|switch|p1a: Celebi|Celebi|100/100
|move|p2a: Claydol|Psychic|p1a: Celebi
|-resisted|p1a: Celebi
|-damage|p1a: Celebi|92/100
|
|-heal|p1a: Celebi|99/100|[from] item: Leftovers
|-heal|p2a: Claydol|77/100|[from] item: Leftovers
|upkeep
|turn|19
|
|t:|1728040400
|switch|p2a: Dugtrio|Dugtrio, M|76/100
|-damage|p2a: Dugtrio|64/100|[from] Spikes
|move|p1a: Celebi|Hidden Power|p2a: Dugtrio
|-supereffective|p2a: Dugtrio
|-damage|p2a: Dugtrio|0 fnt
|faint|p2a: Dugtrio
|
|t:|1728040417
|switch|p2a: Dusclops|Dusclops, M|88/100
|-damage|p2a: Dusclops|76/100|[from] Spikes
|
|-heal|p1a: Celebi|100/100|[from] item: Leftovers
|-heal|p2a: Dusclops|82/100|[from] item: Leftovers
|upkeep
|turn|20
|
|t:|1728040425
|move|p1a: Celebi|Leech Seed|p2a: Dusclops
|-start|p2a: Dusclops|move: Leech Seed
|move|p2a: Dusclops|Will-O-Wisp|p1a: Celebi
|-status|p1a: Celebi|brn
|
|-damage|p1a: Celebi|88/100 brn|[from] brn
|-heal|p2a: Dusclops|88/100|[from] item: Leftovers
|-damage|p2a: Dusclops|75/100|[from] Leech Seed|[of] p1a: Celebi
|-heal|p1a: Celebi|97/100 brn|[silent]
|upkeep
|turn|21
|
|t:|1728040441
|move|p1a: Celebi|Hidden Power|p2a: Dusclops
|-damage|p2a: Dusclops|53/100
|move|p2a: Dusclops|Ice Beam|p1a: Celebi
|-supereffective|p1a: Celebi
|-damage|p1a: Celebi|73/100 brn
|
|-heal|p1a: Celebi|79/100 brn|[from] item: Leftovers
|-damage|p1a: Celebi|66/100 brn|[from] brn
|-heal|p2a: Dusclops|59/100|[from] item: Leftovers
|-damage|p2a: Dusclops|47/100|[from] Leech Seed|[of] p1a: Celebi
|-heal|p1a: Celebi|75/100 brn|[silent]
|upkeep
|turn|22
|
|t:|1728040451
|-curestatus|p1a: Celebi|brn|[from] ability: Natural Cure
|switch|p1a: Magneton|Magneton|100/100
|move|p2a: Dusclops|Rest|p2a: Dusclops
|-status|p2a: Dusclops|slp|[from] move: Rest
|-heal|p2a: Dusclops|100/100 slp|[silent]
|
|-damage|p2a: Dusclops|88/100 slp|[from] Leech Seed|[of] p1a: Magneton
|upkeep
|turn|23
|
|t:|1728040463
|switch|p2a: Blissey|Blissey, F|100/100
|-damage|p2a: Blissey|88/100|[from] Spikes
|move|p1a: Magneton|Thunderbolt|p2a: Blissey
|-damage|p2a: Blissey|65/100
|-status|p2a: Blissey|par
|
|-heal|p2a: Blissey|71/100 par|[from] item: Leftovers
|upkeep
|turn|24
|
|t:|1728040473
|switch|p1a: Celebi|Celebi|75/100
|move|p2a: Blissey|Seismic Toss|p1a: Celebi
|-damage|p1a: Celebi|50/100
|
|-heal|p1a: Celebi|56/100|[from] item: Leftovers
|-heal|p2a: Blissey|77/100 par|[from] item: Leftovers
|upkeep
|turn|25
|
|t:|1728040493
|move|p1a: Celebi|Leech Seed|p2a: Blissey
|-start|p2a: Blissey|move: Leech Seed
|move|p2a: Blissey|Heal Bell|p2a: Blissey
|-activate|p2a: Blissey|move: Heal Bell
|-curestatus|p2a: Blissey|par|[silent]
|-curestatus|p2: Dusclops|slp|[silent]
|
|-heal|p1a: Celebi|63/100|[from] item: Leftovers
|-heal|p2a: Blissey|83/100|[from] item: Leftovers
|-damage|p2a: Blissey|71/100|[from] Leech Seed|[of] p1a: Celebi
|-heal|p1a: Celebi|83/100|[silent]
|upkeep
|turn|26
|
|t:|1728040507
|move|p1a: Celebi|Hidden Power|p2a: Blissey
|-damage|p2a: Blissey|60/100
|move|p2a: Blissey|Soft-Boiled|p2a: Blissey
|-heal|p2a: Blissey|100/100
|
|-heal|p1a: Celebi|89/100|[from] item: Leftovers
|-damage|p2a: Blissey|88/100|[from] Leech Seed|[of] p1a: Celebi
|-heal|p1a: Celebi|100/100|[silent]
|upkeep
|turn|27
|
|t:|1728040514
|switch|p1a: Skarmory|Skarmory, M|91/100
|switch|p2a: Dusclops|Dusclops, M|88/100
|-damage|p2a: Dusclops|76/100|[from] Spikes
|
|-heal|p1a: Skarmory|97/100|[from] item: Leftovers
|-heal|p2a: Dusclops|82/100|[from] item: Leftovers
|upkeep
|turn|28
|
|t:|1728040520
|move|p1a: Skarmory|Spikes|p2a: Dusclops
|-sidestart|p2: Rizzarro Flame|Spikes
|move|p2a: Dusclops|Will-O-Wisp|p1a: Skarmory|[miss]
|-miss|p2a: Dusclops|p1a: Skarmory
|
|-heal|p1a: Skarmory|100/100|[from] item: Leftovers
|-heal|p2a: Dusclops|88/100|[from] item: Leftovers
|upkeep
|turn|29
|
|t:|1728040532
|switch|p1a: Celebi|Celebi|100/100
|switch|p2a: Claydol|Claydol|77/100
|
|-heal|p2a: Claydol|83/100|[from] item: Leftovers
|upkeep
|turn|30
|
|t:|1728040542
|move|p1a: Celebi|Hidden Power|p2a: Claydol
|-supereffective|p2a: Claydol
|-damage|p2a: Claydol|42/100
|move|p2a: Claydol|Rapid Spin|p1a: Celebi
|-damage|p1a: Celebi|97/100
|-sideend|p2: Rizzarro Flame|Spikes|[from] move: Rapid Spin|[of] p2a: Claydol
|
|-heal|p1a: Celebi|100/100|[from] item: Leftovers
|-heal|p2a: Claydol|48/100|[from] item: Leftovers
|upkeep
|turn|31
|
|t:|1728040548
|switch|p2a: Blissey|Blissey, F|88/100
|move|p1a: Celebi|Leech Seed|p2a: Blissey
|-start|p2a: Blissey|move: Leech Seed
|
|-heal|p2a: Blissey|94/100|[from] item: Leftovers
|-damage|p2a: Blissey|82/100|[from] Leech Seed|[of] p1a: Celebi
|upkeep
|turn|32
|
|t:|1728040559
|switch|p1a: Skarmory|Skarmory, M|100/100
|switch|p2a: Dusclops|Dusclops, M|88/100
|
|-heal|p2a: Dusclops|94/100|[from] item: Leftovers
|upkeep
|turn|33
|
|t:|1728040569
|switch|p1a: Celebi|Celebi|100/100
|move|p2a: Dusclops|Will-O-Wisp|p1a: Celebi
|-status|p1a: Celebi|brn
|
|-damage|p1a: Celebi|88/100 brn|[from] brn
|-heal|p2a: Dusclops|99/100|[from] item: Leftovers
|upkeep
|turn|34
|
|t:|1728040577
|move|p1a: Celebi|Leech Seed|p2a: Dusclops
|-start|p2a: Dusclops|move: Leech Seed
|move|p2a: Dusclops|Ice Beam|p1a: Celebi
|-supereffective|p1a: Celebi
|-damage|p1a: Celebi|64/100 brn
|
|-heal|p1a: Celebi|71/100 brn|[from] item: Leftovers
|-damage|p1a: Celebi|58/100 brn|[from] brn
|-heal|p2a: Dusclops|100/100|[from] item: Leftovers
|-damage|p2a: Dusclops|88/100|[from] Leech Seed|[of] p1a: Celebi
|-heal|p1a: Celebi|67/100 brn|[silent]
|upkeep
|turn|35
|
|t:|1728040588
|move|p1a: Celebi|Hidden Power|p2a: Dusclops
|-damage|p2a: Dusclops|64/100
|move|p2a: Dusclops|Ice Beam|p1a: Celebi
|-supereffective|p1a: Celebi
|-damage|p1a: Celebi|43/100 brn
|
|-heal|p1a: Celebi|50/100 brn|[from] item: Leftovers
|-damage|p1a: Celebi|37/100 brn|[from] brn
|-heal|p2a: Dusclops|70/100|[from] item: Leftovers
|-damage|p2a: Dusclops|57/100|[from] Leech Seed|[of] p1a: Celebi
|-heal|p1a: Celebi|46/100 brn|[silent]
|upkeep
|turn|36
|
|t:|1728040594
|switch|p2a: Blissey|Blissey, F|82/100
|move|p1a: Celebi|Recover|p1a: Celebi
|-heal|p1a: Celebi|96/100 brn
|
|-heal|p1a: Celebi|100/100 brn|[from] item: Leftovers
|-damage|p1a: Celebi|88/100 brn|[from] brn
|-heal|p2a: Blissey|88/100|[from] item: Leftovers
|upkeep
|turn|37
|
|t:|1728040602
|switch|p2a: Dusclops|Dusclops, M|57/100
|move|p1a: Celebi|Leech Seed|p2a: Dusclops|[miss]
|-miss|p1a: Celebi|p2a: Dusclops
|
|-heal|p1a: Celebi|94/100 brn|[from] item: Leftovers
|-damage|p1a: Celebi|82/100 brn|[from] brn
|-heal|p2a: Dusclops|63/100|[from] item: Leftovers
|upkeep
|turn|38
|
|t:|1728040613
|move|p1a: Celebi|Leech Seed|p2a: Dusclops
|-start|p2a: Dusclops|move: Leech Seed
|move|p2a: Dusclops|Calm Mind|p2a: Dusclops
|-boost|p2a: Dusclops|spa|1
|-boost|p2a: Dusclops|spd|1
|
|-heal|p1a: Celebi|88/100 brn|[from] item: Leftovers
|-damage|p1a: Celebi|76/100 brn|[from] brn
|-heal|p2a: Dusclops|69/100|[from] item: Leftovers
|-damage|p2a: Dusclops|57/100|[from] Leech Seed|[of] p1a: Celebi
|-heal|p1a: Celebi|84/100 brn|[silent]
|upkeep
|turn|39
|
|t:|1728040622
|-curestatus|p1a: Celebi|brn|[from] ability: Natural Cure
|switch|p1a: Magneton|Magneton|100/100
|switch|p2a: Blissey|Blissey, F|88/100
|
|-heal|p2a: Blissey|94/100|[from] item: Leftovers
|upkeep
|turn|40
|
|t:|1728040640
|move|p1a: Magneton|Toxic|p2a: Blissey|[miss]
|-miss|p1a: Magneton|p2a: Blissey
|move|p2a: Blissey|Seismic Toss|p1a: Magneton
|-damage|p1a: Magneton|61/100
|
|-heal|p2a: Blissey|99/100|[from] item: Leftovers
|upkeep
|turn|41
|
|t:|1728040650
|switch|p1a: Skarmory|Skarmory, M|100/100
|move|p2a: Blissey|Seismic Toss|p1a: Skarmory
|-damage|p1a: Skarmory|70/100
|
|-heal|p1a: Skarmory|76/100|[from] item: Leftovers
|-heal|p2a: Blissey|100/100|[from] item: Leftovers
|upkeep
|turn|42
|
|t:|1728040659
|switch|p2a: Dusclops|Dusclops, M|57/100
|move|p1a: Skarmory|Spikes|p2a: Dusclops
|-sidestart|p2: Rizzarro Flame|Spikes
|
|-heal|p1a: Skarmory|82/100|[from] item: Leftovers
|-heal|p2a: Dusclops|63/100|[from] item: Leftovers
|upkeep
|turn|43
|
|t:|1728040670
|switch|p1a: Celebi|Celebi|84/100
|switch|p2a: Blissey|Blissey, F|100/100
|-damage|p2a: Blissey|88/100|[from] Spikes
|
|-heal|p1a: Celebi|91/100|[from] item: Leftovers
|-heal|p2a: Blissey|94/100|[from] item: Leftovers
|upkeep
|turn|44
|
|t:|1728040676
|move|p1a: Celebi|Leech Seed|p2a: Blissey
|-start|p2a: Blissey|move: Leech Seed
|move|p2a: Blissey|Seismic Toss|p1a: Celebi
|-damage|p1a: Celebi|66/100
|
|-heal|p1a: Celebi|72/100|[from] item: Leftovers
|-heal|p2a: Blissey|99/100|[from] item: Leftovers
|-damage|p2a: Blissey|88/100|[from] Leech Seed|[of] p1a: Celebi
|-heal|p1a: Celebi|92/100|[silent]
|upkeep
|turn|45
|
|t:|1728040691
|switch|p1a: Magneton|Magneton|61/100
|switch|p2a: Dusclops|Dusclops, M|63/100
|-damage|p2a: Dusclops|50/100|[from] Spikes
|
|-heal|p2a: Dusclops|56/100|[from] item: Leftovers
|upkeep
|turn|46
|
|t:|1728040697
|move|p1a: Magneton|Thunderbolt|p2a: Dusclops
|-damage|p2a: Dusclops|3/100
|move|p2a: Dusclops|Rest|p2a: Dusclops
|-status|p2a: Dusclops|slp|[from] move: Rest
|-heal|p2a: Dusclops|100/100 slp|[silent]
|
|upkeep
|turn|47
|
|t:|1728040705
|switch|p2a: Claydol|Claydol|48/100
|move|p1a: Magneton|Thunderbolt|p2a: Claydol
|-immune|p2a: Claydol
|
|-heal|p2a: Claydol|54/100|[from] item: Leftovers
|upkeep
|turn|48
|
|t:|1728040714
|switch|p2a: Blissey|Blissey, F|88/100
|-damage|p2a: Blissey|75/100|[from] Spikes
|move|p1a: Magneton|Toxic|p2a: Blissey
|-status|p2a: Blissey|tox
|
|-heal|p2a: Blissey|82/100 tox|[from] item: Leftovers
|-damage|p2a: Blissey|75/100 tox|[from] psn
|upkeep
|turn|49
|
|t:|1728040725
|switch|p1a: Celebi|Celebi|92/100
|move|p2a: Blissey|Heal Bell|p2a: Blissey
|-activate|p2a: Blissey|move: Heal Bell
|-curestatus|p2a: Blissey|tox|[silent]
|-curestatus|p2: Dusclops|slp|[silent]
|
|-heal|p1a: Celebi|98/100|[from] item: Leftovers
|-heal|p2a: Blissey|82/100|[from] item: Leftovers
|upkeep
|turn|50
|
|t:|1728040737
|switch|p1a: Skarmory|Skarmory, M|82/100
|switch|p2a: Dusclops|Dusclops, M|100/100
|-damage|p2a: Dusclops|88/100|[from] Spikes
|
|-heal|p1a: Skarmory|88/100|[from] item: Leftovers
|-heal|p2a: Dusclops|94/100|[from] item: Leftovers
|upkeep
|turn|51
|
|t:|1728040749
|move|p1a: Skarmory|Protect|p1a: Skarmory
|-singleturn|p1a: Skarmory|Protect
|move|p2a: Dusclops|Will-O-Wisp|p1a: Skarmory
|-activate|p1a: Skarmory|Protect
|
|-heal|p1a: Skarmory|94/100|[from] item: Leftovers
|-heal|p2a: Dusclops|99/100|[from] item: Leftovers
|upkeep
|turn|52
|
|t:|1728040759
|move|p1a: Skarmory|Spikes|p2a: Dusclops
|-sidestart|p2: Rizzarro Flame|Spikes
|move|p2a: Dusclops|Calm Mind|p2a: Dusclops
|-boost|p2a: Dusclops|spa|1
|-boost|p2a: Dusclops|spd|1
|
|-heal|p1a: Skarmory|100/100|[from] item: Leftovers
|-heal|p2a: Dusclops|100/100|[from] item: Leftovers
|upkeep
|turn|53
|
|t:|1728040764
|move|p2a: Dusclops|Will-O-Wisp|p1a: Skarmory|[miss]
|-miss|p2a: Dusclops|p1a: Skarmory
|move|p1a: Skarmory|Roar|p2a: Dusclops
|drag|p2a: Blissey|Blissey, F|82/100
|-damage|p2a: Blissey|65/100|[from] Spikes
|
|-heal|p2a: Blissey|71/100|[from] item: Leftovers
|upkeep
|turn|54
|
|t:|1728040782
|move|p1a: Skarmory|Drill Peck|p2a: Blissey
|-damage|p2a: Blissey|50/100
|move|p2a: Blissey|Seismic Toss|p1a: Skarmory
|-damage|p1a: Skarmory|70/100
|
|-heal|p1a: Skarmory|76/100|[from] item: Leftovers
|-heal|p2a: Blissey|56/100|[from] item: Leftovers
|upkeep
|turn|55
|
|t:|1728040789
|move|p1a: Skarmory|Drill Peck|p2a: Blissey
|-damage|p2a: Blissey|33/100
|move|p2a: Blissey|Soft-Boiled|p2a: Blissey
|-heal|p2a: Blissey|83/100
|
|-heal|p1a: Skarmory|82/100|[from] item: Leftovers
|-heal|p2a: Blissey|89/100|[from] item: Leftovers
|upkeep
|turn|56
|
|t:|1728040796
|move|p1a: Skarmory|Drill Peck|p2a: Blissey
|-damage|p2a: Blissey|67/100
|move|p2a: Blissey|Seismic Toss|p1a: Skarmory
|-damage|p1a: Skarmory|52/100
|
|-heal|p1a: Skarmory|58/100|[from] item: Leftovers
|-heal|p2a: Blissey|73/100|[from] item: Leftovers
|upkeep
|turn|57
|
|t:|1728040810
|move|p1a: Skarmory|Protect|p1a: Skarmory
|-singleturn|p1a: Skarmory|Protect
|move|p2a: Blissey|Seismic Toss|p1a: Skarmory
|-activate|p1a: Skarmory|Protect
|
|-heal|p1a: Skarmory|64/100|[from] item: Leftovers
|-heal|p2a: Blissey|80/100|[from] item: Leftovers
|upkeep
|turn|58
|inactive|Rizzarro Flame has 270 seconds left.
|
|t:|1728040840
|switch|p1a: Celebi|Celebi|98/100
|move|p2a: Blissey|Seismic Toss|p1a: Celebi
|-damage|p1a: Celebi|74/100
|
|-heal|p1a: Celebi|80/100|[from] item: Leftovers
|-heal|p2a: Blissey|86/100|[from] item: Leftovers
|upkeep
|turn|59
|inactive|Rizzarro Flame has 270 seconds left.
|
|t:|1728040861
|switch|p2a: Dusclops|Dusclops, M|100/100
|-damage|p2a: Dusclops|84/100|[from] Spikes
|move|p1a: Celebi|Perish Song|p1a: Celebi
|-start|p1a: Celebi|perish3|[silent]
|-start|p2a: Dusclops|perish3|[silent]
|-fieldactivate|move: Perish Song
|
|-heal|p1a: Celebi|86/100|[from] item: Leftovers
|-heal|p2a: Dusclops|90/100|[from] item: Leftovers
|-start|p1a: Celebi|perish3
|-start|p2a: Dusclops|perish3
|upkeep
|turn|60
|
|t:|1728040874
|switch|p1a: Magneton|Magneton|61/100
|move|p2a: Dusclops|Ice Beam|p1a: Magneton
|-resisted|p1a: Magneton
|-damage|p1a: Magneton|49/100
|
|-heal|p2a: Dusclops|96/100|[from] item: Leftovers
|-start|p2a: Dusclops|perish2
|upkeep
|turn|61
|
|t:|1728040902
|switch|p2a: Blissey|Blissey, F|86/100
|-damage|p2a: Blissey|69/100|[from] Spikes
|move|p1a: Magneton|Toxic|p2a: Blissey
|-status|p2a: Blissey|tox
|
|-heal|p2a: Blissey|75/100 tox|[from] item: Leftovers
|-damage|p2a: Blissey|69/100 tox|[from] psn
|upkeep
|turn|62
|
|t:|1728040914
|switch|p1a: Swampert|Swampert, M|100/100
|-curestatus|p2a: Blissey|tox|[from] ability: Natural Cure
|switch|p2a: Claydol|Claydol|54/100
|
|-heal|p2a: Claydol|60/100|[from] item: Leftovers
|upkeep
|turn|63
|inactive|Rizzarro Flame has 240 seconds left.
|
|t:|1728040936
|move|p2a: Claydol|Rapid Spin|p1a: Swampert
|-damage|p1a: Swampert|97/100
|-sideend|p2: Rizzarro Flame|Spikes|[from] move: Rapid Spin|[of] p2a: Claydol
|move|p1a: Swampert|Ice Beam|p2a: Claydol
|-supereffective|p2a: Claydol
|-damage|p2a: Claydol|24/100
|
|-heal|p2a: Claydol|30/100|[from] item: Leftovers
|-heal|p1a: Swampert|100/100|[from] item: Leftovers
|upkeep
|turn|64
|inactive|Rizzarro Flame has 240 seconds left.
|
|t:|1728040945
|switch|p2a: Blissey|Blissey, F|69/100
|move|p1a: Swampert|Curse|p1a: Swampert
|-unboost|p1a: Swampert|spe|1
|-boost|p1a: Swampert|atk|1
|-boost|p1a: Swampert|def|1
|
|-heal|p2a: Blissey|75/100|[from] item: Leftovers
|upkeep
|turn|65
|inactive|Rizzarro Flame has 240 seconds left.
|
|t:|1728040959
|move|p1a: Swampert|Earthquake|p2a: Blissey
|-damage|p2a: Blissey|19/100
|move|p2a: Blissey|Counter|p1a: Swampert
|-damage|p1a: Swampert|0 fnt
|faint|p1a: Swampert
|
|t:|1728040968
|switch|p1a: Aerodactyl|Aerodactyl, M|100/100
|
|-heal|p2a: Blissey|25/100|[from] item: Leftovers
|upkeep
|turn|66
|
|t:|1728040977
|switch|p2a: Suicune|Suicune|94/100
|move|p1a: Aerodactyl|Rock Slide|p2a: Suicune
|-damage|p2a: Suicune|52/100
|
|-heal|p2a: Suicune|58/100|[from] item: Leftovers
|upkeep
|turn|67
|
|t:|1728040987
|switch|p1a: Celebi|Celebi|86/100
|switch|p2a: Claydol|Claydol|30/100
|
|-heal|p1a: Celebi|92/100|[from] item: Leftovers
|-heal|p2a: Claydol|36/100|[from] item: Leftovers
|upkeep
|turn|68
|
|t:|1728040995
|switch|p2a: Dusclops|Dusclops, M|96/100
|move|p1a: Celebi|Hidden Power|p2a: Dusclops
|-damage|p2a: Dusclops|72/100
|
|-heal|p1a: Celebi|98/100|[from] item: Leftovers
|-heal|p2a: Dusclops|78/100|[from] item: Leftovers
|upkeep
|turn|69
|
|t:|1728041006
|switch|p1a: Magneton|Magneton|49/100
|move|p2a: Dusclops|Calm Mind|p2a: Dusclops
|-boost|p2a: Dusclops|spa|1
|-boost|p2a: Dusclops|spd|1
|
|-heal|p2a: Dusclops|84/100|[from] item: Leftovers
|upkeep
|turn|70
|
|t:|1728041012
|move|p1a: Magneton|Toxic|p2a: Dusclops
|-status|p2a: Dusclops|tox
|move|p2a: Dusclops|Ice Beam|p1a: Magneton
|-resisted|p1a: Magneton
|-damage|p1a: Magneton|31/100
|-status|p1a: Magneton|frz
|
|-heal|p2a: Dusclops|90/100 tox|[from] item: Leftovers
|-damage|p2a: Dusclops|84/100 tox|[from] psn
|upkeep
|turn|71
|inactive|Rizzarro Flame has 270 seconds left.
|
|t:|1728041023
|switch|p2a: Suicune|Suicune|58/100
|cant|p1a: Magneton|frz
|
|-heal|p2a: Suicune|64/100|[from] item: Leftovers
|upkeep
|turn|72
|inactive|Rizzarro Flame has 270 seconds left.
|
|t:|1728041035
|switch|p1a: Celebi|Celebi|98/100
|move|p2a: Suicune|Calm Mind|p2a: Suicune
|-boost|p2a: Suicune|spa|1
|-boost|p2a: Suicune|spd|1
|
|-heal|p1a: Celebi|100/100|[from] item: Leftovers
|-heal|p2a: Suicune|71/100|[from] item: Leftovers
|upkeep
|turn|73
|inactive|Rizzarro Flame has 270 seconds left.
|
|t:|1728041063
|move|p1a: Celebi|Perish Song|p1a: Celebi
|-start|p1a: Celebi|perish3|[silent]
|-start|p2a: Suicune|perish3|[silent]
|-fieldactivate|move: Perish Song
|move|p2a: Suicune|Surf|p1a: Celebi
|-resisted|p1a: Celebi
|-damage|p1a: Celebi|74/100
|
|-heal|p1a: Celebi|80/100|[from] item: Leftovers
|-heal|p2a: Suicune|77/100|[from] item: Leftovers
|-start|p1a: Celebi|perish3
|-start|p2a: Suicune|perish3
|upkeep
|turn|74
|
|t:|1728041075
|move|p1a: Celebi|Hidden Power|p2a: Suicune
|-supereffective|p2a: Suicune
|-crit|p2a: Suicune
|-damage|p2a: Suicune|0 fnt
|faint|p2a: Suicune
|
|t:|1728041080
|switch|p2a: Blissey|Blissey, F|25/100
|
|-heal|p1a: Celebi|87/100|[from] item: Leftovers
|-heal|p2a: Blissey|31/100|[from] item: Leftovers
|-start|p1a: Celebi|perish2
|upkeep
|turn|75
|inactive|taccat has 270 seconds left.
|
|t:|1728041113
|switch|p1a: Aerodactyl|Aerodactyl, M|100/100
|move|p2a: Blissey|Soft-Boiled|p2a: Blissey
|-heal|p2a: Blissey|81/100
|
|-heal|p2a: Blissey|87/100|[from] item: Leftovers
|upkeep
|turn|76
|inactive|Rizzarro Flame has 240 seconds left.
|
|t:|1728041158
|switch|p1a: Skarmory|Skarmory, M|64/100
|move|p2a: Blissey|Counter|p1a: Skarmory
|
|-heal|p1a: Skarmory|70/100|[from] item: Leftovers
|-heal|p2a: Blissey|93/100|[from] item: Leftovers
|upkeep
|turn|77
|
|t:|1728041165
|move|p1a: Skarmory|Spikes|p2a: Blissey
|-sidestart|p2: Rizzarro Flame|Spikes
|move|p2a: Blissey|Seismic Toss|p1a: Skarmory
|-damage|p1a: Skarmory|40/100
|
|-heal|p1a: Skarmory|46/100|[from] item: Leftovers
|-heal|p2a: Blissey|99/100|[from] item: Leftovers
|upkeep
|turn|78
|inactive|Rizzarro Flame has 240 seconds left.
|
|t:|1728041171
|move|p1a: Skarmory|Protect|p1a: Skarmory
|-singleturn|p1a: Skarmory|Protect
|move|p2a: Blissey|Seismic Toss|p1a: Skarmory
|-activate|p1a: Skarmory|Protect
|
|-heal|p1a: Skarmory|52/100|[from] item: Leftovers
|-heal|p2a: Blissey|100/100|[from] item: Leftovers
|upkeep
|turn|79
|
|t:|1728041180
|switch|p1a: Celebi|Celebi|87/100
|move|p2a: Blissey|Seismic Toss|p1a: Celebi
|-damage|p1a: Celebi|62/100
|
|-heal|p1a: Celebi|68/100|[from] item: Leftovers
|upkeep
|turn|80
|inactive|Rizzarro Flame has 240 seconds left.
|
|t:|1728041216
|move|p1a: Celebi|Leech Seed|p2a: Blissey
|-start|p2a: Blissey|move: Leech Seed
|move|p2a: Blissey|Counter|p1a: Celebi
|
|-heal|p1a: Celebi|74/100|[from] item: Leftovers
|-damage|p2a: Blissey|88/100|[from] Leech Seed|[of] p1a: Celebi
|-heal|p1a: Celebi|94/100|[silent]
|upkeep
|turn|81
|
|t:|1728041234
|switch|p1a: Skarmory|Skarmory, M|52/100
|move|p2a: Blissey|Heal Bell|p2a: Blissey
|-activate|p2a: Blissey|move: Heal Bell
|-curestatus|p2: Dusclops|tox|[silent]
|
|-heal|p1a: Skarmory|58/100|[from] item: Leftovers
|-heal|p2a: Blissey|94/100|[from] item: Leftovers
|-damage|p2a: Blissey|82/100|[from] Leech Seed|[of] p1a: Skarmory
|-heal|p1a: Skarmory|83/100|[silent]
|upkeep
|turn|82
|
|t:|1728041242
|switch|p2a: Dusclops|Dusclops, M|84/100
|-damage|p2a: Dusclops|71/100|[from] Spikes
|move|p1a: Skarmory|Spikes|p2a: Dusclops
|-sidestart|p2: Rizzarro Flame|Spikes
|
|-heal|p1a: Skarmory|89/100|[from] item: Leftovers
|-heal|p2a: Dusclops|77/100|[from] item: Leftovers
|upkeep
|turn|83
|inactive|taccat has 270 seconds left.
|
|t:|1728041297
|switch|p1a: Magneton|Magneton|31/100 frz
|move|p2a: Dusclops|Calm Mind|p2a: Dusclops
|-boost|p2a: Dusclops|spa|1
|-boost|p2a: Dusclops|spd|1
|
|-heal|p2a: Dusclops|83/100|[from] item: Leftovers
|upkeep
|turn|84
|
|t:|1728041302
|cant|p1a: Magneton|frz
|move|p2a: Dusclops|Calm Mind|p2a: Dusclops
|-boost|p2a: Dusclops|spa|1
|-boost|p2a: Dusclops|spd|1
|
|-heal|p2a: Dusclops|89/100|[from] item: Leftovers
|upkeep
|turn|85
|inactive|Rizzarro Flame has 210 seconds left.
|
|t:|1728041353
|switch|p1a: Skarmory|Skarmory, M|89/100
|move|p2a: Dusclops|Calm Mind|p2a: Dusclops
|-boost|p2a: Dusclops|spa|1
|-boost|p2a: Dusclops|spd|1
|
|-heal|p1a: Skarmory|95/100|[from] item: Leftovers
|-heal|p2a: Dusclops|95/100|[from] item: Leftovers
|upkeep
|turn|86
|
|t:|1728041358
|move|p2a: Dusclops|Will-O-Wisp|p1a: Skarmory|[miss]
|-miss|p2a: Dusclops|p1a: Skarmory
|move|p1a: Skarmory|Roar|p2a: Dusclops
|drag|p2a: Claydol|Claydol|36/100
|
|-heal|p2a: Claydol|42/100|[from] item: Leftovers
|-heal|p1a: Skarmory|100/100|[from] item: Leftovers
|upkeep
|turn|87
|
|t:|1728041367
|move|p2a: Claydol|Rapid Spin|p1a: Skarmory
|-resisted|p1a: Skarmory
|-damage|p1a: Skarmory|99/100
|-sideend|p2: Rizzarro Flame|Spikes|[from] move: Rapid Spin|[of] p2a: Claydol
|move|p1a: Skarmory|Drill Peck|p2a: Claydol
|-damage|p2a: Claydol|21/100
|
|-heal|p2a: Claydol|27/100|[from] item: Leftovers
|-heal|p1a: Skarmory|100/100|[from] item: Leftovers
|upkeep
|turn|88
|inactive|Rizzarro Flame has 210 seconds left.
|
|t:|1728041379
|switch|p2a: Dusclops|Dusclops, M|95/100
|move|p1a: Skarmory|Spikes|p2a: Dusclops
|-sidestart|p2: Rizzarro Flame|Spikes
|
|-heal|p2a: Dusclops|100/100|[from] item: Leftovers
|upkeep
|turn|89
|inactive|Rizzarro Flame has 210 seconds left.
|
|t:|1728041396
|switch|p1a: Celebi|Celebi|94/100
|move|p2a: Dusclops|Calm Mind|p2a: Dusclops
|-boost|p2a: Dusclops|spa|1
|-boost|p2a: Dusclops|spd|1
|
|-heal|p1a: Celebi|100/100|[from] item: Leftovers
|upkeep
|turn|90
|
|t:|1728041405
|move|p1a: Celebi|Perish Song|p1a: Celebi
|-start|p1a: Celebi|perish3|[silent]
|-start|p2a: Dusclops|perish3|[silent]
|-fieldactivate|move: Perish Song
|move|p2a: Dusclops|Calm Mind|p2a: Dusclops
|-boost|p2a: Dusclops|spa|1
|-boost|p2a: Dusclops|spd|1
|
|-start|p1a: Celebi|perish3
|-start|p2a: Dusclops|perish3
|upkeep
|turn|91
|
|t:|1728041415
|move|p1a: Celebi|Hidden Power|p2a: Dusclops
|-damage|p2a: Dusclops|89/100
|move|p2a: Dusclops|Calm Mind|p2a: Dusclops
|-boost|p2a: Dusclops|spa|1
|-boost|p2a: Dusclops|spd|1
|
|-heal|p2a: Dusclops|95/100|[from] item: Leftovers
|-start|p1a: Celebi|perish2
|-start|p2a: Dusclops|perish2
|upkeep
|turn|92
|
|t:|1728041424
|switch|p1a: Magneton|Magneton|31/100 frz
|move|p2a: Dusclops|Ice Beam|p1a: Magneton
|-resisted|p1a: Magneton
|-damage|p1a: Magneton|0 fnt
|faint|p1a: Magneton
|
|t:|1728041441
|switch|p1a: Skarmory|Skarmory, M|100/100
|
|-heal|p2a: Dusclops|100/100|[from] item: Leftovers
|-start|p2a: Dusclops|perish1
|upkeep
|turn|93
|
|t:|1728041449
|switch|p2a: Blissey|Blissey, F|82/100
|-damage|p2a: Blissey|69/100|[from] Spikes
|move|p1a: Skarmory|Drill Peck|p2a: Blissey
|-damage|p2a: Blissey|48/100
|
|-heal|p2a: Blissey|54/100|[from] item: Leftovers
|upkeep
|turn|94
|inactive|Rizzarro Flame has 240 seconds left.
|
|t:|1728041461
|move|p1a: Skarmory|Spikes|p2a: Blissey
|-sidestart|p2: Rizzarro Flame|Spikes
|move|p2a: Blissey|Counter|p1a: Skarmory
|
|-heal|p2a: Blissey|60/100|[from] item: Leftovers
|upkeep
|turn|95
|
|t:|1728041474
|move|p2a: Blissey|Seismic Toss|p1a: Skarmory
|-damage|p1a: Skarmory|70/100
|move|p1a: Skarmory|Roar|p2a: Blissey
|drag|p2a: Claydol|Claydol|27/100
|
|-heal|p2a: Claydol|33/100|[from] item: Leftovers
|-heal|p1a: Skarmory|76/100|[from] item: Leftovers
|upkeep
|turn|96
|inactive|Rizzarro Flame has 240 seconds left.
|inactive|Rizzarro Flame has 210 seconds left.
|inactive|Rizzarro Flame has 180 seconds left.
|
|t:|1728041550
|switch|p2a: Blissey|Blissey, F|60/100
|-damage|p2a: Blissey|43/100|[from] Spikes
|move|p1a: Skarmory|Drill Peck|p2a: Blissey
|-damage|p2a: Blissey|20/100
|
|-heal|p1a: Skarmory|82/100|[from] item: Leftovers
|-heal|p2a: Blissey|26/100|[from] item: Leftovers
|upkeep
|turn|97
|
|t:|1728041558
|move|p1a: Skarmory|Drill Peck|p2a: Blissey
|-damage|p2a: Blissey|6/100
|move|p2a: Blissey|Soft-Boiled|p2a: Blissey
|-heal|p2a: Blissey|56/100
|
|-heal|p1a: Skarmory|88/100|[from] item: Leftovers
|-heal|p2a: Blissey|62/100|[from] item: Leftovers
|upkeep
|turn|98
|
|t:|1728041570
|move|p1a: Skarmory|Spikes|p2a: Blissey
|-sidestart|p2: Rizzarro Flame|Spikes
|move|p2a: Blissey|Soft-Boiled|p2a: Blissey
|-heal|p2a: Blissey|100/100
|
|-heal|p1a: Skarmory|94/100|[from] item: Leftovers
|upkeep
|turn|99
|inactive|Rizzarro Flame has 180 seconds left.
|
|t:|1728041591
|move|p2a: Blissey|Seismic Toss|p1a: Skarmory
|-damage|p1a: Skarmory|64/100
|move|p1a: Skarmory|Roar|p2a: Blissey
|drag|p2a: Claydol|Claydol|33/100
|
|-heal|p2a: Claydol|39/100|[from] item: Leftovers
|-heal|p1a: Skarmory|70/100|[from] item: Leftovers
|upkeep
|turn|100
|inactive|Rizzarro Flame has 180 seconds left.
|
|t:|1728041600
|move|p2a: Claydol|Rapid Spin|p1a: Skarmory
|-resisted|p1a: Skarmory
|-damage|p1a: Skarmory|69/100
|-sideend|p2: Rizzarro Flame|Spikes|[from] move: Rapid Spin|[of] p2a: Claydol
|move|p1a: Skarmory|Drill Peck|p2a: Claydol
|-damage|p2a: Claydol|17/100
|
|-heal|p2a: Claydol|23/100|[from] item: Leftovers
|-heal|p1a: Skarmory|75/100|[from] item: Leftovers
|upkeep
|turn|101
|inactive|Rizzarro Flame has 180 seconds left.
|
|t:|1728041624
|switch|p2a: Dusclops|Dusclops, M|100/100
|move|p1a: Skarmory|Drill Peck|p2a: Dusclops
|-damage|p2a: Dusclops|85/100
|
|-heal|p1a: Skarmory|81/100|[from] item: Leftovers
|-heal|p2a: Dusclops|91/100|[from] item: Leftovers
|upkeep
|turn|102
|
|t:|1728041635
|switch|p1a: Celebi|Celebi|100/100
|move|p2a: Dusclops|Will-O-Wisp|p1a: Celebi
|-status|p1a: Celebi|brn
|
|-damage|p1a: Celebi|88/100 brn|[from] brn
|-heal|p2a: Dusclops|97/100|[from] item: Leftovers
|upkeep
|turn|103
|
|t:|1728041647
|-curestatus|p1a: Celebi|brn|[from] ability: Natural Cure
|switch|p1a: Skarmory|Skarmory, M|81/100
|switch|p2a: Blissey|Blissey, F|100/100
|
|-heal|p1a: Skarmory|87/100|[from] item: Leftovers
|upkeep
|turn|104
|
|t:|1728041652
|switch|p2a: Dusclops|Dusclops, M|97/100
|move|p1a: Skarmory|Spikes|p2a: Dusclops
|-sidestart|p2: Rizzarro Flame|Spikes
|
|-heal|p1a: Skarmory|93/100|[from] item: Leftovers
|-heal|p2a: Dusclops|100/100|[from] item: Leftovers
|upkeep
|turn|105
|
|t:|1728041670
|switch|p1a: Celebi|Celebi|88/100
|move|p2a: Dusclops|Calm Mind|p2a: Dusclops
|-boost|p2a: Dusclops|spa|1
|-boost|p2a: Dusclops|spd|1
|
|-heal|p1a: Celebi|94/100|[from] item: Leftovers
|upkeep
|turn|106
|
|t:|1728041677
|switch|p1a: Skarmory|Skarmory, M|93/100
|move|p2a: Dusclops|Calm Mind|p2a: Dusclops
|-boost|p2a: Dusclops|spa|1
|-boost|p2a: Dusclops|spd|1
|
|-heal|p1a: Skarmory|99/100|[from] item: Leftovers
|upkeep
|turn|107
|
|t:|1728041682
|move|p2a: Dusclops|Will-O-Wisp|p1a: Skarmory|[miss]
|-miss|p2a: Dusclops|p1a: Skarmory
|move|p1a: Skarmory|Roar|p2a: Dusclops
|drag|p2a: Blissey|Blissey, F|100/100
|-damage|p2a: Blissey|88/100|[from] Spikes
|
|-heal|p1a: Skarmory|100/100|[from] item: Leftovers
|-heal|p2a: Blissey|94/100|[from] item: Leftovers
|upkeep
|turn|108
|
|t:|1728041710
|switch|p2a: Dusclops|Dusclops, M|100/100
|-damage|p2a: Dusclops|88/100|[from] Spikes
|move|p1a: Skarmory|Spikes|p2a: Dusclops
|-sidestart|p2: Rizzarro Flame|Spikes
|
|-heal|p2a: Dusclops|94/100|[from] item: Leftovers
|upkeep
|turn|109
|
|t:|1728041720
|move|p2a: Dusclops|Calm Mind|p2a: Dusclops
|-boost|p2a: Dusclops|spa|1
|-boost|p2a: Dusclops|spd|1
|move|p1a: Skarmory|Roar|p2a: Dusclops
|drag|p2a: Blissey|Blissey, F|94/100
|-damage|p2a: Blissey|78/100|[from] Spikes
|
|-heal|p2a: Blissey|84/100|[from] item: Leftovers
|upkeep
|turn|110
|
|t:|1728041729
|switch|p1a: Aerodactyl|Aerodactyl, M|100/100
|move|p2a: Blissey|Seismic Toss|p1a: Aerodactyl
|-damage|p1a: Aerodactyl|67/100
|
|-heal|p2a: Blissey|90/100|[from] item: Leftovers
|upkeep
|turn|111
|
|t:|1728041756
|switch|p1a: Skarmory|Skarmory, M|100/100
|move|p2a: Blissey|Counter|p1a: Skarmory
|
|-heal|p2a: Blissey|96/100|[from] item: Leftovers
|upkeep
|turn|112
|
|t:|1728041764
|switch|p2a: Claydol|Claydol|23/100
|move|p1a: Skarmory|Roar|p2a: Claydol
|drag|p2a: Dusclops|Dusclops, M|94/100
|-damage|p2a: Dusclops|78/100|[from] Spikes
|
|-heal|p2a: Dusclops|84/100|[from] item: Leftovers
|upkeep
|turn|113
|inactive|Rizzarro Flame has 210 seconds left.
|
|t:|1728041773
|move|p2a: Dusclops|Will-O-Wisp|p1a: Skarmory
|-status|p1a: Skarmory|brn
|move|p1a: Skarmory|Roar|p2a: Dusclops
|drag|p2a: Blissey|Blissey, F|96/100
|-damage|p2a: Blissey|79/100|[from] Spikes
|
|-damage|p1a: Skarmory|88/100 brn|[from] brn
|-heal|p2a: Blissey|86/100|[from] item: Leftovers
|upkeep
|turn|114
|inactive|Rizzarro Flame has 210 seconds left.
|
|t:|1728041804
|move|p1a: Skarmory|Spikes|p2a: Blissey
|-sidestart|p2: Rizzarro Flame|Spikes
|move|p2a: Blissey|Seismic Toss|p1a: Skarmory
|-damage|p1a: Skarmory|58/100 brn
|
|-heal|p1a: Skarmory|64/100 brn|[from] item: Leftovers
|-damage|p1a: Skarmory|52/100 brn|[from] brn
|-heal|p2a: Blissey|92/100|[from] item: Leftovers
|upkeep
|turn|115
|
|t:|1728041813
|switch|p1a: Aerodactyl|Aerodactyl, M|67/100
|move|p2a: Blissey|Seismic Toss|p1a: Aerodactyl
|-damage|p1a: Aerodactyl|34/100
|
|-heal|p2a: Blissey|98/100|[from] item: Leftovers
|upkeep
|turn|116
|
|t:|1728041837
|move|p1a: Aerodactyl|Rock Slide|p2a: Blissey|[miss]
|-miss|p1a: Aerodactyl|p2a: Blissey
|move|p2a: Blissey|Counter|p1a: Aerodactyl
|
|-heal|p2a: Blissey|100/100|[from] item: Leftovers
|upkeep
|turn|117
|inactive|Rizzarro Flame has 180 seconds left.
|
|t:|1728041863
|move|p1a: Aerodactyl|Rock Slide|p2a: Blissey
|-damage|p2a: Blissey|43/100
|cant|p2a: Blissey|flinch
|
|-heal|p2a: Blissey|50/100|[from] item: Leftovers
|upkeep
|turn|118
|
|t:|1728041874
|move|p1a: Aerodactyl|Rock Slide|p2a: Blissey
|-damage|p2a: Blissey|0 fnt
|faint|p2a: Blissey
|
|t:|1728041876
|switch|p2a: Dusclops|Dusclops, M|84/100
|-damage|p2a: Dusclops|59/100|[from] Spikes
|
|-heal|p2a: Dusclops|65/100|[from] item: Leftovers
|upkeep
|turn|119
|
|t:|1728041894
|switch|p1a: Celebi|Celebi|94/100
|move|p2a: Dusclops|Ice Beam|p1a: Celebi
|-supereffective|p1a: Celebi
|-damage|p1a: Celebi|70/100
|
|-heal|p1a: Celebi|76/100|[from] item: Leftovers
|-heal|p2a: Dusclops|71/100|[from] item: Leftovers
|upkeep
|turn|120
|
|t:|1728041901
|move|p1a: Celebi|Leech Seed|p2a: Dusclops
|-start|p2a: Dusclops|move: Leech Seed
|move|p2a: Dusclops|Calm Mind|p2a: Dusclops
|-boost|p2a: Dusclops|spa|1
|-boost|p2a: Dusclops|spd|1
|
|-heal|p1a: Celebi|82/100|[from] item: Leftovers
|-heal|p2a: Dusclops|77/100|[from] item: Leftovers
|-damage|p2a: Dusclops|64/100|[from] Leech Seed|[of] p1a: Celebi
|-heal|p1a: Celebi|91/100|[silent]
|upkeep
|turn|121
|
|t:|1728041915
|switch|p2a: Claydol|Claydol|23/100
|move|p1a: Celebi|Hidden Power|p2a: Claydol
|-supereffective|p2a: Claydol
|-damage|p2a: Claydol|0 fnt
|faint|p2a: Claydol
|
|t:|1728041920
|switch|p2a: Dusclops|Dusclops, M|64/100
|-damage|p2a: Dusclops|39/100|[from] Spikes
|
|-heal|p1a: Celebi|97/100|[from] item: Leftovers
|-heal|p2a: Dusclops|45/100|[from] item: Leftovers
|upkeep
|turn|122
|inactive|Rizzarro Flame has 180 seconds left.
|
|t:|1728041958
|move|p1a: Celebi|Hidden Power|p2a: Dusclops
|-damage|p2a: Dusclops|20/100
|move|p2a: Dusclops|Calm Mind|p2a: Dusclops
|-boost|p2a: Dusclops|spa|1
|-boost|p2a: Dusclops|spd|1
|
|-heal|p1a: Celebi|100/100|[from] item: Leftovers
|-heal|p2a: Dusclops|26/100|[from] item: Leftovers
|upkeep
|turn|123
|
|t:|1728041970
|switch|p1a: Aerodactyl|Aerodactyl, M|34/100
|move|p2a: Dusclops|Rest|p2a: Dusclops
|-status|p2a: Dusclops|slp|[from] move: Rest
|-heal|p2a: Dusclops|100/100 slp|[silent]
|
|upkeep
|turn|124
|
|t:|1728041976
|move|p1a: Aerodactyl|Rock Slide|p2a: Dusclops
|-damage|p2a: Dusclops|57/100 slp
|cant|p2a: Dusclops|slp
|
|-heal|p2a: Dusclops|63/100 slp|[from] item: Leftovers
|upkeep
|turn|125
|
|t:|1728041980
|move|p1a: Aerodactyl|Rock Slide|p2a: Dusclops
|-damage|p2a: Dusclops|20/100 slp
|cant|p2a: Dusclops|slp
|
|-heal|p2a: Dusclops|26/100 slp|[from] item: Leftovers
|upkeep
|turn|126
|
|t:|1728041992
|move|p1a: Aerodactyl|Rock Slide|p2a: Dusclops
|-damage|p2a: Dusclops|0 fnt
|faint|p2a: Dusclops
|
|win|taccat
|c|☆taccat|what a slog fest lol

</script>
<script type="application/json" class="data" id="replaydata-smogtours-gen3ou-794528">
{"id":"smogtours-gen3ou-794528","format":"[Gen 3] OU","players":["taccat","Rizzarro Flame"],"uploadtime":1728041992,"views":92,"formatid":"gen3ou","rating":null,"private":0,"password":null}
</script>

<script defer src="js/replays.js?9d40a366"></script>
