<!DOCTYPE html>
<meta charset="utf-8" />
<meta name="viewport" content="width=device-width" />

<title>[Gen 3] OU: asbolus verrucosus vs. Ramberg Buckland - Replays - Pok&eacute;mon Showdown!</title>

<meta name="description" content="Watch a replay of a Pok&eacute;mon battle between asbolus verrucosus and Ramberg Buckland! Format: [Gen 3] OU; Date: Oct 12, 2024" />
<!--

Hey, you! Looking in the source for the replay log?

You can find them in JSON format, just add `.json` at the end of a replay URL.

https://replay.pokemonshowdown.com/gen7randomdoublesbattle-865046831.json

Or, if you only need the log itself, add `.log` instead:

https://replay.pokemonshowdown.com/gen7randomdoublesbattle-865046831.log

-->

<link rel="stylesheet" href="//pokemonshowdown.com/style/global.css?0.767286132409787" />
<link rel="stylesheet" href="//play.pokemonshowdown.com/style/font-awesome.css?0.9266228007934947" />
<link rel="stylesheet" href="//play.pokemonshowdown.com/style/battle.css?0.7924700842790926" />
<link rel="stylesheet" href="//play.pokemonshowdown.com/style/utilichart.css?0.8777417872839479" />

<!-- Global site tag (gtag.js) - Google Analytics -->
<script async src="https://www.googletagmanager.com/gtag/js?id=UA-26211653-1"></script>
<script>
  window.dataLayer = window.dataLayer || [];
  function gtag(){dataLayer.push(arguments);}
  gtag('js', new Date());

  gtag('config', 'UA-26211653-1');
</script>
<!-- End Google Analytics -->
<!-- Venatus Ad Manager - Install in <HEAD> of page -->
	<script src="https://hb.vntsm.com/v3/live/ad-manager.min.js" type="text/javascript" data-site-id="642aba63ec9a7b11c3c9c1be" data-mode="scan" async></script>
<!-- / Venatus Ad Manager -->

<style>
	@media (max-width:820px) {
		.battle {
			margin: 0 auto;
		}
		.battle-log {
			margin: 7px auto 0;
			max-width: 640px;
			height: 300px;
			position: static;
		}
	}
	.optgroup {
		display: inline-block;
		line-height: 22px;
		font-size: 10pt;
	}
	.optgroup .button {
		height: 25px;
		padding-top: 0;
		padding-bottom: 0;
	}
	.optgroup button.button {
		padding-left: 12px;
		padding-right: 12px;
	}
	.linklist {
		list-style: none;
		margin: 0.5em 0;
		padding: 0;
	}
	.linklist li {
		padding: 2px 0;
	}
	.sidebar {
		float: left;
		width: 320px;
	}
	.bar-wrapper {
		max-width: 1100px;
		margin: 0 auto;
	}
	.bar-wrapper.has-sidebar {
		max-width: 1430px;
	}
	.mainbar {
		margin: 0;
		padding-right: 1px;
	}
	.mainbar.has-sidebar {
		margin-left: 330px;
	}
	@media (min-width: 1511px) {
		.sidebar {
			width: 400px;
		}
		.bar-wrapper.has-sidebar {
			max-width: 1510px;
		}
		.mainbar.has-sidebar {
			margin-left: 410px;
		}
	}
	.section.first-section {
		margin-top: 9px;
	}
	.blocklink small {
		white-space: normal;
	}
	.button {
		vertical-align: middle;
	}
	.replay-controls {
		padding-top: 10px;
	}
	.replay-controls h1 {
		font-size: 16pt;
		font-weight: normal;
		color: #CCC;
	}
	.pagelink {
		text-align: center;
	}
	.pagelink a {
		width: 150px;
	}
	.textbox, .button {
		font-size: 11pt;
		vertical-align: middle;
	}
	@media (max-width: 450px) {
		.button {
			font-size: 9pt;
		}
	}
</style>

<div>

	<header>
		<div class="nav-wrapper"><ul class="nav">
			<li><a class="button nav-first" href="//pokemonshowdown.com/"><img src="//pokemonshowdown.com/images/pokemonshowdownbeta.png" srcset="//pokemonshowdown.com/images/pokemonshowdownbeta.png 1x, //pokemonshowdown.com/images/pokemonshowdownbeta@2x.png 2x" alt="Pok&eacute;mon Showdown" width="146" height="44" /> Home</a></li>
			<li><a class="button" href="//pokemonshowdown.com/dex/">Pok&eacute;dex</a></li>
			<li><a class="button cur" href="/">Replays</a></li>
			<li><a class="button" href="//pokemonshowdown.com/ladder/">Ladder</a></li>
			<li><a class="button nav-last" href="//pokemonshowdown.com/forums/">Forum</a></li>
			<li><a class="button greenbutton nav-first nav-last" href="//play.pokemonshowdown.com/">Play</a></li>
		</ul></div>
	</header>

	<div class="main" id="main">

		<noscript><section class="section">You need to enable JavaScript to use this page; sorry!</section></noscript>

	</div>

</div>

<script defer nomodule src="//play.pokemonshowdown.com/js/lib/ps-polyfill.js"></script>
<script defer src="//play.pokemonshowdown.com/js/lib/preact.min.js"></script>

<script defer src="//play.pokemonshowdown.com/config/config.js?6dec07f6"></script>
<script defer src="//play.pokemonshowdown.com/js/lib/jquery-1.11.0.min.js"></script>
<script defer src="//play.pokemonshowdown.com/js/lib/html-sanitizer-minified.js"></script>
<script defer src="//play.pokemonshowdown.com/js/battle-sound.js"></script>
<script defer src="//play.pokemonshowdown.com/js/battledata.js?0.6315294753075389"></script>
<script defer src="//play.pokemonshowdown.com/data/pokedex-mini.js?0.7603743185311358"></script>
<script defer src="//play.pokemonshowdown.com/data/pokedex-mini-bw.js?0.030888842834281283"></script>
<script defer src="//play.pokemonshowdown.com/data/graphics.js?0.05593094747507488"></script>
<script defer src="//play.pokemonshowdown.com/data/pokedex.js?0.47064822249611904"></script>
<script defer src="//play.pokemonshowdown.com/data/moves.js?0.8583693120512459"></script>
<script defer src="//play.pokemonshowdown.com/data/abilities.js?0.16017181182386842"></script>
<script defer src="//play.pokemonshowdown.com/data/items.js?0.4163379185673943"></script>
<script defer src="//play.pokemonshowdown.com/data/teambuilder-tables.js?0.31075597372830477"></script>
<script defer src="//play.pokemonshowdown.com/js/battle-tooltips.js?0.6536193500708172"></script>
<script defer src="//play.pokemonshowdown.com/js/battle.js?0.1916591943277901"></script>

<script defer src="js/utils.js?e31f9a17"></script>
<script defer src="js/replays-battle.js?7008c182"></script>

<!-- don't scrape this data! just add .json or .log after the URL!
Full API docs: https://github.com/smogon/pokemon-showdown-client/blob/master/WEB-API.md -->
<script type="text/plain" class="log" id="replaylog-smogtours-gen3ou-797423">
|inactive|Battle timer is ON: inactive players will automatically lose when time's up.
|t:|1728741238
|gametype|singles
|player|p1|asbolus verrucosus|bugsy-gen2|
|player|p2|Ramberg Buckland|gambler|
|teamsize|p1|6
|teamsize|p2|6
|gen|3
|tier|[Gen 3] OU
|rule|Sleep Clause Mod: Limit one foe put to sleep
|rule|Switch Priority Clause Mod: Faster Pokémon switch first
|rule|Species Clause: Limit one of each Pokémon
|rule|OHKO Clause: OHKO moves are banned
|rule|Evasion Items Clause: Evasion items are banned
|rule|Evasion Moves Clause: Evasion moves are banned
|rule|Endless Battle Clause: Forcing endless battles is banned
|rule|HP Percentage Mod: HP is shown in percentages
|rule|One Boost Passer Clause: Limit one Baton Passer that has a way to boost its stats
|rule|Freeze Clause Mod: Limit one foe frozen
|
|t:|1728741238
|start
|switch|p1a: ragnarok|Tyranitar, M, shiny|100/100
|switch|p2a: Tyranitar|Tyranitar, F|100/100
|-weather|Sandstorm|[from] ability: Sand Stream|[of] p2a: Tyranitar
|turn|1
|
|t:|1728741254
|switch|p2a: Skarmory|Skarmory, M|100/100
|switch|p1a: clink|Flygon, M|100/100
|
|-weather|Sandstorm|[upkeep]
|upkeep
|turn|2
|
|t:|1728741261
|switch|p1a: pavatae|Jirachi, shiny|100/100
|move|p2a: Skarmory|Spikes|p1a: pavatae
|-sidestart|p1: asbolus verrucosus|Spikes
|
|-weather|Sandstorm|[upkeep]
|upkeep
|turn|3
|inactive|Ramberg Buckland has 270 seconds left.
|
|t:|1728741314
|switch|p2a: Tyranitar|Tyranitar, F|100/100
|move|p1a: pavatae|Fire Punch|p2a: Tyranitar
|-resisted|p2a: Tyranitar
|-damage|p2a: Tyranitar|93/100
|
|-weather|Sandstorm|[upkeep]
|-heal|p2a: Tyranitar|99/100|[from] item: Leftovers
|upkeep
|turn|4
|
|t:|1728741322
|move|p1a: pavatae|Protect|p1a: pavatae
|-singleturn|p1a: pavatae|Protect
|move|p2a: Tyranitar|Earthquake|p1a: pavatae
|-activate|p1a: pavatae|Protect
|
|-weather|Sandstorm|[upkeep]
|-heal|p2a: Tyranitar|100/100|[from] item: Leftovers
|upkeep
|turn|5
|
|t:|1728741334
|-singleturn|p2a: Tyranitar|move: Focus Punch
|switch|p1a: clink|Flygon, M|100/100
|move|p2a: Tyranitar|Focus Punch|p1a: clink
|-damage|p1a: clink|55/100
|
|-weather|Sandstorm|[upkeep]
|-heal|p1a: clink|61/100|[from] item: Leftovers
|upkeep
|turn|6
|inactive|Ramberg Buckland has 240 seconds left.
|
|t:|1728741364
|switch|p1a: pike|Skarmory, M, shiny|100/100
|switch|p2a: Celebi|Celebi|100/100
|
|-weather|Sandstorm|[upkeep]
|-damage|p2a: Celebi|94/100|[from] Sandstorm
|-heal|p2a: Celebi|100/100|[from] item: Leftovers
|upkeep
|turn|7
|
|t:|1728741369
|move|p2a: Celebi|Hidden Power|p1a: pike
|-supereffective|p1a: pike
|-damage|p1a: pike|60/100
|move|p1a: pike|Spikes|p2a: Celebi
|-sidestart|p2: Ramberg Buckland|Spikes
|
|-weather|Sandstorm|[upkeep]
|-damage|p2a: Celebi|94/100|[from] Sandstorm
|-heal|p2a: Celebi|100/100|[from] item: Leftovers
|-heal|p1a: pike|66/100|[from] item: Leftovers
|upkeep
|turn|8
|
|t:|1728741376
|move|p1a: pike|Protect|p1a: pike
|-singleturn|p1a: pike|Protect
|move|p2a: Celebi|Leech Seed|p1a: pike|[miss]
|-miss|p2a: Celebi|p1a: pike
|
|-weather|Sandstorm|[upkeep]
|-damage|p2a: Celebi|94/100|[from] Sandstorm
|-heal|p2a: Celebi|100/100|[from] item: Leftovers
|-heal|p1a: pike|72/100|[from] item: Leftovers
|upkeep
|turn|9
|
|t:|1728741390
|move|p2a: Celebi|Leech Seed|p1a: pike
|-start|p1a: pike|move: Leech Seed
|move|p1a: pike|Toxic|p2a: Celebi
|-status|p2a: Celebi|tox
|
|-weather|Sandstorm|[upkeep]
|-damage|p2a: Celebi|94/100 tox|[from] Sandstorm
|-heal|p2a: Celebi|100/100 tox|[from] item: Leftovers
|-damage|p2a: Celebi|94/100 tox|[from] psn
|-heal|p1a: pike|78/100|[from] item: Leftovers
|-damage|p1a: pike|66/100|[from] Leech Seed|[of] p2a: Celebi
|-heal|p2a: Celebi|100/100 tox|[silent]
|upkeep
|turn|10
|
|t:|1728741399
|switch|p1a: clink|Flygon, M|61/100
|move|p2a: Celebi|Hidden Power|p1a: clink
|-resisted|p1a: clink
|-damage|p1a: clink|48/100
|
|-weather|Sandstorm|[upkeep]
|-damage|p2a: Celebi|94/100 tox|[from] Sandstorm
|-heal|p2a: Celebi|100/100 tox|[from] item: Leftovers
|-damage|p2a: Celebi|88/100 tox|[from] psn
|-heal|p1a: clink|54/100|[from] item: Leftovers
|upkeep
|turn|11
|inactive|Ramberg Buckland has 270 seconds left.
|
|t:|1728741427
|-curestatus|p2a: Celebi|tox|[from] ability: Natural Cure
|switch|p2a: Salamence|Salamence, M|100/100
|-ability|p2a: Salamence|Intimidate|boost
|-unboost|p1a: clink|atk|1
|switch|p1a: pike|Skarmory, M, shiny|66/100
|
|-weather|Sandstorm|[upkeep]
|-damage|p2a: Salamence|94/100|[from] Sandstorm
|-heal|p2a: Salamence|100/100|[from] item: Leftovers
|-heal|p1a: pike|72/100|[from] item: Leftovers
|upkeep
|turn|12
|
|t:|1728741434
|move|p1a: pike|Protect|p1a: pike
|-singleturn|p1a: pike|Protect
|move|p2a: Salamence|Fire Blast|p1a: pike
|-activate|p1a: pike|Protect
|
|-weather|Sandstorm|[upkeep]
|-damage|p2a: Salamence|94/100|[from] Sandstorm
|-heal|p2a: Salamence|100/100|[from] item: Leftovers
|-heal|p1a: pike|78/100|[from] item: Leftovers
|upkeep
|turn|13
|
|t:|1728741455
|move|p2a: Salamence|Fire Blast|p1a: pike
|-supereffective|p1a: pike
|-crit|p1a: pike
|-damage|p1a: pike|0 fnt
|faint|p1a: pike
|
|t:|1728741467
|switch|p1a: rostic|Articuno|100/100
|
|-weather|Sandstorm|[upkeep]
|-damage|p2a: Salamence|94/100|[from] Sandstorm
|-damage|p1a: rostic|94/100|[from] Sandstorm
|-heal|p2a: Salamence|100/100|[from] item: Leftovers
|-heal|p1a: rostic|100/100|[from] item: Leftovers
|upkeep
|turn|14
|inactive|Ramberg Buckland has 270 seconds left.
|
|t:|1728741497
|switch|p2a: Tyranitar|Tyranitar, F|100/100
|-damage|p2a: Tyranitar|88/100|[from] Spikes
|move|p1a: rostic|Ice Beam|p2a: Tyranitar
|-damage|p2a: Tyranitar|63/100
|
|-weather|Sandstorm|[upkeep]
|-damage|p1a: rostic|94/100|[from] Sandstorm
|-heal|p1a: rostic|100/100|[from] item: Leftovers
|-heal|p2a: Tyranitar|69/100|[from] item: Leftovers
|upkeep
|turn|15
|
|t:|1728741508
|switch|p1a: pavatae|Jirachi, shiny|100/100
|-damage|p1a: pavatae|88/100|[from] Spikes
|move|p2a: Tyranitar|Rock Slide|p1a: pavatae
|-resisted|p1a: pavatae
|-damage|p1a: pavatae|72/100
|
|-weather|Sandstorm|[upkeep]
|-heal|p1a: pavatae|78/100|[from] item: Leftovers
|-heal|p2a: Tyranitar|75/100|[from] item: Leftovers
|upkeep
|turn|16
|
|t:|1728741514
|move|p1a: pavatae|Protect|p1a: pavatae
|-singleturn|p1a: pavatae|Protect
|move|p2a: Tyranitar|Earthquake|p1a: pavatae
|-activate|p1a: pavatae|Protect
|
|-weather|Sandstorm|[upkeep]
|-heal|p1a: pavatae|85/100|[from] item: Leftovers
|-heal|p2a: Tyranitar|81/100|[from] item: Leftovers
|upkeep
|turn|17
|
|t:|1728741517
|move|p1a: pavatae|Fire Punch|p2a: Tyranitar
|-resisted|p2a: Tyranitar
|-damage|p2a: Tyranitar|75/100
|-status|p2a: Tyranitar|brn
|move|p2a: Tyranitar|Earthquake|p1a: pavatae
|-supereffective|p1a: pavatae
|-damage|p1a: pavatae|52/100
|
|-weather|Sandstorm|[upkeep]
|-heal|p1a: pavatae|59/100|[from] item: Leftovers
|-heal|p2a: Tyranitar|81/100 brn|[from] item: Leftovers
|-damage|p2a: Tyranitar|69/100 brn|[from] brn
|upkeep
|turn|18
|inactive|Ramberg Buckland has 270 seconds left.
|
|t:|1728741537
|switch|p2a: Celebi|Celebi|88/100
|-damage|p2a: Celebi|76/100|[from] Spikes
|move|p1a: pavatae|Wish|p1a: pavatae
|
|-weather|Sandstorm|[upkeep]
|-damage|p2a: Celebi|70/100|[from] Sandstorm
|-heal|p2a: Celebi|76/100|[from] item: Leftovers
|-heal|p1a: pavatae|65/100|[from] item: Leftovers
|upkeep
|turn|19
|
|t:|1728741560
|move|p2a: Celebi|Leech Seed|p1a: pavatae
|-start|p1a: pavatae|move: Leech Seed
|move|p1a: pavatae|Fire Punch|p2a: Celebi
|-supereffective|p2a: Celebi
|-crit|p2a: Celebi
|-damage|p2a: Celebi|15/100
|
|-heal|p1a: pavatae|100/100|[from] move: Wish|[wisher] pavatae
|-weather|Sandstorm|[upkeep]
|-damage|p2a: Celebi|9/100|[from] Sandstorm
|-heal|p2a: Celebi|15/100|[from] item: Leftovers
|-damage|p1a: pavatae|88/100|[from] Leech Seed|[of] p2a: Celebi
|-heal|p2a: Celebi|28/100|[silent]
|upkeep
|turn|20
|inactive|Ramberg Buckland has 240 seconds left.
|
|t:|1728741598
|switch|p2a: Tyranitar|Tyranitar, F|69/100 brn
|-damage|p2a: Tyranitar|56/100 brn|[from] Spikes
|switch|p1a: clink|Flygon, M|54/100
|
|-weather|Sandstorm|[upkeep]
|-heal|p1a: clink|60/100|[from] item: Leftovers
|-heal|p2a: Tyranitar|62/100 brn|[from] item: Leftovers
|-damage|p2a: Tyranitar|50/100 brn|[from] brn
|upkeep
|turn|21
|inactive|Ramberg Buckland has 240 seconds left.
|
|t:|1728741607
|switch|p2a: Salamence|Salamence, M|100/100
|-ability|p2a: Salamence|Intimidate|boost
|-unboost|p1a: clink|atk|1
|move|p1a: clink|Rock Slide|p2a: Salamence
|-supereffective|p2a: Salamence
|-damage|p2a: Salamence|70/100
|
|-weather|Sandstorm|[upkeep]
|-damage|p2a: Salamence|64/100|[from] Sandstorm
|-heal|p2a: Salamence|70/100|[from] item: Leftovers
|-heal|p1a: clink|66/100|[from] item: Leftovers
|upkeep
|turn|22
|
|t:|1728741615
|switch|p1a: pavatae|Jirachi, shiny|88/100
|-damage|p1a: pavatae|76/100|[from] Spikes
|move|p2a: Salamence|Dragon Claw|p1a: pavatae
|-resisted|p1a: pavatae
|-damage|p1a: pavatae|63/100
|
|-weather|Sandstorm|[upkeep]
|-damage|p2a: Salamence|64/100|[from] Sandstorm
|-heal|p2a: Salamence|70/100|[from] item: Leftovers
|-heal|p1a: pavatae|69/100|[from] item: Leftovers
|upkeep
|turn|23
|
|t:|1728741629
|move|p2a: Salamence|Brick Break|p1a: pavatae
|-damage|p1a: pavatae|52/100
|move|p1a: pavatae|Body Slam|p2a: Salamence
|-damage|p2a: Salamence|42/100
|
|-weather|Sandstorm|[upkeep]
|-damage|p2a: Salamence|36/100|[from] Sandstorm
|-heal|p2a: Salamence|42/100|[from] item: Leftovers
|-heal|p1a: pavatae|58/100|[from] item: Leftovers
|upkeep
|turn|24
|
|t:|1728741638
|move|p1a: pavatae|Protect|p1a: pavatae
|-singleturn|p1a: pavatae|Protect
|move|p2a: Salamence|Fire Blast|p1a: pavatae
|-activate|p1a: pavatae|Protect
|
|-weather|Sandstorm|[upkeep]
|-damage|p2a: Salamence|36/100|[from] Sandstorm
|-heal|p2a: Salamence|42/100|[from] item: Leftovers
|-heal|p1a: pavatae|64/100|[from] item: Leftovers
|upkeep
|turn|25
|
|t:|1728741642
|move|p2a: Salamence|Fire Blast|p1a: pavatae
|-supereffective|p1a: pavatae
|-damage|p1a: pavatae|13/100
|move|p1a: pavatae|Wish|p1a: pavatae
|
|-weather|Sandstorm|[upkeep]
|-damage|p2a: Salamence|36/100|[from] Sandstorm
|-heal|p2a: Salamence|42/100|[from] item: Leftovers
|-heal|p1a: pavatae|19/100|[from] item: Leftovers
|upkeep
|turn|26
|
|t:|1728741663
|move|p1a: pavatae|Protect|p1a: pavatae
|-singleturn|p1a: pavatae|Protect
|move|p2a: Salamence|Brick Break|p1a: pavatae
|-activate|p1a: pavatae|Protect
|
|-heal|p1a: pavatae|69/100|[from] move: Wish|[wisher] pavatae
|-weather|Sandstorm|[upkeep]
|-damage|p2a: Salamence|36/100|[from] Sandstorm
|-heal|p2a: Salamence|42/100|[from] item: Leftovers
|-heal|p1a: pavatae|75/100|[from] item: Leftovers
|upkeep
|turn|27
|
|t:|1728741671
|switch|p2a: Tyranitar|Tyranitar, F|50/100 brn
|-damage|p2a: Tyranitar|38/100 brn|[from] Spikes
|move|p1a: pavatae|Body Slam|p2a: Tyranitar
|-resisted|p2a: Tyranitar
|-damage|p2a: Tyranitar|31/100 brn
|
|-weather|Sandstorm|[upkeep]
|-heal|p1a: pavatae|81/100|[from] item: Leftovers
|-heal|p2a: Tyranitar|37/100 brn|[from] item: Leftovers
|-damage|p2a: Tyranitar|25/100 brn|[from] brn
|upkeep
|turn|28
|
|t:|1728741675
|move|p1a: pavatae|Wish|p1a: pavatae
|move|p2a: Tyranitar|Earthquake|p1a: pavatae
|-supereffective|p1a: pavatae
|-crit|p1a: pavatae
|-damage|p1a: pavatae|20/100
|
|-weather|Sandstorm|[upkeep]
|-heal|p1a: pavatae|26/100|[from] item: Leftovers
|-heal|p2a: Tyranitar|31/100 brn|[from] item: Leftovers
|-damage|p2a: Tyranitar|18/100 brn|[from] brn
|upkeep
|turn|29
|inactive|Ramberg Buckland has 270 seconds left.
|
|t:|1728741684
|-singleturn|p2a: Tyranitar|move: Focus Punch
|move|p1a: pavatae|Protect|p1a: pavatae
|-singleturn|p1a: pavatae|Protect
|move|p2a: Tyranitar|Focus Punch|p1a: pavatae
|-activate|p1a: pavatae|Protect
|
|-heal|p1a: pavatae|76/100|[from] move: Wish|[wisher] pavatae
|-weather|Sandstorm|[upkeep]
|-heal|p1a: pavatae|83/100|[from] item: Leftovers
|-heal|p2a: Tyranitar|25/100 brn|[from] item: Leftovers
|-damage|p2a: Tyranitar|12/100 brn|[from] brn
|upkeep
|turn|30
|
|t:|1728741691
|move|p1a: pavatae|Wish|p1a: pavatae
|move|p2a: Tyranitar|Earthquake|p1a: pavatae
|-supereffective|p1a: pavatae
|-damage|p1a: pavatae|50/100
|
|-weather|Sandstorm|[upkeep]
|-heal|p1a: pavatae|56/100|[from] item: Leftovers
|-heal|p2a: Tyranitar|18/100 brn|[from] item: Leftovers
|-damage|p2a: Tyranitar|6/100 brn|[from] brn
|upkeep
|turn|31
|
|t:|1728741699
|move|p1a: pavatae|Body Slam|p2a: Tyranitar
|-resisted|p2a: Tyranitar
|-damage|p2a: Tyranitar|0 fnt
|faint|p2a: Tyranitar
|
|t:|1728741706
|switch|p2a: Swampert|Swampert, F|100/100
|-damage|p2a: Swampert|88/100|[from] Spikes
|
|-heal|p1a: pavatae|100/100|[from] move: Wish|[wisher] pavatae
|-weather|Sandstorm|[upkeep]
|-heal|p2a: Swampert|94/100|[from] item: Leftovers
|upkeep
|turn|32
|
|t:|1728741713
|switch|p1a: rostic|Articuno|100/100
|move|p2a: Swampert|Earthquake|p1a: rostic
|-immune|p1a: rostic
|
|-weather|Sandstorm|[upkeep]
|-damage|p1a: rostic|94/100|[from] Sandstorm
|-heal|p1a: rostic|100/100|[from] item: Leftovers
|-heal|p2a: Swampert|100/100|[from] item: Leftovers
|upkeep
|turn|33
|
|t:|1728741742
|move|p2a: Swampert|Protect|p2a: Swampert
|-singleturn|p2a: Swampert|Protect
|move|p1a: rostic|Ice Beam|p2a: Swampert
|-activate|p2a: Swampert|Protect
|
|-weather|Sandstorm|[upkeep]
|-damage|p1a: rostic|94/100|[from] Sandstorm
|-heal|p1a: rostic|100/100|[from] item: Leftovers
|upkeep
|turn|34
|
|t:|1728741754
|switch|p2a: Celebi|Celebi|28/100
|-damage|p2a: Celebi|16/100|[from] Spikes
|move|p1a: rostic|Ice Beam|p2a: Celebi
|-supereffective|p2a: Celebi
|-damage|p2a: Celebi|0 fnt
|faint|p2a: Celebi
|
|t:|1728741757
|switch|p2a: Aerodactyl|Aerodactyl, F|100/100
|
|-weather|Sandstorm|[upkeep]
|-damage|p1a: rostic|94/100|[from] Sandstorm
|-heal|p1a: rostic|100/100|[from] item: Leftovers
|upkeep
|turn|35
|
|t:|1728741763
|switch|p1a: clink|Flygon, M|66/100
|move|p2a: Aerodactyl|Rock Slide|p1a: clink
|-resisted|p1a: clink
|-damage|p1a: clink|45/100
|
|-weather|Sandstorm|[upkeep]
|-heal|p1a: clink|51/100|[from] item: Leftovers
|upkeep
|turn|36
|
|t:|1728741774
|switch|p2a: Swampert|Swampert, F|100/100
|-damage|p2a: Swampert|88/100|[from] Spikes
|move|p1a: clink|Toxic|p2a: Swampert
|-status|p2a: Swampert|tox
|
|-weather|Sandstorm|[upkeep]
|-heal|p1a: clink|57/100|[from] item: Leftovers
|-heal|p2a: Swampert|94/100 tox|[from] item: Leftovers
|-damage|p2a: Swampert|88/100 tox|[from] psn
|upkeep
|turn|37
|
|t:|1728741779
|switch|p2a: Salamence|Salamence, M|42/100
|-ability|p2a: Salamence|Intimidate|boost
|-unboost|p1a: clink|atk|1
|move|p1a: clink|Protect||[still]
|-fail|p1a: clink
|
|-weather|Sandstorm|[upkeep]
|-damage|p2a: Salamence|36/100|[from] Sandstorm
|-heal|p2a: Salamence|42/100|[from] item: Leftovers
|-heal|p1a: clink|63/100|[from] item: Leftovers
|upkeep
|turn|38
|
|t:|1728741786
|move|p1a: clink|Protect|p1a: clink
|-singleturn|p1a: clink|Protect
|move|p2a: Salamence|Fire Blast|p1a: clink
|-activate|p1a: clink|Protect
|
|-weather|Sandstorm|[upkeep]
|-damage|p2a: Salamence|36/100|[from] Sandstorm
|-heal|p2a: Salamence|42/100|[from] item: Leftovers
|-heal|p1a: clink|69/100|[from] item: Leftovers
|upkeep
|turn|39
|
|t:|1728741797
|switch|p1a: ragnarok|Tyranitar, M, shiny|100/100
|-damage|p1a: ragnarok|88/100|[from] Spikes
|move|p2a: Salamence|Dragon Claw|p1a: ragnarok
|-damage|p1a: ragnarok|54/100
|
|-weather|Sandstorm|[upkeep]
|-damage|p2a: Salamence|36/100|[from] Sandstorm
|-heal|p2a: Salamence|42/100|[from] item: Leftovers
|-heal|p1a: ragnarok|60/100|[from] item: Leftovers
|upkeep
|turn|40
|
|t:|1728741806
|switch|p1a: pavatae|Jirachi, shiny|100/100
|-damage|p1a: pavatae|88/100|[from] Spikes
|move|p2a: Salamence|Brick Break|p1a: pavatae
|-damage|p1a: pavatae|69/100
|
|-weather|Sandstorm|[upkeep]
|-damage|p2a: Salamence|36/100|[from] Sandstorm
|-heal|p2a: Salamence|42/100|[from] item: Leftovers
|-heal|p1a: pavatae|75/100|[from] item: Leftovers
|upkeep
|turn|41
|
|t:|1728741813
|switch|p2a: Swampert|Swampert, F|88/100 tox
|-damage|p2a: Swampert|76/100 tox|[from] Spikes
|move|p1a: pavatae|Protect||[still]
|-fail|p1a: pavatae
|
|-weather|Sandstorm|[upkeep]
|-heal|p1a: pavatae|82/100|[from] item: Leftovers
|-heal|p2a: Swampert|82/100 tox|[from] item: Leftovers
|-damage|p2a: Swampert|76/100 tox|[from] psn
|upkeep
|turn|42
|
|t:|1728741817
|move|p1a: pavatae|Wish|p1a: pavatae
|move|p2a: Swampert|Earthquake|p1a: pavatae
|-supereffective|p1a: pavatae
|-damage|p1a: pavatae|23/100
|
|-weather|Sandstorm|[upkeep]
|-heal|p1a: pavatae|29/100|[from] item: Leftovers
|-heal|p2a: Swampert|82/100 tox|[from] item: Leftovers
|-damage|p2a: Swampert|69/100 tox|[from] psn
|upkeep
|turn|43
|
|t:|1728741822
|move|p1a: pavatae|Protect|p1a: pavatae
|-singleturn|p1a: pavatae|Protect
|move|p2a: Swampert|Earthquake|p1a: pavatae
|-activate|p1a: pavatae|Protect
|
|-heal|p1a: pavatae|79/100|[from] move: Wish|[wisher] pavatae
|-weather|Sandstorm|[upkeep]
|-heal|p1a: pavatae|85/100|[from] item: Leftovers
|-heal|p2a: Swampert|76/100 tox|[from] item: Leftovers
|-damage|p2a: Swampert|57/100 tox|[from] psn
|upkeep
|turn|44
|
|t:|1728741826
|move|p1a: pavatae|Wish|p1a: pavatae
|move|p2a: Swampert|Earthquake|p1a: pavatae
|-supereffective|p1a: pavatae
|-damage|p1a: pavatae|26/100
|
|-weather|Sandstorm|[upkeep]
|-heal|p1a: pavatae|32/100|[from] item: Leftovers
|-heal|p2a: Swampert|63/100 tox|[from] item: Leftovers
|-damage|p2a: Swampert|38/100 tox|[from] psn
|upkeep
|turn|45
|
|t:|1728741841
|switch|p2a: Aerodactyl|Aerodactyl, F|100/100
|move|p1a: pavatae|Protect||[still]
|-fail|p1a: pavatae
|
|-heal|p1a: pavatae|82/100|[from] move: Wish|[wisher] pavatae
|-weather|Sandstorm|[upkeep]
|-heal|p1a: pavatae|89/100|[from] item: Leftovers
|upkeep
|turn|46
|
|t:|1728741850
|move|p2a: Aerodactyl|Earthquake|p1a: pavatae
|-supereffective|p1a: pavatae
|-damage|p1a: pavatae|21/100
|move|p1a: pavatae|Wish|p1a: pavatae
|
|-weather|Sandstorm|[upkeep]
|-heal|p1a: pavatae|27/100|[from] item: Leftovers
|upkeep
|turn|47
|
|t:|1728741857
|switch|p1a: clink|Flygon, M|69/100
|move|p2a: Aerodactyl|Earthquake|p1a: clink
|-immune|p1a: clink
|
|-heal|p1a: clink|100/100|[from] move: Wish|[wisher] pavatae
|-weather|Sandstorm|[upkeep]
|upkeep
|turn|48
|
|t:|1728741863
|switch|p2a: Skarmory|Skarmory, M|100/100
|move|p1a: clink|Rock Slide|p2a: Skarmory
|-damage|p2a: Skarmory|86/100
|
|-weather|Sandstorm|[upkeep]
|-heal|p2a: Skarmory|92/100|[from] item: Leftovers
|upkeep
|turn|49
|
|t:|1728741871
|switch|p1a: pavatae|Jirachi, shiny|27/100
|-damage|p1a: pavatae|15/100|[from] Spikes
|move|p2a: Skarmory|Roar|p1a: pavatae
|drag|p1a: ragnarok|Tyranitar, M, shiny|60/100
|-damage|p1a: ragnarok|48/100|[from] Spikes
|
|-weather|Sandstorm|[upkeep]
|-heal|p2a: Skarmory|98/100|[from] item: Leftovers
|-heal|p1a: ragnarok|54/100|[from] item: Leftovers
|upkeep
|turn|50
|
|t:|1728741886
|switch|p1a: pavatae|Jirachi, shiny|15/100
|-damage|p1a: pavatae|2/100|[from] Spikes
|move|p2a: Skarmory|Roar|p1a: pavatae
|drag|p1a: clink|Flygon, M|100/100
|
|-weather|Sandstorm|[upkeep]
|-heal|p2a: Skarmory|100/100|[from] item: Leftovers
|upkeep
|turn|51
|
|t:|1728741893
|switch|p1a: fern|Moltres, shiny|100/100
|move|p2a: Skarmory|Toxic|p1a: fern
|-status|p1a: fern|tox
|
|-weather|Sandstorm|[upkeep]
|-damage|p1a: fern|94/100 tox|[from] Sandstorm
|-heal|p1a: fern|100/100 tox|[from] item: Leftovers
|-damage|p1a: fern|94/100 tox|[from] psn
|upkeep
|turn|52
|
|t:|1728741912
|switch|p1a: rostic|Articuno|100/100
|switch|p2a: Swampert|Swampert, F|38/100 tox
|-damage|p2a: Swampert|26/100 tox|[from] Spikes
|
|-weather|Sandstorm|[upkeep]
|-damage|p1a: rostic|94/100|[from] Sandstorm
|-heal|p1a: rostic|100/100|[from] item: Leftovers
|-heal|p2a: Swampert|32/100 tox|[from] item: Leftovers
|-damage|p2a: Swampert|26/100 tox|[from] psn
|upkeep
|turn|53
|
|t:|1728741919
|move|p1a: rostic|Ice Beam|p2a: Swampert
|-damage|p2a: Swampert|0 fnt
|faint|p2a: Swampert
|
|t:|1728741933
|switch|p2a: Aerodactyl|Aerodactyl, F|100/100
|
|-weather|Sandstorm|[upkeep]
|-damage|p1a: rostic|94/100|[from] Sandstorm
|-heal|p1a: rostic|100/100|[from] item: Leftovers
|upkeep
|turn|54
|
|t:|1728741946
|switch|p1a: clink|Flygon, M|100/100
|move|p2a: Aerodactyl|Rock Slide|p1a: clink
|-resisted|p1a: clink
|-damage|p1a: clink|79/100
|
|-weather|Sandstorm|[upkeep]
|-heal|p1a: clink|85/100|[from] item: Leftovers
|upkeep
|turn|55
|
|t:|1728741970
|switch|p2a: Skarmory|Skarmory, M|100/100
|switch|p1a: pavatae|Jirachi, shiny|2/100
|-damage|p1a: pavatae|0 fnt|[from] Spikes
|faint|p1a: pavatae
|
|t:|1728741977
|switch|p1a: fern|Moltres, shiny|94/100 tox
|
|-weather|Sandstorm|[upkeep]
|-damage|p1a: fern|88/100 tox|[from] Sandstorm
|-heal|p1a: fern|94/100 tox|[from] item: Leftovers
|-damage|p1a: fern|88/100 tox|[from] psn
|upkeep
|turn|56
|
|t:|1728741994
|move|p1a: fern|Flamethrower|p2a: Skarmory
|-supereffective|p2a: Skarmory
|-damage|p2a: Skarmory|0 fnt
|faint|p2a: Skarmory
|
|t:|1728742001
|switch|p2a: Salamence|Salamence, M|42/100
|-ability|p2a: Salamence|Intimidate|boost
|-unboost|p1a: fern|atk|1
|
|-weather|Sandstorm|[upkeep]
|-damage|p2a: Salamence|36/100|[from] Sandstorm
|-damage|p1a: fern|82/100 tox|[from] Sandstorm
|-heal|p2a: Salamence|42/100|[from] item: Leftovers
|-heal|p1a: fern|88/100 tox|[from] item: Leftovers
|-damage|p1a: fern|76/100 tox|[from] psn
|upkeep
|turn|57
|
|t:|1728742020
|move|p2a: Salamence|Hydro Pump|p1a: fern
|-supereffective|p1a: fern
|-damage|p1a: fern|0 fnt
|faint|p1a: fern
|
|t:|1728742026
|switch|p1a: rostic|Articuno|100/100
|
|-weather|Sandstorm|[upkeep]
|-damage|p2a: Salamence|36/100|[from] Sandstorm
|-damage|p1a: rostic|94/100|[from] Sandstorm
|-heal|p2a: Salamence|42/100|[from] item: Leftovers
|-heal|p1a: rostic|100/100|[from] item: Leftovers
|upkeep
|turn|58
|
|t:|1728742040
|move|p2a: Salamence|Fire Blast|p1a: rostic
|-supereffective|p1a: rostic
|-damage|p1a: rostic|54/100
|move|p1a: rostic|Ice Beam|p2a: Salamence
|-supereffective|p2a: Salamence
|-crit|p2a: Salamence
|-damage|p2a: Salamence|0 fnt
|faint|p2a: Salamence
|
|t:|1728742044
|switch|p2a: Aerodactyl|Aerodactyl, F|100/100
|
|-weather|Sandstorm|[upkeep]
|-damage|p1a: rostic|48/100|[from] Sandstorm
|-heal|p1a: rostic|54/100|[from] item: Leftovers
|upkeep
|turn|59
|
|t:|1728742058
|move|p2a: Aerodactyl|Rock Slide|p1a: rostic
|-supereffective|p1a: rostic
|-damage|p1a: rostic|0 fnt
|faint|p1a: rostic
|
|t:|1728742062
|switch|p1a: clink|Flygon, M|85/100
|
|-weather|Sandstorm|[upkeep]
|-heal|p1a: clink|91/100|[from] item: Leftovers
|upkeep
|turn|60
|
|t:|1728742065
|move|p1a: clink|Protect|p1a: clink
|-singleturn|p1a: clink|Protect
|move|p2a: Aerodactyl|Rock Slide|p1a: clink
|-activate|p1a: clink|Protect
|
|-weather|Sandstorm|[upkeep]
|-heal|p1a: clink|97/100|[from] item: Leftovers
|upkeep
|turn|61
|
|t:|1728742067
|move|p2a: Aerodactyl|Rock Slide|p1a: clink
|-resisted|p1a: clink
|-damage|p1a: clink|76/100
|move|p1a: clink|Rock Slide|p2a: Aerodactyl
|-supereffective|p2a: Aerodactyl
|-damage|p2a: Aerodactyl|44/100
|
|-weather|Sandstorm|[upkeep]
|-heal|p1a: clink|82/100|[from] item: Leftovers
|upkeep
|turn|62
|
|t:|1728742071
|move|p1a: clink|Protect|p1a: clink
|-singleturn|p1a: clink|Protect
|move|p2a: Aerodactyl|Rock Slide|p1a: clink
|-activate|p1a: clink|Protect
|
|-weather|Sandstorm|[upkeep]
|-heal|p1a: clink|88/100|[from] item: Leftovers
|upkeep
|turn|63
|
|t:|1728742073
|move|p2a: Aerodactyl|Rock Slide|p1a: clink
|-resisted|p1a: clink
|-damage|p1a: clink|68/100
|cant|p1a: clink|flinch
|
|-weather|Sandstorm|[upkeep]
|-heal|p1a: clink|74/100|[from] item: Leftovers
|upkeep
|turn|64
|
|t:|1728742076
|move|p1a: clink|Protect|p1a: clink
|-singleturn|p1a: clink|Protect
|move|p2a: Aerodactyl|Rock Slide|p1a: clink
|-activate|p1a: clink|Protect
|
|-weather|Sandstorm|[upkeep]
|-heal|p1a: clink|80/100|[from] item: Leftovers
|upkeep
|turn|65
|
|t:|1728742079
|move|p2a: Aerodactyl|Rock Slide|p1a: clink
|-resisted|p1a: clink
|-damage|p1a: clink|62/100
|move|p1a: clink|Rock Slide|p2a: Aerodactyl
|-supereffective|p2a: Aerodactyl
|-damage|p2a: Aerodactyl|0 fnt
|faint|p2a: Aerodactyl
|
|win|asbolus verrucosus
|c|☆asbolus verrucosus|gg

</script>
<script type="application/json" class="data" id="replaydata-smogtours-gen3ou-797423">
{"id":"smogtours-gen3ou-797423","format":"[Gen 3] OU","players":["asbolus verrucosus","Ramberg Buckland"],"uploadtime":1728742079,"views":86,"formatid":"gen3ou","rating":null,"private":0,"password":null}
</script>

<script defer src="js/replays.js?9d40a366"></script>
