<!DOCTYPE html>
<meta charset="utf-8" />
<meta name="viewport" content="width=device-width" />

<title>[Gen 3] OU: jerdgerd vs. funhouse3 - Replays - Pok&eacute;mon Showdown!</title>

<meta name="description" content="Watch a replay of a Pok&eacute;mon battle between jerdgerd and funhouse3! Format: [Gen 3] OU; Date: Oct 10, 2024" />
<!--

Hey, you! Looking in the source for the replay log?

You can find them in JSON format, just add `.json` at the end of a replay URL.

https://replay.pokemonshowdown.com/gen7randomdoublesbattle-865046831.json

Or, if you only need the log itself, add `.log` instead:

https://replay.pokemonshowdown.com/gen7randomdoublesbattle-865046831.log

-->

<link rel="stylesheet" href="//pokemonshowdown.com/style/global.css?0.023195364461161105" />
<link rel="stylesheet" href="//play.pokemonshowdown.com/style/font-awesome.css?0.13261647063804238" />
<link rel="stylesheet" href="//play.pokemonshowdown.com/style/battle.css?0.8753245789963631" />
<link rel="stylesheet" href="//play.pokemonshowdown.com/style/utilichart.css?0.8627959624976733" />

<!-- Global site tag (gtag.js) - Google Analytics -->
<script async src="https://www.googletagmanager.com/gtag/js?id=UA-26211653-1"></script>
<script>
  window.dataLayer = window.dataLayer || [];
  function gtag(){dataLayer.push(arguments);}
  gtag('js', new Date());

  gtag('config', 'UA-26211653-1');
</script>
<!-- End Google Analytics -->
<!-- Venatus Ad Manager - Install in <HEAD> of page -->
	<script src="https://hb.vntsm.com/v3/live/ad-manager.min.js" type="text/javascript" data-site-id="642aba63ec9a7b11c3c9c1be" data-mode="scan" async></script>
<!-- / Venatus Ad Manager -->

<style>
	@media (max-width:820px) {
		.battle {
			margin: 0 auto;
		}
		.battle-log {
			margin: 7px auto 0;
			max-width: 640px;
			height: 300px;
			position: static;
		}
	}
	.optgroup {
		display: inline-block;
		line-height: 22px;
		font-size: 10pt;
	}
	.optgroup .button {
		height: 25px;
		padding-top: 0;
		padding-bottom: 0;
	}
	.optgroup button.button {
		padding-left: 12px;
		padding-right: 12px;
	}
	.linklist {
		list-style: none;
		margin: 0.5em 0;
		padding: 0;
	}
	.linklist li {
		padding: 2px 0;
	}
	.sidebar {
		float: left;
		width: 320px;
	}
	.bar-wrapper {
		max-width: 1100px;
		margin: 0 auto;
	}
	.bar-wrapper.has-sidebar {
		max-width: 1430px;
	}
	.mainbar {
		margin: 0;
		padding-right: 1px;
	}
	.mainbar.has-sidebar {
		margin-left: 330px;
	}
	@media (min-width: 1511px) {
		.sidebar {
			width: 400px;
		}
		.bar-wrapper.has-sidebar {
			max-width: 1510px;
		}
		.mainbar.has-sidebar {
			margin-left: 410px;
		}
	}
	.section.first-section {
		margin-top: 9px;
	}
	.blocklink small {
		white-space: normal;
	}
	.button {
		vertical-align: middle;
	}
	.replay-controls {
		padding-top: 10px;
	}
	.replay-controls h1 {
		font-size: 16pt;
		font-weight: normal;
		color: #CCC;
	}
	.pagelink {
		text-align: center;
	}
	.pagelink a {
		width: 150px;
	}
	.textbox, .button {
		font-size: 11pt;
		vertical-align: middle;
	}
	@media (max-width: 450px) {
		.button {
			font-size: 9pt;
		}
	}
</style>

<div>

	<header>
		<div class="nav-wrapper"><ul class="nav">
			<li><a class="button nav-first" href="//pokemonshowdown.com/"><img src="//pokemonshowdown.com/images/pokemonshowdownbeta.png" srcset="//pokemonshowdown.com/images/pokemonshowdownbeta.png 1x, //pokemonshowdown.com/images/pokemonshowdownbeta@2x.png 2x" alt="Pok&eacute;mon Showdown" width="146" height="44" /> Home</a></li>
			<li><a class="button" href="//pokemonshowdown.com/dex/">Pok&eacute;dex</a></li>
			<li><a class="button cur" href="/">Replays</a></li>
			<li><a class="button" href="//pokemonshowdown.com/ladder/">Ladder</a></li>
			<li><a class="button nav-last" href="//pokemonshowdown.com/forums/">Forum</a></li>
			<li><a class="button greenbutton nav-first nav-last" href="//play.pokemonshowdown.com/">Play</a></li>
		</ul></div>
	</header>

	<div class="main" id="main">

		<noscript><section class="section">You need to enable JavaScript to use this page; sorry!</section></noscript>

	</div>

</div>

<script defer nomodule src="//play.pokemonshowdown.com/js/lib/ps-polyfill.js"></script>
<script defer src="//play.pokemonshowdown.com/js/lib/preact.min.js"></script>

<script defer src="//play.pokemonshowdown.com/config/config.js?2bddbc15"></script>
<script defer src="//play.pokemonshowdown.com/js/lib/jquery-1.11.0.min.js"></script>
<script defer src="//play.pokemonshowdown.com/js/lib/html-sanitizer-minified.js"></script>
<script defer src="//play.pokemonshowdown.com/js/battle-sound.js"></script>
<script defer src="//play.pokemonshowdown.com/js/battledata.js?0.7209276989879541"></script>
<script defer src="//play.pokemonshowdown.com/data/pokedex-mini.js?0.6111056340867951"></script>
<script defer src="//play.pokemonshowdown.com/data/pokedex-mini-bw.js?0.3532142036491459"></script>
<script defer src="//play.pokemonshowdown.com/data/graphics.js?0.24223875632456182"></script>
<script defer src="//play.pokemonshowdown.com/data/pokedex.js?0.38839984266356864"></script>
<script defer src="//play.pokemonshowdown.com/data/moves.js?0.21866028504024015"></script>
<script defer src="//play.pokemonshowdown.com/data/abilities.js?0.2005157953846628"></script>
<script defer src="//play.pokemonshowdown.com/data/items.js?0.9894211263848525"></script>
<script defer src="//play.pokemonshowdown.com/data/teambuilder-tables.js?0.6008791140282215"></script>
<script defer src="//play.pokemonshowdown.com/js/battle-tooltips.js?0.7580118955022959"></script>
<script defer src="//play.pokemonshowdown.com/js/battle.js?0.6057722274234274"></script>

<script defer src="js/utils.js?e31f9a17"></script>
<script defer src="js/replays-battle.js?7008c182"></script>

<!-- don't scrape this data! just add .json or .log after the URL!
Full API docs: https://github.com/smogon/pokemon-showdown-client/blob/master/WEB-API.md -->
<script type="text/plain" class="log" id="replaylog-smogtours-gen3ou-797070">
|inactive|Battle timer is ON: inactive players will automatically lose when time's up.
|t:|1728601846
|gametype|singles
|player|p1|jerdgerd|101|
|player|p2|funhouse3|170|
|teamsize|p1|6
|teamsize|p2|6
|gen|3
|tier|[Gen 3] OU
|rule|Sleep Clause Mod: Limit one foe put to sleep
|rule|Switch Priority Clause Mod: Faster Pokémon switch first
|rule|Species Clause: Limit one of each Pokémon
|rule|OHKO Clause: OHKO moves are banned
|rule|Evasion Items Clause: Evasion items are banned
|rule|Evasion Moves Clause: Evasion moves are banned
|rule|Endless Battle Clause: Forcing endless battles is banned
|rule|HP Percentage Mod: HP is shown in percentages
|rule|One Boost Passer Clause: Limit one Baton Passer that has a way to boost its stats
|rule|Freeze Clause Mod: Limit one foe frozen
|
|t:|1728601846
|start
|switch|p1a: Skarmory|Skarmory, M|100/100
|switch|p2a: Skarmory|Skarmory, M|100/100
|turn|1
|c|☆funhouse3|good luck!
|c|☆jerdgerd|gl!
|
|t:|1728601874
|move|p2a: Skarmory|Spikes|p1a: Skarmory
|-sidestart|p1: jerdgerd|Spikes
|move|p1a: Skarmory|Spikes|p2a: Skarmory
|-sidestart|p2: funhouse3|Spikes
|
|upkeep
|turn|2
|
|t:|1728601880
|move|p2a: Skarmory|Spikes|p1a: Skarmory
|-sidestart|p1: jerdgerd|Spikes
|move|p1a: Skarmory|Spikes|p2a: Skarmory
|-sidestart|p2: funhouse3|Spikes
|
|upkeep
|turn|3
|
|t:|1728601886
|move|p2a: Skarmory|Spikes|p1a: Skarmory
|-sidestart|p1: jerdgerd|Spikes
|move|p1a: Skarmory|Spikes|p2a: Skarmory
|-sidestart|p2: funhouse3|Spikes
|
|upkeep
|turn|4
|
|t:|1728601900
|move|p2a: Skarmory|Toxic|p1a: Skarmory
|-immune|p1a: Skarmory
|move|p1a: Skarmory|Roar|p2a: Skarmory
|drag|p2a: Aerodactyl|Aerodactyl, M|100/100
|
|upkeep
|turn|5
|
|t:|1728601910
|move|p2a: Aerodactyl|Rock Slide|p1a: Skarmory|[miss]
|-miss|p2a: Aerodactyl|p1a: Skarmory
|move|p1a: Skarmory|Roar|p2a: Aerodactyl
|drag|p2a: Swampert|Swampert, F|100/100
|-damage|p2a: Swampert|76/100|[from] Spikes
|
|-heal|p2a: Swampert|82/100|[from] item: Leftovers
|upkeep
|turn|6
|
|t:|1728601928
|move|p2a: Swampert|Hydro Pump|p1a: Skarmory
|-damage|p1a: Skarmory|50/100
|move|p1a: Skarmory|Roar|p2a: Swampert
|drag|p2a: Skarmory|Skarmory, M|100/100
|
|-heal|p1a: Skarmory|56/100|[from] item: Leftovers
|upkeep
|turn|7
|
|t:|1728601946
|move|p2a: Skarmory|Drill Peck|p1a: Skarmory
|-resisted|p1a: Skarmory
|-damage|p1a: Skarmory|48/100
|move|p1a: Skarmory|Roar|p2a: Skarmory
|drag|p2a: Swampert|Swampert, F|82/100
|-damage|p2a: Swampert|57/100|[from] Spikes
|
|-heal|p2a: Swampert|63/100|[from] item: Leftovers
|-heal|p1a: Skarmory|53/100|[from] item: Leftovers
|upkeep
|turn|8
|
|t:|1728601960
|move|p1a: Skarmory|Protect|p1a: Skarmory
|-singleturn|p1a: Skarmory|Protect
|move|p2a: Swampert|Hydro Pump|p1a: Skarmory
|-activate|p1a: Skarmory|Protect
|
|-heal|p2a: Swampert|69/100|[from] item: Leftovers
|-heal|p1a: Skarmory|59/100|[from] item: Leftovers
|upkeep
|turn|9
|inactive|funhouse3 has 270 seconds left.
|
|t:|1728601983
|switch|p1a: Zapdos|Zapdos|100/100
|move|p2a: Swampert|Hydro Pump|p1a: Zapdos
|-damage|p1a: Zapdos|67/100
|
|-heal|p1a: Zapdos|73/100|[from] item: Leftovers
|-heal|p2a: Swampert|75/100|[from] item: Leftovers
|upkeep
|turn|10
|
|t:|1728601993
|move|p2a: Swampert|Ice Beam|p1a: Zapdos
|-supereffective|p1a: Zapdos
|-damage|p1a: Zapdos|36/100
|move|p1a: Zapdos|Roar|p2a: Swampert
|drag|p2a: Gengar|Gengar, M|100/100
|
|-heal|p1a: Zapdos|42/100|[from] item: Leftovers
|upkeep
|turn|11
|inactive|funhouse3 has 270 seconds left.
|
|t:|1728602011
|move|p2a: Gengar|Ice Punch|p1a: Zapdos
|-supereffective|p1a: Zapdos
|-damage|p1a: Zapdos|14/100
|move|p1a: Zapdos|Rest|p1a: Zapdos
|-status|p1a: Zapdos|slp|[from] move: Rest
|-heal|p1a: Zapdos|100/100 slp|[silent]
|
|upkeep
|turn|12
|
|t:|1728602021
|move|p2a: Gengar|Ice Punch|p1a: Zapdos
|-supereffective|p1a: Zapdos
|-damage|p1a: Zapdos|70/100 slp
|cant|p1a: Zapdos|slp
|move|p1a: Zapdos|Sleep Talk|p1a: Zapdos
|move|p1a: Zapdos|Roar|p2a: Gengar|[from]Sleep Talk
|drag|p2a: Metagross|Metagross|100/100
|-damage|p2a: Metagross|76/100|[from] Spikes
|
|-heal|p1a: Zapdos|76/100 slp|[from] item: Leftovers
|-heal|p2a: Metagross|82/100|[from] item: Leftovers
|upkeep
|turn|13
|inactive|funhouse3 has 270 seconds left.
|
|t:|1728602047
|switch|p1a: Flygon|Flygon, M|100/100
|move|p2a: Metagross|Agility|p2a: Metagross
|-boost|p2a: Metagross|spe|2
|
|-heal|p2a: Metagross|88/100|[from] item: Leftovers
|upkeep
|turn|14
|
|t:|1728602060
|switch|p1a: Skarmory|Skarmory, M|59/100
|move|p2a: Metagross|Meteor Mash|p1a: Skarmory
|-resisted|p1a: Skarmory
|-damage|p1a: Skarmory|36/100
|
|-heal|p2a: Metagross|94/100|[from] item: Leftovers
|-heal|p1a: Skarmory|42/100|[from] item: Leftovers
|upkeep
|turn|15
|
|t:|1728602070
|move|p1a: Skarmory|Protect|p1a: Skarmory
|-singleturn|p1a: Skarmory|Protect
|move|p2a: Metagross|Meteor Mash|p1a: Skarmory
|-activate|p1a: Skarmory|Protect
|
|-heal|p2a: Metagross|99/100|[from] item: Leftovers
|-heal|p1a: Skarmory|48/100|[from] item: Leftovers
|upkeep
|turn|16
|inactive|funhouse3 has 270 seconds left.
|
|t:|1728602078
|move|p2a: Metagross|Meteor Mash|p1a: Skarmory
|-resisted|p1a: Skarmory
|-damage|p1a: Skarmory|26/100
|move|p1a: Skarmory|Roar|p2a: Metagross
|drag|p2a: Swampert|Swampert, F|75/100
|-damage|p2a: Swampert|50/100|[from] Spikes
|
|-heal|p2a: Swampert|57/100|[from] item: Leftovers
|-heal|p1a: Skarmory|32/100|[from] item: Leftovers
|upkeep
|turn|17
|inactive|funhouse3 has 270 seconds left.
|
|t:|1728602099
|switch|p1a: Zapdos|Zapdos|76/100 slp
|move|p2a: Swampert|Ice Beam|p1a: Zapdos
|-supereffective|p1a: Zapdos
|-damage|p1a: Zapdos|35/100 slp
|
|-heal|p1a: Zapdos|41/100 slp|[from] item: Leftovers
|-heal|p2a: Swampert|63/100|[from] item: Leftovers
|upkeep
|turn|18
|
|t:|1728602109
|switch|p1a: Moltres|Moltres|100/100
|move|p2a: Swampert|Ice Beam|p1a: Moltres
|-damage|p1a: Moltres|70/100
|
|-heal|p1a: Moltres|76/100|[from] item: Leftovers
|-heal|p2a: Swampert|69/100|[from] item: Leftovers
|upkeep
|turn|19
|
|t:|1728602117
|move|p1a: Moltres|Hidden Power|p2a: Swampert
|-supereffective|p2a: Swampert
|-damage|p2a: Swampert|0 fnt
|faint|p2a: Swampert
|
|t:|1728602125
|switch|p2a: Aerodactyl|Aerodactyl, M|100/100
|
|-heal|p1a: Moltres|82/100|[from] item: Leftovers
|upkeep
|turn|20
|
|t:|1728602142
|switch|p1a: Misdreavus|Misdreavus, F|100/100
|move|p2a: Aerodactyl|Double-Edge|p1a: Misdreavus
|-immune|p1a: Misdreavus
|
|upkeep
|turn|21
|
|t:|1728602155
|switch|p2a: Skarmory|Skarmory, M|100/100
|move|p1a: Misdreavus|Thunderbolt|p2a: Skarmory
|-supereffective|p2a: Skarmory
|-damage|p2a: Skarmory|65/100
|
|-heal|p2a: Skarmory|71/100|[from] item: Leftovers
|upkeep
|turn|22
|
|t:|1728602169
|move|p1a: Misdreavus|Mean Look|p2a: Skarmory
|-activate|p2a: Skarmory|trapped
|move|p2a: Skarmory|Toxic|p1a: Misdreavus
|-status|p1a: Misdreavus|tox
|
|-damage|p1a: Misdreavus|94/100 tox|[from] psn
|-heal|p2a: Skarmory|77/100|[from] item: Leftovers
|upkeep
|turn|23
|
|t:|1728602177
|move|p2a: Skarmory|Protect|p2a: Skarmory
|-singleturn|p2a: Skarmory|Protect
|move|p1a: Misdreavus|Perish Song|p1a: Misdreavus
|-start|p1a: Misdreavus|perish3|[silent]
|-start|p2a: Skarmory|perish3|[silent]
|-fieldactivate|move: Perish Song
|
|-heal|p1a: Misdreavus|100/100 tox|[from] item: Leftovers
|-damage|p1a: Misdreavus|88/100 tox|[from] psn
|-heal|p2a: Skarmory|83/100|[from] item: Leftovers
|-start|p1a: Misdreavus|perish3
|-start|p2a: Skarmory|perish3
|upkeep
|turn|24
|
|t:|1728602188
|move|p1a: Misdreavus|Rest|p1a: Misdreavus
|-status|p1a: Misdreavus|slp|[from] move: Rest
|-heal|p1a: Misdreavus|100/100 slp|[silent]
|move|p2a: Skarmory|Drill Peck|p1a: Misdreavus
|-damage|p1a: Misdreavus|63/100 slp
|
|-heal|p1a: Misdreavus|69/100 slp|[from] item: Leftovers
|-heal|p2a: Skarmory|89/100|[from] item: Leftovers
|-start|p1a: Misdreavus|perish2
|-start|p2a: Skarmory|perish2
|upkeep
|turn|25
|
|t:|1728602199
|cant|p1a: Misdreavus|slp
|move|p2a: Skarmory|Drill Peck|p1a: Misdreavus
|-crit|p1a: Misdreavus
|-damage|p1a: Misdreavus|0 fnt
|faint|p1a: Misdreavus
|
|t:|1728602208
|switch|p1a: Moltres|Moltres|82/100
|
|-heal|p1a: Moltres|89/100|[from] item: Leftovers
|-heal|p2a: Skarmory|95/100|[from] item: Leftovers
|-start|p2a: Skarmory|perish1
|upkeep
|turn|26
|
|t:|1728602217
|switch|p2a: Metagross|Metagross|99/100
|-damage|p2a: Metagross|75/100|[from] Spikes
|move|p1a: Moltres|Will-O-Wisp|p2a: Metagross
|-status|p2a: Metagross|brn
|
|-heal|p1a: Moltres|95/100|[from] item: Leftovers
|-heal|p2a: Metagross|82/100 brn|[from] item: Leftovers
|-damage|p2a: Metagross|69/100 brn|[from] brn
|upkeep
|turn|27
|
|t:|1728602229
|move|p1a: Moltres|Flamethrower|p2a: Metagross
|-supereffective|p2a: Metagross
|-damage|p2a: Metagross|0 fnt
|faint|p2a: Metagross
|
|t:|1728602234
|switch|p2a: Aerodactyl|Aerodactyl, M|100/100
|
|-heal|p1a: Moltres|100/100|[from] item: Leftovers
|upkeep
|turn|28
|
|t:|1728602250
|switch|p1a: Flygon|Flygon, M|100/100
|move|p2a: Aerodactyl|Rock Slide|p1a: Flygon
|-resisted|p1a: Flygon
|-damage|p1a: Flygon|80/100
|
|-heal|p1a: Flygon|86/100|[from] item: Leftovers
|upkeep
|turn|29
|
|t:|1728602264
|switch|p2a: Skarmory|Skarmory, M|95/100
|switch|p1a: Zapdos|Zapdos|41/100 slp
|
|-heal|p1a: Zapdos|47/100 slp|[from] item: Leftovers
|-heal|p2a: Skarmory|100/100|[from] item: Leftovers
|upkeep
|turn|30
|
|t:|1728602279
|switch|p2a: Aerodactyl|Aerodactyl, M|100/100
|cant|p1a: Zapdos|slp
|move|p1a: Zapdos|Sleep Talk|p1a: Zapdos
|move|p1a: Zapdos|Thunderbolt|p2a: Aerodactyl|[from]Sleep Talk
|-supereffective|p2a: Aerodactyl
|-damage|p2a: Aerodactyl|0 fnt
|faint|p2a: Aerodactyl
|
|t:|1728602296
|switch|p2a: Jolteon|Jolteon, F|100/100
|-damage|p2a: Jolteon|76/100|[from] Spikes
|
|-heal|p2a: Jolteon|82/100|[from] item: Leftovers
|-heal|p1a: Zapdos|53/100 slp|[from] item: Leftovers
|upkeep
|turn|31
|
|t:|1728602308
|switch|p1a: Blissey|Blissey, F|100/100
|-damage|p1a: Blissey|76/100|[from] Spikes
|move|p2a: Jolteon|Thunderbolt|p1a: Blissey
|-damage|p1a: Blissey|58/100
|
|-heal|p2a: Jolteon|88/100|[from] item: Leftovers
|-heal|p1a: Blissey|64/100|[from] item: Leftovers
|upkeep
|turn|32
|
|t:|1728602319
|move|p1a: Blissey|Soft-Boiled|p1a: Blissey
|-heal|p1a: Blissey|100/100
|move|p2a: Jolteon|Roar|p1a: Blissey
|drag|p1a: Zapdos|Zapdos|53/100 slp
|
|-heal|p2a: Jolteon|93/100|[from] item: Leftovers
|-heal|p1a: Zapdos|59/100 slp|[from] item: Leftovers
|upkeep
|turn|33
|
|t:|1728602329
|switch|p1a: Blissey|Blissey, F|100/100
|-damage|p1a: Blissey|76/100|[from] Spikes
|move|p2a: Jolteon|Thunderbolt|p1a: Blissey
|-damage|p1a: Blissey|59/100
|-status|p1a: Blissey|par
|
|-heal|p2a: Jolteon|99/100|[from] item: Leftovers
|-heal|p1a: Blissey|65/100 par|[from] item: Leftovers
|upkeep
|turn|34
|
|t:|1728602345
|move|p2a: Jolteon|Thunderbolt|p1a: Blissey
|-damage|p1a: Blissey|46/100 par
|cant|p1a: Blissey|par
|
|-heal|p2a: Jolteon|100/100|[from] item: Leftovers
|-heal|p1a: Blissey|52/100 par|[from] item: Leftovers
|upkeep
|turn|35
|
|t:|1728602352
|move|p1a: Blissey|Soft-Boiled|p1a: Blissey
|-heal|p1a: Blissey|100/100 par
|move|p2a: Jolteon|Roar|p1a: Blissey
|-curestatus|p1a: Blissey|par|[from] ability: Natural Cure
|drag|p1a: Zapdos|Zapdos|59/100 slp
|
|-heal|p1a: Zapdos|65/100 slp|[from] item: Leftovers
|upkeep
|turn|36
|
|t:|1728602364
|switch|p1a: Blissey|Blissey, F|100/100
|-damage|p1a: Blissey|76/100|[from] Spikes
|move|p2a: Jolteon|Roar|p1a: Blissey
|drag|p1a: Skarmory|Skarmory, M|32/100
|
|-heal|p1a: Skarmory|38/100|[from] item: Leftovers
|upkeep
|turn|37
|
|t:|1728602374
|move|p2a: Jolteon|Thunderbolt|p1a: Skarmory
|-supereffective|p1a: Skarmory
|-damage|p1a: Skarmory|0 fnt
|faint|p1a: Skarmory
|
|t:|1728602381
|switch|p1a: Flygon|Flygon, M|86/100
|
|-heal|p1a: Flygon|92/100|[from] item: Leftovers
|upkeep
|turn|38
|
|t:|1728602389
|move|p1a: Flygon|Protect|p1a: Flygon
|-singleturn|p1a: Flygon|Protect
|move|p2a: Jolteon|Baton Pass|p2a: Jolteon
|
|t:|1728602399
|switch|p2a: Gengar|Gengar, M|100/100|[from] Baton Pass
|
|-heal|p1a: Flygon|98/100|[from] item: Leftovers
|upkeep
|turn|39
|
|t:|1728602409
|switch|p1a: Moltres|Moltres|100/100
|move|p2a: Gengar|Ice Punch|p1a: Moltres
|-damage|p1a: Moltres|76/100
|
|-heal|p1a: Moltres|82/100|[from] item: Leftovers
|upkeep
|turn|40
|
|t:|1728602418
|move|p2a: Gengar|Thunderbolt|p1a: Moltres
|-supereffective|p1a: Moltres
|-damage|p1a: Moltres|12/100
|move|p1a: Moltres|Will-O-Wisp|p2a: Gengar
|-status|p2a: Gengar|brn
|
|-damage|p2a: Gengar|88/100 brn|[from] brn
|-heal|p1a: Moltres|19/100|[from] item: Leftovers
|upkeep
|turn|41
|
|t:|1728602433
|move|p2a: Gengar|Ice Punch|p1a: Moltres
|-damage|p1a: Moltres|0 fnt
|faint|p1a: Moltres
|
|t:|1728602436
|switch|p1a: Blissey|Blissey, F|76/100
|-damage|p1a: Blissey|51/100|[from] Spikes
|
|-heal|p2a: Gengar|94/100 brn|[from] item: Leftovers
|-damage|p2a: Gengar|82/100 brn|[from] brn
|-heal|p1a: Blissey|57/100|[from] item: Leftovers
|upkeep
|turn|42
|
|t:|1728602454
|switch|p2a: Skarmory|Skarmory, M|100/100
|move|p1a: Blissey|Aromatherapy|p1a: Blissey
|-cureteam|p1a: Blissey|[from] move: Aromatherapy
|
|-heal|p1a: Blissey|63/100|[from] item: Leftovers
|upkeep
|turn|43
|
|t:|1728602462
|move|p2a: Skarmory|Toxic|p1a: Blissey
|-status|p1a: Blissey|tox
|move|p1a: Blissey|Soft-Boiled|p1a: Blissey
|-heal|p1a: Blissey|100/100 tox
|
|-damage|p1a: Blissey|94/100 tox|[from] psn
|upkeep
|turn|44
|
|t:|1728602472
|-curestatus|p1a: Blissey|tox|[from] ability: Natural Cure
|switch|p1a: Zapdos|Zapdos|65/100
|move|p2a: Skarmory|Toxic|p1a: Zapdos
|-status|p1a: Zapdos|tox
|
|-heal|p1a: Zapdos|72/100 tox|[from] item: Leftovers
|-damage|p1a: Zapdos|65/100 tox|[from] psn
|upkeep
|turn|45
|
|t:|1728602484
|move|p2a: Skarmory|Protect|p2a: Skarmory
|-singleturn|p2a: Skarmory|Protect
|move|p1a: Zapdos|Roar|p2a: Skarmory
|-activate|p2a: Skarmory|Protect
|
|-heal|p1a: Zapdos|72/100 tox|[from] item: Leftovers
|-damage|p1a: Zapdos|59/100 tox|[from] psn
|upkeep
|turn|46
|
|t:|1728602497
|move|p1a: Zapdos|Thunderbolt|p2a: Skarmory
|-supereffective|p2a: Skarmory
|-damage|p2a: Skarmory|25/100
|move|p2a: Skarmory|Drill Peck|p1a: Zapdos
|-resisted|p1a: Zapdos
|-damage|p1a: Zapdos|47/100 tox
|
|-heal|p1a: Zapdos|53/100 tox|[from] item: Leftovers
|-damage|p1a: Zapdos|35/100 tox|[from] psn
|-heal|p2a: Skarmory|31/100|[from] item: Leftovers
|upkeep
|turn|47
|
|t:|1728602510
|switch|p2a: Jolteon|Jolteon, F|100/100
|-damage|p2a: Jolteon|76/100|[from] Spikes
|move|p1a: Zapdos|Rest|p1a: Zapdos
|-status|p1a: Zapdos|slp|[from] move: Rest
|-heal|p1a: Zapdos|100/100 slp|[silent]
|
|-heal|p2a: Jolteon|82/100|[from] item: Leftovers
|upkeep
|turn|48
|
|t:|1728602522
|switch|p1a: Flygon|Flygon, M|98/100
|move|p2a: Jolteon|Roar|p1a: Flygon
|drag|p1a: Zapdos|Zapdos|100/100 slp
|
|-heal|p2a: Jolteon|88/100|[from] item: Leftovers
|upkeep
|turn|49
|
|t:|1728602534
|switch|p1a: Flygon|Flygon, M|98/100
|move|p2a: Jolteon|Thunderbolt|p1a: Flygon
|-immune|p1a: Flygon
|
|-heal|p2a: Jolteon|93/100|[from] item: Leftovers
|-heal|p1a: Flygon|100/100|[from] item: Leftovers
|upkeep
|turn|50
|
|t:|1728602545
|move|p2a: Jolteon|Hidden Power|p1a: Flygon
|-damage|p1a: Flygon|76/100
|move|p1a: Flygon|Rock Slide|p2a: Jolteon
|-damage|p2a: Jolteon|58/100
|
|-heal|p2a: Jolteon|64/100|[from] item: Leftovers
|-heal|p1a: Flygon|82/100|[from] item: Leftovers
|upkeep
|turn|51
|
|t:|1728602557
|move|p2a: Jolteon|Baton Pass|p2a: Jolteon
|
|t:|1728602558
|switch|p2a: Gengar|Gengar, M|82/100 brn|[from] Baton Pass
|move|p1a: Flygon|Rock Slide|p2a: Gengar
|-damage|p2a: Gengar|54/100 brn
|
|-heal|p2a: Gengar|60/100 brn|[from] item: Leftovers
|-damage|p2a: Gengar|48/100 brn|[from] brn
|-heal|p1a: Flygon|88/100|[from] item: Leftovers
|upkeep
|turn|52
|
|t:|1728602579
|move|p1a: Flygon|Protect|p1a: Flygon
|-singleturn|p1a: Flygon|Protect
|move|p2a: Gengar|Explosion|p1a: Flygon
|-activate|p1a: Flygon|Protect
|faint|p2a: Gengar
|
|t:|1728602585
|switch|p2a: Jolteon|Jolteon, F|64/100
|-damage|p2a: Jolteon|39/100|[from] Spikes
|
|-heal|p2a: Jolteon|45/100|[from] item: Leftovers
|-heal|p1a: Flygon|94/100|[from] item: Leftovers
|upkeep
|turn|53
|
|t:|1728602599
|move|p2a: Jolteon|Hidden Power|p1a: Flygon
|-damage|p1a: Flygon|72/100
|move|p1a: Flygon|Rock Slide|p2a: Jolteon
|-damage|p2a: Jolteon|14/100
|
|-heal|p2a: Jolteon|20/100|[from] item: Leftovers
|-heal|p1a: Flygon|78/100|[from] item: Leftovers
|upkeep
|turn|54
|
|t:|1728602608
|move|p2a: Jolteon|Hidden Power|p1a: Flygon
|-damage|p1a: Flygon|55/100
|move|p1a: Flygon|Rock Slide|p2a: Jolteon
|-damage|p2a: Jolteon|0 fnt
|faint|p2a: Jolteon
|
|t:|1728602614
|switch|p2a: Skarmory|Skarmory, M|31/100
|
|-heal|p1a: Flygon|61/100|[from] item: Leftovers
|-heal|p2a: Skarmory|37/100|[from] item: Leftovers
|upkeep
|turn|55
|
|t:|1728602620
|switch|p1a: Zapdos|Zapdos|100/100 slp
|move|p2a: Skarmory|Protect||[still]
|-fail|p2a: Skarmory
|
|-heal|p2a: Skarmory|43/100|[from] item: Leftovers
|upkeep
|turn|56
|c|☆jerdgerd|gg
|
|t:|1728602632
|cant|p1a: Zapdos|slp
|move|p1a: Zapdos|Sleep Talk|p1a: Zapdos
|move|p1a: Zapdos|Roar||[from]Sleep Talk|[still]
|-fail|p1a: Zapdos
|move|p2a: Skarmory|Drill Peck|p1a: Zapdos
|-resisted|p1a: Zapdos
|-damage|p1a: Zapdos|89/100 slp
|
|-heal|p1a: Zapdos|95/100 slp|[from] item: Leftovers
|-heal|p2a: Skarmory|49/100|[from] item: Leftovers
|upkeep
|turn|57
|
|t:|1728602642
|cant|p1a: Zapdos|slp
|move|p1a: Zapdos|Sleep Talk|p1a: Zapdos
|move|p1a: Zapdos|Thunderbolt|p2a: Skarmory|[from]Sleep Talk
|-supereffective|p2a: Skarmory
|-damage|p2a: Skarmory|0 fnt
|faint|p2a: Skarmory
|
|win|jerdgerd
|c|☆funhouse3|gg
|player|p1|
|player|p1|jerdgerd|101|

</script>
<script type="application/json" class="data" id="replaydata-smogtours-gen3ou-797070">
{"id":"smogtours-gen3ou-797070","format":"[Gen 3] OU","players":["jerdgerd","funhouse3"],"uploadtime":1728602642,"views":90,"formatid":"gen3ou","rating":null,"private":0,"password":null}
</script>

<script defer src="js/replays.js?9d40a366"></script>
