<!DOCTYPE html>
<meta charset="utf-8" />
<meta name="viewport" content="width=device-width" />

<title>[Gen 3] OU: gooball99 vs. Klird - Replays - Pok&eacute;mon Showdown!</title>

<meta name="description" content="Watch a replay of a Pok&eacute;mon battle between gooball99 and Klird! Format: [Gen 3] OU; Date: Oct 20, 2024" />
<!--

Hey, you! Looking in the source for the replay log?

You can find them in JSON format, just add `.json` at the end of a replay URL.

https://replay.pokemonshowdown.com/gen7randomdoublesbattle-865046831.json

Or, if you only need the log itself, add `.log` instead:

https://replay.pokemonshowdown.com/gen7randomdoublesbattle-865046831.log

-->

<link rel="stylesheet" href="//pokemonshowdown.com/style/global.css?0.767286132409787" />
<link rel="stylesheet" href="//play.pokemonshowdown.com/style/font-awesome.css?0.9266228007934947" />
<link rel="stylesheet" href="//play.pokemonshowdown.com/style/battle.css?0.7924700842790926" />
<link rel="stylesheet" href="//play.pokemonshowdown.com/style/utilichart.css?0.8777417872839479" />

<!-- Global site tag (gtag.js) - Google Analytics -->
<script async src="https://www.googletagmanager.com/gtag/js?id=UA-26211653-1"></script>
<script>
  window.dataLayer = window.dataLayer || [];
  function gtag(){dataLayer.push(arguments);}
  gtag('js', new Date());

  gtag('config', 'UA-26211653-1');
</script>
<!-- End Google Analytics -->
<!-- Venatus Ad Manager - Install in <HEAD> of page -->
	<script src="https://hb.vntsm.com/v3/live/ad-manager.min.js" type="text/javascript" data-site-id="642aba63ec9a7b11c3c9c1be" data-mode="scan" async></script>
<!-- / Venatus Ad Manager -->

<style>
	@media (max-width:820px) {
		.battle {
			margin: 0 auto;
		}
		.battle-log {
			margin: 7px auto 0;
			max-width: 640px;
			height: 300px;
			position: static;
		}
	}
	.optgroup {
		display: inline-block;
		line-height: 22px;
		font-size: 10pt;
	}
	.optgroup .button {
		height: 25px;
		padding-top: 0;
		padding-bottom: 0;
	}
	.optgroup button.button {
		padding-left: 12px;
		padding-right: 12px;
	}
	.linklist {
		list-style: none;
		margin: 0.5em 0;
		padding: 0;
	}
	.linklist li {
		padding: 2px 0;
	}
	.sidebar {
		float: left;
		width: 320px;
	}
	.bar-wrapper {
		max-width: 1100px;
		margin: 0 auto;
	}
	.bar-wrapper.has-sidebar {
		max-width: 1430px;
	}
	.mainbar {
		margin: 0;
		padding-right: 1px;
	}
	.mainbar.has-sidebar {
		margin-left: 330px;
	}
	@media (min-width: 1511px) {
		.sidebar {
			width: 400px;
		}
		.bar-wrapper.has-sidebar {
			max-width: 1510px;
		}
		.mainbar.has-sidebar {
			margin-left: 410px;
		}
	}
	.section.first-section {
		margin-top: 9px;
	}
	.blocklink small {
		white-space: normal;
	}
	.button {
		vertical-align: middle;
	}
	.replay-controls {
		padding-top: 10px;
	}
	.replay-controls h1 {
		font-size: 16pt;
		font-weight: normal;
		color: #CCC;
	}
	.pagelink {
		text-align: center;
	}
	.pagelink a {
		width: 150px;
	}
	.textbox, .button {
		font-size: 11pt;
		vertical-align: middle;
	}
	@media (max-width: 450px) {
		.button {
			font-size: 9pt;
		}
	}
</style>

<div>

	<header>
		<div class="nav-wrapper"><ul class="nav">
			<li><a class="button nav-first" href="//pokemonshowdown.com/"><img src="//pokemonshowdown.com/images/pokemonshowdownbeta.png" srcset="//pokemonshowdown.com/images/pokemonshowdownbeta.png 1x, //pokemonshowdown.com/images/pokemonshowdownbeta@2x.png 2x" alt="Pok&eacute;mon Showdown" width="146" height="44" /> Home</a></li>
			<li><a class="button" href="//pokemonshowdown.com/dex/">Pok&eacute;dex</a></li>
			<li><a class="button cur" href="/">Replays</a></li>
			<li><a class="button" href="//pokemonshowdown.com/ladder/">Ladder</a></li>
			<li><a class="button nav-last" href="//pokemonshowdown.com/forums/">Forum</a></li>
			<li><a class="button greenbutton nav-first nav-last" href="//play.pokemonshowdown.com/">Play</a></li>
		</ul></div>
	</header>

	<div class="main" id="main">

		<noscript><section class="section">You need to enable JavaScript to use this page; sorry!</section></noscript>

	</div>

</div>

<script defer nomodule src="//play.pokemonshowdown.com/js/lib/ps-polyfill.js"></script>
<script defer src="//play.pokemonshowdown.com/js/lib/preact.min.js"></script>

<script defer src="//play.pokemonshowdown.com/config/config.js?6dec07f6"></script>
<script defer src="//play.pokemonshowdown.com/js/lib/jquery-1.11.0.min.js"></script>
<script defer src="//play.pokemonshowdown.com/js/lib/html-sanitizer-minified.js"></script>
<script defer src="//play.pokemonshowdown.com/js/battle-sound.js"></script>
<script defer src="//play.pokemonshowdown.com/js/battledata.js?0.6315294753075389"></script>
<script defer src="//play.pokemonshowdown.com/data/pokedex-mini.js?0.7603743185311358"></script>
<script defer src="//play.pokemonshowdown.com/data/pokedex-mini-bw.js?0.030888842834281283"></script>
<script defer src="//play.pokemonshowdown.com/data/graphics.js?0.05593094747507488"></script>
<script defer src="//play.pokemonshowdown.com/data/pokedex.js?0.47064822249611904"></script>
<script defer src="//play.pokemonshowdown.com/data/moves.js?0.8583693120512459"></script>
<script defer src="//play.pokemonshowdown.com/data/abilities.js?0.16017181182386842"></script>
<script defer src="//play.pokemonshowdown.com/data/items.js?0.4163379185673943"></script>
<script defer src="//play.pokemonshowdown.com/data/teambuilder-tables.js?0.31075597372830477"></script>
<script defer src="//play.pokemonshowdown.com/js/battle-tooltips.js?0.6536193500708172"></script>
<script defer src="//play.pokemonshowdown.com/js/battle.js?0.1916591943277901"></script>

<script defer src="js/utils.js?e31f9a17"></script>
<script defer src="js/replays-battle.js?7008c182"></script>

<!-- don't scrape this data! just add .json or .log after the URL!
Full API docs: https://github.com/smogon/pokemon-showdown-client/blob/master/WEB-API.md -->
<script type="text/plain" class="log" id="replaylog-smogtours-gen3ou-800957">
|inactive|Battle timer is ON: inactive players will automatically lose when time's up.
|t:|1729465086
|gametype|singles
|player|p1|gooball99|1|
|player|p2|Klird|101|
|teamsize|p1|6
|teamsize|p2|6
|gen|3
|tier|[Gen 3] OU
|rule|Sleep Clause Mod: Limit one foe put to sleep
|rule|Switch Priority Clause Mod: Faster Pokémon switch first
|rule|Species Clause: Limit one of each Pokémon
|rule|OHKO Clause: OHKO moves are banned
|rule|Evasion Items Clause: Evasion items are banned
|rule|Evasion Moves Clause: Evasion moves are banned
|rule|Endless Battle Clause: Forcing endless battles is banned
|rule|HP Percentage Mod: HP is shown in percentages
|rule|One Boost Passer Clause: Limit one Baton Passer that has a way to boost its stats
|rule|Freeze Clause Mod: Limit one foe frozen
|
|t:|1729465086
|start
|switch|p1a: Breloom|Breloom, M|100/100
|switch|p2a: Tyranitar|Tyranitar, M, shiny|100/100
|-weather|Sandstorm|[from] ability: Sand Stream|[of] p2a: Tyranitar
|turn|1
|c|☆gooball99|Good luck! Have fun!
|c|☆Klird|u2!
|inactive|Klird has 270 seconds left.
|inactive|gooball99 has 270 seconds left.
|inactive|Klird has 240 seconds left.
|
|t:|1729465160
|switch|p2a: Neymar|Starmie|100/100
|move|p1a: Breloom|Spore|p2a: Neymar
|-status|p2a: Neymar|slp|[from] move: Spore
|
|-weather|Sandstorm|[upkeep]
|-damage|p2a: Neymar|94/100 slp|[from] Sandstorm
|-damage|p1a: Breloom|94/100|[from] Sandstorm
|-heal|p2a: Neymar|100/100 slp|[from] item: Leftovers
|-heal|p1a: Breloom|100/100|[from] item: Leftovers
|upkeep
|turn|2
|
|t:|1729465173
|-curestatus|p2a: Neymar|slp|[from] ability: Natural Cure
|switch|p2a: Genaro|Gengar, F, shiny|100/100
|move|p1a: Breloom|Hidden Power|p2a: Genaro
|-supereffective|p2a: Genaro
|-crit|p2a: Genaro
|-damage|p2a: Genaro|0 fnt
|faint|p2a: Genaro
|c|☆gooball99|Oh. Mb.
|c|☆Klird|np
|
|t:|1729465192
|switch|p2a: Neymar|Starmie|100/100
|
|-weather|Sandstorm|[upkeep]
|-damage|p2a: Neymar|94/100|[from] Sandstorm
|-damage|p1a: Breloom|94/100|[from] Sandstorm
|-heal|p2a: Neymar|100/100|[from] item: Leftovers
|-heal|p1a: Breloom|100/100|[from] item: Leftovers
|upkeep
|turn|3
|
|t:|1729465200
|switch|p1a: Blissey|Blissey, F|100/100
|move|p2a: Neymar|Ice Beam|p1a: Blissey
|-damage|p1a: Blissey|90/100
|
|-weather|Sandstorm|[upkeep]
|-damage|p2a: Neymar|94/100|[from] Sandstorm
|-damage|p1a: Blissey|83/100|[from] Sandstorm
|-heal|p2a: Neymar|100/100|[from] item: Leftovers
|-heal|p1a: Blissey|90/100|[from] item: Leftovers
|upkeep
|turn|4
|
|t:|1729465210
|switch|p2a: Andrea Pirlo|Blissey, F, shiny|100/100
|move|p1a: Blissey|Ice Beam|p2a: Andrea Pirlo
|-damage|p2a: Andrea Pirlo|92/100
|-status|p2a: Andrea Pirlo|frz
|
|-weather|Sandstorm|[upkeep]
|-damage|p2a: Andrea Pirlo|86/100 frz|[from] Sandstorm
|-damage|p1a: Blissey|83/100|[from] Sandstorm
|-heal|p2a: Andrea Pirlo|92/100 frz|[from] item: Leftovers
|-heal|p1a: Blissey|90/100|[from] item: Leftovers
|upkeep
|turn|5
|c|☆gooball99|I'm so sorry
|
|t:|1729465233
|-curestatus|p2a: Andrea Pirlo|frz|[from] ability: Natural Cure
|switch|p2a: Skarmory|Skarmory, M|100/100
|switch|p1a: Skarmory|Skarmory, M|100/100
|
|-weather|Sandstorm|[upkeep]
|upkeep
|turn|6
|c|☆Klird|np, this can happen
|
|t:|1729465241
|move|p2a: Skarmory|Taunt|p1a: Skarmory
|-start|p1a: Skarmory|move: Taunt
|move|p1a: Skarmory|Thief|p2a: Skarmory
|-resisted|p2a: Skarmory
|-damage|p2a: Skarmory|99/100
|-enditem|p2a: Skarmory|Leftovers|[silent]|[from] move: Thief|[of] p1a: Skarmory
|-item|p1a: Skarmory|Leftovers|[from] move: Thief|[of] p2a: Skarmory
|
|-weather|Sandstorm|[upkeep]
|upkeep
|turn|7
|
|t:|1729465250
|switch|p1a: Breloom|Breloom, M|100/100
|move|p2a: Skarmory|Spikes|p1a: Breloom
|-sidestart|p1: gooball99|Spikes
|
|-weather|Sandstorm|[upkeep]
|-damage|p1a: Breloom|94/100|[from] Sandstorm
|-heal|p1a: Breloom|100/100|[from] item: Leftovers
|upkeep
|turn|8
|
|t:|1729465258
|move|p1a: Breloom|Spore|p2a: Skarmory
|-status|p2a: Skarmory|slp|[from] move: Spore
|cant|p2a: Skarmory|slp
|
|-weather|Sandstorm|[upkeep]
|-damage|p1a: Breloom|94/100|[from] Sandstorm
|-heal|p1a: Breloom|100/100|[from] item: Leftovers
|upkeep
|turn|9
|inactive|Klird has 270 seconds left.
|
|t:|1729465297
|-singleturn|p1a: Breloom|move: Focus Punch
|switch|p2a: Neymar|Starmie|100/100
|move|p1a: Breloom|Focus Punch|p2a: Neymar
|-resisted|p2a: Neymar
|-damage|p2a: Neymar|47/100
|
|-weather|Sandstorm|[upkeep]
|-damage|p2a: Neymar|41/100|[from] Sandstorm
|-damage|p1a: Breloom|94/100|[from] Sandstorm
|-heal|p2a: Neymar|47/100|[from] item: Leftovers
|-heal|p1a: Breloom|100/100|[from] item: Leftovers
|upkeep
|turn|10
|inactive|Klird has 270 seconds left.
|
|t:|1729465313
|switch|p2a: Andrea Pirlo|Blissey, F, shiny|92/100
|move|p1a: Breloom|Hidden Power|p2a: Andrea Pirlo
|-immune|p2a: Andrea Pirlo
|
|-weather|Sandstorm|[upkeep]
|-damage|p1a: Breloom|94/100|[from] Sandstorm
|-damage|p2a: Andrea Pirlo|86/100|[from] Sandstorm
|-heal|p1a: Breloom|100/100|[from] item: Leftovers
|-heal|p2a: Andrea Pirlo|92/100|[from] item: Leftovers
|upkeep
|turn|11
|
|t:|1729465329
|-singleturn|p1a: Breloom|move: Focus Punch
|switch|p2a: Swampert|Swampert, M|100/100
|move|p1a: Breloom|Focus Punch|p2a: Swampert
|-damage|p2a: Swampert|31/100
|
|-weather|Sandstorm|[upkeep]
|-damage|p1a: Breloom|94/100|[from] Sandstorm
|-heal|p1a: Breloom|100/100|[from] item: Leftovers
|-heal|p2a: Swampert|37/100|[from] item: Leftovers
|upkeep
|turn|12
|
|t:|1729465343
|switch|p1a: Suicune|Suicune|100/100
|-damage|p1a: Suicune|88/100|[from] Spikes
|move|p2a: Swampert|Ice Beam|p1a: Suicune
|-resisted|p1a: Suicune
|-damage|p1a: Suicune|78/100
|
|-weather|Sandstorm|[upkeep]
|-damage|p1a: Suicune|72/100|[from] Sandstorm
|-heal|p1a: Suicune|78/100|[from] item: Leftovers
|-heal|p2a: Swampert|43/100|[from] item: Leftovers
|upkeep
|turn|13
|
|t:|1729465354
|move|p1a: Suicune|Calm Mind|p1a: Suicune
|-boost|p1a: Suicune|spa|1
|-boost|p1a: Suicune|spd|1
|move|p2a: Swampert|Earthquake|p1a: Suicune
|-damage|p1a: Suicune|57/100
|
|-weather|Sandstorm|[upkeep]
|-damage|p1a: Suicune|50/100|[from] Sandstorm
|-heal|p1a: Suicune|57/100|[from] item: Leftovers
|-heal|p2a: Swampert|49/100|[from] item: Leftovers
|upkeep
|turn|14
|
|t:|1729465364
|switch|p2a: Andrea Pirlo|Blissey, F, shiny|92/100
|move|p1a: Suicune|Surf|p2a: Andrea Pirlo
|-damage|p2a: Andrea Pirlo|74/100
|
|-weather|Sandstorm|[upkeep]
|-damage|p1a: Suicune|50/100|[from] Sandstorm
|-damage|p2a: Andrea Pirlo|68/100|[from] Sandstorm
|-heal|p1a: Suicune|57/100|[from] item: Leftovers
|-heal|p2a: Andrea Pirlo|74/100|[from] item: Leftovers
|upkeep
|turn|15
|inactive|Klird has 270 seconds left.
|
|t:|1729465379
|switch|p1a: Tyranitar|Tyranitar, F|100/100
|-damage|p1a: Tyranitar|88/100|[from] Spikes
|move|p2a: Andrea Pirlo|Toxic|p1a: Tyranitar
|-status|p1a: Tyranitar|tox
|-enditem|p1a: Tyranitar|Lum Berry|[eat]
|-curestatus|p1a: Tyranitar|tox|[msg]
|
|-weather|Sandstorm|[upkeep]
|-damage|p2a: Andrea Pirlo|68/100|[from] Sandstorm
|-heal|p2a: Andrea Pirlo|74/100|[from] item: Leftovers
|upkeep
|turn|16
|
|t:|1729465392
|switch|p2a: Swampert|Swampert, M|49/100
|move|p1a: Tyranitar|Rock Slide|p2a: Swampert|[miss]
|-miss|p1a: Tyranitar|p2a: Swampert
|
|-weather|Sandstorm|[upkeep]
|-heal|p2a: Swampert|56/100|[from] item: Leftovers
|upkeep
|turn|17
|
|t:|1729465405
|switch|p1a: Skarmory|Skarmory, M|100/100
|move|p2a: Swampert|Hydro Pump|p1a: Skarmory|[miss]
|-miss|p2a: Swampert|p1a: Skarmory
|
|-weather|Sandstorm|[upkeep]
|-heal|p2a: Swampert|62/100|[from] item: Leftovers
|upkeep
|turn|18
|
|t:|1729465412
|move|p1a: Skarmory|Toxic|p2a: Swampert
|-status|p2a: Swampert|tox
|move|p2a: Swampert|Hydro Pump|p1a: Skarmory
|-damage|p1a: Skarmory|53/100
|
|-weather|Sandstorm|[upkeep]
|-heal|p1a: Skarmory|59/100|[from] item: Leftovers
|-heal|p2a: Swampert|68/100 tox|[from] item: Leftovers
|-damage|p2a: Swampert|62/100 tox|[from] psn
|upkeep
|turn|19
|
|t:|1729465422
|switch|p2a: Neymar|Starmie|47/100
|move|p1a: Skarmory|Spikes|p2a: Neymar
|-sidestart|p2: Klird|Spikes
|
|-weather|Sandstorm|[upkeep]
|-damage|p2a: Neymar|41/100|[from] Sandstorm
|-heal|p2a: Neymar|47/100|[from] item: Leftovers
|-heal|p1a: Skarmory|65/100|[from] item: Leftovers
|upkeep
|turn|20
|
|t:|1729465430
|switch|p1a: Blissey|Blissey, F|90/100
|-damage|p1a: Blissey|77/100|[from] Spikes
|move|p2a: Neymar|Thunderbolt|p1a: Blissey
|-damage|p1a: Blissey|65/100
|
|-weather|Sandstorm|[upkeep]
|-damage|p2a: Neymar|41/100|[from] Sandstorm
|-damage|p1a: Blissey|59/100|[from] Sandstorm
|-heal|p2a: Neymar|47/100|[from] item: Leftovers
|-heal|p1a: Blissey|65/100|[from] item: Leftovers
|upkeep
|turn|21
|
|t:|1729465444
|switch|p2a: Andrea Pirlo|Blissey, F, shiny|74/100
|-damage|p2a: Andrea Pirlo|62/100|[from] Spikes
|move|p1a: Blissey|Calm Mind|p1a: Blissey
|-boost|p1a: Blissey|spa|1
|-boost|p1a: Blissey|spd|1
|
|-weather|Sandstorm|[upkeep]
|-damage|p2a: Andrea Pirlo|55/100|[from] Sandstorm
|-damage|p1a: Blissey|59/100|[from] Sandstorm
|-heal|p2a: Andrea Pirlo|62/100|[from] item: Leftovers
|-heal|p1a: Blissey|65/100|[from] item: Leftovers
|upkeep
|turn|22
|
|t:|1729465456
|switch|p1a: Breloom|Breloom, M|100/100
|-damage|p1a: Breloom|88/100|[from] Spikes
|move|p2a: Andrea Pirlo|Flamethrower|p1a: Breloom
|-supereffective|p1a: Breloom
|-crit|p1a: Breloom
|-damage|p1a: Breloom|0 fnt
|faint|p1a: Breloom
|c|☆Klird|mb
|c|☆gooball99|Nice call out!
|
|t:|1729465470
|switch|p1a: Tyranitar|Tyranitar, F|88/100
|-damage|p1a: Tyranitar|76/100|[from] Spikes
|
|-weather|Sandstorm|[upkeep]
|-damage|p2a: Andrea Pirlo|55/100|[from] Sandstorm
|-heal|p2a: Andrea Pirlo|62/100|[from] item: Leftovers
|upkeep
|turn|23
|c|☆gooball99|Breloom's super frail, I kinda doubt the crit mattered
|inactive|Klird has 270 seconds left.
|
|t:|1729465500
|switch|p2a: Swampert|Swampert, M|62/100 tox
|-damage|p2a: Swampert|49/100 tox|[from] Spikes
|move|p1a: Tyranitar|Dragon Dance|p1a: Tyranitar
|-boost|p1a: Tyranitar|atk|1
|-boost|p1a: Tyranitar|spe|1
|
|-weather|Sandstorm|[upkeep]
|-heal|p2a: Swampert|55/100 tox|[from] item: Leftovers
|-damage|p2a: Swampert|49/100 tox|[from] psn
|upkeep
|turn|24
|
|t:|1729465511
|move|p1a: Tyranitar|Earthquake|p2a: Swampert
|-damage|p2a: Swampert|0 fnt
|faint|p2a: Swampert
|
|t:|1729465515
|switch|p2a: Neymar|Starmie|47/100
|-damage|p2a: Neymar|34/100|[from] Spikes
|
|-weather|Sandstorm|[upkeep]
|-damage|p2a: Neymar|28/100|[from] Sandstorm
|-heal|p2a: Neymar|34/100|[from] item: Leftovers
|upkeep
|turn|25
|
|t:|1729465523
|move|p2a: Neymar|Hydro Pump|p1a: Tyranitar|[miss]
|-miss|p2a: Neymar|p1a: Tyranitar
|move|p1a: Tyranitar|Hidden Power|p2a: Neymar
|-supereffective|p2a: Neymar
|-damage|p2a: Neymar|0 fnt
|faint|p2a: Neymar
|c|☆gooball99|:(
|c|☆gooball99|This has been one of the saddest games
|inactive|Klird has 270 seconds left.
|inactive|Klird has 240 seconds left.
|c|☆Klird|yea, but i misplayed so don't worry
|inactive|Klird has 210 seconds left.
|
|t:|1729465609
|switch|p2a: Tyranitar|Tyranitar, M, shiny|100/100
|-damage|p2a: Tyranitar|88/100|[from] Spikes
|
|-weather|Sandstorm|[upkeep]
|-heal|p2a: Tyranitar|94/100|[from] item: Leftovers
|upkeep
|turn|26
|
|t:|1729465615
|move|p1a: Tyranitar|Earthquake|p2a: Tyranitar
|-supereffective|p2a: Tyranitar
|-damage|p2a: Tyranitar|0 fnt
|faint|p2a: Tyranitar
|inactive|Klird has 210 seconds left.
|inactive|Klird has 180 seconds left.
|c|☆Klird|adamant max attack max speed?
|c|☆gooball99|Let me double check
|c|☆gooball99|Yes
|inactive|Klird has 150 seconds left.
|c|☆Klird|and thats a high roll
|c|☆gooball99|Fitting
|
|t:|1729465708
|switch|p2a: Skarmory|Skarmory, M|99/100 slp
|
|-weather|Sandstorm|[upkeep]
|upkeep
|turn|27
|
|t:|1729465712
|move|p1a: Tyranitar|Rock Slide|p2a: Skarmory
|-damage|p2a: Skarmory|48/100 slp
|cant|p2a: Skarmory|slp
|
|-weather|Sandstorm|[upkeep]
|upkeep
|turn|28
|
|t:|1729465718
|move|p1a: Tyranitar|Rock Slide|p2a: Skarmory
|-damage|p2a: Skarmory|0 fnt
|faint|p2a: Skarmory
|
|t:|1729465720
|switch|p2a: Andrea Pirlo|Blissey, F, shiny|62/100
|-damage|p2a: Andrea Pirlo|49/100|[from] Spikes
|
|-weather|Sandstorm|[upkeep]
|-damage|p2a: Andrea Pirlo|43/100|[from] Sandstorm
|-heal|p2a: Andrea Pirlo|49/100|[from] item: Leftovers
|upkeep
|turn|29
|c|☆Klird|gg
|
|t:|1729465728
|move|p1a: Tyranitar|Earthquake|p2a: Andrea Pirlo
|-damage|p2a: Andrea Pirlo|0 fnt
|faint|p2a: Andrea Pirlo
|
|win|gooball99
|c|☆gooball99|gg, that just wasn't your game

</script>
<script type="application/json" class="data" id="replaydata-smogtours-gen3ou-800957">
{"id":"smogtours-gen3ou-800957","format":"[Gen 3] OU","players":["gooball99","Klird"],"uploadtime":1729465728,"views":116,"formatid":"gen3ou","rating":null,"private":0,"password":null}
</script>

<script defer src="js/replays.js?9d40a366"></script>
