<!DOCTYPE html>
<meta charset="utf-8" />
<meta name="viewport" content="width=device-width" />

<title>[Gen 3] OU: rajime(real) vs. GroundBack - Replays - Pok&eacute;mon Showdown!</title>

<meta name="description" content="Watch a replay of a Pok&eacute;mon battle between rajime(real) and GroundBack! Format: [Gen 3] OU; Date: Oct 12, 2024" />
<!--

Hey, you! Looking in the source for the replay log?

You can find them in JSON format, just add `.json` at the end of a replay URL.

https://replay.pokemonshowdown.com/gen7randomdoublesbattle-865046831.json

Or, if you only need the log itself, add `.log` instead:

https://replay.pokemonshowdown.com/gen7randomdoublesbattle-865046831.log

-->

<link rel="stylesheet" href="//pokemonshowdown.com/style/global.css?0.023195364461161105" />
<link rel="stylesheet" href="//play.pokemonshowdown.com/style/font-awesome.css?0.13261647063804238" />
<link rel="stylesheet" href="//play.pokemonshowdown.com/style/battle.css?0.8753245789963631" />
<link rel="stylesheet" href="//play.pokemonshowdown.com/style/utilichart.css?0.8627959624976733" />

<!-- Global site tag (gtag.js) - Google Analytics -->
<script async src="https://www.googletagmanager.com/gtag/js?id=UA-26211653-1"></script>
<script>
  window.dataLayer = window.dataLayer || [];
  function gtag(){dataLayer.push(arguments);}
  gtag('js', new Date());

  gtag('config', 'UA-26211653-1');
</script>
<!-- End Google Analytics -->
<!-- Venatus Ad Manager - Install in <HEAD> of page -->
	<script src="https://hb.vntsm.com/v3/live/ad-manager.min.js" type="text/javascript" data-site-id="642aba63ec9a7b11c3c9c1be" data-mode="scan" async></script>
<!-- / Venatus Ad Manager -->

<style>
	@media (max-width:820px) {
		.battle {
			margin: 0 auto;
		}
		.battle-log {
			margin: 7px auto 0;
			max-width: 640px;
			height: 300px;
			position: static;
		}
	}
	.optgroup {
		display: inline-block;
		line-height: 22px;
		font-size: 10pt;
	}
	.optgroup .button {
		height: 25px;
		padding-top: 0;
		padding-bottom: 0;
	}
	.optgroup button.button {
		padding-left: 12px;
		padding-right: 12px;
	}
	.linklist {
		list-style: none;
		margin: 0.5em 0;
		padding: 0;
	}
	.linklist li {
		padding: 2px 0;
	}
	.sidebar {
		float: left;
		width: 320px;
	}
	.bar-wrapper {
		max-width: 1100px;
		margin: 0 auto;
	}
	.bar-wrapper.has-sidebar {
		max-width: 1430px;
	}
	.mainbar {
		margin: 0;
		padding-right: 1px;
	}
	.mainbar.has-sidebar {
		margin-left: 330px;
	}
	@media (min-width: 1511px) {
		.sidebar {
			width: 400px;
		}
		.bar-wrapper.has-sidebar {
			max-width: 1510px;
		}
		.mainbar.has-sidebar {
			margin-left: 410px;
		}
	}
	.section.first-section {
		margin-top: 9px;
	}
	.blocklink small {
		white-space: normal;
	}
	.button {
		vertical-align: middle;
	}
	.replay-controls {
		padding-top: 10px;
	}
	.replay-controls h1 {
		font-size: 16pt;
		font-weight: normal;
		color: #CCC;
	}
	.pagelink {
		text-align: center;
	}
	.pagelink a {
		width: 150px;
	}
	.textbox, .button {
		font-size: 11pt;
		vertical-align: middle;
	}
	@media (max-width: 450px) {
		.button {
			font-size: 9pt;
		}
	}
</style>

<div>

	<header>
		<div class="nav-wrapper"><ul class="nav">
			<li><a class="button nav-first" href="//pokemonshowdown.com/"><img src="//pokemonshowdown.com/images/pokemonshowdownbeta.png" srcset="//pokemonshowdown.com/images/pokemonshowdownbeta.png 1x, //pokemonshowdown.com/images/pokemonshowdownbeta@2x.png 2x" alt="Pok&eacute;mon Showdown" width="146" height="44" /> Home</a></li>
			<li><a class="button" href="//pokemonshowdown.com/dex/">Pok&eacute;dex</a></li>
			<li><a class="button cur" href="/">Replays</a></li>
			<li><a class="button" href="//pokemonshowdown.com/ladder/">Ladder</a></li>
			<li><a class="button nav-last" href="//pokemonshowdown.com/forums/">Forum</a></li>
			<li><a class="button greenbutton nav-first nav-last" href="//play.pokemonshowdown.com/">Play</a></li>
		</ul></div>
	</header>

	<div class="main" id="main">

		<noscript><section class="section">You need to enable JavaScript to use this page; sorry!</section></noscript>

	</div>

</div>

<script defer nomodule src="//play.pokemonshowdown.com/js/lib/ps-polyfill.js"></script>
<script defer src="//play.pokemonshowdown.com/js/lib/preact.min.js"></script>

<script defer src="//play.pokemonshowdown.com/config/config.js?2bddbc15"></script>
<script defer src="//play.pokemonshowdown.com/js/lib/jquery-1.11.0.min.js"></script>
<script defer src="//play.pokemonshowdown.com/js/lib/html-sanitizer-minified.js"></script>
<script defer src="//play.pokemonshowdown.com/js/battle-sound.js"></script>
<script defer src="//play.pokemonshowdown.com/js/battledata.js?0.7209276989879541"></script>
<script defer src="//play.pokemonshowdown.com/data/pokedex-mini.js?0.6111056340867951"></script>
<script defer src="//play.pokemonshowdown.com/data/pokedex-mini-bw.js?0.3532142036491459"></script>
<script defer src="//play.pokemonshowdown.com/data/graphics.js?0.24223875632456182"></script>
<script defer src="//play.pokemonshowdown.com/data/pokedex.js?0.38839984266356864"></script>
<script defer src="//play.pokemonshowdown.com/data/moves.js?0.21866028504024015"></script>
<script defer src="//play.pokemonshowdown.com/data/abilities.js?0.2005157953846628"></script>
<script defer src="//play.pokemonshowdown.com/data/items.js?0.9894211263848525"></script>
<script defer src="//play.pokemonshowdown.com/data/teambuilder-tables.js?0.6008791140282215"></script>
<script defer src="//play.pokemonshowdown.com/js/battle-tooltips.js?0.7580118955022959"></script>
<script defer src="//play.pokemonshowdown.com/js/battle.js?0.6057722274234274"></script>

<script defer src="js/utils.js?e31f9a17"></script>
<script defer src="js/replays-battle.js?7008c182"></script>

<!-- don't scrape this data! just add .json or .log after the URL!
Full API docs: https://github.com/smogon/pokemon-showdown-client/blob/master/WEB-API.md -->
<script type="text/plain" class="log" id="replaylog-smogtours-gen3ou-797482">
|inactive|Battle timer is ON: inactive players will automatically lose when time's up.
|t:|1728747544
|gametype|singles
|player|p1|rajime(real)|265|
|player|p2|GroundBack|waiter-gen4dp|
|teamsize|p1|6
|teamsize|p2|6
|gen|3
|tier|[Gen 3] OU
|rule|Sleep Clause Mod: Limit one foe put to sleep
|rule|Switch Priority Clause Mod: Faster Pokémon switch first
|rule|Species Clause: Limit one of each Pokémon
|rule|OHKO Clause: OHKO moves are banned
|rule|Evasion Items Clause: Evasion items are banned
|rule|Evasion Moves Clause: Evasion moves are banned
|rule|Endless Battle Clause: Forcing endless battles is banned
|rule|HP Percentage Mod: HP is shown in percentages
|rule|One Boost Passer Clause: Limit one Baton Passer that has a way to boost its stats
|rule|Freeze Clause Mod: Limit one foe frozen
|
|t:|1728747544
|start
|switch|p1a: Suicune|Suicune|100/100
|switch|p2a: The Lady In Purple|Jynx, F|100/100
|turn|1
|
|t:|1728747553
|switch|p1a: Snorlax|Snorlax, F|100/100
|move|p2a: The Lady In Purple|Lovely Kiss|p1a: Snorlax
|-status|p1a: Snorlax|slp|[from] move: Lovely Kiss
|
|upkeep
|turn|2
|
|t:|1728747559
|switch|p2a: Metagross|Metagross|100/100
|switch|p1a: Metagross|Metagross|100/100
|
|upkeep
|turn|3
|
|t:|1728747562
|move|p1a: Metagross|Earthquake|p2a: Metagross
|-supereffective|p2a: Metagross
|-damage|p2a: Metagross|11/100
|move|p2a: Metagross|Earthquake|p1a: Metagross
|-supereffective|p1a: Metagross
|-damage|p1a: Metagross|1/100
|
|upkeep
|turn|4
|
|t:|1728747571
|move|p1a: Metagross|Earthquake|p2a: Metagross
|-supereffective|p2a: Metagross
|-damage|p2a: Metagross|0 fnt
|faint|p2a: Metagross
|
|t:|1728747574
|switch|p2a: The Lady In Purple|Jynx, F|100/100
|
|upkeep
|turn|5
|
|t:|1728747582
|switch|p1a: Suicune|Suicune|100/100
|move|p2a: The Lady In Purple|Ice Beam|p1a: Suicune
|-resisted|p1a: Suicune
|-damage|p1a: Suicune|82/100
|
|-heal|p1a: Suicune|88/100|[from] item: Leftovers
|upkeep
|turn|6
|
|t:|1728747592
|switch|p2a: Suicune|Suicune|100/100
|move|p1a: Suicune|Calm Mind|p1a: Suicune
|-boost|p1a: Suicune|spa|1
|-boost|p1a: Suicune|spd|1
|
|-heal|p1a: Suicune|94/100|[from] item: Leftovers
|upkeep
|turn|7
|
|t:|1728747595
|move|p2a: Suicune|Calm Mind|p2a: Suicune
|-boost|p2a: Suicune|spa|1
|-boost|p2a: Suicune|spd|1
|move|p1a: Suicune|Roar|p2a: Suicune
|drag|p2a: Snorlax|Snorlax, M|100/100
|
|-heal|p1a: Suicune|100/100|[from] item: Leftovers
|upkeep
|turn|8
|
|t:|1728747601
|switch|p2a: Suicune|Suicune|100/100
|move|p1a: Suicune|Hydro Pump|p2a: Suicune
|-resisted|p2a: Suicune
|-damage|p2a: Suicune|69/100
|
|-heal|p2a: Suicune|76/100|[from] item: Leftovers
|upkeep
|turn|9
|
|t:|1728747606
|move|p2a: Suicune|Calm Mind|p2a: Suicune
|-boost|p2a: Suicune|spa|1
|-boost|p2a: Suicune|spd|1
|move|p1a: Suicune|Roar|p2a: Suicune
|drag|p2a: The Lady In Purple|Jynx, F|100/100
|
|upkeep
|turn|10
|
|t:|1728747613
|switch|p2a: Suicune|Suicune|76/100
|move|p1a: Suicune|Calm Mind|p1a: Suicune
|-boost|p1a: Suicune|spa|1
|-boost|p1a: Suicune|spd|1
|
|-heal|p2a: Suicune|82/100|[from] item: Leftovers
|upkeep
|turn|11
|
|t:|1728747616
|move|p2a: Suicune|Calm Mind|p2a: Suicune
|-boost|p2a: Suicune|spa|1
|-boost|p2a: Suicune|spd|1
|move|p1a: Suicune|Roar|p2a: Suicune
|drag|p2a: Dugtrio Jumpscare|Dugtrio, M|100/100
|
|upkeep
|turn|12
|
|t:|1728747623
|switch|p2a: Suicune|Suicune|82/100
|move|p1a: Suicune|Ice Beam|p2a: Suicune
|-resisted|p2a: Suicune
|-damage|p2a: Suicune|61/100
|
|-heal|p2a: Suicune|68/100|[from] item: Leftovers
|upkeep
|turn|13
|
|t:|1728747631
|move|p2a: Suicune|Calm Mind|p2a: Suicune
|-boost|p2a: Suicune|spa|1
|-boost|p2a: Suicune|spd|1
|move|p1a: Suicune|Roar|p2a: Suicune
|drag|p2a: Claydol|Claydol|100/100
|
|upkeep
|turn|14
|
|t:|1728747637
|switch|p2a: Suicune|Suicune|68/100
|move|p1a: Suicune|Ice Beam|p2a: Suicune
|-resisted|p2a: Suicune
|-damage|p2a: Suicune|46/100
|
|-heal|p2a: Suicune|52/100|[from] item: Leftovers
|upkeep
|turn|15
|
|t:|1728747647
|move|p2a: Suicune|Rest|p2a: Suicune
|-status|p2a: Suicune|slp|[from] move: Rest
|-heal|p2a: Suicune|100/100 slp|[silent]
|move|p1a: Suicune|Roar|p2a: Suicune
|drag|p2a: Dugtrio Jumpscare|Dugtrio, M|100/100
|
|upkeep
|turn|16
|
|t:|1728747654
|switch|p2a: Suicune|Suicune|100/100 slp
|move|p1a: Suicune|Ice Beam|p2a: Suicune
|-resisted|p2a: Suicune
|-damage|p2a: Suicune|81/100 slp
|
|-heal|p2a: Suicune|87/100 slp|[from] item: Leftovers
|upkeep
|turn|17
|
|t:|1728747657
|move|p1a: Suicune|Calm Mind|p1a: Suicune
|-boost|p1a: Suicune|spa|1
|-boost|p1a: Suicune|spd|1
|cant|p2a: Suicune|slp
|move|p2a: Suicune|Sleep Talk|p2a: Suicune
|move|p2a: Suicune|Rest|p2a: Suicune|[from]Sleep Talk
|
|-heal|p2a: Suicune|93/100 slp|[from] item: Leftovers
|upkeep
|turn|18
|
|t:|1728747665
|move|p1a: Suicune|Calm Mind|p1a: Suicune
|-boost|p1a: Suicune|spa|1
|-boost|p1a: Suicune|spd|1
|cant|p2a: Suicune|slp
|move|p2a: Suicune|Sleep Talk|p2a: Suicune
|move|p2a: Suicune|Rest|p2a: Suicune|[from]Sleep Talk
|
|-heal|p2a: Suicune|99/100 slp|[from] item: Leftovers
|upkeep
|turn|19
|
|t:|1728747672
|-curestatus|p2a: Suicune|slp|[msg]
|move|p2a: Suicune|Calm Mind|p2a: Suicune
|-boost|p2a: Suicune|spa|1
|-boost|p2a: Suicune|spd|1
|move|p1a: Suicune|Roar|p2a: Suicune
|drag|p2a: The Lady In Purple|Jynx, F|100/100
|
|upkeep
|turn|20
|
|t:|1728747680
|switch|p2a: Suicune|Suicune|99/100
|move|p1a: Suicune|Ice Beam|p2a: Suicune
|-resisted|p2a: Suicune
|-damage|p2a: Suicune|68/100
|
|-heal|p2a: Suicune|74/100|[from] item: Leftovers
|upkeep
|turn|21
|
|t:|1728747687
|move|p2a: Suicune|Rest|p2a: Suicune
|-status|p2a: Suicune|slp|[from] move: Rest
|-heal|p2a: Suicune|100/100 slp|[silent]
|move|p1a: Suicune|Roar|p2a: Suicune
|drag|p2a: Snorlax|Snorlax, M|100/100
|
|upkeep
|turn|22
|
|t:|1728747694
|switch|p2a: Suicune|Suicune|100/100 slp
|move|p1a: Suicune|Hydro Pump|p2a: Suicune
|-resisted|p2a: Suicune
|-damage|p2a: Suicune|43/100 slp
|
|-heal|p2a: Suicune|49/100 slp|[from] item: Leftovers
|upkeep
|turn|23
|
|t:|1728747702
|move|p1a: Suicune|Hydro Pump|p2a: Suicune
|-resisted|p2a: Suicune
|-damage|p2a: Suicune|0 fnt
|faint|p2a: Suicune
|
|t:|1728747710
|switch|p2a: The Lady In Purple|Jynx, F|100/100
|
|upkeep
|turn|24
|
|t:|1728747713
|move|p2a: The Lady In Purple|Substitute|p2a: The Lady In Purple
|-start|p2a: The Lady In Purple|Substitute
|-damage|p2a: The Lady In Purple|76/100
|move|p1a: Suicune|Hydro Pump|p2a: The Lady In Purple
|-end|p2a: The Lady In Purple|Substitute
|
|-heal|p2a: The Lady In Purple|82/100|[from] item: Leftovers
|upkeep
|turn|25
|
|t:|1728747719
|move|p2a: The Lady In Purple|Substitute|p2a: The Lady In Purple
|-start|p2a: The Lady In Purple|Substitute
|-damage|p2a: The Lady In Purple|57/100
|move|p1a: Suicune|Ice Beam|p2a: The Lady In Purple
|-resisted|p2a: The Lady In Purple
|-end|p2a: The Lady In Purple|Substitute
|
|-heal|p2a: The Lady In Purple|63/100|[from] item: Leftovers
|upkeep
|turn|26
|
|t:|1728747725
|move|p2a: The Lady In Purple|Calm Mind|p2a: The Lady In Purple
|-boost|p2a: The Lady In Purple|spa|1
|-boost|p2a: The Lady In Purple|spd|1
|move|p1a: Suicune|Roar|p2a: The Lady In Purple
|drag|p2a: Snorlax|Snorlax, M|100/100
|
|upkeep
|turn|27
|
|t:|1728747737
|switch|p1a: Salamence|Salamence, M|100/100
|-ability|p1a: Salamence|Intimidate|boost
|-unboost|p2a: Snorlax|atk|1
|switch|p2a: Claydol|Claydol|100/100
|
|upkeep
|turn|28
|
|t:|1728747743
|move|p1a: Salamence|Hidden Power|p2a: Claydol
|-supereffective|p2a: Claydol
|-damage|p2a: Claydol|70/100
|move|p2a: Claydol|Explosion|p1a: Salamence
|-crit|p1a: Salamence
|-damage|p1a: Salamence|0 fnt
|faint|p2a: Claydol
|faint|p1a: Salamence
|
|t:|1728747756
|switch|p1a: Snorlax|Snorlax, F|100/100 slp
|switch|p2a: The Lady In Purple|Jynx, F|63/100
|
|-heal|p2a: The Lady In Purple|69/100|[from] item: Leftovers
|upkeep
|turn|29
|
|t:|1728747760
|switch|p2a: Snorlax|Snorlax, M|100/100
|cant|p1a: Snorlax|slp
|
|upkeep
|turn|30
|
|t:|1728747763
|cant|p1a: Snorlax|slp
|move|p2a: Snorlax|Curse|p2a: Snorlax
|-unboost|p2a: Snorlax|spe|1
|-boost|p2a: Snorlax|atk|1
|-boost|p2a: Snorlax|def|1
|
|upkeep
|turn|31
|
|t:|1728747765
|-curestatus|p1a: Snorlax|slp|[msg]
|move|p1a: Snorlax|Self-Destruct|p2a: Snorlax
|-damage|p2a: Snorlax|0 fnt
|faint|p1a: Snorlax
|faint|p2a: Snorlax
|
|t:|1728747772
|switch|p1a: Suicune|Suicune|100/100
|switch|p2a: The Lady In Purple|Jynx, F|69/100
|
|-heal|p2a: The Lady In Purple|75/100|[from] item: Leftovers
|upkeep
|turn|32
|
|t:|1728747780
|switch|p1a: Magneton|Magneton|100/100
|move|p2a: The Lady In Purple|Lovely Kiss|p1a: Magneton
|-status|p1a: Magneton|slp|[from] move: Lovely Kiss
|
|-heal|p2a: The Lady In Purple|81/100|[from] item: Leftovers
|upkeep
|turn|33
|
|t:|1728747786
|switch|p1a: Suicune|Suicune|100/100
|move|p2a: The Lady In Purple|Calm Mind|p2a: The Lady In Purple
|-boost|p2a: The Lady In Purple|spa|1
|-boost|p2a: The Lady In Purple|spd|1
|
|-heal|p2a: The Lady In Purple|86/100|[from] item: Leftovers
|upkeep
|turn|34
|
|t:|1728747796
|move|p2a: The Lady In Purple|Ice Beam|p1a: Suicune
|-resisted|p1a: Suicune
|-damage|p1a: Suicune|74/100
|move|p1a: Suicune|Roar|p2a: The Lady In Purple
|drag|p2a: Dugtrio Jumpscare|Dugtrio, M|100/100
|
|-heal|p1a: Suicune|80/100|[from] item: Leftovers
|upkeep
|turn|35
|
|t:|1728747805
|move|p2a: Dugtrio Jumpscare|Earthquake|p1a: Suicune
|-damage|p1a: Suicune|36/100
|move|p1a: Suicune|Ice Beam|p2a: Dugtrio Jumpscare
|-supereffective|p2a: Dugtrio Jumpscare
|-damage|p2a: Dugtrio Jumpscare|0 fnt
|faint|p2a: Dugtrio Jumpscare
|
|t:|1728747809
|switch|p2a: The Lady In Purple|Jynx, F|86/100
|
|-heal|p2a: The Lady In Purple|92/100|[from] item: Leftovers
|-heal|p1a: Suicune|42/100|[from] item: Leftovers
|upkeep
|turn|36
|
|t:|1728747812
|move|p2a: The Lady In Purple|Substitute|p2a: The Lady In Purple
|-start|p2a: The Lady In Purple|Substitute
|-damage|p2a: The Lady In Purple|68/100
|move|p1a: Suicune|Roar||[still]
|-fail|p1a: Suicune
|
|-heal|p2a: The Lady In Purple|74/100|[from] item: Leftovers
|-heal|p1a: Suicune|48/100|[from] item: Leftovers
|upkeep
|turn|37
|
|t:|1728747816
|move|p2a: The Lady In Purple|Calm Mind|p2a: The Lady In Purple
|-boost|p2a: The Lady In Purple|spa|1
|-boost|p2a: The Lady In Purple|spd|1
|move|p1a: Suicune|Calm Mind|p1a: Suicune
|-boost|p1a: Suicune|spa|1
|-boost|p1a: Suicune|spd|1
|
|-heal|p2a: The Lady In Purple|79/100|[from] item: Leftovers
|-heal|p1a: Suicune|54/100|[from] item: Leftovers
|upkeep
|turn|38
|
|t:|1728747822
|move|p2a: The Lady In Purple|Calm Mind|p2a: The Lady In Purple
|-boost|p2a: The Lady In Purple|spa|1
|-boost|p2a: The Lady In Purple|spd|1
|move|p1a: Suicune|Calm Mind|p1a: Suicune
|-boost|p1a: Suicune|spa|1
|-boost|p1a: Suicune|spd|1
|
|-heal|p2a: The Lady In Purple|85/100|[from] item: Leftovers
|-heal|p1a: Suicune|60/100|[from] item: Leftovers
|upkeep
|turn|39
|
|t:|1728747828
|move|p2a: The Lady In Purple|Calm Mind|p2a: The Lady In Purple
|-boost|p2a: The Lady In Purple|spa|1
|-boost|p2a: The Lady In Purple|spd|1
|move|p1a: Suicune|Calm Mind|p1a: Suicune
|-boost|p1a: Suicune|spa|1
|-boost|p1a: Suicune|spd|1
|
|-heal|p2a: The Lady In Purple|91/100|[from] item: Leftovers
|-heal|p1a: Suicune|66/100|[from] item: Leftovers
|upkeep
|turn|40
|
|t:|1728747833
|move|p2a: The Lady In Purple|Calm Mind|p2a: The Lady In Purple
|-boost|p2a: The Lady In Purple|spa|1
|-boost|p2a: The Lady In Purple|spd|1
|move|p1a: Suicune|Ice Beam|p2a: The Lady In Purple
|-resisted|p2a: The Lady In Purple
|-activate|p2a: The Lady In Purple|Substitute|[damage]
|
|-heal|p2a: The Lady In Purple|97/100|[from] item: Leftovers
|-heal|p1a: Suicune|72/100|[from] item: Leftovers
|upkeep
|turn|41
|
|t:|1728747839
|move|p2a: The Lady In Purple|Calm Mind|p2a: The Lady In Purple
|-boost|p2a: The Lady In Purple|spa|1
|-boost|p2a: The Lady In Purple|spd|1
|move|p1a: Suicune|Ice Beam|p2a: The Lady In Purple
|-resisted|p2a: The Lady In Purple
|-end|p2a: The Lady In Purple|Substitute
|
|-heal|p2a: The Lady In Purple|100/100|[from] item: Leftovers
|-heal|p1a: Suicune|78/100|[from] item: Leftovers
|upkeep
|turn|42
|
|t:|1728747844
|move|p2a: The Lady In Purple|Substitute|p2a: The Lady In Purple
|-start|p2a: The Lady In Purple|Substitute
|-damage|p2a: The Lady In Purple|76/100
|move|p1a: Suicune|Hydro Pump|p2a: The Lady In Purple|[miss]
|-miss|p1a: Suicune|p2a: The Lady In Purple
|
|-heal|p2a: The Lady In Purple|82/100|[from] item: Leftovers
|-heal|p1a: Suicune|84/100|[from] item: Leftovers
|upkeep
|turn|43
|
|t:|1728747852
|move|p2a: The Lady In Purple|Ice Beam|p1a: Suicune
|-resisted|p1a: Suicune
|-damage|p1a: Suicune|58/100
|move|p1a: Suicune|Ice Beam|p2a: The Lady In Purple
|-resisted|p2a: The Lady In Purple
|-activate|p2a: The Lady In Purple|Substitute|[damage]
|
|-heal|p2a: The Lady In Purple|88/100|[from] item: Leftovers
|-heal|p1a: Suicune|64/100|[from] item: Leftovers
|upkeep
|turn|44
|
|t:|1728747863
|move|p2a: The Lady In Purple|Ice Beam|p1a: Suicune
|-resisted|p1a: Suicune
|-damage|p1a: Suicune|40/100
|move|p1a: Suicune|Calm Mind|p1a: Suicune
|-boost|p1a: Suicune|spa|1
|-boost|p1a: Suicune|spd|1
|
|-heal|p2a: The Lady In Purple|93/100|[from] item: Leftovers
|-heal|p1a: Suicune|46/100|[from] item: Leftovers
|upkeep
|turn|45
|
|t:|1728747868
|move|p2a: The Lady In Purple|Calm Mind|p2a: The Lady In Purple
|-boost|p2a: The Lady In Purple|spa|1
|-boost|p2a: The Lady In Purple|spd|1
|move|p1a: Suicune|Calm Mind|p1a: Suicune
|-boost|p1a: Suicune|spa|1
|-boost|p1a: Suicune|spd|1
|
|-heal|p2a: The Lady In Purple|99/100|[from] item: Leftovers
|-heal|p1a: Suicune|52/100|[from] item: Leftovers
|upkeep
|turn|46
|
|t:|1728747880
|move|p2a: The Lady In Purple|Calm Mind|p2a: The Lady In Purple
|-boost|p2a: The Lady In Purple|spa|0
|-boost|p2a: The Lady In Purple|spd|0
|move|p1a: Suicune|Calm Mind|p1a: Suicune
|-boost|p1a: Suicune|spa|1
|-boost|p1a: Suicune|spd|1
|
|-heal|p2a: The Lady In Purple|100/100|[from] item: Leftovers
|-heal|p1a: Suicune|58/100|[from] item: Leftovers
|upkeep
|turn|47
|
|t:|1728747889
|move|p2a: The Lady In Purple|Calm Mind|p2a: The Lady In Purple
|-boost|p2a: The Lady In Purple|spa|0
|-boost|p2a: The Lady In Purple|spd|0
|move|p1a: Suicune|Calm Mind|p1a: Suicune
|-boost|p1a: Suicune|spa|0
|-boost|p1a: Suicune|spd|0
|
|-heal|p1a: Suicune|64/100|[from] item: Leftovers
|upkeep
|turn|48
|
|t:|1728747894
|move|p2a: The Lady In Purple|Calm Mind|p2a: The Lady In Purple
|-boost|p2a: The Lady In Purple|spa|0
|-boost|p2a: The Lady In Purple|spd|0
|move|p1a: Suicune|Calm Mind|p1a: Suicune
|-boost|p1a: Suicune|spa|0
|-boost|p1a: Suicune|spd|0
|
|-heal|p1a: Suicune|70/100|[from] item: Leftovers
|upkeep
|turn|49
|
|t:|1728747898
|move|p2a: The Lady In Purple|Calm Mind|p2a: The Lady In Purple
|-boost|p2a: The Lady In Purple|spa|0
|-boost|p2a: The Lady In Purple|spd|0
|move|p1a: Suicune|Calm Mind|p1a: Suicune
|-boost|p1a: Suicune|spa|0
|-boost|p1a: Suicune|spd|0
|
|-heal|p1a: Suicune|76/100|[from] item: Leftovers
|upkeep
|turn|50
|
|t:|1728747906
|move|p2a: The Lady In Purple|Calm Mind|p2a: The Lady In Purple
|-boost|p2a: The Lady In Purple|spa|0
|-boost|p2a: The Lady In Purple|spd|0
|move|p1a: Suicune|Roar||[still]
|-fail|p1a: Suicune
|
|-heal|p1a: Suicune|82/100|[from] item: Leftovers
|upkeep
|turn|51
|
|t:|1728747913
|move|p2a: The Lady In Purple|Calm Mind|p2a: The Lady In Purple
|-boost|p2a: The Lady In Purple|spa|0
|-boost|p2a: The Lady In Purple|spd|0
|move|p1a: Suicune|Roar||[still]
|-fail|p1a: Suicune
|
|-heal|p1a: Suicune|88/100|[from] item: Leftovers
|upkeep
|turn|52
|
|t:|1728747920
|move|p2a: The Lady In Purple|Calm Mind|p2a: The Lady In Purple
|-boost|p2a: The Lady In Purple|spa|0
|-boost|p2a: The Lady In Purple|spd|0
|move|p1a: Suicune|Roar||[still]
|-fail|p1a: Suicune
|
|-heal|p1a: Suicune|94/100|[from] item: Leftovers
|upkeep
|turn|53
|
|t:|1728747932
|move|p2a: The Lady In Purple|Calm Mind|p2a: The Lady In Purple
|-boost|p2a: The Lady In Purple|spa|0
|-boost|p2a: The Lady In Purple|spd|0
|move|p1a: Suicune|Roar||[still]
|-fail|p1a: Suicune
|
|-heal|p1a: Suicune|99/100|[from] item: Leftovers
|upkeep
|turn|54
|
|t:|1728747939
|move|p2a: The Lady In Purple|Calm Mind|p2a: The Lady In Purple
|-boost|p2a: The Lady In Purple|spa|0
|-boost|p2a: The Lady In Purple|spd|0
|move|p1a: Suicune|Roar||[still]
|-fail|p1a: Suicune
|
|-heal|p1a: Suicune|100/100|[from] item: Leftovers
|upkeep
|turn|55
|
|t:|1728747946
|move|p2a: The Lady In Purple|Calm Mind|p2a: The Lady In Purple
|-boost|p2a: The Lady In Purple|spa|0
|-boost|p2a: The Lady In Purple|spd|0
|move|p1a: Suicune|Roar||[still]
|-fail|p1a: Suicune
|
|upkeep
|turn|56
|
|t:|1728747953
|move|p2a: The Lady In Purple|Calm Mind|p2a: The Lady In Purple
|-boost|p2a: The Lady In Purple|spa|0
|-boost|p2a: The Lady In Purple|spd|0
|move|p1a: Suicune|Calm Mind|p1a: Suicune
|-boost|p1a: Suicune|spa|0
|-boost|p1a: Suicune|spd|0
|
|upkeep
|turn|57
|
|t:|1728747961
|move|p2a: The Lady In Purple|Calm Mind|p2a: The Lady In Purple
|-boost|p2a: The Lady In Purple|spa|0
|-boost|p2a: The Lady In Purple|spd|0
|move|p1a: Suicune|Calm Mind|p1a: Suicune
|-boost|p1a: Suicune|spa|0
|-boost|p1a: Suicune|spd|0
|
|upkeep
|turn|58
|
|t:|1728747969
|move|p2a: The Lady In Purple|Calm Mind|p2a: The Lady In Purple
|-boost|p2a: The Lady In Purple|spa|0
|-boost|p2a: The Lady In Purple|spd|0
|move|p1a: Suicune|Calm Mind|p1a: Suicune
|-boost|p1a: Suicune|spa|0
|-boost|p1a: Suicune|spd|0
|
|upkeep
|turn|59
|
|t:|1728747975
|move|p2a: The Lady In Purple|Calm Mind|p2a: The Lady In Purple
|-boost|p2a: The Lady In Purple|spa|0
|-boost|p2a: The Lady In Purple|spd|0
|move|p1a: Suicune|Calm Mind|p1a: Suicune
|-boost|p1a: Suicune|spa|0
|-boost|p1a: Suicune|spd|0
|
|upkeep
|turn|60
|
|t:|1728747981
|move|p2a: The Lady In Purple|Calm Mind|p2a: The Lady In Purple
|-boost|p2a: The Lady In Purple|spa|0
|-boost|p2a: The Lady In Purple|spd|0
|move|p1a: Suicune|Calm Mind|p1a: Suicune
|-boost|p1a: Suicune|spa|0
|-boost|p1a: Suicune|spd|0
|
|upkeep
|turn|61
|
|t:|1728747993
|move|p2a: The Lady In Purple|Calm Mind|p2a: The Lady In Purple
|-boost|p2a: The Lady In Purple|spa|0
|-boost|p2a: The Lady In Purple|spd|0
|move|p1a: Suicune|Calm Mind|p1a: Suicune
|-boost|p1a: Suicune|spa|0
|-boost|p1a: Suicune|spd|0
|
|upkeep
|turn|62
|
|t:|1728748006
|move|p2a: The Lady In Purple|Calm Mind|p2a: The Lady In Purple
|-boost|p2a: The Lady In Purple|spa|0
|-boost|p2a: The Lady In Purple|spd|0
|move|p1a: Suicune|Ice Beam|p2a: The Lady In Purple
|-resisted|p2a: The Lady In Purple
|-end|p2a: The Lady In Purple|Substitute
|
|upkeep
|turn|63
|
|t:|1728748012
|move|p2a: The Lady In Purple|Substitute|p2a: The Lady In Purple
|-start|p2a: The Lady In Purple|Substitute
|-damage|p2a: The Lady In Purple|76/100
|move|p1a: Suicune|Ice Beam|p2a: The Lady In Purple
|-resisted|p2a: The Lady In Purple
|-activate|p2a: The Lady In Purple|Substitute|[damage]
|
|-heal|p2a: The Lady In Purple|82/100|[from] item: Leftovers
|upkeep
|turn|64
|
|t:|1728748020
|move|p2a: The Lady In Purple|Calm Mind|p2a: The Lady In Purple
|-boost|p2a: The Lady In Purple|spa|0
|-boost|p2a: The Lady In Purple|spd|0
|move|p1a: Suicune|Calm Mind|p1a: Suicune
|-boost|p1a: Suicune|spa|0
|-boost|p1a: Suicune|spd|0
|
|-heal|p2a: The Lady In Purple|88/100|[from] item: Leftovers
|upkeep
|turn|65
|
|t:|1728748028
|move|p2a: The Lady In Purple|Calm Mind|p2a: The Lady In Purple
|-boost|p2a: The Lady In Purple|spa|0
|-boost|p2a: The Lady In Purple|spd|0
|move|p1a: Suicune|Calm Mind|p1a: Suicune
|-boost|p1a: Suicune|spa|0
|-boost|p1a: Suicune|spd|0
|
|-heal|p2a: The Lady In Purple|93/100|[from] item: Leftovers
|upkeep
|turn|66
|
|t:|1728748035
|move|p2a: The Lady In Purple|Calm Mind|p2a: The Lady In Purple
|-boost|p2a: The Lady In Purple|spa|0
|-boost|p2a: The Lady In Purple|spd|0
|move|p1a: Suicune|Calm Mind|p1a: Suicune
|-boost|p1a: Suicune|spa|0
|-boost|p1a: Suicune|spd|0
|
|-heal|p2a: The Lady In Purple|99/100|[from] item: Leftovers
|upkeep
|turn|67
|
|t:|1728748042
|move|p2a: The Lady In Purple|Calm Mind|p2a: The Lady In Purple
|-boost|p2a: The Lady In Purple|spa|0
|-boost|p2a: The Lady In Purple|spd|0
|move|p1a: Suicune|Calm Mind|p1a: Suicune
|-boost|p1a: Suicune|spa|0
|-boost|p1a: Suicune|spd|0
|
|-heal|p2a: The Lady In Purple|100/100|[from] item: Leftovers
|upkeep
|turn|68
|
|t:|1728748050
|move|p2a: The Lady In Purple|Calm Mind|p2a: The Lady In Purple
|-boost|p2a: The Lady In Purple|spa|0
|-boost|p2a: The Lady In Purple|spd|0
|move|p1a: Suicune|Calm Mind|p1a: Suicune
|-boost|p1a: Suicune|spa|0
|-boost|p1a: Suicune|spd|0
|
|upkeep
|turn|69
|
|t:|1728748056
|move|p2a: The Lady In Purple|Calm Mind|p2a: The Lady In Purple
|-boost|p2a: The Lady In Purple|spa|0
|-boost|p2a: The Lady In Purple|spd|0
|move|p1a: Suicune|Calm Mind|p1a: Suicune
|-boost|p1a: Suicune|spa|0
|-boost|p1a: Suicune|spd|0
|
|upkeep
|turn|70
|
|t:|1728748062
|move|p2a: The Lady In Purple|Calm Mind|p2a: The Lady In Purple
|-boost|p2a: The Lady In Purple|spa|0
|-boost|p2a: The Lady In Purple|spd|0
|move|p1a: Suicune|Calm Mind|p1a: Suicune
|-boost|p1a: Suicune|spa|0
|-boost|p1a: Suicune|spd|0
|
|upkeep
|turn|71
|
|t:|1728748068
|move|p2a: The Lady In Purple|Lovely Kiss|p1a: Suicune
|-message|Sleep Clause Mod activated.
|-hint|Sleep Clause Mod prevents players from putting more than one of their opponent's Pokémon to sleep at a time
|move|p1a: Suicune|Calm Mind|p1a: Suicune
|-boost|p1a: Suicune|spa|0
|-boost|p1a: Suicune|spd|0
|
|upkeep
|turn|72
|
|t:|1728748077
|move|p2a: The Lady In Purple|Lovely Kiss|p1a: Suicune
|-message|Sleep Clause Mod activated.
|-hint|Sleep Clause Mod prevents players from putting more than one of their opponent's Pokémon to sleep at a time
|move|p1a: Suicune|Ice Beam|p2a: The Lady In Purple
|-resisted|p2a: The Lady In Purple
|-end|p2a: The Lady In Purple|Substitute
|
|upkeep
|turn|73
|
|t:|1728748083
|move|p2a: The Lady In Purple|Substitute|p2a: The Lady In Purple
|-start|p2a: The Lady In Purple|Substitute
|-damage|p2a: The Lady In Purple|76/100
|move|p1a: Suicune|Roar||[still]
|-fail|p1a: Suicune
|
|-heal|p2a: The Lady In Purple|82/100|[from] item: Leftovers
|upkeep
|turn|74
|
|t:|1728748095
|move|p2a: The Lady In Purple|Lovely Kiss|p1a: Suicune
|-message|Sleep Clause Mod activated.
|-hint|Sleep Clause Mod prevents players from putting more than one of their opponent's Pokémon to sleep at a time
|move|p1a: Suicune|Roar||[still]
|-fail|p1a: Suicune
|
|-heal|p2a: The Lady In Purple|88/100|[from] item: Leftovers
|upkeep
|turn|75
|
|t:|1728748101
|move|p2a: The Lady In Purple|Lovely Kiss|p1a: Suicune
|-message|Sleep Clause Mod activated.
|-hint|Sleep Clause Mod prevents players from putting more than one of their opponent's Pokémon to sleep at a time
|move|p1a: Suicune|Roar||[still]
|-fail|p1a: Suicune
|
|-heal|p2a: The Lady In Purple|93/100|[from] item: Leftovers
|upkeep
|turn|76
|
|t:|1728748108
|move|p2a: The Lady In Purple|Lovely Kiss|p1a: Suicune|[miss]
|-miss|p2a: The Lady In Purple|p1a: Suicune
|move|p1a: Suicune|Roar||[still]
|-fail|p1a: Suicune
|
|-heal|p2a: The Lady In Purple|99/100|[from] item: Leftovers
|upkeep
|turn|77
|
|t:|1728748115
|move|p2a: The Lady In Purple|Lovely Kiss|p1a: Suicune
|-message|Sleep Clause Mod activated.
|-hint|Sleep Clause Mod prevents players from putting more than one of their opponent's Pokémon to sleep at a time
|move|p1a: Suicune|Roar||[still]
|-fail|p1a: Suicune
|
|-heal|p2a: The Lady In Purple|100/100|[from] item: Leftovers
|upkeep
|turn|78
|
|t:|1728748122
|move|p2a: The Lady In Purple|Lovely Kiss|p1a: Suicune
|-message|Sleep Clause Mod activated.
|-hint|Sleep Clause Mod prevents players from putting more than one of their opponent's Pokémon to sleep at a time
|move|p1a: Suicune|Roar||[still]
|-fail|p1a: Suicune
|
|upkeep
|turn|79
|
|t:|1728748127
|move|p2a: The Lady In Purple|Substitute|p2a: The Lady In Purple
|-fail|p2a: The Lady In Purple|move: Substitute
|move|p1a: Suicune|Roar||[still]
|-fail|p1a: Suicune
|
|upkeep
|turn|80
|
|t:|1728748132
|move|p2a: The Lady In Purple|Substitute|p2a: The Lady In Purple
|-fail|p2a: The Lady In Purple|move: Substitute
|move|p1a: Suicune|Roar||[still]
|-fail|p1a: Suicune
|
|upkeep
|turn|81
|
|t:|1728748137
|move|p2a: The Lady In Purple|Substitute|p2a: The Lady In Purple
|-fail|p2a: The Lady In Purple|move: Substitute
|move|p1a: Suicune|Roar||[still]
|-fail|p1a: Suicune
|
|upkeep
|turn|82
|
|t:|1728748141
|move|p2a: The Lady In Purple|Substitute|p2a: The Lady In Purple
|-fail|p2a: The Lady In Purple|move: Substitute
|move|p1a: Suicune|Calm Mind|p1a: Suicune
|-boost|p1a: Suicune|spa|0
|-boost|p1a: Suicune|spd|0
|
|upkeep
|turn|83
|
|t:|1728748146
|move|p2a: The Lady In Purple|Substitute|p2a: The Lady In Purple
|-fail|p2a: The Lady In Purple|move: Substitute
|move|p1a: Suicune|Calm Mind|p1a: Suicune
|-boost|p1a: Suicune|spa|0
|-boost|p1a: Suicune|spd|0
|
|upkeep
|turn|84
|
|t:|1728748152
|move|p2a: The Lady In Purple|Substitute|p2a: The Lady In Purple
|-fail|p2a: The Lady In Purple|move: Substitute
|move|p1a: Suicune|Calm Mind|p1a: Suicune
|-boost|p1a: Suicune|spa|0
|-boost|p1a: Suicune|spd|0
|
|upkeep
|turn|85
|
|t:|1728748156
|move|p2a: The Lady In Purple|Substitute|p2a: The Lady In Purple
|-fail|p2a: The Lady In Purple|move: Substitute
|move|p1a: Suicune|Calm Mind|p1a: Suicune
|-boost|p1a: Suicune|spa|0
|-boost|p1a: Suicune|spd|0
|
|upkeep
|turn|86
|
|t:|1728748161
|move|p2a: The Lady In Purple|Substitute|p2a: The Lady In Purple
|-fail|p2a: The Lady In Purple|move: Substitute
|move|p1a: Suicune|Calm Mind|p1a: Suicune
|-boost|p1a: Suicune|spa|0
|-boost|p1a: Suicune|spd|0
|
|upkeep
|turn|87
|
|t:|1728748167
|move|p2a: The Lady In Purple|Substitute|p2a: The Lady In Purple
|-fail|p2a: The Lady In Purple|move: Substitute
|move|p1a: Suicune|Struggle|p2a: The Lady In Purple
|-activate|p2a: The Lady In Purple|Substitute|[damage]
|-damage|p1a: Suicune|97/100|[from] Recoil|[of] p2a: The Lady In Purple
|
|-heal|p1a: Suicune|100/100|[from] item: Leftovers
|upkeep
|turn|88
|
|t:|1728748177
|move|p2a: The Lady In Purple|Substitute|p2a: The Lady In Purple
|-fail|p2a: The Lady In Purple|move: Substitute
|move|p1a: Suicune|Struggle|p2a: The Lady In Purple
|-end|p2a: The Lady In Purple|Substitute
|-damage|p1a: Suicune|99/100|[from] Recoil|[of] p2a: The Lady In Purple
|
|-heal|p1a: Suicune|100/100|[from] item: Leftovers
|upkeep
|turn|89
|
|t:|1728748181
|move|p2a: The Lady In Purple|Ice Beam|p1a: Suicune
|-resisted|p1a: Suicune
|-damage|p1a: Suicune|80/100
|move|p1a: Suicune|Struggle|p2a: The Lady In Purple
|-damage|p2a: The Lady In Purple|83/100
|-damage|p1a: Suicune|77/100|[from] Recoil|[of] p2a: The Lady In Purple
|
|-heal|p2a: The Lady In Purple|89/100|[from] item: Leftovers
|-heal|p1a: Suicune|83/100|[from] item: Leftovers
|upkeep
|turn|90
|
|t:|1728748187
|move|p2a: The Lady In Purple|Ice Beam|p1a: Suicune
|-resisted|p1a: Suicune
|-damage|p1a: Suicune|65/100
|move|p1a: Suicune|Struggle|p2a: The Lady In Purple
|-damage|p2a: The Lady In Purple|68/100
|-damage|p1a: Suicune|61/100|[from] Recoil|[of] p2a: The Lady In Purple
|
|-heal|p2a: The Lady In Purple|74/100|[from] item: Leftovers
|-heal|p1a: Suicune|67/100|[from] item: Leftovers
|upkeep
|turn|91
|
|t:|1728748194
|move|p2a: The Lady In Purple|Ice Beam|p1a: Suicune
|-resisted|p1a: Suicune
|-damage|p1a: Suicune|50/100
|move|p1a: Suicune|Struggle|p2a: The Lady In Purple
|-damage|p2a: The Lady In Purple|53/100
|-damage|p1a: Suicune|46/100|[from] Recoil|[of] p2a: The Lady In Purple
|
|-heal|p2a: The Lady In Purple|59/100|[from] item: Leftovers
|-heal|p1a: Suicune|52/100|[from] item: Leftovers
|upkeep
|turn|92
|
|t:|1728748199
|move|p2a: The Lady In Purple|Ice Beam|p1a: Suicune
|-resisted|p1a: Suicune
|-damage|p1a: Suicune|32/100
|move|p1a: Suicune|Struggle|p2a: The Lady In Purple
|-damage|p2a: The Lady In Purple|40/100
|-damage|p1a: Suicune|29/100|[from] Recoil|[of] p2a: The Lady In Purple
|
|-heal|p2a: The Lady In Purple|46/100|[from] item: Leftovers
|-heal|p1a: Suicune|35/100|[from] item: Leftovers
|upkeep
|turn|93
|c|☆GroundBack|Well that was certainty a way to go out
|c|☆GroundBack|ggwp
|
|t:|1728748221
|move|p2a: The Lady In Purple|Struggle|p1a: Suicune
|-damage|p1a: Suicune|31/100
|-damage|p2a: The Lady In Purple|45/100|[from] Recoil|[of] p1a: Suicune
|move|p1a: Suicune|Struggle|p2a: The Lady In Purple
|-damage|p2a: The Lady In Purple|26/100
|-damage|p1a: Suicune|28/100|[from] Recoil|[of] p2a: The Lady In Purple
|
|-heal|p2a: The Lady In Purple|32/100|[from] item: Leftovers
|-heal|p1a: Suicune|34/100|[from] item: Leftovers
|upkeep
|turn|94
|c|☆rajime(real)|gg
|c|☆rajime(real)|sorry this ended like this lol
|
|t:|1728748234
|move|p2a: The Lady In Purple|Struggle|p1a: Suicune
|-damage|p1a: Suicune|30/100
|-damage|p2a: The Lady In Purple|31/100|[from] Recoil|[of] p1a: Suicune
|move|p1a: Suicune|Struggle|p2a: The Lady In Purple
|-damage|p2a: The Lady In Purple|10/100
|-damage|p1a: Suicune|26/100|[from] Recoil|[of] p2a: The Lady In Purple
|
|-heal|p2a: The Lady In Purple|16/100|[from] item: Leftovers
|-heal|p1a: Suicune|32/100|[from] item: Leftovers
|upkeep
|turn|95
|inactive|GroundBack has 270 seconds left.
|c|☆GroundBack|Nah this is so much better than dropping out of the tournament by getting swept. lol 
|
|t:|1728748268
|move|p2a: The Lady In Purple|Struggle|p1a: Suicune
|-damage|p1a: Suicune|28/100
|-damage|p2a: The Lady In Purple|15/100|[from] Recoil|[of] p1a: Suicune
|move|p1a: Suicune|Struggle|p2a: The Lady In Purple
|-damage|p2a: The Lady In Purple|0 fnt
|-damage|p1a: Suicune|26/100|[from] Recoil|[of] p2a: The Lady In Purple
|faint|p2a: The Lady In Purple
|
|win|rajime(real)
|c|☆GroundBack|good luck in future games 

</script>
<script type="application/json" class="data" id="replaydata-smogtours-gen3ou-797482">
{"id":"smogtours-gen3ou-797482","format":"[Gen 3] OU","players":["rajime(real)","GroundBack"],"uploadtime":1728748268,"views":79,"formatid":"gen3ou","rating":null,"private":0,"password":null}
</script>

<script defer src="js/replays.js?9d40a366"></script>
