<!DOCTYPE html>
<meta charset="utf-8" />
<meta name="viewport" content="width=device-width" />

<title>[Gen 3] OU: Hansenator vs. Rizzarro Flame - Replays - Pok&eacute;mon Showdown!</title>

<meta name="description" content="Watch a replay of a Pok&eacute;mon battle between Hansenator and Rizzarro Flame! Format: [Gen 3] OU; Date: Oct 19, 2024" />
<!--

Hey, you! Looking in the source for the replay log?

You can find them in JSON format, just add `.json` at the end of a replay URL.

https://replay.pokemonshowdown.com/gen7randomdoublesbattle-865046831.json

Or, if you only need the log itself, add `.log` instead:

https://replay.pokemonshowdown.com/gen7randomdoublesbattle-865046831.log

-->

<link rel="stylesheet" href="//pokemonshowdown.com/style/global.css?0.767286132409787" />
<link rel="stylesheet" href="//play.pokemonshowdown.com/style/font-awesome.css?0.9266228007934947" />
<link rel="stylesheet" href="//play.pokemonshowdown.com/style/battle.css?0.7924700842790926" />
<link rel="stylesheet" href="//play.pokemonshowdown.com/style/utilichart.css?0.8777417872839479" />

<!-- Global site tag (gtag.js) - Google Analytics -->
<script async src="https://www.googletagmanager.com/gtag/js?id=UA-26211653-1"></script>
<script>
  window.dataLayer = window.dataLayer || [];
  function gtag(){dataLayer.push(arguments);}
  gtag('js', new Date());

  gtag('config', 'UA-26211653-1');
</script>
<!-- End Google Analytics -->
<!-- Venatus Ad Manager - Install in <HEAD> of page -->
	<script src="https://hb.vntsm.com/v3/live/ad-manager.min.js" type="text/javascript" data-site-id="642aba63ec9a7b11c3c9c1be" data-mode="scan" async></script>
<!-- / Venatus Ad Manager -->

<style>
	@media (max-width:820px) {
		.battle {
			margin: 0 auto;
		}
		.battle-log {
			margin: 7px auto 0;
			max-width: 640px;
			height: 300px;
			position: static;
		}
	}
	.optgroup {
		display: inline-block;
		line-height: 22px;
		font-size: 10pt;
	}
	.optgroup .button {
		height: 25px;
		padding-top: 0;
		padding-bottom: 0;
	}
	.optgroup button.button {
		padding-left: 12px;
		padding-right: 12px;
	}
	.linklist {
		list-style: none;
		margin: 0.5em 0;
		padding: 0;
	}
	.linklist li {
		padding: 2px 0;
	}
	.sidebar {
		float: left;
		width: 320px;
	}
	.bar-wrapper {
		max-width: 1100px;
		margin: 0 auto;
	}
	.bar-wrapper.has-sidebar {
		max-width: 1430px;
	}
	.mainbar {
		margin: 0;
		padding-right: 1px;
	}
	.mainbar.has-sidebar {
		margin-left: 330px;
	}
	@media (min-width: 1511px) {
		.sidebar {
			width: 400px;
		}
		.bar-wrapper.has-sidebar {
			max-width: 1510px;
		}
		.mainbar.has-sidebar {
			margin-left: 410px;
		}
	}
	.section.first-section {
		margin-top: 9px;
	}
	.blocklink small {
		white-space: normal;
	}
	.button {
		vertical-align: middle;
	}
	.replay-controls {
		padding-top: 10px;
	}
	.replay-controls h1 {
		font-size: 16pt;
		font-weight: normal;
		color: #CCC;
	}
	.pagelink {
		text-align: center;
	}
	.pagelink a {
		width: 150px;
	}
	.textbox, .button {
		font-size: 11pt;
		vertical-align: middle;
	}
	@media (max-width: 450px) {
		.button {
			font-size: 9pt;
		}
	}
</style>

<div>

	<header>
		<div class="nav-wrapper"><ul class="nav">
			<li><a class="button nav-first" href="//pokemonshowdown.com/"><img src="//pokemonshowdown.com/images/pokemonshowdownbeta.png" srcset="//pokemonshowdown.com/images/pokemonshowdownbeta.png 1x, //pokemonshowdown.com/images/pokemonshowdownbeta@2x.png 2x" alt="Pok&eacute;mon Showdown" width="146" height="44" /> Home</a></li>
			<li><a class="button" href="//pokemonshowdown.com/dex/">Pok&eacute;dex</a></li>
			<li><a class="button cur" href="/">Replays</a></li>
			<li><a class="button" href="//pokemonshowdown.com/ladder/">Ladder</a></li>
			<li><a class="button nav-last" href="//pokemonshowdown.com/forums/">Forum</a></li>
			<li><a class="button greenbutton nav-first nav-last" href="//play.pokemonshowdown.com/">Play</a></li>
		</ul></div>
	</header>

	<div class="main" id="main">

		<noscript><section class="section">You need to enable JavaScript to use this page; sorry!</section></noscript>

	</div>

</div>

<script defer nomodule src="//play.pokemonshowdown.com/js/lib/ps-polyfill.js"></script>
<script defer src="//play.pokemonshowdown.com/js/lib/preact.min.js"></script>

<script defer src="//play.pokemonshowdown.com/config/config.js?6dec07f6"></script>
<script defer src="//play.pokemonshowdown.com/js/lib/jquery-1.11.0.min.js"></script>
<script defer src="//play.pokemonshowdown.com/js/lib/html-sanitizer-minified.js"></script>
<script defer src="//play.pokemonshowdown.com/js/battle-sound.js"></script>
<script defer src="//play.pokemonshowdown.com/js/battledata.js?0.6315294753075389"></script>
<script defer src="//play.pokemonshowdown.com/data/pokedex-mini.js?0.7603743185311358"></script>
<script defer src="//play.pokemonshowdown.com/data/pokedex-mini-bw.js?0.030888842834281283"></script>
<script defer src="//play.pokemonshowdown.com/data/graphics.js?0.05593094747507488"></script>
<script defer src="//play.pokemonshowdown.com/data/pokedex.js?0.47064822249611904"></script>
<script defer src="//play.pokemonshowdown.com/data/moves.js?0.8583693120512459"></script>
<script defer src="//play.pokemonshowdown.com/data/abilities.js?0.16017181182386842"></script>
<script defer src="//play.pokemonshowdown.com/data/items.js?0.4163379185673943"></script>
<script defer src="//play.pokemonshowdown.com/data/teambuilder-tables.js?0.31075597372830477"></script>
<script defer src="//play.pokemonshowdown.com/js/battle-tooltips.js?0.6536193500708172"></script>
<script defer src="//play.pokemonshowdown.com/js/battle.js?0.1916591943277901"></script>

<script defer src="js/utils.js?e31f9a17"></script>
<script defer src="js/replays-battle.js?7008c182"></script>

<!-- don't scrape this data! just add .json or .log after the URL!
Full API docs: https://github.com/smogon/pokemon-showdown-client/blob/master/WEB-API.md -->
<script type="text/plain" class="log" id="replaylog-smogtours-gen3ou-799799">
|inactive|Battle timer is ON: inactive players will automatically lose when time's up.
|t:|1729316763
|gametype|singles
|player|p1|Hansenator|170|
|player|p2|Rizzarro Flame|169|
|teamsize|p1|6
|teamsize|p2|6
|gen|3
|tier|[Gen 3] OU
|rule|Sleep Clause Mod: Limit one foe put to sleep
|rule|Switch Priority Clause Mod: Faster Pokémon switch first
|rule|Species Clause: Limit one of each Pokémon
|rule|OHKO Clause: OHKO moves are banned
|rule|Evasion Items Clause: Evasion items are banned
|rule|Evasion Moves Clause: Evasion moves are banned
|rule|Endless Battle Clause: Forcing endless battles is banned
|rule|HP Percentage Mod: HP is shown in percentages
|rule|One Boost Passer Clause: Limit one Baton Passer that has a way to boost its stats
|rule|Freeze Clause Mod: Limit one foe frozen
|
|t:|1729316763
|start
|switch|p1a: Skarmory|Skarmory, F|100/100
|switch|p2a: Suicune|Suicune|100/100
|turn|1
|c|☆Hansenator|Good Morning
|c|☆Hansenator|Or I guess evening for you ha
|c|☆Hansenator|gl hf!
|
|t:|1729316786
|move|p1a: Skarmory|Spikes|p2a: Suicune
|-sidestart|p2: Rizzarro Flame|Spikes
|move|p2a: Suicune|Calm Mind|p2a: Suicune
|-boost|p2a: Suicune|spa|1
|-boost|p2a: Suicune|spd|1
|
|upkeep
|turn|2
|
|t:|1729316795
|switch|p1a: Zapdos|Zapdos|100/100
|move|p2a: Suicune|Surf|p1a: Zapdos
|-damage|p1a: Zapdos|56/100
|
|-heal|p1a: Zapdos|62/100|[from] item: Leftovers
|upkeep
|turn|3
|
|t:|1729316807
|move|p1a: Zapdos|Toxic|p2a: Suicune
|-status|p2a: Suicune|tox
|move|p2a: Suicune|Surf|p1a: Zapdos
|-damage|p1a: Zapdos|17/100
|
|-heal|p1a: Zapdos|24/100|[from] item: Leftovers
|-damage|p2a: Suicune|94/100 tox|[from] psn
|upkeep
|turn|4
|
|t:|1729316816
|move|p1a: Zapdos|Detect|p1a: Zapdos
|-singleturn|p1a: Zapdos|Protect
|move|p2a: Suicune|Calm Mind|p2a: Suicune
|-boost|p2a: Suicune|spa|1
|-boost|p2a: Suicune|spd|1
|
|-heal|p1a: Zapdos|30/100|[from] item: Leftovers
|-heal|p2a: Suicune|100/100 tox|[from] item: Leftovers
|-damage|p2a: Suicune|88/100 tox|[from] psn
|upkeep
|turn|5
|
|t:|1729316823
|move|p1a: Zapdos|Thunderbolt|p2a: Suicune
|-supereffective|p2a: Suicune
|-damage|p2a: Suicune|58/100 tox
|move|p2a: Suicune|Surf|p1a: Zapdos
|-damage|p1a: Zapdos|0 fnt
|faint|p1a: Zapdos
|
|t:|1729316831
|switch|p1a: Dugtrio|Dugtrio, M|100/100
|
|-heal|p2a: Suicune|64/100 tox|[from] item: Leftovers
|-damage|p2a: Suicune|45/100 tox|[from] psn
|upkeep
|turn|6
|
|t:|1729316835
|move|p1a: Dugtrio|Earthquake|p2a: Suicune
|-damage|p2a: Suicune|6/100 tox
|move|p2a: Suicune|Rest|p2a: Suicune
|-status|p2a: Suicune|slp|[from] move: Rest
|-heal|p2a: Suicune|100/100 slp|[silent]
|
|upkeep
|turn|7
|
|t:|1729316840
|move|p1a: Dugtrio|Earthquake|p2a: Suicune
|-damage|p2a: Suicune|55/100 slp
|cant|p2a: Suicune|slp
|move|p2a: Suicune|Sleep Talk|p2a: Suicune
|move|p2a: Suicune|Rest|p2a: Suicune|[from]Sleep Talk
|
|-heal|p2a: Suicune|61/100 slp|[from] item: Leftovers
|upkeep
|turn|8
|
|t:|1729316845
|move|p1a: Dugtrio|Earthquake|p2a: Suicune
|-damage|p2a: Suicune|15/100 slp
|cant|p2a: Suicune|slp
|move|p2a: Suicune|Sleep Talk|p2a: Suicune
|move|p2a: Suicune|Surf|p1a: Dugtrio|[from]Sleep Talk
|-supereffective|p1a: Dugtrio
|-damage|p1a: Dugtrio|0 fnt
|faint|p1a: Dugtrio
|
|t:|1729316857
|switch|p1a: Skarmory|Skarmory, F|100/100
|
|-heal|p2a: Suicune|22/100 slp|[from] item: Leftovers
|upkeep
|turn|9
|
|t:|1729316861
|move|p1a: Skarmory|Drill Peck|p2a: Suicune
|-damage|p2a: Suicune|0 fnt
|faint|p2a: Suicune
|
|t:|1729316871
|switch|p2a: Dusclops|Dusclops, M|100/100
|-damage|p2a: Dusclops|88/100|[from] Spikes
|
|-heal|p2a: Dusclops|94/100|[from] item: Leftovers
|upkeep
|turn|10
|
|t:|1729316881
|move|p1a: Skarmory|Protect|p1a: Skarmory
|-singleturn|p1a: Skarmory|Protect
|move|p2a: Dusclops|Will-O-Wisp|p1a: Skarmory
|-activate|p1a: Skarmory|Protect
|
|-heal|p2a: Dusclops|99/100|[from] item: Leftovers
|upkeep
|turn|11
|
|t:|1729316887
|switch|p1a: Starmie|Starmie|100/100
|move|p2a: Dusclops|Will-O-Wisp|p1a: Starmie
|-status|p1a: Starmie|brn
|
|-damage|p1a: Starmie|88/100 brn|[from] brn
|-heal|p2a: Dusclops|100/100|[from] item: Leftovers
|upkeep
|turn|12
|
|t:|1729316895
|-curestatus|p1a: Starmie|brn|[from] ability: Natural Cure
|switch|p1a: Medicham|Medicham, F|100/100
|move|p2a: Dusclops|Calm Mind|p2a: Dusclops
|-boost|p2a: Dusclops|spa|1
|-boost|p2a: Dusclops|spd|1
|
|upkeep
|turn|13
|
|t:|1729316905
|move|p1a: Medicham|Shadow Ball|p2a: Dusclops
|-supereffective|p2a: Dusclops
|-crit|p2a: Dusclops
|-damage|p2a: Dusclops|0 fnt
|faint|p2a: Dusclops
|
|t:|1729316908
|switch|p2a: Dugtrio|Dugtrio, F|100/100
|-damage|p2a: Dugtrio|88/100|[from] Spikes
|
|upkeep
|turn|14
|
|t:|1729316910
|move|p2a: Dugtrio|Earthquake|p1a: Medicham
|-damage|p1a: Medicham|5/100
|move|p1a: Medicham|Shadow Ball|p2a: Dugtrio
|-damage|p2a: Dugtrio|0 fnt
|faint|p2a: Dugtrio
|
|t:|1729316916
|switch|p2a: Gengar|Gengar, F|100/100
|
|upkeep
|turn|15
|
|t:|1729316923
|switch|p1a: Tyranitar|Tyranitar, M|100/100
|-weather|Sandstorm|[from] ability: Sand Stream|[of] p1a: Tyranitar
|move|p2a: Gengar|Thunderbolt|p1a: Tyranitar
|-damage|p1a: Tyranitar|79/100
|
|-weather|Sandstorm|[upkeep]
|-damage|p2a: Gengar|94/100|[from] Sandstorm
|-heal|p2a: Gengar|100/100|[from] item: Leftovers
|-heal|p1a: Tyranitar|85/100|[from] item: Leftovers
|upkeep
|turn|16
|
|t:|1729316934
|move|p2a: Gengar|Will-O-Wisp|p1a: Tyranitar
|-status|p1a: Tyranitar|brn
|move|p1a: Tyranitar|Substitute|p1a: Tyranitar
|-start|p1a: Tyranitar|Substitute
|-damage|p1a: Tyranitar|60/100 brn
|
|-weather|Sandstorm|[upkeep]
|-damage|p2a: Gengar|94/100|[from] Sandstorm
|-heal|p2a: Gengar|100/100|[from] item: Leftovers
|-heal|p1a: Tyranitar|66/100 brn|[from] item: Leftovers
|-damage|p1a: Tyranitar|54/100 brn|[from] brn
|upkeep
|turn|17
|
|t:|1729316942
|move|p2a: Gengar|Thunderbolt|p1a: Tyranitar
|-activate|p1a: Tyranitar|Substitute|[damage]
|move|p1a: Tyranitar|Ice Beam|p2a: Gengar
|-damage|p2a: Gengar|70/100
|
|-weather|Sandstorm|[upkeep]
|-damage|p2a: Gengar|64/100|[from] Sandstorm
|-heal|p2a: Gengar|70/100|[from] item: Leftovers
|-heal|p1a: Tyranitar|60/100 brn|[from] item: Leftovers
|-damage|p1a: Tyranitar|48/100 brn|[from] brn
|upkeep
|turn|18
|
|t:|1729316956
|switch|p2a: Blissey|Blissey, F|100/100
|-damage|p2a: Blissey|88/100|[from] Spikes
|move|p1a: Tyranitar|Ice Beam|p2a: Blissey
|-damage|p2a: Blissey|78/100
|
|-weather|Sandstorm|[upkeep]
|-damage|p2a: Blissey|72/100|[from] Sandstorm
|-heal|p1a: Tyranitar|54/100 brn|[from] item: Leftovers
|-damage|p1a: Tyranitar|41/100 brn|[from] brn
|-heal|p2a: Blissey|78/100|[from] item: Leftovers
|upkeep
|turn|19
|
|t:|1729316965
|-singleturn|p1a: Tyranitar|move: Focus Punch
|move|p2a: Blissey|Soft-Boiled|p2a: Blissey
|-heal|p2a: Blissey|100/100
|move|p1a: Tyranitar|Focus Punch|p2a: Blissey
|-supereffective|p2a: Blissey
|-crit|p2a: Blissey
|-damage|p2a: Blissey|12/100
|
|-weather|Sandstorm|[upkeep]
|-damage|p2a: Blissey|6/100|[from] Sandstorm
|-heal|p1a: Tyranitar|48/100 brn|[from] item: Leftovers
|-damage|p1a: Tyranitar|35/100 brn|[from] brn
|-heal|p2a: Blissey|12/100|[from] item: Leftovers
|upkeep
|turn|20
|
|t:|1729316978
|-singleturn|p1a: Tyranitar|move: Focus Punch
|move|p2a: Blissey|Soft-Boiled|p2a: Blissey
|-heal|p2a: Blissey|62/100
|move|p1a: Tyranitar|Focus Punch|p2a: Blissey
|-supereffective|p2a: Blissey
|-damage|p2a: Blissey|21/100
|
|-weather|Sandstorm|[upkeep]
|-damage|p2a: Blissey|15/100|[from] Sandstorm
|-heal|p1a: Tyranitar|41/100 brn|[from] item: Leftovers
|-damage|p1a: Tyranitar|29/100 brn|[from] brn
|-heal|p2a: Blissey|21/100|[from] item: Leftovers
|upkeep
|turn|21
|
|t:|1729316991
|-singleturn|p1a: Tyranitar|move: Focus Punch
|move|p2a: Blissey|Soft-Boiled|p2a: Blissey
|-heal|p2a: Blissey|71/100
|move|p1a: Tyranitar|Focus Punch|p2a: Blissey
|-supereffective|p2a: Blissey
|-damage|p2a: Blissey|32/100
|
|-weather|Sandstorm|[upkeep]
|-damage|p2a: Blissey|25/100|[from] Sandstorm
|-heal|p1a: Tyranitar|35/100 brn|[from] item: Leftovers
|-damage|p1a: Tyranitar|23/100 brn|[from] brn
|-heal|p2a: Blissey|32/100|[from] item: Leftovers
|upkeep
|turn|22
|
|t:|1729316994
|-singleturn|p1a: Tyranitar|move: Focus Punch
|move|p2a: Blissey|Soft-Boiled|p2a: Blissey
|-heal|p2a: Blissey|81/100
|move|p1a: Tyranitar|Focus Punch|p2a: Blissey
|-supereffective|p2a: Blissey
|-damage|p2a: Blissey|38/100
|
|-weather|Sandstorm|[upkeep]
|-damage|p2a: Blissey|32/100|[from] Sandstorm
|-heal|p1a: Tyranitar|29/100 brn|[from] item: Leftovers
|-damage|p1a: Tyranitar|17/100 brn|[from] brn
|-heal|p2a: Blissey|38/100|[from] item: Leftovers
|upkeep
|turn|23
|
|t:|1729317011
|-singleturn|p1a: Tyranitar|move: Focus Punch
|move|p2a: Blissey|Soft-Boiled|p2a: Blissey
|-heal|p2a: Blissey|88/100
|move|p1a: Tyranitar|Focus Punch|p2a: Blissey
|-supereffective|p2a: Blissey
|-damage|p2a: Blissey|46/100
|
|-weather|Sandstorm|[upkeep]
|-damage|p2a: Blissey|40/100|[from] Sandstorm
|-heal|p1a: Tyranitar|23/100 brn|[from] item: Leftovers
|-damage|p1a: Tyranitar|10/100 brn|[from] brn
|-heal|p2a: Blissey|46/100|[from] item: Leftovers
|upkeep
|turn|24
|
|t:|1729317015
|-singleturn|p1a: Tyranitar|move: Focus Punch
|move|p2a: Blissey|Soft-Boiled|p2a: Blissey
|-heal|p2a: Blissey|96/100
|move|p1a: Tyranitar|Focus Punch|p2a: Blissey
|-supereffective|p2a: Blissey
|-damage|p2a: Blissey|53/100
|
|-weather|Sandstorm|[upkeep]
|-damage|p2a: Blissey|47/100|[from] Sandstorm
|-heal|p1a: Tyranitar|17/100 brn|[from] item: Leftovers
|-damage|p1a: Tyranitar|4/100 brn|[from] brn
|-heal|p2a: Blissey|53/100|[from] item: Leftovers
|upkeep
|turn|25
|
|t:|1729317024
|-singleturn|p1a: Tyranitar|move: Focus Punch
|switch|p2a: Claydol|Claydol|100/100
|move|p1a: Tyranitar|Focus Punch|p2a: Claydol
|-resisted|p2a: Claydol
|-damage|p2a: Claydol|90/100
|
|-weather|Sandstorm|[upkeep]
|-heal|p2a: Claydol|96/100|[from] item: Leftovers
|-heal|p1a: Tyranitar|10/100 brn|[from] item: Leftovers
|-damage|p1a: Tyranitar|0 fnt|[from] brn
|faint|p1a: Tyranitar
|upkeep
|
|t:|1729317028
|switch|p1a: Medicham|Medicham, F|5/100
|turn|26
|
|t:|1729317038
|move|p1a: Medicham|Brick Break|p2a: Claydol
|-resisted|p2a: Claydol
|-damage|p2a: Claydol|59/100
|move|p2a: Claydol|Psychic|p1a: Medicham
|-damage|p1a: Medicham|0 fnt
|faint|p1a: Medicham
|c|☆Hansenator|gg
|-message|Hansenator forfeited.
|
|win|Rizzarro Flame
|player|p1|
|player|p2|
|player|p2|Rizzarro Flame|169|

</script>
<script type="application/json" class="data" id="replaydata-smogtours-gen3ou-799799">
{"id":"smogtours-gen3ou-799799","format":"[Gen 3] OU","players":["Hansenator","Rizzarro Flame"],"uploadtime":1729317046,"views":88,"formatid":"gen3ou","rating":null,"private":0,"password":null}
</script>

<script defer src="js/replays.js?9d40a366"></script>
