<!DOCTYPE html>
<meta charset="utf-8" />
<meta name="viewport" content="width=device-width" />

<title>[Gen 3] OU: antantantantant vs. hiyahahahaha - Replays - Pok&eacute;mon Showdown!</title>

<meta name="description" content="Watch a replay of a Pok&eacute;mon battle between antantantantant and hiyahahahaha! Format: [Gen 3] OU; Date: Oct 2, 2024" />
<!--

Hey, you! Looking in the source for the replay log?

You can find them in JSON format, just add `.json` at the end of a replay URL.

https://replay.pokemonshowdown.com/gen7randomdoublesbattle-865046831.json

Or, if you only need the log itself, add `.log` instead:

https://replay.pokemonshowdown.com/gen7randomdoublesbattle-865046831.log

-->

<link rel="stylesheet" href="//pokemonshowdown.com/style/global.css?0.023195364461161105" />
<link rel="stylesheet" href="//play.pokemonshowdown.com/style/font-awesome.css?0.13261647063804238" />
<link rel="stylesheet" href="//play.pokemonshowdown.com/style/battle.css?0.8753245789963631" />
<link rel="stylesheet" href="//play.pokemonshowdown.com/style/utilichart.css?0.8627959624976733" />

<!-- Global site tag (gtag.js) - Google Analytics -->
<script async src="https://www.googletagmanager.com/gtag/js?id=UA-26211653-1"></script>
<script>
  window.dataLayer = window.dataLayer || [];
  function gtag(){dataLayer.push(arguments);}
  gtag('js', new Date());

  gtag('config', 'UA-26211653-1');
</script>
<!-- End Google Analytics -->
<!-- Venatus Ad Manager - Install in <HEAD> of page -->
	<script src="https://hb.vntsm.com/v3/live/ad-manager.min.js" type="text/javascript" data-site-id="642aba63ec9a7b11c3c9c1be" data-mode="scan" async></script>
<!-- / Venatus Ad Manager -->

<style>
	@media (max-width:820px) {
		.battle {
			margin: 0 auto;
		}
		.battle-log {
			margin: 7px auto 0;
			max-width: 640px;
			height: 300px;
			position: static;
		}
	}
	.optgroup {
		display: inline-block;
		line-height: 22px;
		font-size: 10pt;
	}
	.optgroup .button {
		height: 25px;
		padding-top: 0;
		padding-bottom: 0;
	}
	.optgroup button.button {
		padding-left: 12px;
		padding-right: 12px;
	}
	.linklist {
		list-style: none;
		margin: 0.5em 0;
		padding: 0;
	}
	.linklist li {
		padding: 2px 0;
	}
	.sidebar {
		float: left;
		width: 320px;
	}
	.bar-wrapper {
		max-width: 1100px;
		margin: 0 auto;
	}
	.bar-wrapper.has-sidebar {
		max-width: 1430px;
	}
	.mainbar {
		margin: 0;
		padding-right: 1px;
	}
	.mainbar.has-sidebar {
		margin-left: 330px;
	}
	@media (min-width: 1511px) {
		.sidebar {
			width: 400px;
		}
		.bar-wrapper.has-sidebar {
			max-width: 1510px;
		}
		.mainbar.has-sidebar {
			margin-left: 410px;
		}
	}
	.section.first-section {
		margin-top: 9px;
	}
	.blocklink small {
		white-space: normal;
	}
	.button {
		vertical-align: middle;
	}
	.replay-controls {
		padding-top: 10px;
	}
	.replay-controls h1 {
		font-size: 16pt;
		font-weight: normal;
		color: #CCC;
	}
	.pagelink {
		text-align: center;
	}
	.pagelink a {
		width: 150px;
	}
	.textbox, .button {
		font-size: 11pt;
		vertical-align: middle;
	}
	@media (max-width: 450px) {
		.button {
			font-size: 9pt;
		}
	}
</style>

<div>

	<header>
		<div class="nav-wrapper"><ul class="nav">
			<li><a class="button nav-first" href="//pokemonshowdown.com/"><img src="//pokemonshowdown.com/images/pokemonshowdownbeta.png" srcset="//pokemonshowdown.com/images/pokemonshowdownbeta.png 1x, //pokemonshowdown.com/images/pokemonshowdownbeta@2x.png 2x" alt="Pok&eacute;mon Showdown" width="146" height="44" /> Home</a></li>
			<li><a class="button" href="//pokemonshowdown.com/dex/">Pok&eacute;dex</a></li>
			<li><a class="button cur" href="/">Replays</a></li>
			<li><a class="button" href="//pokemonshowdown.com/ladder/">Ladder</a></li>
			<li><a class="button nav-last" href="//pokemonshowdown.com/forums/">Forum</a></li>
			<li><a class="button greenbutton nav-first nav-last" href="//play.pokemonshowdown.com/">Play</a></li>
		</ul></div>
	</header>

	<div class="main" id="main">

		<noscript><section class="section">You need to enable JavaScript to use this page; sorry!</section></noscript>

	</div>

</div>

<script defer nomodule src="//play.pokemonshowdown.com/js/lib/ps-polyfill.js"></script>
<script defer src="//play.pokemonshowdown.com/js/lib/preact.min.js"></script>

<script defer src="//play.pokemonshowdown.com/config/config.js?2bddbc15"></script>
<script defer src="//play.pokemonshowdown.com/js/lib/jquery-1.11.0.min.js"></script>
<script defer src="//play.pokemonshowdown.com/js/lib/html-sanitizer-minified.js"></script>
<script defer src="//play.pokemonshowdown.com/js/battle-sound.js"></script>
<script defer src="//play.pokemonshowdown.com/js/battledata.js?0.7209276989879541"></script>
<script defer src="//play.pokemonshowdown.com/data/pokedex-mini.js?0.6111056340867951"></script>
<script defer src="//play.pokemonshowdown.com/data/pokedex-mini-bw.js?0.3532142036491459"></script>
<script defer src="//play.pokemonshowdown.com/data/graphics.js?0.24223875632456182"></script>
<script defer src="//play.pokemonshowdown.com/data/pokedex.js?0.38839984266356864"></script>
<script defer src="//play.pokemonshowdown.com/data/moves.js?0.21866028504024015"></script>
<script defer src="//play.pokemonshowdown.com/data/abilities.js?0.2005157953846628"></script>
<script defer src="//play.pokemonshowdown.com/data/items.js?0.9894211263848525"></script>
<script defer src="//play.pokemonshowdown.com/data/teambuilder-tables.js?0.6008791140282215"></script>
<script defer src="//play.pokemonshowdown.com/js/battle-tooltips.js?0.7580118955022959"></script>
<script defer src="//play.pokemonshowdown.com/js/battle.js?0.6057722274234274"></script>

<script defer src="js/utils.js?e31f9a17"></script>
<script defer src="js/replays-battle.js?7008c182"></script>

<!-- don't scrape this data! just add .json or .log after the URL!
Full API docs: https://github.com/smogon/pokemon-showdown-client/blob/master/WEB-API.md -->
<script type="text/plain" class="log" id="replaylog-smogtours-gen3ou-793998">
|inactive|Battle timer is ON: inactive players will automatically lose when time's up.
|t:|1727894306
|gametype|singles
|player|p1|antantantantant|169|
|player|p2|hiyahahahaha|266|
|teamsize|p1|6
|teamsize|p2|6
|gen|3
|tier|[Gen 3] OU
|rule|Sleep Clause Mod: Limit one foe put to sleep
|rule|Switch Priority Clause Mod: Faster Pokémon switch first
|rule|Species Clause: Limit one of each Pokémon
|rule|OHKO Clause: OHKO moves are banned
|rule|Evasion Items Clause: Evasion items are banned
|rule|Evasion Moves Clause: Evasion moves are banned
|rule|Endless Battle Clause: Forcing endless battles is banned
|rule|HP Percentage Mod: HP is shown in percentages
|rule|One Boost Passer Clause: Limit one Baton Passer that has a way to boost its stats
|rule|Freeze Clause Mod: Limit one foe frozen
|
|t:|1727894306
|start
|switch|p1a: Metagross|Metagross|100/100
|switch|p2a: Tyranitar|Tyranitar, M|100/100
|-weather|Sandstorm|[from] ability: Sand Stream|[of] p2a: Tyranitar
|turn|1
|c|☆antantantantant|glhf
|
|t:|1727894321
|switch|p2a: Forretress|Forretress, M|100/100
|move|p1a: Metagross|Explosion|p2a: Forretress
|-resisted|p2a: Forretress
|-damage|p2a: Forretress|3/100
|faint|p1a: Metagross
|
|t:|1727894325
|switch|p1a: Dugtrio|Dugtrio, F|100/100
|
|-weather|Sandstorm|[upkeep]
|-heal|p2a: Forretress|9/100|[from] item: Leftovers
|upkeep
|turn|2
|
|t:|1727894331
|move|p1a: Dugtrio|Earthquake|p2a: Forretress
|-damage|p2a: Forretress|0 fnt
|faint|p2a: Forretress
|
|t:|1727894339
|switch|p2a: Aerodactyl|Aerodactyl, F|100/100
|
|-weather|Sandstorm|[upkeep]
|upkeep
|turn|3
|
|t:|1727894346
|switch|p1a: Swampert|Swampert, F|100/100
|move|p2a: Aerodactyl|Rock Slide|p1a: Swampert
|-resisted|p1a: Swampert
|-damage|p1a: Swampert|76/100
|
|-weather|Sandstorm|[upkeep]
|-heal|p1a: Swampert|82/100|[from] item: Leftovers
|upkeep
|turn|4
|
|t:|1727894353
|-singleturn|p1a: Swampert|move: Focus Punch
|switch|p2a: Celebi|Celebi|100/100
|move|p1a: Swampert|Focus Punch|p2a: Celebi
|-resisted|p2a: Celebi
|-damage|p2a: Celebi|88/100
|
|-weather|Sandstorm|[upkeep]
|-damage|p2a: Celebi|82/100|[from] Sandstorm
|-heal|p2a: Celebi|88/100|[from] item: Leftovers
|-heal|p1a: Swampert|88/100|[from] item: Leftovers
|upkeep
|turn|5
|
|t:|1727894358
|switch|p1a: Snorlax|Snorlax, F|100/100
|move|p2a: Celebi|Hidden Power|p1a: Snorlax
|-damage|p1a: Snorlax|86/100
|
|-weather|Sandstorm|[upkeep]
|-damage|p2a: Celebi|82/100|[from] Sandstorm
|-damage|p1a: Snorlax|80/100|[from] Sandstorm
|-heal|p2a: Celebi|88/100|[from] item: Leftovers
|-heal|p1a: Snorlax|86/100|[from] item: Leftovers
|upkeep
|turn|6
|
|t:|1727894362
|-singleturn|p1a: Snorlax|move: Focus Punch
|move|p2a: Celebi|Leech Seed|p1a: Snorlax
|-start|p1a: Snorlax|move: Leech Seed
|move|p1a: Snorlax|Focus Punch|p2a: Celebi
|-resisted|p2a: Celebi
|-crit|p2a: Celebi
|-damage|p2a: Celebi|58/100
|
|-weather|Sandstorm|[upkeep]
|-damage|p2a: Celebi|51/100|[from] Sandstorm
|-damage|p1a: Snorlax|80/100|[from] Sandstorm
|-heal|p2a: Celebi|58/100|[from] item: Leftovers
|-heal|p1a: Snorlax|86/100|[from] item: Leftovers
|-damage|p1a: Snorlax|74/100|[from] Leech Seed|[of] p2a: Celebi
|-heal|p2a: Celebi|73/100|[silent]
|upkeep
|turn|7
|
|t:|1727894372
|switch|p2a: Aerodactyl|Aerodactyl, F|100/100
|move|p1a: Snorlax|Self-Destruct|p2a: Aerodactyl
|-resisted|p2a: Aerodactyl
|-damage|p2a: Aerodactyl|0 fnt
|faint|p1a: Snorlax
|faint|p2a: Aerodactyl
|inactive|antantantantant has 270 seconds left.
|
|t:|1727894407
|switch|p2a: Swampert|Swampert, M|100/100
|switch|p1a: Dugtrio|Dugtrio, F|100/100
|
|-weather|Sandstorm|[upkeep]
|upkeep
|turn|8
|
|t:|1727894412
|switch|p1a: Zapdos|Zapdos|100/100
|move|p2a: Swampert|Ice Beam|p1a: Zapdos
|-supereffective|p1a: Zapdos
|-crit|p1a: Zapdos
|-damage|p1a: Zapdos|10/100
|
|-weather|Sandstorm|[upkeep]
|-damage|p1a: Zapdos|3/100|[from] Sandstorm
|-heal|p1a: Zapdos|10/100|[from] item: Leftovers
|upkeep
|turn|9
|
|t:|1727894421
|move|p2a: Swampert|Protect|p2a: Swampert
|-singleturn|p2a: Swampert|Protect
|move|p1a: Zapdos|Hidden Power|p2a: Swampert
|-activate|p2a: Swampert|Protect
|
|-weather|Sandstorm|[upkeep]
|-damage|p1a: Zapdos|3/100|[from] Sandstorm
|-heal|p1a: Zapdos|10/100|[from] item: Leftovers
|upkeep
|turn|10
|
|t:|1727894432
|move|p1a: Zapdos|Baton Pass|p1a: Zapdos
|
|t:|1727894434
|switch|p1a: Swampert|Swampert, F|88/100|[from] Baton Pass
|move|p2a: Swampert|Ice Beam|p1a: Swampert
|-damage|p1a: Swampert|65/100
|
|-weather|Sandstorm|[upkeep]
|-heal|p1a: Swampert|71/100|[from] item: Leftovers
|upkeep
|turn|11
|
|t:|1727894446
|move|p1a: Swampert|Ice Beam|p2a: Swampert
|-damage|p2a: Swampert|77/100
|move|p2a: Swampert|Ice Beam|p1a: Swampert
|-damage|p1a: Swampert|49/100
|
|-weather|Sandstorm|[upkeep]
|-heal|p1a: Swampert|55/100|[from] item: Leftovers
|-heal|p2a: Swampert|83/100|[from] item: Leftovers
|upkeep
|turn|12
|
|t:|1727894451
|move|p2a: Swampert|Protect|p2a: Swampert
|-singleturn|p2a: Swampert|Protect
|move|p1a: Swampert|Hydro Pump|p2a: Swampert
|-activate|p2a: Swampert|Protect
|
|-weather|Sandstorm|[upkeep]
|-heal|p1a: Swampert|61/100|[from] item: Leftovers
|-heal|p2a: Swampert|89/100|[from] item: Leftovers
|upkeep
|turn|13
|
|t:|1727894458
|switch|p2a: Celebi|Celebi|73/100
|move|p1a: Swampert|Ice Beam|p2a: Celebi
|-supereffective|p2a: Celebi
|-damage|p2a: Celebi|26/100
|
|-weather|Sandstorm|[upkeep]
|-damage|p2a: Celebi|20/100|[from] Sandstorm
|-heal|p2a: Celebi|26/100|[from] item: Leftovers
|-heal|p1a: Swampert|67/100|[from] item: Leftovers
|upkeep
|turn|14
|
|t:|1727894464
|move|p2a: Celebi|Recover|p2a: Celebi
|-heal|p2a: Celebi|76/100
|move|p1a: Swampert|Ice Beam|p2a: Celebi
|-supereffective|p2a: Celebi
|-crit|p2a: Celebi
|-damage|p2a: Celebi|0 fnt
|faint|p2a: Celebi
|c|☆hiyahahahaha|Ofc
|
|t:|1727894479
|switch|p2a: Typhlosion|Typhlosion, M|100/100
|
|-weather|Sandstorm|[upkeep]
|-damage|p2a: Typhlosion|94/100|[from] Sandstorm
|-heal|p2a: Typhlosion|100/100|[from] item: Leftovers
|-heal|p1a: Swampert|74/100|[from] item: Leftovers
|upkeep
|turn|15
|c|☆antantantantant|mb
|
|t:|1727894494
|switch|p1a: Aerodactyl|Aerodactyl, M|100/100
|move|p2a: Typhlosion|Hidden Power|p1a: Aerodactyl
|-damage|p1a: Aerodactyl|64/100
|
|-weather|Sandstorm|[upkeep]
|-damage|p2a: Typhlosion|94/100|[from] Sandstorm
|-heal|p2a: Typhlosion|100/100|[from] item: Leftovers
|upkeep
|turn|16
|inactive|antantantantant has 270 seconds left.
|
|t:|1727894520
|switch|p2a: Swampert|Swampert, M|89/100
|move|p1a: Aerodactyl|Double-Edge|p2a: Swampert
|-damage|p2a: Swampert|53/100
|
|-weather|Sandstorm|[upkeep]
|-heal|p2a: Swampert|60/100|[from] item: Leftovers
|upkeep
|turn|17
|inactive|antantantantant has 270 seconds left.
|
|t:|1727894541
|move|p1a: Aerodactyl|Double-Edge|p2a: Swampert
|-damage|p2a: Swampert|25/100
|move|p2a: Swampert|Ice Beam|p1a: Aerodactyl
|-supereffective|p1a: Aerodactyl
|-damage|p1a: Aerodactyl|13/100
|
|-weather|Sandstorm|[upkeep]
|-heal|p2a: Swampert|31/100|[from] item: Leftovers
|upkeep
|turn|18
|
|t:|1727894544
|move|p2a: Swampert|Protect|p2a: Swampert
|-singleturn|p2a: Swampert|Protect
|move|p1a: Aerodactyl|Double-Edge|p2a: Swampert
|-activate|p2a: Swampert|Protect
|
|-weather|Sandstorm|[upkeep]
|-heal|p2a: Swampert|38/100|[from] item: Leftovers
|upkeep
|turn|19
|
|t:|1727894547
|switch|p2a: Tyranitar|Tyranitar, M|100/100
|move|p1a: Aerodactyl|Double-Edge|p2a: Tyranitar
|-resisted|p2a: Tyranitar
|-damage|p2a: Tyranitar|80/100
|
|-weather|Sandstorm|[upkeep]
|-heal|p2a: Tyranitar|87/100|[from] item: Leftovers
|upkeep
|turn|20
|
|t:|1727894551
|-activate|p1a: Aerodactyl|move: Pursuit
|move|p2a: Tyranitar|Pursuit|p1a: Aerodactyl|[from]Pursuit
|-damage|p1a: Aerodactyl|0 fnt
|faint|p1a: Aerodactyl
|-hint|Previously chosen switches continue in Gen 2-4 after a Pursuit target faints.
|switch|p1a: Swampert|Swampert, F|74/100
|
|-weather|Sandstorm|[upkeep]
|-heal|p1a: Swampert|80/100|[from] item: Leftovers
|-heal|p2a: Tyranitar|93/100|[from] item: Leftovers
|upkeep
|turn|21
|
|t:|1727894560
|switch|p2a: Swampert|Swampert, M|38/100
|move|p1a: Swampert|Earthquake|p2a: Swampert
|-damage|p2a: Swampert|11/100
|
|-weather|Sandstorm|[upkeep]
|-heal|p1a: Swampert|86/100|[from] item: Leftovers
|-heal|p2a: Swampert|18/100|[from] item: Leftovers
|upkeep
|turn|22
|
|t:|1727894565
|move|p2a: Swampert|Protect|p2a: Swampert
|-singleturn|p2a: Swampert|Protect
|move|p1a: Swampert|Hydro Pump|p2a: Swampert
|-activate|p2a: Swampert|Protect
|
|-weather|Sandstorm|[upkeep]
|-heal|p1a: Swampert|92/100|[from] item: Leftovers
|-heal|p2a: Swampert|24/100|[from] item: Leftovers
|upkeep
|turn|23
|
|t:|1727894567
|move|p1a: Swampert|Hydro Pump|p2a: Swampert
|-damage|p2a: Swampert|0 fnt
|faint|p2a: Swampert
|
|t:|1727894570
|switch|p2a: Typhlosion|Typhlosion, M|100/100
|
|-weather|Sandstorm|[upkeep]
|-damage|p2a: Typhlosion|94/100|[from] Sandstorm
|-heal|p2a: Typhlosion|100/100|[from] item: Leftovers
|-heal|p1a: Swampert|98/100|[from] item: Leftovers
|upkeep
|turn|24
|
|t:|1727894581
|move|p2a: Typhlosion|Hidden Power|p1a: Swampert
|-supereffective|p1a: Swampert
|-damage|p1a: Swampert|0 fnt
|faint|p1a: Swampert
|
|t:|1727894591
|switch|p1a: Dugtrio|Dugtrio, F|100/100
|
|-weather|Sandstorm|[upkeep]
|-damage|p2a: Typhlosion|94/100|[from] Sandstorm
|-heal|p2a: Typhlosion|100/100|[from] item: Leftovers
|upkeep
|turn|25
|
|t:|1727894594
|move|p1a: Dugtrio|Earthquake|p2a: Typhlosion
|-supereffective|p2a: Typhlosion
|-damage|p2a: Typhlosion|0 fnt
|faint|p2a: Typhlosion
|
|t:|1727894595
|switch|p2a: Tyranitar|Tyranitar, M|93/100
|
|-weather|Sandstorm|[upkeep]
|-heal|p2a: Tyranitar|99/100|[from] item: Leftovers
|upkeep
|turn|26
|
|t:|1727894602
|move|p1a: Dugtrio|Earthquake|p2a: Tyranitar
|-supereffective|p2a: Tyranitar
|-damage|p2a: Tyranitar|5/100
|move|p2a: Tyranitar|Ice Beam|p1a: Dugtrio
|-supereffective|p1a: Dugtrio
|-damage|p1a: Dugtrio|0 fnt
|faint|p1a: Dugtrio
|c|☆antantantantant|gg
|
|t:|1727894608
|switch|p1a: Zapdos|Zapdos|10/100
|
|-weather|Sandstorm|[upkeep]
|-damage|p1a: Zapdos|3/100|[from] Sandstorm
|-heal|p1a: Zapdos|10/100|[from] item: Leftovers
|-heal|p2a: Tyranitar|11/100|[from] item: Leftovers
|upkeep
|turn|27
|
|t:|1727894610
|move|p1a: Zapdos|Thunderbolt|p2a: Tyranitar
|-damage|p2a: Tyranitar|0 fnt
|faint|p2a: Tyranitar
|
|win|antantantantant
|player|p2|

</script>
<script type="application/json" class="data" id="replaydata-smogtours-gen3ou-793998">
{"id":"smogtours-gen3ou-793998","format":"[Gen 3] OU","players":["antantantantant","hiyahahahaha"],"uploadtime":1727894610,"views":120,"formatid":"gen3ou","rating":null,"private":0,"password":null}
</script>

<script defer src="js/replays.js?9d40a366"></script>
