<!DOCTYPE html>
<meta charset="utf-8" />
<meta name="viewport" content="width=device-width" />

<title>[Gen 3] OU: TheLargestLad vs. Spreek - Replays - Pok&eacute;mon Showdown!</title>

<meta name="description" content="Watch a replay of a Pok&eacute;mon battle between TheLargestLad and Spreek! Format: [Gen 3] OU; Date: Oct 12, 2024" />
<!--

Hey, you! Looking in the source for the replay log?

You can find them in JSON format, just add `.json` at the end of a replay URL.

https://replay.pokemonshowdown.com/gen7randomdoublesbattle-865046831.json

Or, if you only need the log itself, add `.log` instead:

https://replay.pokemonshowdown.com/gen7randomdoublesbattle-865046831.log

-->

<link rel="stylesheet" href="//pokemonshowdown.com/style/global.css?0.767286132409787" />
<link rel="stylesheet" href="//play.pokemonshowdown.com/style/font-awesome.css?0.9266228007934947" />
<link rel="stylesheet" href="//play.pokemonshowdown.com/style/battle.css?0.7924700842790926" />
<link rel="stylesheet" href="//play.pokemonshowdown.com/style/utilichart.css?0.8777417872839479" />

<!-- Global site tag (gtag.js) - Google Analytics -->
<script async src="https://www.googletagmanager.com/gtag/js?id=UA-26211653-1"></script>
<script>
  window.dataLayer = window.dataLayer || [];
  function gtag(){dataLayer.push(arguments);}
  gtag('js', new Date());

  gtag('config', 'UA-26211653-1');
</script>
<!-- End Google Analytics -->
<!-- Venatus Ad Manager - Install in <HEAD> of page -->
	<script src="https://hb.vntsm.com/v3/live/ad-manager.min.js" type="text/javascript" data-site-id="642aba63ec9a7b11c3c9c1be" data-mode="scan" async></script>
<!-- / Venatus Ad Manager -->

<style>
	@media (max-width:820px) {
		.battle {
			margin: 0 auto;
		}
		.battle-log {
			margin: 7px auto 0;
			max-width: 640px;
			height: 300px;
			position: static;
		}
	}
	.optgroup {
		display: inline-block;
		line-height: 22px;
		font-size: 10pt;
	}
	.optgroup .button {
		height: 25px;
		padding-top: 0;
		padding-bottom: 0;
	}
	.optgroup button.button {
		padding-left: 12px;
		padding-right: 12px;
	}
	.linklist {
		list-style: none;
		margin: 0.5em 0;
		padding: 0;
	}
	.linklist li {
		padding: 2px 0;
	}
	.sidebar {
		float: left;
		width: 320px;
	}
	.bar-wrapper {
		max-width: 1100px;
		margin: 0 auto;
	}
	.bar-wrapper.has-sidebar {
		max-width: 1430px;
	}
	.mainbar {
		margin: 0;
		padding-right: 1px;
	}
	.mainbar.has-sidebar {
		margin-left: 330px;
	}
	@media (min-width: 1511px) {
		.sidebar {
			width: 400px;
		}
		.bar-wrapper.has-sidebar {
			max-width: 1510px;
		}
		.mainbar.has-sidebar {
			margin-left: 410px;
		}
	}
	.section.first-section {
		margin-top: 9px;
	}
	.blocklink small {
		white-space: normal;
	}
	.button {
		vertical-align: middle;
	}
	.replay-controls {
		padding-top: 10px;
	}
	.replay-controls h1 {
		font-size: 16pt;
		font-weight: normal;
		color: #CCC;
	}
	.pagelink {
		text-align: center;
	}
	.pagelink a {
		width: 150px;
	}
	.textbox, .button {
		font-size: 11pt;
		vertical-align: middle;
	}
	@media (max-width: 450px) {
		.button {
			font-size: 9pt;
		}
	}
</style>

<div>

	<header>
		<div class="nav-wrapper"><ul class="nav">
			<li><a class="button nav-first" href="//pokemonshowdown.com/"><img src="//pokemonshowdown.com/images/pokemonshowdownbeta.png" srcset="//pokemonshowdown.com/images/pokemonshowdownbeta.png 1x, //pokemonshowdown.com/images/pokemonshowdownbeta@2x.png 2x" alt="Pok&eacute;mon Showdown" width="146" height="44" /> Home</a></li>
			<li><a class="button" href="//pokemonshowdown.com/dex/">Pok&eacute;dex</a></li>
			<li><a class="button cur" href="/">Replays</a></li>
			<li><a class="button" href="//pokemonshowdown.com/ladder/">Ladder</a></li>
			<li><a class="button nav-last" href="//pokemonshowdown.com/forums/">Forum</a></li>
			<li><a class="button greenbutton nav-first nav-last" href="//play.pokemonshowdown.com/">Play</a></li>
		</ul></div>
	</header>

	<div class="main" id="main">

		<noscript><section class="section">You need to enable JavaScript to use this page; sorry!</section></noscript>

	</div>

</div>

<script defer nomodule src="//play.pokemonshowdown.com/js/lib/ps-polyfill.js"></script>
<script defer src="//play.pokemonshowdown.com/js/lib/preact.min.js"></script>

<script defer src="//play.pokemonshowdown.com/config/config.js?6dec07f6"></script>
<script defer src="//play.pokemonshowdown.com/js/lib/jquery-1.11.0.min.js"></script>
<script defer src="//play.pokemonshowdown.com/js/lib/html-sanitizer-minified.js"></script>
<script defer src="//play.pokemonshowdown.com/js/battle-sound.js"></script>
<script defer src="//play.pokemonshowdown.com/js/battledata.js?0.6315294753075389"></script>
<script defer src="//play.pokemonshowdown.com/data/pokedex-mini.js?0.7603743185311358"></script>
<script defer src="//play.pokemonshowdown.com/data/pokedex-mini-bw.js?0.030888842834281283"></script>
<script defer src="//play.pokemonshowdown.com/data/graphics.js?0.05593094747507488"></script>
<script defer src="//play.pokemonshowdown.com/data/pokedex.js?0.47064822249611904"></script>
<script defer src="//play.pokemonshowdown.com/data/moves.js?0.8583693120512459"></script>
<script defer src="//play.pokemonshowdown.com/data/abilities.js?0.16017181182386842"></script>
<script defer src="//play.pokemonshowdown.com/data/items.js?0.4163379185673943"></script>
<script defer src="//play.pokemonshowdown.com/data/teambuilder-tables.js?0.31075597372830477"></script>
<script defer src="//play.pokemonshowdown.com/js/battle-tooltips.js?0.6536193500708172"></script>
<script defer src="//play.pokemonshowdown.com/js/battle.js?0.1916591943277901"></script>

<script defer src="js/utils.js?e31f9a17"></script>
<script defer src="js/replays-battle.js?7008c182"></script>

<!-- don't scrape this data! just add .json or .log after the URL!
Full API docs: https://github.com/smogon/pokemon-showdown-client/blob/master/WEB-API.md -->
<script type="text/plain" class="log" id="replaylog-smogtours-gen3ou-797627">
|inactive|Battle timer is ON: inactive players will automatically lose when time's up.
|t:|1728755687
|gametype|singles
|player|p1|TheLargestLad|kofu|
|player|p2|Spreek|101|
|teamsize|p1|6
|teamsize|p2|6
|gen|3
|tier|[Gen 3] OU
|rule|Sleep Clause Mod: Limit one foe put to sleep
|rule|Switch Priority Clause Mod: Faster Pokémon switch first
|rule|Species Clause: Limit one of each Pokémon
|rule|OHKO Clause: OHKO moves are banned
|rule|Evasion Items Clause: Evasion items are banned
|rule|Evasion Moves Clause: Evasion moves are banned
|rule|Endless Battle Clause: Forcing endless battles is banned
|rule|HP Percentage Mod: HP is shown in percentages
|rule|One Boost Passer Clause: Limit one Baton Passer that has a way to boost its stats
|rule|Freeze Clause Mod: Limit one foe frozen
|
|t:|1728755687
|start
|switch|p1a: SogDog|Suicune|100/100
|switch|p2a: Vaporeon|Vaporeon, F|100/100
|turn|1
|c|☆Spreek|hf
|c|☆TheLargestLad|indeed
|inactive|Spreek has 270 seconds left.
|
|t:|1728755729
|move|p2a: Vaporeon|Ice Beam|p1a: SogDog
|-resisted|p1a: SogDog
|-crit|p1a: SogDog
|-damage|p1a: SogDog|78/100
|move|p1a: SogDog|Roar|p2a: Vaporeon
|drag|p2a: Charizard|Charizard, M|100/100
|
|-heal|p1a: SogDog|84/100|[from] item: Leftovers
|upkeep
|turn|2
|
|t:|1728755746
|switch|p2a: Snorlax|Snorlax, F|100/100
|move|p1a: SogDog|Ice Beam|p2a: Snorlax
|-damage|p2a: Snorlax|85/100
|
|-heal|p1a: SogDog|90/100|[from] item: Leftovers
|-heal|p2a: Snorlax|91/100|[from] item: Leftovers
|upkeep
|turn|3
|
|t:|1728755759
|-singleturn|p2a: Snorlax|move: Focus Punch
|switch|p1a: Big Jimmy|Salamence, M|100/100
|-ability|p1a: Big Jimmy|Intimidate|boost
|-unboost|p2a: Snorlax|atk|1
|move|p2a: Snorlax|Focus Punch|p1a: Big Jimmy
|-resisted|p1a: Big Jimmy
|-damage|p1a: Big Jimmy|81/100
|
|-heal|p1a: Big Jimmy|87/100|[from] item: Leftovers
|-heal|p2a: Snorlax|97/100|[from] item: Leftovers
|upkeep
|turn|4
|inactive|Spreek has 270 seconds left.
|inactive|Spreek has 240 seconds left.
|
|t:|1728755824
|switch|p2a: Vaporeon|Vaporeon, F|100/100
|move|p1a: Big Jimmy|Brick Break|p2a: Vaporeon
|-damage|p2a: Vaporeon|72/100
|
|-heal|p1a: Big Jimmy|93/100|[from] item: Leftovers
|upkeep
|turn|5
|
|t:|1728755850
|switch|p1a: SogDog|Suicune|90/100
|move|p2a: Vaporeon|Baton Pass|p2a: Vaporeon
|
|t:|1728755860
|switch|p2a: Zapdos|Zapdos|100/100|[from] Baton Pass
|
|-heal|p1a: SogDog|96/100|[from] item: Leftovers
|upkeep
|turn|6
|
|t:|1728755873
|switch|p1a: Venus|Cradily, F, shiny|100/100
|move|p2a: Zapdos|Substitute|p2a: Zapdos
|-start|p2a: Zapdos|Substitute
|-damage|p2a: Zapdos|76/100
|
|-heal|p2a: Zapdos|82/100|[from] item: Leftovers
|upkeep
|turn|7
|
|t:|1728755884
|move|p2a: Zapdos|Baton Pass|p2a: Zapdos
|
|t:|1728755893
|switch|p2a: Metagross|Metagross|100/100|[from] Baton Pass
|move|p1a: Venus|Hidden Power|p2a: Metagross
|-supereffective|p2a: Metagross
|-end|p2a: Metagross|Substitute
|
|upkeep
|turn|8
|inactive|Spreek has 210 seconds left.
|
|t:|1728755911
|switch|p1a: Gamerchair|Swampert, M|100/100
|move|p2a: Metagross|Brick Break|p1a: Gamerchair
|-damage|p1a: Gamerchair|70/100
|
|-heal|p1a: Gamerchair|76/100|[from] item: Leftovers
|upkeep
|turn|9
|inactive|Spreek has 210 seconds left.
|
|t:|1728755948
|switch|p2a: Breloom|Breloom, M|100/100
|switch|p1a: Starbaby|Jirachi|100/100
|
|upkeep
|turn|10
|inactive|Spreek has 180 seconds left.
|
|t:|1728755983
|move|p1a: Starbaby|Substitute|p1a: Starbaby
|-start|p1a: Starbaby|Substitute
|-damage|p1a: Starbaby|75/100
|move|p2a: Breloom|Spore||[still]
|-fail|p2a: Breloom
|
|-heal|p1a: Starbaby|82/100|[from] item: Leftovers
|upkeep
|turn|11
|inactive|Spreek has 150 seconds left.
|
|t:|1728756009
|switch|p2a: Snorlax|Snorlax, F|97/100
|move|p1a: Starbaby|Calm Mind|p1a: Starbaby
|-boost|p1a: Starbaby|spa|1
|-boost|p1a: Starbaby|spd|1
|
|-heal|p1a: Starbaby|88/100|[from] item: Leftovers
|-heal|p2a: Snorlax|100/100|[from] item: Leftovers
|upkeep
|turn|12
|
|t:|1728756013
|move|p1a: Starbaby|Ice Punch|p2a: Snorlax
|-damage|p2a: Snorlax|84/100
|-status|p2a: Snorlax|frz
|cant|p2a: Snorlax|frz
|
|-heal|p1a: Starbaby|94/100|[from] item: Leftovers
|-heal|p2a: Snorlax|90/100 frz|[from] item: Leftovers
|upkeep
|turn|13
|inactive|Spreek has 150 seconds left.
|
|t:|1728756045
|switch|p2a: Breloom|Breloom, M|100/100
|move|p1a: Starbaby|Calm Mind|p1a: Starbaby
|-boost|p1a: Starbaby|spa|1
|-boost|p1a: Starbaby|spd|1
|
|-heal|p1a: Starbaby|99/100|[from] item: Leftovers
|upkeep
|turn|14
|
|t:|1728756050
|move|p2a: Breloom|Mach Punch|p1a: Starbaby
|-activate|p1a: Starbaby|Substitute|[damage]
|move|p1a: Starbaby|Ice Punch|p2a: Breloom
|-supereffective|p2a: Breloom
|-damage|p2a: Breloom|0 fnt
|-status|p1a: Starbaby|par|[from] ability: Effect Spore|[of] p2a: Breloom
|faint|p2a: Breloom
|
|t:|1728756066
|switch|p2a: Metagross|Metagross|100/100
|
|-heal|p1a: Starbaby|100/100 par|[from] item: Leftovers
|upkeep
|turn|15
|
|t:|1728756072
|move|p2a: Metagross|Earthquake|p1a: Starbaby
|-supereffective|p1a: Starbaby
|-end|p1a: Starbaby|Substitute
|move|p1a: Starbaby|Thunderbolt|p2a: Metagross
|-damage|p2a: Metagross|43/100
|
|upkeep
|turn|16
|inactive|Spreek has 150 seconds left.
|
|t:|1728756090
|move|p2a: Metagross|Earthquake|p1a: Starbaby
|-supereffective|p1a: Starbaby
|-crit|p1a: Starbaby
|-damage|p1a: Starbaby|0 fnt
|faint|p1a: Starbaby
|inactive|TheLargestLad has 270 seconds left.
|
|t:|1728756124
|switch|p1a: The Onyon|Celebi|100/100
|
|upkeep
|turn|17
|inactive|Spreek has 150 seconds left.
|
|t:|1728756136
|switch|p2a: Charizard|Charizard, M|100/100
|move|p1a: The Onyon|Calm Mind|p1a: The Onyon
|-boost|p1a: The Onyon|spa|1
|-boost|p1a: The Onyon|spd|1
|
|upkeep
|turn|18
|
|t:|1728756146
|move|p2a: Charizard|Flamethrower|p1a: The Onyon
|-supereffective|p1a: The Onyon
|-damage|p1a: The Onyon|50/100
|-status|p1a: The Onyon|brn
|move|p1a: The Onyon|Baton Pass|p1a: The Onyon
|
|t:|1728756152
|-curestatus|p1a: The Onyon|brn|[from] ability: Natural Cure
|switch|p1a: SogDog|Suicune|96/100|[from] Baton Pass
|
|-heal|p1a: SogDog|100/100|[from] item: Leftovers
|upkeep
|turn|19
|
|t:|1728756168
|switch|p2a: Vaporeon|Vaporeon, F|72/100
|move|p1a: SogDog|Calm Mind|p1a: SogDog
|-boost|p1a: SogDog|spa|1
|-boost|p1a: SogDog|spd|1
|
|upkeep
|turn|20
|
|t:|1728756171
|move|p2a: Vaporeon|Ice Beam|p1a: SogDog
|-resisted|p1a: SogDog
|-damage|p1a: SogDog|94/100
|move|p1a: SogDog|Ice Beam|p2a: Vaporeon
|-resisted|p2a: Vaporeon
|-damage|p2a: Vaporeon|46/100
|
|-heal|p1a: SogDog|99/100|[from] item: Leftovers
|upkeep
|turn|21
|
|t:|1728756182
|move|p2a: Vaporeon|Ice Beam|p1a: SogDog
|-resisted|p1a: SogDog
|-crit|p1a: SogDog
|-damage|p1a: SogDog|78/100
|move|p1a: SogDog|Roar|p2a: Vaporeon
|drag|p2a: Metagross|Metagross|43/100
|
|-heal|p1a: SogDog|84/100|[from] item: Leftovers
|upkeep
|turn|22
|
|t:|1728756189
|switch|p2a: Vaporeon|Vaporeon, F|46/100
|move|p1a: SogDog|Surf|p2a: Vaporeon
|-heal|p2a: Vaporeon|71/100|[from] ability: Water Absorb|[of] p1a: SogDog
|
|-heal|p1a: SogDog|90/100|[from] item: Leftovers
|upkeep
|turn|23
|inactive|Spreek has 180 seconds left.
|
|t:|1728756204
|move|p2a: Vaporeon|Ice Beam|p1a: SogDog
|-resisted|p1a: SogDog
|-damage|p1a: SogDog|84/100
|move|p1a: SogDog|Calm Mind|p1a: SogDog
|-boost|p1a: SogDog|spa|1
|-boost|p1a: SogDog|spd|1
|
|-heal|p1a: SogDog|90/100|[from] item: Leftovers
|upkeep
|turn|24
|
|t:|1728756211
|move|p2a: Vaporeon|Ice Beam|p1a: SogDog
|-resisted|p1a: SogDog
|-damage|p1a: SogDog|85/100
|move|p1a: SogDog|Ice Beam|p2a: Vaporeon
|-resisted|p2a: Vaporeon
|-damage|p2a: Vaporeon|40/100
|
|-heal|p1a: SogDog|91/100|[from] item: Leftovers
|upkeep
|turn|25
|
|t:|1728756219
|move|p2a: Vaporeon|Ice Beam|p1a: SogDog
|-resisted|p1a: SogDog
|-damage|p1a: SogDog|86/100
|move|p1a: SogDog|Ice Beam|p2a: Vaporeon
|-resisted|p2a: Vaporeon
|-damage|p2a: Vaporeon|7/100
|
|-enditem|p2a: Vaporeon|Salac Berry|[eat]
|-boost|p2a: Vaporeon|spe|1|[from] item: Salac Berry
|-heal|p1a: SogDog|92/100|[from] item: Leftovers
|upkeep
|turn|26
|
|t:|1728756232
|move|p2a: Vaporeon|Baton Pass|p2a: Vaporeon
|
|t:|1728756234
|switch|p2a: Metagross|Metagross|43/100|[from] Baton Pass
|move|p1a: SogDog|Roar|p2a: Metagross
|drag|p2a: Zapdos|Zapdos|82/100
|
|-heal|p2a: Zapdos|88/100|[from] item: Leftovers
|-heal|p1a: SogDog|98/100|[from] item: Leftovers
|upkeep
|turn|27
|
|t:|1728756242
|move|p2a: Zapdos|Thunderbolt|p1a: SogDog
|-supereffective|p1a: SogDog
|-damage|p1a: SogDog|60/100
|move|p1a: SogDog|Ice Beam|p2a: Zapdos
|-supereffective|p2a: Zapdos
|-damage|p2a: Zapdos|0 fnt
|faint|p2a: Zapdos
|
|t:|1728756245
|switch|p2a: Snorlax|Snorlax, F|90/100 frz
|
|-heal|p1a: SogDog|66/100|[from] item: Leftovers
|-heal|p2a: Snorlax|96/100 frz|[from] item: Leftovers
|upkeep
|turn|28
|
|t:|1728756250
|move|p1a: SogDog|Surf|p2a: Snorlax
|-damage|p2a: Snorlax|37/100 frz
|-curestatus|p2a: Snorlax|frz|[msg]
|move|p2a: Snorlax|Self-Destruct|p1a: SogDog
|-damage|p1a: SogDog|0 fnt
|faint|p2a: Snorlax
|faint|p1a: SogDog
|inactive|Spreek has 210 seconds left.
|
|t:|1728756269
|switch|p1a: The Onyon|Celebi|50/100
|switch|p2a: Charizard|Charizard, M|100/100
|
|-heal|p1a: The Onyon|56/100|[from] item: Leftovers
|upkeep
|turn|29
|inactive|Spreek has 210 seconds left.
|
|t:|1728756276
|move|p2a: Charizard|Flamethrower|p1a: The Onyon
|-supereffective|p1a: The Onyon
|-damage|p1a: The Onyon|0 fnt
|faint|p1a: The Onyon
|
|t:|1728756280
|switch|p1a: Venus|Cradily, F, shiny|100/100
|
|upkeep
|turn|30
|
|t:|1728756289
|move|p2a: Charizard|Substitute|p2a: Charizard
|-start|p2a: Charizard|Substitute
|-damage|p2a: Charizard|76/100
|move|p1a: Venus|Hidden Power|p2a: Charizard
|-resisted|p2a: Charizard
|-activate|p2a: Charizard|Substitute|[damage]
|
|-heal|p2a: Charizard|82/100|[from] item: Leftovers
|upkeep
|turn|31
|inactive|Spreek has 210 seconds left.
|
|t:|1728756324
|-singleturn|p2a: Charizard|move: Focus Punch
|switch|p1a: Big Jimmy|Salamence, M|93/100
|move|p2a: Charizard|Focus Punch|p1a: Big Jimmy
|-resisted|p1a: Big Jimmy
|-damage|p1a: Big Jimmy|75/100
|
|-heal|p2a: Charizard|88/100|[from] item: Leftovers
|-heal|p1a: Big Jimmy|81/100|[from] item: Leftovers
|upkeep
|turn|32
|
|t:|1728756329
|move|p2a: Charizard|Flamethrower|p1a: Big Jimmy
|-resisted|p1a: Big Jimmy
|-damage|p1a: Big Jimmy|49/100
|move|p1a: Big Jimmy|Dragon Claw|p2a: Charizard
|-end|p2a: Charizard|Substitute
|
|-heal|p2a: Charizard|94/100|[from] item: Leftovers
|-heal|p1a: Big Jimmy|55/100|[from] item: Leftovers
|upkeep
|turn|33
|
|t:|1728756347
|move|p2a: Charizard|Flamethrower|p1a: Big Jimmy
|-resisted|p1a: Big Jimmy
|-damage|p1a: Big Jimmy|28/100
|move|p1a: Big Jimmy|Dragon Claw|p2a: Charizard
|-damage|p2a: Charizard|32/100
|
|-heal|p2a: Charizard|38/100|[from] item: Leftovers
|-heal|p1a: Big Jimmy|34/100|[from] item: Leftovers
|upkeep
|turn|34
|
|t:|1728756354
|move|p2a: Charizard|Flamethrower|p1a: Big Jimmy
|-resisted|p1a: Big Jimmy
|-damage|p1a: Big Jimmy|5/100
|move|p1a: Big Jimmy|Dragon Claw|p2a: Charizard
|-damage|p2a: Charizard|0 fnt
|faint|p2a: Charizard
|
|t:|1728756362
|switch|p2a: Metagross|Metagross|43/100
|
|-heal|p1a: Big Jimmy|11/100|[from] item: Leftovers
|upkeep
|turn|35
|
|t:|1728756369
|move|p1a: Big Jimmy|Fire Blast|p2a: Metagross
|-supereffective|p2a: Metagross
|-damage|p2a: Metagross|0 fnt
|faint|p2a: Metagross
|c|☆Spreek|gg
|c|☆TheLargestLad|gg
|-message|Spreek forfeited.
|
|win|TheLargestLad

</script>
<script type="application/json" class="data" id="replaydata-smogtours-gen3ou-797627">
{"id":"smogtours-gen3ou-797627","format":"[Gen 3] OU","players":["TheLargestLad","Spreek"],"uploadtime":1728756376,"views":122,"formatid":"gen3ou","rating":null,"private":0,"password":null}
</script>

<script defer src="js/replays.js?9d40a366"></script>
