<!DOCTYPE html>
<meta charset="utf-8" />
<meta name="viewport" content="width=device-width" />

<title>[Gen 3] OU: salto vs. qsns - Replays - Pok&eacute;mon Showdown!</title>

<meta name="description" content="Watch a replay of a Pok&eacute;mon battle between salto and qsns! Format: [Gen 3] OU; Date: Oct 28, 2024" />
<!--

Hey, you! Looking in the source for the replay log?

You can find them in JSON format, just add `.json` at the end of a replay URL.

https://replay.pokemonshowdown.com/gen7randomdoublesbattle-865046831.json

Or, if you only need the log itself, add `.log` instead:

https://replay.pokemonshowdown.com/gen7randomdoublesbattle-865046831.log

-->

<link rel="stylesheet" href="//pokemonshowdown.com/style/global.css?0.023195364461161105" />
<link rel="stylesheet" href="//play.pokemonshowdown.com/style/font-awesome.css?0.13261647063804238" />
<link rel="stylesheet" href="//play.pokemonshowdown.com/style/battle.css?0.8753245789963631" />
<link rel="stylesheet" href="//play.pokemonshowdown.com/style/utilichart.css?0.8627959624976733" />

<!-- Global site tag (gtag.js) - Google Analytics -->
<script async src="https://www.googletagmanager.com/gtag/js?id=UA-26211653-1"></script>
<script>
  window.dataLayer = window.dataLayer || [];
  function gtag(){dataLayer.push(arguments);}
  gtag('js', new Date());

  gtag('config', 'UA-26211653-1');
</script>
<!-- End Google Analytics -->
<!-- Venatus Ad Manager - Install in <HEAD> of page -->
	<script src="https://hb.vntsm.com/v3/live/ad-manager.min.js" type="text/javascript" data-site-id="642aba63ec9a7b11c3c9c1be" data-mode="scan" async></script>
<!-- / Venatus Ad Manager -->

<style>
	@media (max-width:820px) {
		.battle {
			margin: 0 auto;
		}
		.battle-log {
			margin: 7px auto 0;
			max-width: 640px;
			height: 300px;
			position: static;
		}
	}
	.optgroup {
		display: inline-block;
		line-height: 22px;
		font-size: 10pt;
	}
	.optgroup .button {
		height: 25px;
		padding-top: 0;
		padding-bottom: 0;
	}
	.optgroup button.button {
		padding-left: 12px;
		padding-right: 12px;
	}
	.linklist {
		list-style: none;
		margin: 0.5em 0;
		padding: 0;
	}
	.linklist li {
		padding: 2px 0;
	}
	.sidebar {
		float: left;
		width: 320px;
	}
	.bar-wrapper {
		max-width: 1100px;
		margin: 0 auto;
	}
	.bar-wrapper.has-sidebar {
		max-width: 1430px;
	}
	.mainbar {
		margin: 0;
		padding-right: 1px;
	}
	.mainbar.has-sidebar {
		margin-left: 330px;
	}
	@media (min-width: 1511px) {
		.sidebar {
			width: 400px;
		}
		.bar-wrapper.has-sidebar {
			max-width: 1510px;
		}
		.mainbar.has-sidebar {
			margin-left: 410px;
		}
	}
	.section.first-section {
		margin-top: 9px;
	}
	.blocklink small {
		white-space: normal;
	}
	.button {
		vertical-align: middle;
	}
	.replay-controls {
		padding-top: 10px;
	}
	.replay-controls h1 {
		font-size: 16pt;
		font-weight: normal;
		color: #CCC;
	}
	.pagelink {
		text-align: center;
	}
	.pagelink a {
		width: 150px;
	}
	.textbox, .button {
		font-size: 11pt;
		vertical-align: middle;
	}
	@media (max-width: 450px) {
		.button {
			font-size: 9pt;
		}
	}
</style>

<div>

	<header>
		<div class="nav-wrapper"><ul class="nav">
			<li><a class="button nav-first" href="//pokemonshowdown.com/"><img src="//pokemonshowdown.com/images/pokemonshowdownbeta.png" srcset="//pokemonshowdown.com/images/pokemonshowdownbeta.png 1x, //pokemonshowdown.com/images/pokemonshowdownbeta@2x.png 2x" alt="Pok&eacute;mon Showdown" width="146" height="44" /> Home</a></li>
			<li><a class="button" href="//pokemonshowdown.com/dex/">Pok&eacute;dex</a></li>
			<li><a class="button cur" href="/">Replays</a></li>
			<li><a class="button" href="//pokemonshowdown.com/ladder/">Ladder</a></li>
			<li><a class="button nav-last" href="//pokemonshowdown.com/forums/">Forum</a></li>
			<li><a class="button greenbutton nav-first nav-last" href="//play.pokemonshowdown.com/">Play</a></li>
		</ul></div>
	</header>

	<div class="main" id="main">

		<noscript><section class="section">You need to enable JavaScript to use this page; sorry!</section></noscript>

	</div>

</div>

<script defer nomodule src="//play.pokemonshowdown.com/js/lib/ps-polyfill.js"></script>
<script defer src="//play.pokemonshowdown.com/js/lib/preact.min.js"></script>

<script defer src="//play.pokemonshowdown.com/config/config.js?2bddbc15"></script>
<script defer src="//play.pokemonshowdown.com/js/lib/jquery-1.11.0.min.js"></script>
<script defer src="//play.pokemonshowdown.com/js/lib/html-sanitizer-minified.js"></script>
<script defer src="//play.pokemonshowdown.com/js/battle-sound.js"></script>
<script defer src="//play.pokemonshowdown.com/js/battledata.js?0.7209276989879541"></script>
<script defer src="//play.pokemonshowdown.com/data/pokedex-mini.js?0.6111056340867951"></script>
<script defer src="//play.pokemonshowdown.com/data/pokedex-mini-bw.js?0.3532142036491459"></script>
<script defer src="//play.pokemonshowdown.com/data/graphics.js?0.24223875632456182"></script>
<script defer src="//play.pokemonshowdown.com/data/pokedex.js?0.38839984266356864"></script>
<script defer src="//play.pokemonshowdown.com/data/moves.js?0.21866028504024015"></script>
<script defer src="//play.pokemonshowdown.com/data/abilities.js?0.2005157953846628"></script>
<script defer src="//play.pokemonshowdown.com/data/items.js?0.9894211263848525"></script>
<script defer src="//play.pokemonshowdown.com/data/teambuilder-tables.js?0.6008791140282215"></script>
<script defer src="//play.pokemonshowdown.com/js/battle-tooltips.js?0.7580118955022959"></script>
<script defer src="//play.pokemonshowdown.com/js/battle.js?0.6057722274234274"></script>

<script defer src="js/utils.js?e31f9a17"></script>
<script defer src="js/replays-battle.js?7008c182"></script>

<!-- don't scrape this data! just add .json or .log after the URL!
Full API docs: https://github.com/smogon/pokemon-showdown-client/blob/master/WEB-API.md -->
<script type="text/plain" class="log" id="replaylog-smogtours-gen3ou-803056">
|inactive|Battle timer is ON: inactive players will automatically lose when time's up.
|t:|1730124045
|gametype|singles
|player|p1|salto|grimsley|
|player|p2|qsns|#scl4islanders2|
|teamsize|p1|6
|teamsize|p2|6
|gen|3
|tier|[Gen 3] OU
|rule|Sleep Clause Mod: Limit one foe put to sleep
|rule|Switch Priority Clause Mod: Faster Pokémon switch first
|rule|Species Clause: Limit one of each Pokémon
|rule|OHKO Clause: OHKO moves are banned
|rule|Evasion Items Clause: Evasion items are banned
|rule|Evasion Moves Clause: Evasion moves are banned
|rule|Endless Battle Clause: Forcing endless battles is banned
|rule|HP Percentage Mod: HP is shown in percentages
|rule|One Boost Passer Clause: Limit one Baton Passer that has a way to boost its stats
|rule|Freeze Clause Mod: Limit one foe frozen
|
|t:|1730124045
|start
|switch|p1a: Forretress|Forretress, F|100/100
|switch|p2a: Smeargle|Smeargle, F|100/100
|turn|1
|c|☆qsns|hf
|
|t:|1730124062
|move|p2a: Smeargle|Spore|p1a: Forretress
|-status|p1a: Forretress|slp|[from] move: Spore
|cant|p1a: Forretress|slp
|
|upkeep
|turn|2
|
|t:|1730124071
|switch|p1a: Skarmory|Skarmory, F|100/100
|move|p2a: Smeargle|Spikes|p1a: Skarmory
|-sidestart|p1: salto|Spikes
|
|upkeep
|turn|3
|
|t:|1730124080
|move|p2a: Smeargle|Will-O-Wisp|p1a: Skarmory|[miss]
|-miss|p2a: Smeargle|p1a: Skarmory
|move|p1a: Skarmory|Spikes|p2a: Smeargle
|-sidestart|p2: qsns|Spikes
|
|upkeep
|turn|4
|
|t:|1730124099
|switch|p1a: Zapdos|Zapdos|100/100
|move|p2a: Smeargle|Will-O-Wisp|p1a: Zapdos
|-status|p1a: Zapdos|brn
|
|-damage|p1a: Zapdos|88/100 brn|[from] brn
|upkeep
|turn|5
|
|t:|1730124111
|move|p2a: Smeargle|Rapid Spin|p1a: Zapdos
|-damage|p1a: Zapdos|86/100 brn
|-sideend|p2: qsns|Spikes|[from] move: Rapid Spin|[of] p2a: Smeargle
|move|p1a: Zapdos|Thunderbolt|p2a: Smeargle
|-damage|p2a: Smeargle|31/100
|
|-heal|p1a: Zapdos|93/100 brn|[from] item: Leftovers
|-damage|p1a: Zapdos|80/100 brn|[from] brn
|upkeep
|turn|6
|
|t:|1730124120
|switch|p2a: Swampert|Swampert, M|100/100
|move|p1a: Zapdos|Thunderbolt|p2a: Swampert
|-immune|p2a: Swampert
|
|-heal|p1a: Zapdos|86/100 brn|[from] item: Leftovers
|-damage|p1a: Zapdos|74/100 brn|[from] brn
|upkeep
|turn|7
|
|t:|1730124125
|switch|p1a: Skarmory|Skarmory, F|100/100
|move|p2a: Swampert|Hydro Pump|p1a: Skarmory
|-crit|p1a: Skarmory
|-damage|p1a: Skarmory|37/100
|
|-heal|p1a: Skarmory|43/100|[from] item: Leftovers
|upkeep
|turn|8
|
|t:|1730124131
|move|p1a: Skarmory|Protect|p1a: Skarmory
|-singleturn|p1a: Skarmory|Protect
|move|p2a: Swampert|Hydro Pump|p1a: Skarmory
|-activate|p1a: Skarmory|Protect
|
|-heal|p1a: Skarmory|49/100|[from] item: Leftovers
|upkeep
|turn|9
|
|t:|1730124137
|move|p1a: Skarmory|Spikes|p2a: Swampert
|-sidestart|p2: qsns|Spikes
|move|p2a: Swampert|Hydro Pump|p1a: Skarmory
|-damage|p1a: Skarmory|14/100
|
|-heal|p1a: Skarmory|20/100|[from] item: Leftovers
|upkeep
|turn|10
|
|t:|1730124142
|-singleturn|p2a: Swampert|move: Focus Punch
|move|p1a: Skarmory|Protect|p1a: Skarmory
|-singleturn|p1a: Skarmory|Protect
|move|p2a: Swampert|Focus Punch|p1a: Skarmory
|-activate|p1a: Skarmory|Protect
|
|-heal|p1a: Skarmory|26/100|[from] item: Leftovers
|upkeep
|turn|11
|
|t:|1730124151
|switch|p1a: Dusclops|Dusclops, M|100/100
|-damage|p1a: Dusclops|88/100|[from] Spikes
|move|p2a: Swampert|Hydro Pump|p1a: Dusclops|[miss]
|-miss|p2a: Swampert|p1a: Dusclops
|
|-heal|p1a: Dusclops|94/100|[from] item: Leftovers
|upkeep
|turn|12
|
|t:|1730124180
|move|p2a: Swampert|Hydro Pump|p1a: Dusclops
|-damage|p1a: Dusclops|69/100
|move|p1a: Dusclops|Will-O-Wisp|p2a: Swampert|[miss]
|-miss|p1a: Dusclops|p2a: Swampert
|
|-heal|p1a: Dusclops|75/100|[from] item: Leftovers
|upkeep
|turn|13
|
|t:|1730124185
|switch|p2a: Smeargle|Smeargle, F|31/100
|-damage|p2a: Smeargle|19/100|[from] Spikes
|move|p1a: Dusclops|Will-O-Wisp|p2a: Smeargle
|-status|p2a: Smeargle|brn
|
|-enditem|p2a: Smeargle|Salac Berry|[eat]
|-boost|p2a: Smeargle|spe|1|[from] item: Salac Berry
|-damage|p2a: Smeargle|7/100 brn|[from] brn
|-heal|p1a: Dusclops|81/100|[from] item: Leftovers
|upkeep
|turn|14
|
|t:|1730124197
|-singleturn|p1a: Dusclops|move: Focus Punch
|move|p2a: Smeargle|Spikes|p1a: Dusclops
|-sidestart|p1: salto|Spikes
|move|p1a: Dusclops|Focus Punch|p2a: Smeargle
|-supereffective|p2a: Smeargle
|-damage|p2a: Smeargle|0 fnt
|faint|p2a: Smeargle
|
|t:|1730124204
|switch|p2a: Zapdos|Zapdos|100/100
|
|-heal|p1a: Dusclops|87/100|[from] item: Leftovers
|upkeep
|turn|15
|
|t:|1730124207
|move|p2a: Zapdos|Thunderbolt|p1a: Dusclops
|-damage|p1a: Dusclops|51/100
|move|p1a: Dusclops|Will-O-Wisp|p2a: Zapdos
|-status|p2a: Zapdos|brn
|
|-damage|p2a: Zapdos|88/100 brn|[from] brn
|-heal|p1a: Dusclops|57/100|[from] item: Leftovers
|upkeep
|turn|16
|
|t:|1730124212
|move|p2a: Zapdos|Thunderbolt|p1a: Dusclops
|-damage|p1a: Dusclops|19/100
|move|p1a: Dusclops|Pain Split|p2a: Zapdos
|-sethp|p2a: Zapdos|52/100 brn|[from] move: Pain Split|[silent]
|-sethp|p1a: Dusclops|59/100|[from] move: Pain Split
|
|-heal|p2a: Zapdos|59/100 brn|[from] item: Leftovers
|-damage|p2a: Zapdos|46/100 brn|[from] brn
|-heal|p1a: Dusclops|65/100|[from] item: Leftovers
|upkeep
|turn|17
|
|t:|1730124226
|switch|p1a: Swampert|Swampert, M|100/100
|-damage|p1a: Swampert|84/100|[from] Spikes
|move|p2a: Zapdos|Thunderbolt|p1a: Swampert
|-immune|p1a: Swampert
|
|-heal|p2a: Zapdos|52/100 brn|[from] item: Leftovers
|-damage|p2a: Zapdos|40/100 brn|[from] brn
|-heal|p1a: Swampert|90/100|[from] item: Leftovers
|upkeep
|turn|18
|
|t:|1730124233
|switch|p2a: Gengar|Gengar, F|100/100
|move|p1a: Swampert|Protect||[still]
|-fail|p1a: Swampert
|
|-heal|p1a: Swampert|96/100|[from] item: Leftovers
|upkeep
|turn|19
|
|t:|1730124246
|switch|p1a: Skarmory|Skarmory, F|26/100
|move|p2a: Gengar|Hidden Power|p1a: Skarmory
|-resisted|p1a: Skarmory
|-damage|p1a: Skarmory|21/100
|
|-heal|p1a: Skarmory|27/100|[from] item: Leftovers
|upkeep
|turn|20
|
|t:|1730124251
|move|p1a: Skarmory|Protect|p1a: Skarmory
|-singleturn|p1a: Skarmory|Protect
|move|p2a: Gengar|Fire Punch|p1a: Skarmory
|-activate|p1a: Skarmory|Protect
|
|-heal|p1a: Skarmory|33/100|[from] item: Leftovers
|upkeep
|turn|21
|
|t:|1730124275
|move|p2a: Gengar|Fire Punch|p1a: Skarmory
|-supereffective|p1a: Skarmory
|-damage|p1a: Skarmory|0 fnt
|faint|p1a: Skarmory
|
|t:|1730124278
|switch|p1a: Dusclops|Dusclops, M|65/100
|-damage|p1a: Dusclops|48/100|[from] Spikes
|
|-heal|p1a: Dusclops|54/100|[from] item: Leftovers
|upkeep
|turn|22
|
|t:|1730124292
|switch|p2a: Tyranitar|Tyranitar, M|100/100
|-damage|p2a: Tyranitar|88/100|[from] Spikes
|-weather|Sandstorm|[from] ability: Sand Stream|[of] p2a: Tyranitar
|move|p1a: Dusclops|Pain Split|p2a: Tyranitar
|-sethp|p2a: Tyranitar|64/100|[from] move: Pain Split|[silent]
|-sethp|p1a: Dusclops|87/100|[from] move: Pain Split
|
|-weather|Sandstorm|[upkeep]
|-damage|p1a: Dusclops|81/100|[from] Sandstorm
|-heal|p1a: Dusclops|87/100|[from] item: Leftovers
|upkeep
|turn|23
|
|t:|1730124302
|move|p2a: Tyranitar|Rock Slide|p1a: Dusclops
|-damage|p1a: Dusclops|52/100
|move|p1a: Dusclops|Will-O-Wisp|p2a: Tyranitar|[miss]
|-miss|p1a: Dusclops|p2a: Tyranitar
|
|-weather|Sandstorm|[upkeep]
|-damage|p1a: Dusclops|46/100|[from] Sandstorm
|-heal|p1a: Dusclops|52/100|[from] item: Leftovers
|upkeep
|turn|24
|
|t:|1730124320
|switch|p1a: Breloom|Breloom, M|100/100
|-damage|p1a: Breloom|84/100|[from] Spikes
|move|p2a: Tyranitar|Rock Slide|p1a: Breloom
|-resisted|p1a: Breloom
|-crit|p1a: Breloom
|-damage|p1a: Breloom|27/100
|
|-weather|Sandstorm|[upkeep]
|-damage|p1a: Breloom|21/100|[from] Sandstorm
|-heal|p1a: Breloom|27/100|[from] item: Leftovers
|upkeep
|turn|25
|
|t:|1730124342
|switch|p2a: Zapdos|Zapdos|40/100 brn
|move|p1a: Breloom|Hidden Power|p2a: Zapdos
|-damage|p2a: Zapdos|9/100 brn
|
|-weather|Sandstorm|[upkeep]
|-damage|p2a: Zapdos|3/100 brn|[from] Sandstorm
|-damage|p1a: Breloom|21/100|[from] Sandstorm
|-heal|p2a: Zapdos|9/100 brn|[from] item: Leftovers
|-damage|p2a: Zapdos|0 fnt|[from] brn
|faint|p2a: Zapdos
|-heal|p1a: Breloom|27/100|[from] item: Leftovers
|upkeep
|
|t:|1730124345
|switch|p2a: Gengar|Gengar, F|100/100
|turn|26
|
|t:|1730124351
|switch|p1a: Zapdos|Zapdos|74/100 brn
|move|p2a: Gengar|Fire Punch|p1a: Zapdos
|-crit|p1a: Zapdos
|-damage|p1a: Zapdos|39/100 brn
|
|-weather|Sandstorm|[upkeep]
|-damage|p2a: Gengar|94/100|[from] Sandstorm
|-damage|p1a: Zapdos|33/100 brn|[from] Sandstorm
|-heal|p2a: Gengar|100/100|[from] item: Leftovers
|-heal|p1a: Zapdos|39/100 brn|[from] item: Leftovers
|-damage|p1a: Zapdos|27/100 brn|[from] brn
|upkeep
|turn|27
|
|t:|1730124370
|move|p2a: Gengar|Ice Punch|p1a: Zapdos
|-supereffective|p1a: Zapdos
|-damage|p1a: Zapdos|0 fnt
|faint|p1a: Zapdos
|
|t:|1730124374
|switch|p1a: Dusclops|Dusclops, M|52/100
|-damage|p1a: Dusclops|35/100|[from] Spikes
|
|-weather|Sandstorm|[upkeep]
|-damage|p2a: Gengar|94/100|[from] Sandstorm
|-damage|p1a: Dusclops|29/100|[from] Sandstorm
|-heal|p2a: Gengar|100/100|[from] item: Leftovers
|-heal|p1a: Dusclops|35/100|[from] item: Leftovers
|upkeep
|turn|28
|
|t:|1730124401
|switch|p2a: Tyranitar|Tyranitar, M|64/100
|-damage|p2a: Tyranitar|52/100|[from] Spikes
|move|p1a: Dusclops|Pain Split|p2a: Tyranitar
|-sethp|p2a: Tyranitar|39/100|[from] move: Pain Split|[silent]
|-sethp|p1a: Dusclops|53/100|[from] move: Pain Split
|
|-weather|Sandstorm|[upkeep]
|-damage|p1a: Dusclops|47/100|[from] Sandstorm
|-heal|p1a: Dusclops|53/100|[from] item: Leftovers
|upkeep
|turn|29
|
|t:|1730124406
|switch|p1a: Swampert|Swampert, M|96/100
|-damage|p1a: Swampert|80/100|[from] Spikes
|move|p2a: Tyranitar|Rock Slide|p1a: Swampert
|-resisted|p1a: Swampert
|-damage|p1a: Swampert|66/100
|
|-weather|Sandstorm|[upkeep]
|-heal|p1a: Swampert|72/100|[from] item: Leftovers
|upkeep
|turn|30
|
|t:|1730124412
|move|p2a: Tyranitar|Double-Edge|p1a: Swampert
|-crit|p1a: Swampert
|-damage|p1a: Swampert|19/100
|-damage|p2a: Tyranitar|20/100|[from] Recoil|[of] p1a: Swampert
|move|p1a: Swampert|Surf|p2a: Tyranitar
|-supereffective|p2a: Tyranitar
|-damage|p2a: Tyranitar|0 fnt
|faint|p2a: Tyranitar
|
|t:|1730124415
|switch|p2a: Gengar|Gengar, F|100/100
|
|-weather|Sandstorm|[upkeep]
|-damage|p2a: Gengar|94/100|[from] Sandstorm
|-heal|p2a: Gengar|100/100|[from] item: Leftovers
|-heal|p1a: Swampert|25/100|[from] item: Leftovers
|upkeep
|turn|31
|
|t:|1730124421
|move|p2a: Gengar|Hidden Power|p1a: Swampert
|-supereffective|p1a: Swampert
|-damage|p1a: Swampert|0 fnt
|faint|p1a: Swampert
|
|t:|1730124423
|switch|p1a: Dusclops|Dusclops, M|53/100
|-damage|p1a: Dusclops|36/100|[from] Spikes
|
|-weather|Sandstorm|[upkeep]
|-damage|p2a: Gengar|94/100|[from] Sandstorm
|-damage|p1a: Dusclops|30/100|[from] Sandstorm
|-heal|p2a: Gengar|100/100|[from] item: Leftovers
|-heal|p1a: Dusclops|36/100|[from] item: Leftovers
|upkeep
|turn|32
|
|t:|1730124439
|move|p2a: Gengar|Ice Punch|p1a: Dusclops
|-damage|p1a: Dusclops|17/100
|move|p1a: Dusclops|Pain Split|p2a: Gengar
|-sethp|p2a: Gengar|58/100|[from] move: Pain Split|[silent]
|-sethp|p1a: Dusclops|63/100|[from] move: Pain Split
|
|-weather|Sandstorm|[upkeep]
|-damage|p2a: Gengar|52/100|[from] Sandstorm
|-damage|p1a: Dusclops|57/100|[from] Sandstorm
|-heal|p2a: Gengar|58/100|[from] item: Leftovers
|-heal|p1a: Dusclops|63/100|[from] item: Leftovers
|upkeep
|turn|33
|
|t:|1730124445
|move|p2a: Gengar|Ice Punch|p1a: Dusclops
|-damage|p1a: Dusclops|43/100
|move|p1a: Dusclops|Shadow Ball|p2a: Gengar
|-supereffective|p2a: Gengar
|-damage|p2a: Gengar|0 fnt
|faint|p2a: Gengar
|
|t:|1730124452
|switch|p2a: Aerodactyl|Aerodactyl, M|100/100
|
|-weather|Sandstorm|[upkeep]
|-damage|p1a: Dusclops|37/100|[from] Sandstorm
|-heal|p1a: Dusclops|43/100|[from] item: Leftovers
|upkeep
|turn|34
|
|t:|1730124456
|move|p2a: Aerodactyl|Substitute|p2a: Aerodactyl
|-start|p2a: Aerodactyl|Substitute
|-damage|p2a: Aerodactyl|75/100
|move|p1a: Dusclops|Pain Split||[still]
|-fail|p1a: Dusclops
|
|-weather|Sandstorm|[upkeep]
|-damage|p1a: Dusclops|37/100|[from] Sandstorm
|-heal|p1a: Dusclops|43/100|[from] item: Leftovers
|upkeep
|turn|35
|
|t:|1730124468
|switch|p1a: Forretress|Forretress, F|100/100 slp
|-damage|p1a: Forretress|84/100 slp|[from] Spikes
|move|p2a: Aerodactyl|Rock Slide|p1a: Forretress|[miss]
|-miss|p2a: Aerodactyl|p1a: Forretress
|
|-weather|Sandstorm|[upkeep]
|-heal|p1a: Forretress|90/100 slp|[from] item: Leftovers
|upkeep
|turn|36
|
|t:|1730124470
|move|p2a: Aerodactyl|Rock Slide|p1a: Forretress
|-damage|p1a: Forretress|64/100 slp
|cant|p1a: Forretress|slp
|
|-weather|Sandstorm|[upkeep]
|-heal|p1a: Forretress|71/100 slp|[from] item: Leftovers
|upkeep
|turn|37
|
|t:|1730124474
|move|p2a: Aerodactyl|Rock Slide|p1a: Forretress
|-damage|p1a: Forretress|44/100 slp
|cant|p1a: Forretress|slp
|
|-weather|Sandstorm|[upkeep]
|-heal|p1a: Forretress|50/100 slp|[from] item: Leftovers
|upkeep
|turn|38
|
|t:|1730124477
|move|p2a: Aerodactyl|Rock Slide|p1a: Forretress
|-damage|p1a: Forretress|26/100 slp
|cant|p1a: Forretress|slp
|
|-weather|Sandstorm|[upkeep]
|-heal|p1a: Forretress|32/100 slp|[from] item: Leftovers
|upkeep
|turn|39
|
|t:|1730124479
|move|p2a: Aerodactyl|Rock Slide|p1a: Forretress
|-damage|p1a: Forretress|7/100 slp
|-curestatus|p1a: Forretress|slp|[msg]
|move|p1a: Forretress|Hidden Power|p2a: Aerodactyl
|-resisted|p2a: Aerodactyl
|-activate|p2a: Aerodactyl|Substitute|[damage]
|
|-weather|Sandstorm|[upkeep]
|-heal|p1a: Forretress|13/100|[from] item: Leftovers
|upkeep
|turn|40
|
|t:|1730124481
|move|p2a: Aerodactyl|Rock Slide|p1a: Forretress
|-damage|p1a: Forretress|0 fnt
|faint|p1a: Forretress
|
|t:|1730124483
|switch|p1a: Breloom|Breloom, M|27/100
|-damage|p1a: Breloom|10/100|[from] Spikes
|
|-weather|Sandstorm|[upkeep]
|-damage|p1a: Breloom|4/100|[from] Sandstorm
|-heal|p1a: Breloom|10/100|[from] item: Leftovers
|upkeep
|turn|41
|
|t:|1730124486
|move|p1a: Breloom|Mach Punch|p2a: Aerodactyl
|-end|p2a: Aerodactyl|Substitute
|move|p2a: Aerodactyl|Earthquake|p1a: Breloom
|-resisted|p1a: Breloom
|-damage|p1a: Breloom|0 fnt
|faint|p1a: Breloom
|
|t:|1730124488
|switch|p1a: Dusclops|Dusclops, M|43/100
|-damage|p1a: Dusclops|27/100|[from] Spikes
|
|-weather|Sandstorm|[upkeep]
|-damage|p1a: Dusclops|21/100|[from] Sandstorm
|-heal|p1a: Dusclops|27/100|[from] item: Leftovers
|upkeep
|turn|42
|
|t:|1730124491
|move|p2a: Aerodactyl|Substitute|p2a: Aerodactyl
|-start|p2a: Aerodactyl|Substitute
|-damage|p2a: Aerodactyl|50/100
|move|p1a: Dusclops|Shadow Ball|p2a: Aerodactyl
|-end|p2a: Aerodactyl|Substitute
|
|-weather|Sandstorm|[upkeep]
|-damage|p1a: Dusclops|21/100|[from] Sandstorm
|-heal|p1a: Dusclops|27/100|[from] item: Leftovers
|upkeep
|turn|43
|
|t:|1730124499
|move|p2a: Aerodactyl|Substitute|p2a: Aerodactyl
|-start|p2a: Aerodactyl|Substitute
|-damage|p2a: Aerodactyl|25/100
|move|p1a: Dusclops|Shadow Ball|p2a: Aerodactyl
|-end|p2a: Aerodactyl|Substitute
|
|-weather|Sandstorm|[upkeep]
|-damage|p1a: Dusclops|21/100|[from] Sandstorm
|-enditem|p2a: Aerodactyl|Liechi Berry|[eat]
|-boost|p2a: Aerodactyl|atk|1|[from] item: Liechi Berry
|-heal|p1a: Dusclops|27/100|[from] item: Leftovers
|upkeep
|turn|44
|
|t:|1730124501
|move|p2a: Aerodactyl|Earthquake|p1a: Dusclops
|-damage|p1a: Dusclops|0 fnt
|faint|p1a: Dusclops
|
|win|qsns
|player|p1|
|c|☆qsns|gg sorry for luck

</script>
<script type="application/json" class="data" id="replaydata-smogtours-gen3ou-803056">
{"id":"smogtours-gen3ou-803056","format":"[Gen 3] OU","players":["salto","qsns"],"uploadtime":1730124501,"views":106,"formatid":"gen3ou","rating":null,"private":0,"password":null}
</script>

<script defer src="js/replays.js?9d40a366"></script>
