<!DOCTYPE html>
<meta charset="utf-8" />
<meta name="viewport" content="width=device-width" />

<title>[Gen 3] OU: Alecss vs. Leeto64 - Replays - Pok&eacute;mon Showdown!</title>

<meta name="description" content="Watch a replay of a Pok&eacute;mon battle between Alecss and Leeto64! Format: [Gen 3] OU; Date: Oct 4, 2024" />
<!--

Hey, you! Looking in the source for the replay log?

You can find them in JSON format, just add `.json` at the end of a replay URL.

https://replay.pokemonshowdown.com/gen7randomdoublesbattle-865046831.json

Or, if you only need the log itself, add `.log` instead:

https://replay.pokemonshowdown.com/gen7randomdoublesbattle-865046831.log

-->

<link rel="stylesheet" href="//pokemonshowdown.com/style/global.css?0.767286132409787" />
<link rel="stylesheet" href="//play.pokemonshowdown.com/style/font-awesome.css?0.9266228007934947" />
<link rel="stylesheet" href="//play.pokemonshowdown.com/style/battle.css?0.7924700842790926" />
<link rel="stylesheet" href="//play.pokemonshowdown.com/style/utilichart.css?0.8777417872839479" />

<!-- Global site tag (gtag.js) - Google Analytics -->
<script async src="https://www.googletagmanager.com/gtag/js?id=UA-26211653-1"></script>
<script>
  window.dataLayer = window.dataLayer || [];
  function gtag(){dataLayer.push(arguments);}
  gtag('js', new Date());

  gtag('config', 'UA-26211653-1');
</script>
<!-- End Google Analytics -->
<!-- Venatus Ad Manager - Install in <HEAD> of page -->
	<script src="https://hb.vntsm.com/v3/live/ad-manager.min.js" type="text/javascript" data-site-id="642aba63ec9a7b11c3c9c1be" data-mode="scan" async></script>
<!-- / Venatus Ad Manager -->

<style>
	@media (max-width:820px) {
		.battle {
			margin: 0 auto;
		}
		.battle-log {
			margin: 7px auto 0;
			max-width: 640px;
			height: 300px;
			position: static;
		}
	}
	.optgroup {
		display: inline-block;
		line-height: 22px;
		font-size: 10pt;
	}
	.optgroup .button {
		height: 25px;
		padding-top: 0;
		padding-bottom: 0;
	}
	.optgroup button.button {
		padding-left: 12px;
		padding-right: 12px;
	}
	.linklist {
		list-style: none;
		margin: 0.5em 0;
		padding: 0;
	}
	.linklist li {
		padding: 2px 0;
	}
	.sidebar {
		float: left;
		width: 320px;
	}
	.bar-wrapper {
		max-width: 1100px;
		margin: 0 auto;
	}
	.bar-wrapper.has-sidebar {
		max-width: 1430px;
	}
	.mainbar {
		margin: 0;
		padding-right: 1px;
	}
	.mainbar.has-sidebar {
		margin-left: 330px;
	}
	@media (min-width: 1511px) {
		.sidebar {
			width: 400px;
		}
		.bar-wrapper.has-sidebar {
			max-width: 1510px;
		}
		.mainbar.has-sidebar {
			margin-left: 410px;
		}
	}
	.section.first-section {
		margin-top: 9px;
	}
	.blocklink small {
		white-space: normal;
	}
	.button {
		vertical-align: middle;
	}
	.replay-controls {
		padding-top: 10px;
	}
	.replay-controls h1 {
		font-size: 16pt;
		font-weight: normal;
		color: #CCC;
	}
	.pagelink {
		text-align: center;
	}
	.pagelink a {
		width: 150px;
	}
	.textbox, .button {
		font-size: 11pt;
		vertical-align: middle;
	}
	@media (max-width: 450px) {
		.button {
			font-size: 9pt;
		}
	}
</style>

<div>

	<header>
		<div class="nav-wrapper"><ul class="nav">
			<li><a class="button nav-first" href="//pokemonshowdown.com/"><img src="//pokemonshowdown.com/images/pokemonshowdownbeta.png" srcset="//pokemonshowdown.com/images/pokemonshowdownbeta.png 1x, //pokemonshowdown.com/images/pokemonshowdownbeta@2x.png 2x" alt="Pok&eacute;mon Showdown" width="146" height="44" /> Home</a></li>
			<li><a class="button" href="//pokemonshowdown.com/dex/">Pok&eacute;dex</a></li>
			<li><a class="button cur" href="/">Replays</a></li>
			<li><a class="button" href="//pokemonshowdown.com/ladder/">Ladder</a></li>
			<li><a class="button nav-last" href="//pokemonshowdown.com/forums/">Forum</a></li>
			<li><a class="button greenbutton nav-first nav-last" href="//play.pokemonshowdown.com/">Play</a></li>
		</ul></div>
	</header>

	<div class="main" id="main">

		<noscript><section class="section">You need to enable JavaScript to use this page; sorry!</section></noscript>

	</div>

</div>

<script defer nomodule src="//play.pokemonshowdown.com/js/lib/ps-polyfill.js"></script>
<script defer src="//play.pokemonshowdown.com/js/lib/preact.min.js"></script>

<script defer src="//play.pokemonshowdown.com/config/config.js?6dec07f6"></script>
<script defer src="//play.pokemonshowdown.com/js/lib/jquery-1.11.0.min.js"></script>
<script defer src="//play.pokemonshowdown.com/js/lib/html-sanitizer-minified.js"></script>
<script defer src="//play.pokemonshowdown.com/js/battle-sound.js"></script>
<script defer src="//play.pokemonshowdown.com/js/battledata.js?0.6315294753075389"></script>
<script defer src="//play.pokemonshowdown.com/data/pokedex-mini.js?0.7603743185311358"></script>
<script defer src="//play.pokemonshowdown.com/data/pokedex-mini-bw.js?0.030888842834281283"></script>
<script defer src="//play.pokemonshowdown.com/data/graphics.js?0.05593094747507488"></script>
<script defer src="//play.pokemonshowdown.com/data/pokedex.js?0.47064822249611904"></script>
<script defer src="//play.pokemonshowdown.com/data/moves.js?0.8583693120512459"></script>
<script defer src="//play.pokemonshowdown.com/data/abilities.js?0.16017181182386842"></script>
<script defer src="//play.pokemonshowdown.com/data/items.js?0.4163379185673943"></script>
<script defer src="//play.pokemonshowdown.com/data/teambuilder-tables.js?0.31075597372830477"></script>
<script defer src="//play.pokemonshowdown.com/js/battle-tooltips.js?0.6536193500708172"></script>
<script defer src="//play.pokemonshowdown.com/js/battle.js?0.1916591943277901"></script>

<script defer src="js/utils.js?e31f9a17"></script>
<script defer src="js/replays-battle.js?7008c182"></script>

<!-- don't scrape this data! just add .json or .log after the URL!
Full API docs: https://github.com/smogon/pokemon-showdown-client/blob/master/WEB-API.md -->
<script type="text/plain" class="log" id="replaylog-smogtours-gen3ou-794485">
|inactive|Battle timer is ON: inactive players will automatically lose when time's up.
|t:|1728009018
|gametype|singles
|player|p1|Alecss|red-gen1|
|player|p2|Leeto64|acetrainerf-gen2|
|teamsize|p1|6
|teamsize|p2|6
|gen|3
|tier|[Gen 3] OU
|rule|Sleep Clause Mod: Limit one foe put to sleep
|rule|Switch Priority Clause Mod: Faster Pokémon switch first
|rule|Species Clause: Limit one of each Pokémon
|rule|OHKO Clause: OHKO moves are banned
|rule|Evasion Items Clause: Evasion items are banned
|rule|Evasion Moves Clause: Evasion moves are banned
|rule|Endless Battle Clause: Forcing endless battles is banned
|rule|HP Percentage Mod: HP is shown in percentages
|rule|One Boost Passer Clause: Limit one Baton Passer that has a way to boost its stats
|rule|Freeze Clause Mod: Limit one foe frozen
|
|t:|1728009018
|start
|switch|p1a: Yuri|Medicham, F, shiny|100/100
|switch|p2a: Tyranitar|Tyranitar, M|100/100
|-weather|Sandstorm|[from] ability: Sand Stream|[of] p2a: Tyranitar
|turn|1
|c|☆Leeto64|glhf
|
|t:|1728009031
|-singleturn|p1a: Yuri|move: Focus Punch
|switch|p2a: Gengar|Gengar, M|100/100
|move|p1a: Yuri|Focus Punch|p2a: Gengar
|-immune|p2a: Gengar
|
|-weather|Sandstorm|[upkeep]
|-damage|p2a: Gengar|95/100|[from] Sandstorm
|-damage|p1a: Yuri|94/100|[from] Sandstorm
|-heal|p2a: Gengar|100/100|[from] item: Leftovers
|-heal|p1a: Yuri|100/100|[from] item: Leftovers
|upkeep
|turn|2
|
|t:|1728009041
|switch|p1a: Tyranitar|Tyranitar, F|100/100
|move|p2a: Gengar|Destiny Bond|p2a: Gengar
|-singlemove|p2a: Gengar|Destiny Bond
|
|-weather|Sandstorm|[upkeep]
|-damage|p2a: Gengar|95/100|[from] Sandstorm
|-heal|p2a: Gengar|100/100|[from] item: Leftovers
|upkeep
|turn|3
|
|t:|1728009047
|move|p2a: Gengar|Will-O-Wisp|p1a: Tyranitar
|-status|p1a: Tyranitar|brn
|move|p1a: Tyranitar|Pursuit|p2a: Gengar
|-supereffective|p2a: Gengar
|-damage|p2a: Gengar|54/100
|
|-weather|Sandstorm|[upkeep]
|-damage|p2a: Gengar|48/100|[from] Sandstorm
|-heal|p2a: Gengar|54/100|[from] item: Leftovers
|-damage|p1a: Tyranitar|88/100 brn|[from] brn
|upkeep
|turn|4
|
|t:|1728009062
|move|p2a: Gengar|Ice Punch|p1a: Tyranitar
|-damage|p1a: Tyranitar|71/100 brn
|move|p1a: Tyranitar|Crunch|p2a: Gengar
|-supereffective|p2a: Gengar
|-damage|p2a: Gengar|0 fnt
|faint|p2a: Gengar
|
|t:|1728009068
|switch|p2a: Skarmory|Skarmory, F|100/100
|
|-weather|Sandstorm|[upkeep]
|-heal|p1a: Tyranitar|77/100 brn|[from] item: Leftovers
|-damage|p1a: Tyranitar|65/100 brn|[from] brn
|upkeep
|turn|5
|
|t:|1728009076
|switch|p2a: Salamence|Salamence, M, shiny|100/100
|-ability|p2a: Salamence|Intimidate|boost
|-unboost|p1a: Tyranitar|atk|1
|move|p1a: Tyranitar|Fire Blast|p2a: Salamence|[miss]
|-miss|p1a: Tyranitar|p2a: Salamence
|
|-weather|Sandstorm|[upkeep]
|-damage|p2a: Salamence|94/100|[from] Sandstorm
|-heal|p2a: Salamence|100/100|[from] item: Leftovers
|-heal|p1a: Tyranitar|71/100 brn|[from] item: Leftovers
|-damage|p1a: Tyranitar|59/100 brn|[from] brn
|upkeep
|turn|6
|c|☆Alecss|u2
|
|t:|1728009085
|switch|p1a: Metagross sucks|Swampert, M|100/100
|move|p2a: Salamence|Dragon Dance|p2a: Salamence
|-boost|p2a: Salamence|atk|1
|-boost|p2a: Salamence|spe|1
|
|-weather|Sandstorm|[upkeep]
|-damage|p2a: Salamence|94/100|[from] Sandstorm
|-heal|p2a: Salamence|100/100|[from] item: Leftovers
|upkeep
|turn|7
|
|t:|1728009091
|switch|p2a: Skarmory|Skarmory, F|100/100
|move|p1a: Metagross sucks|Ice Beam|p2a: Skarmory
|-damage|p2a: Skarmory|79/100
|
|-weather|Sandstorm|[upkeep]
|-heal|p2a: Skarmory|85/100|[from] item: Leftovers
|upkeep
|turn|8
|
|t:|1728009098
|switch|p1a: Charizard|Charizard, F, shiny|100/100
|move|p2a: Skarmory|Spikes|p1a: Charizard
|-sidestart|p1: Alecss|Spikes
|
|-weather|Sandstorm|[upkeep]
|-damage|p1a: Charizard|94/100|[from] Sandstorm
|-heal|p1a: Charizard|100/100|[from] item: Leftovers
|-heal|p2a: Skarmory|91/100|[from] item: Leftovers
|upkeep
|turn|9
|
|t:|1728009104
|move|p1a: Charizard|Fire Blast|p2a: Skarmory
|-supereffective|p2a: Skarmory
|-crit|p2a: Skarmory
|-damage|p2a: Skarmory|0 fnt
|faint|p2a: Skarmory
|
|t:|1728009112
|switch|p2a: Jolteon|Jolteon, F, shiny|100/100
|
|-weather|Sandstorm|[upkeep]
|-damage|p2a: Jolteon|94/100|[from] Sandstorm
|-damage|p1a: Charizard|94/100|[from] Sandstorm
|-heal|p2a: Jolteon|100/100|[from] item: Leftovers
|-heal|p1a: Charizard|100/100|[from] item: Leftovers
|upkeep
|turn|10
|inactive|Alecss has 270 seconds left.
|
|t:|1728009159
|switch|p1a: Bonice|Regice|100/100
|-damage|p1a: Bonice|88/100|[from] Spikes
|move|p2a: Jolteon|Roar|p1a: Bonice
|drag|p1a: Yuri|Medicham, F, shiny|100/100
|-damage|p1a: Yuri|88/100|[from] Spikes
|
|-weather|Sandstorm|[upkeep]
|-damage|p2a: Jolteon|94/100|[from] Sandstorm
|-damage|p1a: Yuri|82/100|[from] Sandstorm
|-heal|p2a: Jolteon|100/100|[from] item: Leftovers
|-heal|p1a: Yuri|88/100|[from] item: Leftovers
|upkeep
|turn|11
|
|t:|1728009168
|move|p2a: Jolteon|Thunderbolt|p1a: Yuri
|-damage|p1a: Yuri|12/100
|-status|p1a: Yuri|par
|move|p1a: Yuri|Brick Break|p2a: Jolteon
|-damage|p2a: Jolteon|12/100
|
|-weather|Sandstorm|[upkeep]
|-damage|p2a: Jolteon|6/100|[from] Sandstorm
|-damage|p1a: Yuri|6/100 par|[from] Sandstorm
|-heal|p2a: Jolteon|12/100|[from] item: Leftovers
|-heal|p1a: Yuri|12/100 par|[from] item: Leftovers
|upkeep
|turn|12
|
|t:|1728009177
|move|p2a: Jolteon|Thunderbolt|p1a: Yuri
|-damage|p1a: Yuri|0 fnt
|faint|p1a: Yuri
|c|☆Alecss|well
|
|t:|1728009182
|switch|p1a: Tyranitar|Tyranitar, F|59/100 brn
|-damage|p1a: Tyranitar|47/100 brn|[from] Spikes
|
|-weather|Sandstorm|[upkeep]
|-damage|p2a: Jolteon|6/100|[from] Sandstorm
|-heal|p2a: Jolteon|12/100|[from] item: Leftovers
|-heal|p1a: Tyranitar|53/100 brn|[from] item: Leftovers
|-damage|p1a: Tyranitar|40/100 brn|[from] brn
|upkeep
|turn|13
|
|t:|1728009188
|move|p2a: Jolteon|Thunderbolt|p1a: Tyranitar
|-crit|p1a: Tyranitar
|-damage|p1a: Tyranitar|0 fnt
|faint|p1a: Tyranitar
|
|t:|1728009203
|switch|p1a: Bonice|Regice|88/100
|-damage|p1a: Bonice|76/100|[from] Spikes
|
|-weather|Sandstorm|[upkeep]
|-damage|p2a: Jolteon|6/100|[from] Sandstorm
|-damage|p1a: Bonice|70/100|[from] Sandstorm
|-heal|p2a: Jolteon|12/100|[from] item: Leftovers
|-heal|p1a: Bonice|76/100|[from] item: Leftovers
|upkeep
|turn|14
|
|t:|1728009208
|move|p2a: Jolteon|Baton Pass|p2a: Jolteon
|
|t:|1728009210
|switch|p2a: Tyranitar|Tyranitar, M|100/100|[from] Baton Pass
|move|p1a: Bonice|Ice Beam|p2a: Tyranitar
|-damage|p2a: Tyranitar|52/100
|
|-weather|Sandstorm|[upkeep]
|-damage|p1a: Bonice|70/100|[from] Sandstorm
|-heal|p1a: Bonice|76/100|[from] item: Leftovers
|upkeep
|turn|15
|
|t:|1728009221
|move|p2a: Tyranitar|Dragon Dance|p2a: Tyranitar
|-boost|p2a: Tyranitar|atk|1
|-boost|p2a: Tyranitar|spe|1
|move|p1a: Bonice|Ice Beam|p2a: Tyranitar
|-damage|p2a: Tyranitar|5/100
|
|-weather|Sandstorm|[upkeep]
|-damage|p1a: Bonice|70/100|[from] Sandstorm
|-heal|p1a: Bonice|76/100|[from] item: Leftovers
|upkeep
|turn|16
|
|t:|1728009226
|move|p2a: Tyranitar|Rock Slide|p1a: Bonice
|-supereffective|p1a: Bonice
|-damage|p1a: Bonice|0 fnt
|faint|p1a: Bonice
|
|t:|1728009228
|switch|p1a: Metagross sucks|Swampert, M|100/100
|-damage|p1a: Metagross sucks|88/100|[from] Spikes
|
|-weather|Sandstorm|[upkeep]
|-heal|p1a: Metagross sucks|94/100|[from] item: Leftovers
|upkeep
|turn|17
|
|t:|1728009231
|move|p2a: Tyranitar|Hidden Power|p1a: Metagross sucks
|-supereffective|p1a: Metagross sucks
|-damage|p1a: Metagross sucks|39/100
|move|p1a: Metagross sucks|Ice Beam|p2a: Tyranitar
|-damage|p2a: Tyranitar|0 fnt
|faint|p2a: Tyranitar
|
|t:|1728009237
|switch|p2a: Swampert|Swampert, F, shiny|100/100
|
|-weather|Sandstorm|[upkeep]
|-heal|p1a: Metagross sucks|45/100|[from] item: Leftovers
|upkeep
|turn|18
|
|t:|1728009240
|move|p1a: Metagross sucks|Protect|p1a: Metagross sucks
|-singleturn|p1a: Metagross sucks|Protect
|move|p2a: Swampert|Surf|p1a: Metagross sucks
|-activate|p1a: Metagross sucks|Protect
|
|-weather|Sandstorm|[upkeep]
|-heal|p1a: Metagross sucks|51/100|[from] item: Leftovers
|upkeep
|turn|19
|inactive|Alecss has 270 seconds left.
|
|t:|1728009271
|move|p1a: Metagross sucks|Hydro Pump|p2a: Swampert|[miss]
|-miss|p1a: Metagross sucks|p2a: Swampert
|move|p2a: Swampert|Roar|p1a: Metagross sucks
|drag|p1a: Russian bomb|Metagross, shiny|100/100
|-damage|p1a: Russian bomb|88/100|[from] Spikes
|
|-weather|Sandstorm|[upkeep]
|upkeep
|turn|20
|
|t:|1728009276
|move|p1a: Russian bomb|Agility|p1a: Russian bomb
|-boost|p1a: Russian bomb|spe|2
|move|p2a: Swampert|Surf|p1a: Russian bomb
|-damage|p1a: Russian bomb|54/100
|
|-weather|Sandstorm|[upkeep]
|upkeep
|turn|21
|
|t:|1728009283
|move|p1a: Russian bomb|Meteor Mash|p2a: Swampert
|-resisted|p2a: Swampert
|-damage|p2a: Swampert|79/100
|move|p2a: Swampert|Surf|p1a: Russian bomb
|-damage|p1a: Russian bomb|21/100
|
|-weather|Sandstorm|[upkeep]
|-heal|p2a: Swampert|85/100|[from] item: Leftovers
|upkeep
|turn|22
|
|t:|1728009288
|move|p2a: Swampert|Protect|p2a: Swampert
|-singleturn|p2a: Swampert|Protect
|move|p1a: Russian bomb|Explosion|p2a: Swampert
|-activate|p2a: Swampert|Protect
|faint|p1a: Russian bomb
|
|t:|1728009290
|switch|p1a: Charizard|Charizard, F, shiny|100/100
|
|-weather|Sandstorm|[upkeep]
|-damage|p1a: Charizard|94/100|[from] Sandstorm
|-heal|p1a: Charizard|100/100|[from] item: Leftovers
|-heal|p2a: Swampert|92/100|[from] item: Leftovers
|upkeep
|turn|23
|
|t:|1728009294
|move|p1a: Charizard|Hidden Power|p2a: Swampert
|-supereffective|p2a: Swampert
|-damage|p2a: Swampert|11/100
|move|p2a: Swampert|Surf|p1a: Charizard
|-supereffective|p1a: Charizard
|-damage|p1a: Charizard|0 fnt
|faint|p1a: Charizard
|
|t:|1728009297
|switch|p1a: Metagross sucks|Swampert, M|51/100
|-damage|p1a: Metagross sucks|39/100|[from] Spikes
|
|-weather|Sandstorm|[upkeep]
|-heal|p2a: Swampert|17/100|[from] item: Leftovers
|-heal|p1a: Metagross sucks|45/100|[from] item: Leftovers
|upkeep
|turn|24
|
|t:|1728009301
|move|p2a: Swampert|Surf|p1a: Metagross sucks
|-damage|p1a: Metagross sucks|2/100
|move|p1a: Metagross sucks|Earthquake|p2a: Swampert
|-damage|p2a: Swampert|0 fnt
|faint|p2a: Swampert
|c|☆Leeto64|gg wp
|
|t:|1728009305
|switch|p2a: Jolteon|Jolteon, F, shiny|12/100
|
|-weather|Sandstorm|[upkeep]
|-damage|p2a: Jolteon|6/100|[from] Sandstorm
|-heal|p2a: Jolteon|12/100|[from] item: Leftovers
|-heal|p1a: Metagross sucks|8/100|[from] item: Leftovers
|upkeep
|turn|25
|
|t:|1728009307
|move|p2a: Jolteon|Hidden Power|p1a: Metagross sucks
|-damage|p1a: Metagross sucks|0 fnt
|faint|p1a: Metagross sucks
|
|win|Leeto64
|c|☆Alecss|wp
|player|p1|

</script>
<script type="application/json" class="data" id="replaydata-smogtours-gen3ou-794485">
{"id":"smogtours-gen3ou-794485","format":"[Gen 3] OU","players":["Alecss","Leeto64"],"uploadtime":1728009307,"views":112,"formatid":"gen3ou","rating":null,"private":0,"password":null}
</script>

<script defer src="js/replays.js?9d40a366"></script>
