<!DOCTYPE html>
<meta charset="utf-8" />
<meta name="viewport" content="width=device-width" />

<title>[Gen 3] OU: muk fan vs. AirPan - Replays - Pok&eacute;mon Showdown!</title>

<meta name="description" content="Watch a replay of a Pok&eacute;mon battle between muk fan and AirPan! Format: [Gen 3] OU; Date: Oct 13, 2024" />
<!--

Hey, you! Looking in the source for the replay log?

You can find them in JSON format, just add `.json` at the end of a replay URL.

https://replay.pokemonshowdown.com/gen7randomdoublesbattle-865046831.json

Or, if you only need the log itself, add `.log` instead:

https://replay.pokemonshowdown.com/gen7randomdoublesbattle-865046831.log

-->

<link rel="stylesheet" href="//pokemonshowdown.com/style/global.css?0.767286132409787" />
<link rel="stylesheet" href="//play.pokemonshowdown.com/style/font-awesome.css?0.9266228007934947" />
<link rel="stylesheet" href="//play.pokemonshowdown.com/style/battle.css?0.7924700842790926" />
<link rel="stylesheet" href="//play.pokemonshowdown.com/style/utilichart.css?0.8777417872839479" />

<!-- Global site tag (gtag.js) - Google Analytics -->
<script async src="https://www.googletagmanager.com/gtag/js?id=UA-26211653-1"></script>
<script>
  window.dataLayer = window.dataLayer || [];
  function gtag(){dataLayer.push(arguments);}
  gtag('js', new Date());

  gtag('config', 'UA-26211653-1');
</script>
<!-- End Google Analytics -->
<!-- Venatus Ad Manager - Install in <HEAD> of page -->
	<script src="https://hb.vntsm.com/v3/live/ad-manager.min.js" type="text/javascript" data-site-id="642aba63ec9a7b11c3c9c1be" data-mode="scan" async></script>
<!-- / Venatus Ad Manager -->

<style>
	@media (max-width:820px) {
		.battle {
			margin: 0 auto;
		}
		.battle-log {
			margin: 7px auto 0;
			max-width: 640px;
			height: 300px;
			position: static;
		}
	}
	.optgroup {
		display: inline-block;
		line-height: 22px;
		font-size: 10pt;
	}
	.optgroup .button {
		height: 25px;
		padding-top: 0;
		padding-bottom: 0;
	}
	.optgroup button.button {
		padding-left: 12px;
		padding-right: 12px;
	}
	.linklist {
		list-style: none;
		margin: 0.5em 0;
		padding: 0;
	}
	.linklist li {
		padding: 2px 0;
	}
	.sidebar {
		float: left;
		width: 320px;
	}
	.bar-wrapper {
		max-width: 1100px;
		margin: 0 auto;
	}
	.bar-wrapper.has-sidebar {
		max-width: 1430px;
	}
	.mainbar {
		margin: 0;
		padding-right: 1px;
	}
	.mainbar.has-sidebar {
		margin-left: 330px;
	}
	@media (min-width: 1511px) {
		.sidebar {
			width: 400px;
		}
		.bar-wrapper.has-sidebar {
			max-width: 1510px;
		}
		.mainbar.has-sidebar {
			margin-left: 410px;
		}
	}
	.section.first-section {
		margin-top: 9px;
	}
	.blocklink small {
		white-space: normal;
	}
	.button {
		vertical-align: middle;
	}
	.replay-controls {
		padding-top: 10px;
	}
	.replay-controls h1 {
		font-size: 16pt;
		font-weight: normal;
		color: #CCC;
	}
	.pagelink {
		text-align: center;
	}
	.pagelink a {
		width: 150px;
	}
	.textbox, .button {
		font-size: 11pt;
		vertical-align: middle;
	}
	@media (max-width: 450px) {
		.button {
			font-size: 9pt;
		}
	}
</style>

<div>

	<header>
		<div class="nav-wrapper"><ul class="nav">
			<li><a class="button nav-first" href="//pokemonshowdown.com/"><img src="//pokemonshowdown.com/images/pokemonshowdownbeta.png" srcset="//pokemonshowdown.com/images/pokemonshowdownbeta.png 1x, //pokemonshowdown.com/images/pokemonshowdownbeta@2x.png 2x" alt="Pok&eacute;mon Showdown" width="146" height="44" /> Home</a></li>
			<li><a class="button" href="//pokemonshowdown.com/dex/">Pok&eacute;dex</a></li>
			<li><a class="button cur" href="/">Replays</a></li>
			<li><a class="button" href="//pokemonshowdown.com/ladder/">Ladder</a></li>
			<li><a class="button nav-last" href="//pokemonshowdown.com/forums/">Forum</a></li>
			<li><a class="button greenbutton nav-first nav-last" href="//play.pokemonshowdown.com/">Play</a></li>
		</ul></div>
	</header>

	<div class="main" id="main">

		<noscript><section class="section">You need to enable JavaScript to use this page; sorry!</section></noscript>

	</div>

</div>

<script defer nomodule src="//play.pokemonshowdown.com/js/lib/ps-polyfill.js"></script>
<script defer src="//play.pokemonshowdown.com/js/lib/preact.min.js"></script>

<script defer src="//play.pokemonshowdown.com/config/config.js?6dec07f6"></script>
<script defer src="//play.pokemonshowdown.com/js/lib/jquery-1.11.0.min.js"></script>
<script defer src="//play.pokemonshowdown.com/js/lib/html-sanitizer-minified.js"></script>
<script defer src="//play.pokemonshowdown.com/js/battle-sound.js"></script>
<script defer src="//play.pokemonshowdown.com/js/battledata.js?0.6315294753075389"></script>
<script defer src="//play.pokemonshowdown.com/data/pokedex-mini.js?0.7603743185311358"></script>
<script defer src="//play.pokemonshowdown.com/data/pokedex-mini-bw.js?0.030888842834281283"></script>
<script defer src="//play.pokemonshowdown.com/data/graphics.js?0.05593094747507488"></script>
<script defer src="//play.pokemonshowdown.com/data/pokedex.js?0.47064822249611904"></script>
<script defer src="//play.pokemonshowdown.com/data/moves.js?0.8583693120512459"></script>
<script defer src="//play.pokemonshowdown.com/data/abilities.js?0.16017181182386842"></script>
<script defer src="//play.pokemonshowdown.com/data/items.js?0.4163379185673943"></script>
<script defer src="//play.pokemonshowdown.com/data/teambuilder-tables.js?0.31075597372830477"></script>
<script defer src="//play.pokemonshowdown.com/js/battle-tooltips.js?0.6536193500708172"></script>
<script defer src="//play.pokemonshowdown.com/js/battle.js?0.1916591943277901"></script>

<script defer src="js/utils.js?e31f9a17"></script>
<script defer src="js/replays-battle.js?7008c182"></script>

<!-- don't scrape this data! just add .json or .log after the URL!
Full API docs: https://github.com/smogon/pokemon-showdown-client/blob/master/WEB-API.md -->
<script type="text/plain" class="log" id="replaylog-smogtours-gen3ou-798379">
|inactive|Battle timer is ON: inactive players will automatically lose when time's up.
|t:|1728850832
|gametype|singles
|player|p1|muk fan|blue|
|player|p2|AirPan|pokemonrangerf-gen4|
|teamsize|p1|6
|teamsize|p2|6
|gen|3
|tier|[Gen 3] OU
|rule|Sleep Clause Mod: Limit one foe put to sleep
|rule|Switch Priority Clause Mod: Faster Pokémon switch first
|rule|Species Clause: Limit one of each Pokémon
|rule|OHKO Clause: OHKO moves are banned
|rule|Evasion Items Clause: Evasion items are banned
|rule|Evasion Moves Clause: Evasion moves are banned
|rule|Endless Battle Clause: Forcing endless battles is banned
|rule|HP Percentage Mod: HP is shown in percentages
|rule|One Boost Passer Clause: Limit one Baton Passer that has a way to boost its stats
|rule|Freeze Clause Mod: Limit one foe frozen
|
|t:|1728850832
|start
|switch|p1a: Electhor|Zapdos|100/100
|switch|p2a: Suicune|Suicune|100/100
|turn|1
|
|t:|1728850860
|switch|p2a: Celebi|Celebi|100/100
|move|p1a: Electhor|Thunder Wave|p2a: Celebi
|-status|p2a: Celebi|par
|
|upkeep
|turn|2
|
|t:|1728850875
|move|p1a: Electhor|Baton Pass|p1a: Electhor
|
|t:|1728850893
|switch|p1a: Ectoplasma|Gengar, F, shiny|100/100|[from] Baton Pass
|move|p2a: Celebi|Leech Seed|p1a: Ectoplasma
|-start|p1a: Ectoplasma|move: Leech Seed
|
|-damage|p1a: Ectoplasma|88/100|[from] Leech Seed|[of] p2a: Celebi
|upkeep
|turn|3
|
|t:|1728850907
|switch|p1a: Métalosse|Metagross, shiny|100/100
|move|p2a: Celebi|Leech Seed|p1a: Métalosse
|-start|p1a: Métalosse|move: Leech Seed
|
|-damage|p1a: Métalosse|88/100|[from] Leech Seed|[of] p2a: Celebi
|upkeep
|turn|4
|
|t:|1728850915
|switch|p1a: Ectoplasma|Gengar, F, shiny|88/100
|-curestatus|p2a: Celebi|par|[from] ability: Natural Cure
|switch|p2a: Jirachi|Jirachi|100/100
|
|-heal|p1a: Ectoplasma|94/100|[from] item: Leftovers
|upkeep
|turn|5
|
|t:|1728850921
|move|p1a: Ectoplasma|Will-O-Wisp|p2a: Jirachi
|-status|p2a: Jirachi|brn
|move|p2a: Jirachi|Calm Mind|p2a: Jirachi
|-boost|p2a: Jirachi|spa|1
|-boost|p2a: Jirachi|spd|1
|
|-heal|p1a: Ectoplasma|100/100|[from] item: Leftovers
|-damage|p2a: Jirachi|88/100 brn|[from] brn
|upkeep
|turn|6
|
|t:|1728850925
|move|p1a: Ectoplasma|Explosion|p2a: Jirachi
|-resisted|p2a: Jirachi
|-damage|p2a: Jirachi|51/100 brn
|faint|p1a: Ectoplasma
|
|t:|1728850928
|switch|p1a: Triopikeur|Dugtrio, M|100/100
|
|-heal|p2a: Jirachi|57/100 brn|[from] item: Leftovers
|-damage|p2a: Jirachi|45/100 brn|[from] brn
|upkeep
|turn|7
|
|t:|1728850930
|move|p1a: Triopikeur|Earthquake|p2a: Jirachi
|-supereffective|p2a: Jirachi
|-damage|p2a: Jirachi|0 fnt
|faint|p2a: Jirachi
|
|t:|1728850931
|switch|p2a: Porygon2|Porygon2|100/100
|-ability|p2a: Porygon2|Arena Trap|[from] ability: Trace|[of] p1a: Triopikeur
|
|upkeep
|turn|8
|
|t:|1728850933
|move|p1a: Triopikeur|Earthquake|p2a: Porygon2
|-damage|p2a: Porygon2|57/100
|move|p2a: Porygon2|Recover|p2a: Porygon2
|-heal|p2a: Porygon2|100/100
|
|upkeep
|turn|9
|
|t:|1728850935
|move|p1a: Triopikeur|Earthquake|p2a: Porygon2
|-damage|p2a: Porygon2|61/100
|move|p2a: Porygon2|Recover|p2a: Porygon2
|-heal|p2a: Porygon2|100/100
|
|upkeep
|turn|10
|
|t:|1728850937
|move|p1a: Triopikeur|Earthquake|p2a: Porygon2
|-damage|p2a: Porygon2|56/100
|move|p2a: Porygon2|Recover|p2a: Porygon2
|-heal|p2a: Porygon2|100/100
|
|upkeep
|turn|11
|
|t:|1728850938
|move|p1a: Triopikeur|Earthquake|p2a: Porygon2
|-damage|p2a: Porygon2|59/100
|move|p2a: Porygon2|Recover|p2a: Porygon2
|-heal|p2a: Porygon2|100/100
|
|upkeep
|turn|12
|
|t:|1728850939
|move|p1a: Triopikeur|Earthquake|p2a: Porygon2
|-damage|p2a: Porygon2|60/100
|move|p2a: Porygon2|Recover|p2a: Porygon2
|-heal|p2a: Porygon2|100/100
|
|upkeep
|turn|13
|
|t:|1728850940
|move|p1a: Triopikeur|Earthquake|p2a: Porygon2
|-damage|p2a: Porygon2|59/100
|move|p2a: Porygon2|Recover|p2a: Porygon2
|-heal|p2a: Porygon2|100/100
|
|upkeep
|turn|14
|
|t:|1728850941
|move|p1a: Triopikeur|Earthquake|p2a: Porygon2
|-damage|p2a: Porygon2|56/100
|move|p2a: Porygon2|Recover|p2a: Porygon2
|-heal|p2a: Porygon2|100/100
|
|upkeep
|turn|15
|
|t:|1728850942
|move|p1a: Triopikeur|Earthquake|p2a: Porygon2
|-damage|p2a: Porygon2|57/100
|move|p2a: Porygon2|Recover|p2a: Porygon2
|-heal|p2a: Porygon2|100/100
|
|upkeep
|turn|16
|
|t:|1728850943
|move|p1a: Triopikeur|Earthquake|p2a: Porygon2
|-damage|p2a: Porygon2|57/100
|move|p2a: Porygon2|Recover|p2a: Porygon2
|-heal|p2a: Porygon2|100/100
|
|upkeep
|turn|17
|
|t:|1728850945
|move|p1a: Triopikeur|Earthquake|p2a: Porygon2
|-damage|p2a: Porygon2|61/100
|move|p2a: Porygon2|Recover|p2a: Porygon2
|-heal|p2a: Porygon2|100/100
|
|upkeep
|turn|18
|
|t:|1728850948
|move|p1a: Triopikeur|Earthquake|p2a: Porygon2
|-damage|p2a: Porygon2|61/100
|move|p2a: Porygon2|Recover|p2a: Porygon2
|-heal|p2a: Porygon2|100/100
|
|upkeep
|turn|19
|
|t:|1728850949
|move|p1a: Triopikeur|Earthquake|p2a: Porygon2
|-damage|p2a: Porygon2|60/100
|move|p2a: Porygon2|Recover|p2a: Porygon2
|-heal|p2a: Porygon2|100/100
|
|upkeep
|turn|20
|
|t:|1728850950
|move|p1a: Triopikeur|Earthquake|p2a: Porygon2
|-damage|p2a: Porygon2|62/100
|move|p2a: Porygon2|Recover|p2a: Porygon2
|-heal|p2a: Porygon2|100/100
|
|upkeep
|turn|21
|
|t:|1728850952
|move|p1a: Triopikeur|Earthquake|p2a: Porygon2
|-damage|p2a: Porygon2|59/100
|move|p2a: Porygon2|Recover|p2a: Porygon2
|-heal|p2a: Porygon2|100/100
|
|upkeep
|turn|22
|
|t:|1728850953
|move|p1a: Triopikeur|Earthquake|p2a: Porygon2
|-damage|p2a: Porygon2|57/100
|move|p2a: Porygon2|Recover|p2a: Porygon2
|-heal|p2a: Porygon2|100/100
|
|upkeep
|turn|23
|
|t:|1728850956
|move|p1a: Triopikeur|Struggle|p2a: Porygon2
|-damage|p2a: Porygon2|86/100
|-damage|p1a: Triopikeur|94/100|[from] Recoil|[of] p2a: Porygon2
|move|p2a: Porygon2|Ice Beam|p1a: Triopikeur
|-supereffective|p1a: Triopikeur
|-crit|p1a: Triopikeur
|-damage|p1a: Triopikeur|0 fnt
|faint|p1a: Triopikeur
|
|t:|1728850963
|switch|p1a: Electhor|Zapdos|100/100
|
|-heal|p2a: Porygon2|92/100|[from] item: Leftovers
|upkeep
|turn|24
|
|t:|1728850966
|move|p1a: Electhor|Thunderbolt|p2a: Porygon2
|-damage|p2a: Porygon2|46/100
|move|p2a: Porygon2|Thunder Wave|p1a: Electhor
|-status|p1a: Electhor|par
|
|-heal|p2a: Porygon2|52/100|[from] item: Leftovers
|upkeep
|turn|25
|
|t:|1728850971
|switch|p2a: Celebi|Celebi|100/100
|move|p1a: Electhor|Thunderbolt|p2a: Celebi
|-resisted|p2a: Celebi
|-damage|p2a: Celebi|81/100
|
|-heal|p2a: Celebi|87/100|[from] item: Leftovers
|upkeep
|turn|26
|
|t:|1728850974
|move|p2a: Celebi|Leech Seed|p1a: Electhor
|-start|p1a: Electhor|move: Leech Seed
|cant|p1a: Electhor|par
|
|-heal|p2a: Celebi|93/100|[from] item: Leftovers
|-damage|p1a: Electhor|88/100 par|[from] Leech Seed|[of] p2a: Celebi
|-heal|p2a: Celebi|100/100|[silent]
|upkeep
|turn|27
|
|t:|1728850978
|switch|p1a: Métalosse|Metagross, shiny|88/100
|move|p2a: Celebi|Leech Seed|p1a: Métalosse
|-start|p1a: Métalosse|move: Leech Seed
|
|-damage|p1a: Métalosse|76/100|[from] Leech Seed|[of] p2a: Celebi
|upkeep
|turn|28
|
|t:|1728850983
|switch|p2a: Porygon2|Porygon2|52/100
|-ability|p2a: Porygon2|Clear Body|[from] ability: Trace|[of] p1a: Métalosse
|move|p1a: Métalosse|Meteor Mash|p2a: Porygon2
|-damage|p2a: Porygon2|0 fnt
|faint|p2a: Porygon2
|
|t:|1728850990
|switch|p2a: Suicune|Suicune|100/100
|
|-damage|p1a: Métalosse|63/100|[from] Leech Seed|[of] p2a: Suicune
|upkeep
|turn|29
|
|t:|1728850995
|switch|p1a: Electhor|Zapdos|88/100 par
|move|p2a: Suicune|Calm Mind|p2a: Suicune
|-boost|p2a: Suicune|spa|1
|-boost|p2a: Suicune|spd|1
|
|-heal|p1a: Electhor|94/100 par|[from] item: Leftovers
|upkeep
|turn|30
|
|t:|1728850999
|move|p2a: Suicune|Calm Mind|p2a: Suicune
|-boost|p2a: Suicune|spa|1
|-boost|p2a: Suicune|spd|1
|cant|p1a: Electhor|par
|
|-heal|p1a: Electhor|100/100 par|[from] item: Leftovers
|upkeep
|turn|31
|
|t:|1728851001
|move|p2a: Suicune|Ice Beam|p1a: Electhor
|-supereffective|p1a: Electhor
|-damage|p1a: Electhor|0 fnt
|faint|p1a: Electhor
|
|t:|1728851006
|switch|p1a: Métalosse|Metagross, shiny|63/100
|
|upkeep
|turn|32
|
|t:|1728851007
|move|p2a: Suicune|Hydro Pump|p1a: Métalosse|[miss]
|-miss|p2a: Suicune|p1a: Métalosse
|move|p1a: Métalosse|Explosion|p2a: Suicune
|-damage|p2a: Suicune|0 fnt
|faint|p1a: Métalosse
|faint|p2a: Suicune
|
|t:|1728851011
|switch|p2a: Metagross|Metagross|100/100
|switch|p1a: Kaorine|Claydol|100/100
|
|upkeep
|turn|33
|
|t:|1728851017
|move|p2a: Metagross|Explosion|p1a: Kaorine
|-damage|p1a: Kaorine|0 fnt
|faint|p2a: Metagross
|faint|p1a: Kaorine
|
|t:|1728851019
|switch|p2a: Celebi|Celebi|100/100
|switch|p1a: Hyporoi|Kingdra, M, shiny|100/100
|
|upkeep
|turn|34
|
|t:|1728851025
|move|p2a: Celebi|Perish Song|p2a: Celebi
|-start|p1a: Hyporoi|perish3|[silent]
|-start|p2a: Celebi|perish3|[silent]
|-fieldactivate|move: Perish Song
|move|p1a: Hyporoi|Substitute|p1a: Hyporoi
|-start|p1a: Hyporoi|Substitute
|-damage|p1a: Hyporoi|76/100
|
|-heal|p1a: Hyporoi|82/100|[from] item: Leftovers
|-start|p2a: Celebi|perish3
|-start|p1a: Hyporoi|perish3
|upkeep
|turn|35
|
|t:|1728851031
|move|p2a: Celebi|Recover||[still]
|-fail|p2a: Celebi|heal
|move|p1a: Hyporoi|Ice Beam|p2a: Celebi
|-supereffective|p2a: Celebi
|-damage|p2a: Celebi|59/100
|
|-heal|p2a: Celebi|65/100|[from] item: Leftovers
|-heal|p1a: Hyporoi|88/100|[from] item: Leftovers
|-start|p2a: Celebi|perish2
|-start|p1a: Hyporoi|perish2
|upkeep
|turn|36
|
|t:|1728851032
|move|p2a: Celebi|Recover|p2a: Celebi
|-heal|p2a: Celebi|100/100
|move|p1a: Hyporoi|Ice Beam|p2a: Celebi
|-supereffective|p2a: Celebi
|-damage|p2a: Celebi|57/100
|
|-heal|p2a: Celebi|64/100|[from] item: Leftovers
|-heal|p1a: Hyporoi|94/100|[from] item: Leftovers
|-start|p2a: Celebi|perish1
|-start|p1a: Hyporoi|perish1
|upkeep
|turn|37
|
|t:|1728851035
|move|p2a: Celebi|Recover|p2a: Celebi
|-heal|p2a: Celebi|100/100
|move|p1a: Hyporoi|Ice Beam|p2a: Celebi
|-supereffective|p2a: Celebi
|-damage|p2a: Celebi|57/100
|
|-heal|p2a: Celebi|63/100|[from] item: Leftovers
|-heal|p1a: Hyporoi|100/100|[from] item: Leftovers
|-start|p2a: Celebi|perish0
|-start|p1a: Hyporoi|perish0
|upkeep
|faint|p2a: Celebi
|faint|p1a: Hyporoi
|
|win|AirPan
|c|☆muk fan|gg

</script>
<script type="application/json" class="data" id="replaydata-smogtours-gen3ou-798379">
{"id":"smogtours-gen3ou-798379","format":"[Gen 3] OU","players":["muk fan","AirPan"],"uploadtime":1728851035,"views":106,"formatid":"gen3ou","rating":null,"private":0,"password":null}
</script>

<script defer src="js/replays.js?9d40a366"></script>
