<!DOCTYPE html>
<meta charset="utf-8" />
<meta name="viewport" content="width=device-width" />

<title>[Gen 3] OU: Larkindred vs. ProfessorKid - Replays - Pok&eacute;mon Showdown!</title>

<meta name="description" content="Watch a replay of a Pok&eacute;mon battle between Larkindred and ProfessorKid! Format: [Gen 3] OU; Date: Oct 19, 2024" />
<!--

Hey, you! Looking in the source for the replay log?

You can find them in JSON format, just add `.json` at the end of a replay URL.

https://replay.pokemonshowdown.com/gen7randomdoublesbattle-865046831.json

Or, if you only need the log itself, add `.log` instead:

https://replay.pokemonshowdown.com/gen7randomdoublesbattle-865046831.log

-->

<link rel="stylesheet" href="//pokemonshowdown.com/style/global.css?0.767286132409787" />
<link rel="stylesheet" href="//play.pokemonshowdown.com/style/font-awesome.css?0.9266228007934947" />
<link rel="stylesheet" href="//play.pokemonshowdown.com/style/battle.css?0.7924700842790926" />
<link rel="stylesheet" href="//play.pokemonshowdown.com/style/utilichart.css?0.8777417872839479" />

<!-- Global site tag (gtag.js) - Google Analytics -->
<script async src="https://www.googletagmanager.com/gtag/js?id=UA-26211653-1"></script>
<script>
  window.dataLayer = window.dataLayer || [];
  function gtag(){dataLayer.push(arguments);}
  gtag('js', new Date());

  gtag('config', 'UA-26211653-1');
</script>
<!-- End Google Analytics -->
<!-- Venatus Ad Manager - Install in <HEAD> of page -->
	<script src="https://hb.vntsm.com/v3/live/ad-manager.min.js" type="text/javascript" data-site-id="642aba63ec9a7b11c3c9c1be" data-mode="scan" async></script>
<!-- / Venatus Ad Manager -->

<style>
	@media (max-width:820px) {
		.battle {
			margin: 0 auto;
		}
		.battle-log {
			margin: 7px auto 0;
			max-width: 640px;
			height: 300px;
			position: static;
		}
	}
	.optgroup {
		display: inline-block;
		line-height: 22px;
		font-size: 10pt;
	}
	.optgroup .button {
		height: 25px;
		padding-top: 0;
		padding-bottom: 0;
	}
	.optgroup button.button {
		padding-left: 12px;
		padding-right: 12px;
	}
	.linklist {
		list-style: none;
		margin: 0.5em 0;
		padding: 0;
	}
	.linklist li {
		padding: 2px 0;
	}
	.sidebar {
		float: left;
		width: 320px;
	}
	.bar-wrapper {
		max-width: 1100px;
		margin: 0 auto;
	}
	.bar-wrapper.has-sidebar {
		max-width: 1430px;
	}
	.mainbar {
		margin: 0;
		padding-right: 1px;
	}
	.mainbar.has-sidebar {
		margin-left: 330px;
	}
	@media (min-width: 1511px) {
		.sidebar {
			width: 400px;
		}
		.bar-wrapper.has-sidebar {
			max-width: 1510px;
		}
		.mainbar.has-sidebar {
			margin-left: 410px;
		}
	}
	.section.first-section {
		margin-top: 9px;
	}
	.blocklink small {
		white-space: normal;
	}
	.button {
		vertical-align: middle;
	}
	.replay-controls {
		padding-top: 10px;
	}
	.replay-controls h1 {
		font-size: 16pt;
		font-weight: normal;
		color: #CCC;
	}
	.pagelink {
		text-align: center;
	}
	.pagelink a {
		width: 150px;
	}
	.textbox, .button {
		font-size: 11pt;
		vertical-align: middle;
	}
	@media (max-width: 450px) {
		.button {
			font-size: 9pt;
		}
	}
</style>

<div>

	<header>
		<div class="nav-wrapper"><ul class="nav">
			<li><a class="button nav-first" href="//pokemonshowdown.com/"><img src="//pokemonshowdown.com/images/pokemonshowdownbeta.png" srcset="//pokemonshowdown.com/images/pokemonshowdownbeta.png 1x, //pokemonshowdown.com/images/pokemonshowdownbeta@2x.png 2x" alt="Pok&eacute;mon Showdown" width="146" height="44" /> Home</a></li>
			<li><a class="button" href="//pokemonshowdown.com/dex/">Pok&eacute;dex</a></li>
			<li><a class="button cur" href="/">Replays</a></li>
			<li><a class="button" href="//pokemonshowdown.com/ladder/">Ladder</a></li>
			<li><a class="button nav-last" href="//pokemonshowdown.com/forums/">Forum</a></li>
			<li><a class="button greenbutton nav-first nav-last" href="//play.pokemonshowdown.com/">Play</a></li>
		</ul></div>
	</header>

	<div class="main" id="main">

		<noscript><section class="section">You need to enable JavaScript to use this page; sorry!</section></noscript>

	</div>

</div>

<script defer nomodule src="//play.pokemonshowdown.com/js/lib/ps-polyfill.js"></script>
<script defer src="//play.pokemonshowdown.com/js/lib/preact.min.js"></script>

<script defer src="//play.pokemonshowdown.com/config/config.js?6dec07f6"></script>
<script defer src="//play.pokemonshowdown.com/js/lib/jquery-1.11.0.min.js"></script>
<script defer src="//play.pokemonshowdown.com/js/lib/html-sanitizer-minified.js"></script>
<script defer src="//play.pokemonshowdown.com/js/battle-sound.js"></script>
<script defer src="//play.pokemonshowdown.com/js/battledata.js?0.6315294753075389"></script>
<script defer src="//play.pokemonshowdown.com/data/pokedex-mini.js?0.7603743185311358"></script>
<script defer src="//play.pokemonshowdown.com/data/pokedex-mini-bw.js?0.030888842834281283"></script>
<script defer src="//play.pokemonshowdown.com/data/graphics.js?0.05593094747507488"></script>
<script defer src="//play.pokemonshowdown.com/data/pokedex.js?0.47064822249611904"></script>
<script defer src="//play.pokemonshowdown.com/data/moves.js?0.8583693120512459"></script>
<script defer src="//play.pokemonshowdown.com/data/abilities.js?0.16017181182386842"></script>
<script defer src="//play.pokemonshowdown.com/data/items.js?0.4163379185673943"></script>
<script defer src="//play.pokemonshowdown.com/data/teambuilder-tables.js?0.31075597372830477"></script>
<script defer src="//play.pokemonshowdown.com/js/battle-tooltips.js?0.6536193500708172"></script>
<script defer src="//play.pokemonshowdown.com/js/battle.js?0.1916591943277901"></script>

<script defer src="js/utils.js?e31f9a17"></script>
<script defer src="js/replays-battle.js?7008c182"></script>

<!-- don't scrape this data! just add .json or .log after the URL!
Full API docs: https://github.com/smogon/pokemon-showdown-client/blob/master/WEB-API.md -->
<script type="text/plain" class="log" id="replaylog-smogtours-gen3ou-800117">
|inactive|Battle timer is ON: inactive players will automatically lose when time's up.
|t:|1729371976
|gametype|singles
|player|p1|Larkindred|iris-gen5bw2|
|player|p2|ProfessorKid|169|
|teamsize|p1|6
|teamsize|p2|6
|gen|3
|tier|[Gen 3] OU
|rule|Sleep Clause Mod: Limit one foe put to sleep
|rule|Switch Priority Clause Mod: Faster Pokémon switch first
|rule|Species Clause: Limit one of each Pokémon
|rule|OHKO Clause: OHKO moves are banned
|rule|Evasion Items Clause: Evasion items are banned
|rule|Evasion Moves Clause: Evasion moves are banned
|rule|Endless Battle Clause: Forcing endless battles is banned
|rule|HP Percentage Mod: HP is shown in percentages
|rule|One Boost Passer Clause: Limit one Baton Passer that has a way to boost its stats
|rule|Freeze Clause Mod: Limit one foe frozen
|
|t:|1729371976
|start
|switch|p1a: Zapdos|Zapdos|100/100
|switch|p2a: Salamence|Salamence, M|100/100
|-ability|p2a: Salamence|Intimidate|boost
|-unboost|p1a: Zapdos|atk|1
|turn|1
|
|t:|1729371985
|move|p2a: Salamence|Dragon Dance|p2a: Salamence
|-boost|p2a: Salamence|atk|1
|-boost|p2a: Salamence|spe|1
|move|p1a: Zapdos|Agility|p1a: Zapdos
|-boost|p1a: Zapdos|spe|2
|
|upkeep
|turn|2
|
|t:|1729371998
|move|p1a: Zapdos|Baton Pass|p1a: Zapdos
|
|t:|1729372004
|switch|p1a: Skarmory|Skarmory, M|100/100|[from] Baton Pass
|move|p2a: Salamence|Dragon Dance|p2a: Salamence
|-boost|p2a: Salamence|atk|1
|-boost|p2a: Salamence|spe|1
|
|upkeep
|turn|3
|
|t:|1729372009
|move|p2a: Salamence|Rock Slide|p1a: Skarmory|[miss]
|-miss|p2a: Salamence|p1a: Skarmory
|move|p1a: Skarmory|Roar|p2a: Salamence
|drag|p2a: Zapdos|Zapdos|100/100
|
|upkeep
|turn|4
|
|t:|1729372018
|switch|p1a: Jolteon|Jolteon, M|100/100
|move|p2a: Zapdos|Substitute|p2a: Zapdos
|-start|p2a: Zapdos|Substitute
|-damage|p2a: Zapdos|76/100
|
|-heal|p2a: Zapdos|82/100|[from] item: Leftovers
|upkeep
|turn|5
|
|t:|1729372021
|move|p2a: Zapdos|Toxic|p1a: Jolteon
|-status|p1a: Jolteon|tox
|move|p1a: Jolteon|Roar|p2a: Zapdos
|drag|p2a: Blissey|Blissey, F|100/100
|
|-damage|p1a: Jolteon|94/100 tox|[from] psn
|upkeep
|turn|6
|
|t:|1729372031
|switch|p1a: Breloom|Breloom, F|100/100
|switch|p2a: Suicune|Suicune|100/100
|
|upkeep
|turn|7
|
|t:|1729372036
|switch|p2a: Salamence|Salamence, M|100/100
|-ability|p2a: Salamence|Intimidate|boost
|-unboost|p1a: Breloom|atk|1
|move|p1a: Breloom|Spore|p2a: Salamence
|-status|p2a: Salamence|slp|[from] move: Spore
|
|upkeep
|turn|8
|
|t:|1729372044
|cant|p2a: Salamence|slp
|move|p1a: Breloom|Leech Seed|p2a: Salamence
|-start|p2a: Salamence|move: Leech Seed
|
|-damage|p2a: Salamence|88/100 slp|[from] Leech Seed|[of] p1a: Breloom
|upkeep
|turn|9
|
|t:|1729372049
|cant|p2a: Salamence|slp
|move|p1a: Breloom|Substitute|p1a: Breloom
|-start|p1a: Breloom|Substitute
|-damage|p1a: Breloom|76/100
|
|-heal|p2a: Salamence|94/100 slp|[from] item: Leftovers
|-damage|p2a: Salamence|82/100 slp|[from] Leech Seed|[of] p1a: Breloom
|-heal|p1a: Breloom|91/100|[silent]
|-heal|p1a: Breloom|97/100|[from] item: Leftovers
|upkeep
|turn|10
|
|t:|1729372056
|cant|p2a: Salamence|slp
|move|p1a: Breloom|Substitute|p1a: Breloom
|-fail|p1a: Breloom|move: Substitute
|
|-heal|p2a: Salamence|88/100 slp|[from] item: Leftovers
|-damage|p2a: Salamence|75/100 slp|[from] Leech Seed|[of] p1a: Breloom
|-heal|p1a: Breloom|100/100|[silent]
|upkeep
|turn|11
|
|t:|1729372064
|switch|p2a: Suicune|Suicune|100/100
|move|p1a: Breloom|Substitute|p1a: Breloom
|-fail|p1a: Breloom|move: Substitute
|
|upkeep
|turn|12
|
|t:|1729372071
|move|p1a: Breloom|Leech Seed|p2a: Suicune
|-start|p2a: Suicune|move: Leech Seed
|move|p2a: Suicune|Calm Mind|p2a: Suicune
|-boost|p2a: Suicune|spa|1
|-boost|p2a: Suicune|spd|1
|
|-damage|p2a: Suicune|88/100|[from] Leech Seed|[of] p1a: Breloom
|upkeep
|turn|13
|
|t:|1729372074
|-singleturn|p1a: Breloom|move: Focus Punch
|move|p2a: Suicune|Calm Mind|p2a: Suicune
|-boost|p2a: Suicune|spa|1
|-boost|p2a: Suicune|spd|1
|move|p1a: Breloom|Focus Punch|p2a: Suicune
|-damage|p2a: Suicune|47/100
|
|-heal|p2a: Suicune|53/100|[from] item: Leftovers
|-damage|p2a: Suicune|41/100|[from] Leech Seed|[of] p1a: Breloom
|upkeep
|turn|14
|
|t:|1729372081
|-singleturn|p1a: Breloom|move: Focus Punch
|move|p1a: Breloom|Focus Punch|p2a: Suicune
|-damage|p2a: Suicune|0 fnt
|faint|p2a: Suicune
|
|t:|1729372092
|switch|p2a: Salamence|Salamence, M|75/100 slp
|
|-heal|p2a: Salamence|81/100 slp|[from] item: Leftovers
|upkeep
|turn|15
|
|t:|1729372095
|cant|p2a: Salamence|slp
|move|p1a: Breloom|Leech Seed|p2a: Salamence
|-start|p2a: Salamence|move: Leech Seed
|
|-heal|p2a: Salamence|87/100 slp|[from] item: Leftovers
|-damage|p2a: Salamence|75/100 slp|[from] Leech Seed|[of] p1a: Breloom
|upkeep
|turn|16
|
|t:|1729372099
|-curestatus|p2a: Salamence|slp|[msg]
|move|p2a: Salamence|Hidden Power|p1a: Breloom
|-supereffective|p1a: Breloom
|-end|p1a: Breloom|Substitute
|move|p1a: Breloom|Substitute|p1a: Breloom
|-start|p1a: Breloom|Substitute
|-damage|p1a: Breloom|76/100
|
|-heal|p2a: Salamence|81/100|[from] item: Leftovers
|-damage|p2a: Salamence|69/100|[from] Leech Seed|[of] p1a: Breloom
|-heal|p1a: Breloom|91/100|[silent]
|-heal|p1a: Breloom|97/100|[from] item: Leftovers
|upkeep
|turn|17
|
|t:|1729372108
|switch|p2a: Zapdos|Zapdos|82/100
|move|p1a: Breloom|Spore|p2a: Zapdos
|-status|p2a: Zapdos|slp|[from] move: Spore
|
|-heal|p2a: Zapdos|88/100 slp|[from] item: Leftovers
|-heal|p1a: Breloom|100/100|[from] item: Leftovers
|upkeep
|turn|18
|
|t:|1729372113
|switch|p2a: Salamence|Salamence, M|69/100
|move|p1a: Breloom|Leech Seed|p2a: Salamence
|-start|p2a: Salamence|move: Leech Seed
|
|-heal|p2a: Salamence|75/100|[from] item: Leftovers
|-damage|p2a: Salamence|62/100|[from] Leech Seed|[of] p1a: Breloom
|upkeep
|turn|19
|
|t:|1729372141
|switch|p2a: Metagross|Metagross|100/100
|move|p1a: Breloom|Substitute|p1a: Breloom
|-fail|p1a: Breloom|move: Substitute
|
|upkeep
|turn|20
|
|t:|1729372155
|switch|p2a: Zapdos|Zapdos|88/100 slp
|move|p1a: Breloom|Leech Seed|p2a: Zapdos
|-start|p2a: Zapdos|move: Leech Seed
|
|-heal|p2a: Zapdos|94/100 slp|[from] item: Leftovers
|-damage|p2a: Zapdos|82/100 slp|[from] Leech Seed|[of] p1a: Breloom
|upkeep
|turn|21
|
|t:|1729372163
|-singleturn|p1a: Breloom|move: Focus Punch
|switch|p2a: Metagross|Metagross|100/100
|move|p1a: Breloom|Focus Punch|p2a: Metagross
|-damage|p2a: Metagross|63/100
|
|upkeep
|turn|22
|
|t:|1729372172
|move|p1a: Breloom|Leech Seed|p2a: Metagross
|-start|p2a: Metagross|move: Leech Seed
|move|p2a: Metagross|Sludge Bomb|p1a: Breloom
|-supereffective|p1a: Breloom
|-end|p1a: Breloom|Substitute
|
|-damage|p2a: Metagross|51/100|[from] Leech Seed|[of] p1a: Breloom
|upkeep
|turn|23
|
|t:|1729372179
|switch|p2a: Salamence|Salamence, M|62/100
|-ability|p2a: Salamence|Intimidate|boost
|-unboost|p1a: Breloom|atk|1
|move|p1a: Breloom|Substitute|p1a: Breloom
|-start|p1a: Breloom|Substitute
|-damage|p1a: Breloom|76/100
|
|-heal|p2a: Salamence|68/100|[from] item: Leftovers
|-heal|p1a: Breloom|82/100|[from] item: Leftovers
|upkeep
|turn|24
|
|t:|1729372188
|move|p2a: Salamence|Hidden Power|p1a: Breloom
|-supereffective|p1a: Breloom
|-end|p1a: Breloom|Substitute
|move|p1a: Breloom|Leech Seed|p2a: Salamence
|-start|p2a: Salamence|move: Leech Seed
|
|-heal|p2a: Salamence|74/100|[from] item: Leftovers
|-damage|p2a: Salamence|62/100|[from] Leech Seed|[of] p1a: Breloom
|-heal|p1a: Breloom|97/100|[silent]
|-heal|p1a: Breloom|100/100|[from] item: Leftovers
|upkeep
|turn|25
|
|t:|1729372193
|switch|p2a: Zapdos|Zapdos|82/100 slp
|switch|p1a: Skarmory|Skarmory, M|100/100
|
|-heal|p2a: Zapdos|88/100 slp|[from] item: Leftovers
|upkeep
|turn|26
|
|t:|1729372198
|cant|p2a: Zapdos|slp
|move|p1a: Skarmory|Spikes|p2a: Zapdos
|-sidestart|p2: ProfessorKid|Spikes
|
|-heal|p2a: Zapdos|94/100 slp|[from] item: Leftovers
|upkeep
|turn|27
|
|t:|1729372204
|cant|p2a: Zapdos|slp
|move|p1a: Skarmory|Spikes|p2a: Zapdos
|-sidestart|p2: ProfessorKid|Spikes
|
|-heal|p2a: Zapdos|100/100 slp|[from] item: Leftovers
|upkeep
|turn|28
|
|t:|1729372208
|cant|p2a: Zapdos|slp
|move|p1a: Skarmory|Spikes|p2a: Zapdos
|-sidestart|p2: ProfessorKid|Spikes
|
|upkeep
|turn|29
|c|☆ProfessorKid|insane luck
|
|t:|1729372215
|switch|p1a: Jolteon|Jolteon, M|94/100 tox
|cant|p2a: Zapdos|slp
|
|-heal|p1a: Jolteon|100/100 tox|[from] item: Leftovers
|-damage|p1a: Jolteon|94/100 tox|[from] psn
|upkeep
|turn|30
|c|☆ProfessorKid|absolutely ridculous this is
|
|t:|1729372234
|switch|p2a: Blissey|Blissey, F|100/100
|-damage|p2a: Blissey|75/100|[from] Spikes
|move|p1a: Jolteon|Thunderbolt|p2a: Blissey
|-damage|p2a: Blissey|58/100
|
|-heal|p1a: Jolteon|100/100 tox|[from] item: Leftovers
|-damage|p1a: Jolteon|88/100 tox|[from] psn
|-heal|p2a: Blissey|64/100|[from] item: Leftovers
|upkeep
|turn|31
|
|t:|1729372240
|move|p2a: Blissey|Ice Beam|p1a: Jolteon
|-damage|p1a: Jolteon|60/100 tox
|move|p1a: Jolteon|Roar|p2a: Blissey
|drag|p2a: Salamence|Salamence, M|62/100
|-ability|p2a: Salamence|Intimidate|boost
|-unboost|p1a: Jolteon|atk|1
|
|-heal|p1a: Jolteon|67/100 tox|[from] item: Leftovers
|-damage|p1a: Jolteon|48/100 tox|[from] psn
|-heal|p2a: Salamence|68/100|[from] item: Leftovers
|upkeep
|turn|32
|
|t:|1729372248
|move|p1a: Jolteon|Hidden Power|p2a: Salamence
|-supereffective|p2a: Salamence
|-damage|p2a: Salamence|0 fnt
|faint|p2a: Salamence
|
|t:|1729372258
|switch|p2a: Heracross|Heracross, F|100/100
|-damage|p2a: Heracross|76/100|[from] Spikes
|
|-heal|p1a: Jolteon|54/100 tox|[from] item: Leftovers
|-damage|p1a: Jolteon|29/100 tox|[from] psn
|upkeep
|turn|33
|
|t:|1729372261
|move|p1a: Jolteon|Thunderbolt|p2a: Heracross
|-damage|p2a: Heracross|25/100
|move|p2a: Heracross|Swords Dance|p2a: Heracross
|-boost|p2a: Heracross|atk|2
|
|-heal|p1a: Jolteon|36/100 tox|[from] item: Leftovers
|-damage|p1a: Jolteon|5/100 tox|[from] psn
|-enditem|p2a: Heracross|Salac Berry|[eat]
|-boost|p2a: Heracross|spe|1|[from] item: Salac Berry
|upkeep
|turn|34
|
|t:|1729372271
|move|p2a: Heracross|Brick Break|p1a: Jolteon
|-damage|p1a: Jolteon|0 fnt
|faint|p1a: Jolteon
|
|t:|1729372279
|switch|p1a: Skarmory|Skarmory, M|100/100
|
|upkeep
|turn|35
|
|t:|1729372282
|move|p2a: Heracross|Rock Slide|p1a: Skarmory
|-damage|p1a: Skarmory|64/100
|move|p1a: Skarmory|Roar|p2a: Heracross
|drag|p2a: Zapdos|Zapdos|100/100 slp
|
|-heal|p1a: Skarmory|70/100|[from] item: Leftovers
|upkeep
|turn|36
|
|t:|1729372297
|move|p1a: Skarmory|Protect|p1a: Skarmory
|-singleturn|p1a: Skarmory|Protect
|-curestatus|p2a: Zapdos|slp|[msg]
|move|p2a: Zapdos|Substitute|p2a: Zapdos
|-start|p2a: Zapdos|Substitute
|-damage|p2a: Zapdos|76/100
|
|-heal|p2a: Zapdos|82/100|[from] item: Leftovers
|-heal|p1a: Skarmory|76/100|[from] item: Leftovers
|upkeep
|turn|37
|
|t:|1729372308
|switch|p1a: Zapdos|Zapdos|100/100
|move|p2a: Zapdos|Thunderbolt|p1a: Zapdos
|-damage|p1a: Zapdos|52/100
|-status|p1a: Zapdos|par
|
|-heal|p2a: Zapdos|88/100|[from] item: Leftovers
|-heal|p1a: Zapdos|58/100 par|[from] item: Leftovers
|upkeep
|turn|38
|
|t:|1729372312
|move|p2a: Zapdos|Hidden Power|p1a: Zapdos
|-supereffective|p1a: Zapdos
|-damage|p1a: Zapdos|6/100 par
|move|p1a: Zapdos|Thunderbolt|p2a: Zapdos
|-end|p2a: Zapdos|Substitute
|
|-heal|p2a: Zapdos|94/100|[from] item: Leftovers
|-heal|p1a: Zapdos|13/100 par|[from] item: Leftovers
|upkeep
|turn|39
|
|t:|1729372325
|move|p2a: Zapdos|Thunderbolt|p1a: Zapdos
|-damage|p1a: Zapdos|0 fnt
|faint|p1a: Zapdos
|
|t:|1729372336
|switch|p1a: Breloom|Breloom, F|100/100
|
|-heal|p2a: Zapdos|100/100|[from] item: Leftovers
|upkeep
|turn|40
|
|t:|1729372341
|move|p2a: Zapdos|Hidden Power|p1a: Breloom
|-supereffective|p1a: Breloom
|-damage|p1a: Breloom|12/100
|move|p1a: Breloom|Spore|p2a: Zapdos
|-status|p2a: Zapdos|slp|[from] move: Spore
|
|-heal|p1a: Breloom|18/100|[from] item: Leftovers
|upkeep
|turn|41
|
|t:|1729372348
|cant|p2a: Zapdos|slp
|move|p1a: Breloom|Leech Seed|p2a: Zapdos
|-start|p2a: Zapdos|move: Leech Seed
|
|-damage|p2a: Zapdos|88/100 slp|[from] Leech Seed|[of] p1a: Breloom
|-heal|p1a: Breloom|34/100|[silent]
|-heal|p1a: Breloom|40/100|[from] item: Leftovers
|upkeep
|turn|42
|
|t:|1729372361
|cant|p2a: Zapdos|slp
|move|p1a: Breloom|Substitute|p1a: Breloom
|-start|p1a: Breloom|Substitute
|-damage|p1a: Breloom|15/100
|
|-heal|p2a: Zapdos|94/100 slp|[from] item: Leftovers
|-damage|p2a: Zapdos|82/100 slp|[from] Leech Seed|[of] p1a: Breloom
|-heal|p1a: Breloom|30/100|[silent]
|-heal|p1a: Breloom|36/100|[from] item: Leftovers
|upkeep
|turn|43
|
|t:|1729372369
|-singleturn|p1a: Breloom|move: Focus Punch
|cant|p2a: Zapdos|slp
|move|p1a: Breloom|Focus Punch|p2a: Zapdos
|-resisted|p2a: Zapdos
|-damage|p2a: Zapdos|32/100 slp
|
|-heal|p2a: Zapdos|39/100 slp|[from] item: Leftovers
|-damage|p2a: Zapdos|26/100 slp|[from] Leech Seed|[of] p1a: Breloom
|-heal|p1a: Breloom|52/100|[silent]
|-heal|p1a: Breloom|58/100|[from] item: Leftovers
|upkeep
|turn|44
|c|☆ProfessorKid|seriously wtd
|inactive|ProfessorKid has 270 seconds left.
|
|t:|1729372406
|switch|p2a: Heracross|Heracross, F|25/100
|-damage|p2a: Heracross|0 fnt|[from] Spikes
|faint|p2a: Heracross
|
|t:|1729372414
|switch|p2a: Metagross|Metagross|51/100
|-damage|p2a: Metagross|26/100|[from] Spikes
|
|-heal|p1a: Breloom|64/100|[from] item: Leftovers
|upkeep
|turn|45
|inactive|ProfessorKid has 270 seconds left.
|
|t:|1729372421
|-singleturn|p1a: Breloom|move: Focus Punch
|move|p2a: Metagross|Sludge Bomb|p1a: Breloom
|-supereffective|p1a: Breloom
|-end|p1a: Breloom|Substitute
|move|p1a: Breloom|Focus Punch|p2a: Metagross
|-damage|p2a: Metagross|0 fnt
|faint|p2a: Metagross
|
|t:|1729372425
|switch|p2a: Zapdos|Zapdos|26/100 slp
|
|-heal|p2a: Zapdos|32/100 slp|[from] item: Leftovers
|-heal|p1a: Breloom|70/100|[from] item: Leftovers
|upkeep
|turn|46
|
|t:|1729372436
|switch|p1a: Starmie|Starmie|100/100
|-curestatus|p2a: Zapdos|slp|[msg]
|move|p2a: Zapdos|Hidden Power|p1a: Starmie
|-resisted|p1a: Starmie
|-damage|p1a: Starmie|83/100
|
|-heal|p1a: Starmie|89/100|[from] item: Leftovers
|-heal|p2a: Zapdos|39/100|[from] item: Leftovers
|upkeep
|turn|47
|
|t:|1729372449
|switch|p2a: Blissey|Blissey, F|64/100
|-damage|p2a: Blissey|39/100|[from] Spikes
|move|p1a: Starmie|Psychic|p2a: Blissey
|-damage|p2a: Blissey|24/100
|
|-heal|p1a: Starmie|96/100|[from] item: Leftovers
|-heal|p2a: Blissey|30/100|[from] item: Leftovers
|upkeep
|turn|48
|
|t:|1729372459
|move|p1a: Starmie|Hydro Pump|p2a: Blissey
|-crit|p2a: Blissey
|-damage|p2a: Blissey|0 fnt
|faint|p2a: Blissey
|c|☆Larkindred|mb
|
|t:|1729372463
|switch|p2a: Zapdos|Zapdos|39/100
|
|-heal|p1a: Starmie|100/100|[from] item: Leftovers
|-heal|p2a: Zapdos|45/100|[from] item: Leftovers
|upkeep
|turn|49
|
|t:|1729372467
|move|p1a: Starmie|Hydro Pump|p2a: Zapdos
|-damage|p2a: Zapdos|0 fnt
|faint|p2a: Zapdos
|
|win|Larkindred
|c|☆Larkindred|gg
|player|p1|
|c|☆ProfessorKid|bg
|c|☆ProfessorKid|horrendous game
|player|p1|Larkindred|iris-gen5bw2|
|player|p2|

</script>
<script type="application/json" class="data" id="replaydata-smogtours-gen3ou-800117">
{"id":"smogtours-gen3ou-800117","format":"[Gen 3] OU","players":["Larkindred","ProfessorKid"],"uploadtime":1729372467,"views":110,"formatid":"gen3ou","rating":null,"private":0,"password":null}
</script>

<script defer src="js/replays.js?9d40a366"></script>
