<!DOCTYPE html>
<meta charset="utf-8" />
<meta name="viewport" content="width=device-width" />

<title>[Gen 3] OU: lunasran vs. Ivoire - Replays - Pok&eacute;mon Showdown!</title>

<meta name="description" content="Watch a replay of a Pok&eacute;mon battle between lunasran and Ivoire! Format: [Gen 3] OU; Date: Oct 30, 2024" />
<!--

Hey, you! Looking in the source for the replay log?

You can find them in JSON format, just add `.json` at the end of a replay URL.

https://replay.pokemonshowdown.com/gen7randomdoublesbattle-865046831.json

Or, if you only need the log itself, add `.log` instead:

https://replay.pokemonshowdown.com/gen7randomdoublesbattle-865046831.log

-->

<link rel="stylesheet" href="//pokemonshowdown.com/style/global.css?0.023195364461161105" />
<link rel="stylesheet" href="//play.pokemonshowdown.com/style/font-awesome.css?0.13261647063804238" />
<link rel="stylesheet" href="//play.pokemonshowdown.com/style/battle.css?0.8753245789963631" />
<link rel="stylesheet" href="//play.pokemonshowdown.com/style/utilichart.css?0.8627959624976733" />

<!-- Global site tag (gtag.js) - Google Analytics -->
<script async src="https://www.googletagmanager.com/gtag/js?id=UA-26211653-1"></script>
<script>
  window.dataLayer = window.dataLayer || [];
  function gtag(){dataLayer.push(arguments);}
  gtag('js', new Date());

  gtag('config', 'UA-26211653-1');
</script>
<!-- End Google Analytics -->
<!-- Venatus Ad Manager - Install in <HEAD> of page -->
	<script src="https://hb.vntsm.com/v3/live/ad-manager.min.js" type="text/javascript" data-site-id="642aba63ec9a7b11c3c9c1be" data-mode="scan" async></script>
<!-- / Venatus Ad Manager -->

<style>
	@media (max-width:820px) {
		.battle {
			margin: 0 auto;
		}
		.battle-log {
			margin: 7px auto 0;
			max-width: 640px;
			height: 300px;
			position: static;
		}
	}
	.optgroup {
		display: inline-block;
		line-height: 22px;
		font-size: 10pt;
	}
	.optgroup .button {
		height: 25px;
		padding-top: 0;
		padding-bottom: 0;
	}
	.optgroup button.button {
		padding-left: 12px;
		padding-right: 12px;
	}
	.linklist {
		list-style: none;
		margin: 0.5em 0;
		padding: 0;
	}
	.linklist li {
		padding: 2px 0;
	}
	.sidebar {
		float: left;
		width: 320px;
	}
	.bar-wrapper {
		max-width: 1100px;
		margin: 0 auto;
	}
	.bar-wrapper.has-sidebar {
		max-width: 1430px;
	}
	.mainbar {
		margin: 0;
		padding-right: 1px;
	}
	.mainbar.has-sidebar {
		margin-left: 330px;
	}
	@media (min-width: 1511px) {
		.sidebar {
			width: 400px;
		}
		.bar-wrapper.has-sidebar {
			max-width: 1510px;
		}
		.mainbar.has-sidebar {
			margin-left: 410px;
		}
	}
	.section.first-section {
		margin-top: 9px;
	}
	.blocklink small {
		white-space: normal;
	}
	.button {
		vertical-align: middle;
	}
	.replay-controls {
		padding-top: 10px;
	}
	.replay-controls h1 {
		font-size: 16pt;
		font-weight: normal;
		color: #CCC;
	}
	.pagelink {
		text-align: center;
	}
	.pagelink a {
		width: 150px;
	}
	.textbox, .button {
		font-size: 11pt;
		vertical-align: middle;
	}
	@media (max-width: 450px) {
		.button {
			font-size: 9pt;
		}
	}
</style>

<div>

	<header>
		<div class="nav-wrapper"><ul class="nav">
			<li><a class="button nav-first" href="//pokemonshowdown.com/"><img src="//pokemonshowdown.com/images/pokemonshowdownbeta.png" srcset="//pokemonshowdown.com/images/pokemonshowdownbeta.png 1x, //pokemonshowdown.com/images/pokemonshowdownbeta@2x.png 2x" alt="Pok&eacute;mon Showdown" width="146" height="44" /> Home</a></li>
			<li><a class="button" href="//pokemonshowdown.com/dex/">Pok&eacute;dex</a></li>
			<li><a class="button cur" href="/">Replays</a></li>
			<li><a class="button" href="//pokemonshowdown.com/ladder/">Ladder</a></li>
			<li><a class="button nav-last" href="//pokemonshowdown.com/forums/">Forum</a></li>
			<li><a class="button greenbutton nav-first nav-last" href="//play.pokemonshowdown.com/">Play</a></li>
		</ul></div>
	</header>

	<div class="main" id="main">

		<noscript><section class="section">You need to enable JavaScript to use this page; sorry!</section></noscript>

	</div>

</div>

<script defer nomodule src="//play.pokemonshowdown.com/js/lib/ps-polyfill.js"></script>
<script defer src="//play.pokemonshowdown.com/js/lib/preact.min.js"></script>

<script defer src="//play.pokemonshowdown.com/config/config.js?2bddbc15"></script>
<script defer src="//play.pokemonshowdown.com/js/lib/jquery-1.11.0.min.js"></script>
<script defer src="//play.pokemonshowdown.com/js/lib/html-sanitizer-minified.js"></script>
<script defer src="//play.pokemonshowdown.com/js/battle-sound.js"></script>
<script defer src="//play.pokemonshowdown.com/js/battledata.js?0.7209276989879541"></script>
<script defer src="//play.pokemonshowdown.com/data/pokedex-mini.js?0.6111056340867951"></script>
<script defer src="//play.pokemonshowdown.com/data/pokedex-mini-bw.js?0.3532142036491459"></script>
<script defer src="//play.pokemonshowdown.com/data/graphics.js?0.24223875632456182"></script>
<script defer src="//play.pokemonshowdown.com/data/pokedex.js?0.38839984266356864"></script>
<script defer src="//play.pokemonshowdown.com/data/moves.js?0.21866028504024015"></script>
<script defer src="//play.pokemonshowdown.com/data/abilities.js?0.2005157953846628"></script>
<script defer src="//play.pokemonshowdown.com/data/items.js?0.9894211263848525"></script>
<script defer src="//play.pokemonshowdown.com/data/teambuilder-tables.js?0.6008791140282215"></script>
<script defer src="//play.pokemonshowdown.com/js/battle-tooltips.js?0.7580118955022959"></script>
<script defer src="//play.pokemonshowdown.com/js/battle.js?0.6057722274234274"></script>

<script defer src="js/utils.js?e31f9a17"></script>
<script defer src="js/replays-battle.js?7008c182"></script>

<!-- don't scrape this data! just add .json or .log after the URL!
Full API docs: https://github.com/smogon/pokemon-showdown-client/blob/master/WEB-API.md -->
<script type="text/plain" class="log" id="replaylog-smogtours-gen3ou-803437">
|inactive|Battle timer is ON: inactive players will automatically lose when time's up.
|t:|1730308073
|gametype|singles
|player|p1|lunasran|erika|
|player|p2|Ivoire|volkner-masters|
|teamsize|p1|6
|teamsize|p2|6
|gen|3
|tier|[Gen 3] OU
|rule|Sleep Clause Mod: Limit one foe put to sleep
|rule|Switch Priority Clause Mod: Faster Pokémon switch first
|rule|Species Clause: Limit one of each Pokémon
|rule|OHKO Clause: OHKO moves are banned
|rule|Evasion Items Clause: Evasion items are banned
|rule|Evasion Moves Clause: Evasion moves are banned
|rule|Endless Battle Clause: Forcing endless battles is banned
|rule|HP Percentage Mod: HP is shown in percentages
|rule|One Boost Passer Clause: Limit one Baton Passer that has a way to boost its stats
|rule|Freeze Clause Mod: Limit one foe frozen
|
|t:|1730308073
|start
|switch|p1a: Zapdos|Zapdos|100/100
|switch|p2a: Salamence|Salamence, M|100/100
|-ability|p2a: Salamence|Intimidate|boost
|-unboost|p1a: Zapdos|atk|1
|turn|1
|c|☆lunasran|glhf
|inactive|lunasran has 270 seconds left.
|inactive|Ivoire has 270 seconds left.
|c|☆Ivoire|hf
|
|t:|1730308119
|switch|p2a: Blissey|Blissey, F|100/100
|move|p1a: Zapdos|Thunder Wave|p2a: Blissey
|-status|p2a: Blissey|par
|
|upkeep
|turn|2
|
|t:|1730308139
|move|p1a: Zapdos|Baton Pass|p1a: Zapdos
|
|t:|1730308148
|switch|p1a: Dugtrio|Dugtrio, F|100/100|[from] Baton Pass
|cant|p2a: Blissey|par
|
|upkeep
|turn|3
|
|t:|1730308154
|move|p1a: Dugtrio|Earthquake|p2a: Blissey
|-damage|p2a: Blissey|66/100 par
|move|p2a: Blissey|Counter|p1a: Dugtrio
|-damage|p1a: Dugtrio|0 fnt
|faint|p1a: Dugtrio
|
|t:|1730308169
|switch|p1a: Tyranitar|Tyranitar, M|100/100
|-weather|Sandstorm|[from] ability: Sand Stream|[of] p1a: Tyranitar
|
|-weather|Sandstorm|[upkeep]
|-damage|p2a: Blissey|59/100 par|[from] Sandstorm
|-heal|p2a: Blissey|66/100 par|[from] item: Leftovers
|upkeep
|turn|4
|
|t:|1730308188
|-curestatus|p2a: Blissey|par|[from] ability: Natural Cure
|switch|p2a: Salamence|Salamence, M|100/100
|-ability|p2a: Salamence|Intimidate|boost
|-unboost|p1a: Tyranitar|atk|1
|move|p1a: Tyranitar|Dragon Dance|p1a: Tyranitar
|-boost|p1a: Tyranitar|atk|1
|-boost|p1a: Tyranitar|spe|1
|
|-weather|Sandstorm|[upkeep]
|-damage|p2a: Salamence|95/100|[from] Sandstorm
|-heal|p2a: Salamence|100/100|[from] item: Leftovers
|upkeep
|turn|5
|inactive|lunasran has 270 seconds left.
|
|t:|1730308215
|switch|p2a: Forretress|Forretress, F|100/100
|move|p1a: Tyranitar|Dragon Dance|p1a: Tyranitar
|-boost|p1a: Tyranitar|atk|1
|-boost|p1a: Tyranitar|spe|1
|
|-weather|Sandstorm|[upkeep]
|upkeep
|turn|6
|inactive|lunasran has 270 seconds left.
|inactive|lunasran has 240 seconds left.
|
|t:|1730308267
|move|p1a: Tyranitar|Dragon Dance|p1a: Tyranitar
|-boost|p1a: Tyranitar|atk|1
|-boost|p1a: Tyranitar|spe|1
|move|p2a: Forretress|Earthquake|p1a: Tyranitar
|-supereffective|p1a: Tyranitar
|-damage|p1a: Tyranitar|66/100
|
|-weather|Sandstorm|[upkeep]
|-heal|p1a: Tyranitar|72/100|[from] item: Leftovers
|upkeep
|turn|7
|
|t:|1730308295
|switch|p2a: Salamence|Salamence, M|100/100
|-ability|p2a: Salamence|Intimidate|boost
|-unboost|p1a: Tyranitar|atk|1
|move|p1a: Tyranitar|Earthquake|p2a: Salamence
|-immune|p2a: Salamence
|
|-weather|Sandstorm|[upkeep]
|-damage|p2a: Salamence|95/100|[from] Sandstorm
|-heal|p1a: Tyranitar|79/100|[from] item: Leftovers
|-heal|p2a: Salamence|100/100|[from] item: Leftovers
|upkeep
|turn|8
|inactive|lunasran has 210 seconds left.
|
|t:|1730308318
|move|p1a: Tyranitar|Rock Slide|p2a: Salamence
|-supereffective|p2a: Salamence
|-damage|p2a: Salamence|0 fnt
|faint|p2a: Salamence
|
|t:|1730308322
|switch|p2a: Jirachi|Jirachi|100/100
|
|-weather|Sandstorm|[upkeep]
|-heal|p1a: Tyranitar|85/100|[from] item: Leftovers
|upkeep
|turn|9
|
|t:|1730308328
|move|p1a: Tyranitar|Earthquake|p2a: Jirachi
|-supereffective|p2a: Jirachi
|-damage|p2a: Jirachi|25/100
|move|p2a: Jirachi|Toxic|p1a: Tyranitar
|-status|p1a: Tyranitar|tox
|
|-weather|Sandstorm|[upkeep]
|-heal|p1a: Tyranitar|91/100 tox|[from] item: Leftovers
|-damage|p1a: Tyranitar|85/100 tox|[from] psn
|-heal|p2a: Jirachi|31/100|[from] item: Leftovers
|upkeep
|turn|10
|
|t:|1730308338
|move|p2a: Jirachi|Protect|p2a: Jirachi
|-singleturn|p2a: Jirachi|Protect
|move|p1a: Tyranitar|Earthquake|p2a: Jirachi
|-activate|p2a: Jirachi|Protect
|
|-weather|Sandstorm|[upkeep]
|-heal|p1a: Tyranitar|91/100 tox|[from] item: Leftovers
|-damage|p1a: Tyranitar|79/100 tox|[from] psn
|-heal|p2a: Jirachi|37/100|[from] item: Leftovers
|upkeep
|turn|11
|
|t:|1730308349
|switch|p2a: Forretress|Forretress, F|100/100
|move|p1a: Tyranitar|Earthquake|p2a: Forretress
|-damage|p2a: Forretress|58/100
|
|-weather|Sandstorm|[upkeep]
|-heal|p1a: Tyranitar|85/100 tox|[from] item: Leftovers
|-damage|p1a: Tyranitar|66/100 tox|[from] psn
|-heal|p2a: Forretress|64/100|[from] item: Leftovers
|upkeep
|turn|12
|
|t:|1730308366
|move|p1a: Tyranitar|Earthquake|p2a: Forretress
|-damage|p2a: Forretress|20/100
|move|p2a: Forretress|Spikes|p1a: Tyranitar
|-sidestart|p1: lunasran|Spikes
|
|-weather|Sandstorm|[upkeep]
|-heal|p1a: Tyranitar|72/100 tox|[from] item: Leftovers
|-damage|p1a: Tyranitar|48/100 tox|[from] psn
|-heal|p2a: Forretress|26/100|[from] item: Leftovers
|upkeep
|turn|13
|
|t:|1730308377
|move|p1a: Tyranitar|Earthquake|p2a: Forretress
|-damage|p2a: Forretress|0 fnt
|faint|p2a: Forretress
|
|t:|1730308380
|switch|p2a: Jirachi|Jirachi|37/100
|
|-weather|Sandstorm|[upkeep]
|-heal|p1a: Tyranitar|54/100 tox|[from] item: Leftovers
|-damage|p1a: Tyranitar|23/100 tox|[from] psn
|-heal|p2a: Jirachi|43/100|[from] item: Leftovers
|upkeep
|turn|14
|inactive|lunasran has 210 seconds left.
|
|t:|1730308425
|switch|p1a: Swampert|Swampert, F|100/100
|-damage|p1a: Swampert|88/100|[from] Spikes
|move|p2a: Jirachi|Protect||[still]
|-fail|p2a: Jirachi
|
|-weather|Sandstorm|[upkeep]
|-heal|p2a: Jirachi|49/100|[from] item: Leftovers
|-heal|p1a: Swampert|94/100|[from] item: Leftovers
|upkeep
|turn|15
|
|t:|1730308438
|move|p2a: Jirachi|Protect|p2a: Jirachi
|-singleturn|p2a: Jirachi|Protect
|move|p1a: Swampert|Earthquake|p2a: Jirachi
|-activate|p2a: Jirachi|Protect
|
|-weather|Sandstorm|[upkeep]
|-heal|p2a: Jirachi|55/100|[from] item: Leftovers
|-heal|p1a: Swampert|100/100|[from] item: Leftovers
|upkeep
|turn|16
|inactive|Ivoire has 270 seconds left.
|
|t:|1730308470
|move|p2a: Jirachi|Wish|p2a: Jirachi
|move|p1a: Swampert|Earthquake|p2a: Jirachi
|-supereffective|p2a: Jirachi
|-damage|p2a: Jirachi|10/100
|
|-weather|Sandstorm|[upkeep]
|-heal|p2a: Jirachi|16/100|[from] item: Leftovers
|upkeep
|turn|17
|inactive|lunasran has 180 seconds left.
|
|t:|1730308514
|switch|p1a: Tyranitar|Tyranitar, M|23/100 tox
|-damage|p1a: Tyranitar|10/100 tox|[from] Spikes
|move|p2a: Jirachi|Protect||[still]
|-fail|p2a: Jirachi
|
|-heal|p2a: Jirachi|66/100|[from] move: Wish|[wisher] Jirachi
|-weather|Sandstorm|[upkeep]
|-heal|p2a: Jirachi|73/100|[from] item: Leftovers
|-heal|p1a: Tyranitar|17/100 tox|[from] item: Leftovers
|-damage|p1a: Tyranitar|10/100 tox|[from] psn
|upkeep
|turn|18
|inactive|lunasran has 150 seconds left.
|
|t:|1730308543
|switch|p1a: Swampert|Swampert, F|100/100
|-damage|p1a: Swampert|88/100|[from] Spikes
|move|p2a: Jirachi|Wish|p2a: Jirachi
|
|-weather|Sandstorm|[upkeep]
|-heal|p2a: Jirachi|79/100|[from] item: Leftovers
|-heal|p1a: Swampert|94/100|[from] item: Leftovers
|upkeep
|turn|19
|
|t:|1730308556
|move|p2a: Jirachi|Toxic|p1a: Swampert
|-status|p1a: Swampert|tox
|move|p1a: Swampert|Earthquake|p2a: Jirachi
|-supereffective|p2a: Jirachi
|-damage|p2a: Jirachi|31/100
|
|-heal|p2a: Jirachi|81/100|[from] move: Wish|[wisher] Jirachi
|-weather|Sandstorm|[upkeep]
|-heal|p2a: Jirachi|88/100|[from] item: Leftovers
|-heal|p1a: Swampert|100/100 tox|[from] item: Leftovers
|-damage|p1a: Swampert|94/100 tox|[from] psn
|upkeep
|turn|20
|
|t:|1730308568
|move|p2a: Jirachi|Wish|p2a: Jirachi
|move|p1a: Swampert|Earthquake|p2a: Jirachi
|-supereffective|p2a: Jirachi
|-damage|p2a: Jirachi|43/100
|
|-weather|Sandstorm|[upkeep]
|-heal|p2a: Jirachi|50/100|[from] item: Leftovers
|-heal|p1a: Swampert|100/100 tox|[from] item: Leftovers
|-damage|p1a: Swampert|88/100 tox|[from] psn
|upkeep
|turn|21
|
|t:|1730308584
|switch|p1a: Zapdos|Zapdos|100/100
|move|p2a: Jirachi|Protect||[still]
|-fail|p2a: Jirachi
|
|-heal|p2a: Jirachi|99/100|[from] move: Wish|[wisher] Jirachi
|-weather|Sandstorm|[upkeep]
|-damage|p1a: Zapdos|94/100|[from] Sandstorm
|-heal|p1a: Zapdos|100/100|[from] item: Leftovers
|-heal|p2a: Jirachi|100/100|[from] item: Leftovers
|upkeep
|turn|22
|
|t:|1730308605
|switch|p2a: Blissey|Blissey, F|66/100
|move|p1a: Zapdos|Thunder Wave|p2a: Blissey
|-status|p2a: Blissey|par
|
|-weather|Sandstorm|[upkeep]
|-damage|p1a: Zapdos|94/100|[from] Sandstorm
|-damage|p2a: Blissey|59/100 par|[from] Sandstorm
|-heal|p1a: Zapdos|100/100|[from] item: Leftovers
|-heal|p2a: Blissey|66/100 par|[from] item: Leftovers
|upkeep
|turn|23
|inactive|lunasran has 120 seconds left.
|
|t:|1730308622
|switch|p1a: Starmie|Starmie|100/100
|-damage|p1a: Starmie|88/100|[from] Spikes
|move|p2a: Blissey|Soft-Boiled|p2a: Blissey
|-heal|p2a: Blissey|100/100 par
|
|-weather|Sandstorm|[upkeep]
|-damage|p1a: Starmie|82/100|[from] Sandstorm
|-damage|p2a: Blissey|94/100 par|[from] Sandstorm
|-heal|p1a: Starmie|88/100|[from] item: Leftovers
|-heal|p2a: Blissey|100/100 par|[from] item: Leftovers
|upkeep
|turn|24
|inactive|lunasran has 120 seconds left.
|
|t:|1730308641
|move|p1a: Starmie|Rapid Spin|p2a: Blissey
|-damage|p2a: Blissey|98/100 par
|-sideend|p1: lunasran|Spikes|[from] move: Rapid Spin|[of] p1a: Starmie
|move|p2a: Blissey|Seismic Toss|p1a: Starmie
|-damage|p1a: Starmie|50/100
|
|-weather|Sandstorm|[upkeep]
|-damage|p1a: Starmie|44/100|[from] Sandstorm
|-damage|p2a: Blissey|92/100 par|[from] Sandstorm
|-heal|p1a: Starmie|50/100|[from] item: Leftovers
|-heal|p2a: Blissey|98/100 par|[from] item: Leftovers
|upkeep
|turn|25
|inactive|lunasran has 120 seconds left.
|
|t:|1730308665
|switch|p1a: Celebi|Celebi|100/100
|cant|p2a: Blissey|par
|
|-weather|Sandstorm|[upkeep]
|-damage|p1a: Celebi|94/100|[from] Sandstorm
|-damage|p2a: Blissey|92/100 par|[from] Sandstorm
|-heal|p1a: Celebi|100/100|[from] item: Leftovers
|-heal|p2a: Blissey|98/100 par|[from] item: Leftovers
|upkeep
|turn|26
|
|t:|1730308678
|move|p1a: Celebi|Calm Mind|p1a: Celebi
|-boost|p1a: Celebi|spa|1
|-boost|p1a: Celebi|spd|1
|move|p2a: Blissey|Thunder Wave|p1a: Celebi
|-status|p1a: Celebi|par
|
|-weather|Sandstorm|[upkeep]
|-damage|p1a: Celebi|94/100 par|[from] Sandstorm
|-damage|p2a: Blissey|92/100 par|[from] Sandstorm
|-heal|p1a: Celebi|100/100 par|[from] item: Leftovers
|-heal|p2a: Blissey|98/100 par|[from] item: Leftovers
|upkeep
|turn|27
|
|t:|1730308689
|-curestatus|p2a: Blissey|par|[from] ability: Natural Cure
|switch|p2a: Tyranitar|Tyranitar, F|100/100
|move|p1a: Celebi|Calm Mind|p1a: Celebi
|-boost|p1a: Celebi|spa|1
|-boost|p1a: Celebi|spd|1
|
|-weather|Sandstorm|[upkeep]
|-damage|p1a: Celebi|94/100 par|[from] Sandstorm
|-heal|p1a: Celebi|100/100 par|[from] item: Leftovers
|upkeep
|turn|28
|
|t:|1730308704
|switch|p2a: Blissey|Blissey, F|98/100
|cant|p1a: Celebi|par
|
|-weather|Sandstorm|[upkeep]
|-damage|p2a: Blissey|92/100|[from] Sandstorm
|-damage|p1a: Celebi|94/100 par|[from] Sandstorm
|-heal|p2a: Blissey|98/100|[from] item: Leftovers
|-heal|p1a: Celebi|100/100 par|[from] item: Leftovers
|upkeep
|turn|29
|
|t:|1730308713
|move|p2a: Blissey|Seismic Toss|p1a: Celebi
|-damage|p1a: Celebi|76/100 par
|move|p1a: Celebi|Calm Mind|p1a: Celebi
|-boost|p1a: Celebi|spa|1
|-boost|p1a: Celebi|spd|1
|
|-weather|Sandstorm|[upkeep]
|-damage|p2a: Blissey|92/100|[from] Sandstorm
|-damage|p1a: Celebi|70/100 par|[from] Sandstorm
|-heal|p2a: Blissey|98/100|[from] item: Leftovers
|-heal|p1a: Celebi|76/100 par|[from] item: Leftovers
|upkeep
|turn|30
|inactive|lunasran has 90 seconds left.
|inactive|lunasran has 60 seconds left.
|
|t:|1730308771
|move|p2a: Blissey|Seismic Toss|p1a: Celebi
|-damage|p1a: Celebi|51/100 par
|move|p1a: Celebi|Calm Mind|p1a: Celebi
|-boost|p1a: Celebi|spa|1
|-boost|p1a: Celebi|spd|1
|
|-weather|Sandstorm|[upkeep]
|-damage|p2a: Blissey|92/100|[from] Sandstorm
|-damage|p1a: Celebi|45/100 par|[from] Sandstorm
|-heal|p2a: Blissey|98/100|[from] item: Leftovers
|-heal|p1a: Celebi|51/100 par|[from] item: Leftovers
|upkeep
|turn|31
|
|t:|1730308777
|move|p2a: Blissey|Seismic Toss|p1a: Celebi
|-damage|p1a: Celebi|26/100 par
|move|p1a: Celebi|Baton Pass|p1a: Celebi
|
|t:|1730308782
|-curestatus|p1a: Celebi|par|[from] ability: Natural Cure
|switch|p1a: Zapdos|Zapdos|100/100|[from] Baton Pass
|
|-weather|Sandstorm|[upkeep]
|-damage|p1a: Zapdos|94/100|[from] Sandstorm
|-damage|p2a: Blissey|92/100|[from] Sandstorm
|-heal|p1a: Zapdos|100/100|[from] item: Leftovers
|-heal|p2a: Blissey|98/100|[from] item: Leftovers
|upkeep
|turn|32
|
|t:|1730308810
|move|p1a: Zapdos|Thunderbolt|p2a: Blissey
|-damage|p2a: Blissey|43/100
|move|p2a: Blissey|Thunder Wave|p1a: Zapdos
|-status|p1a: Zapdos|par
|
|-weather|Sandstorm|[upkeep]
|-damage|p2a: Blissey|36/100|[from] Sandstorm
|-damage|p1a: Zapdos|94/100 par|[from] Sandstorm
|-heal|p2a: Blissey|43/100|[from] item: Leftovers
|-heal|p1a: Zapdos|100/100 par|[from] item: Leftovers
|upkeep
|turn|33
|
|t:|1730308821
|move|p2a: Blissey|Soft-Boiled|p2a: Blissey
|-heal|p2a: Blissey|93/100
|move|p1a: Zapdos|Thunderbolt|p2a: Blissey
|-damage|p2a: Blissey|42/100
|
|-weather|Sandstorm|[upkeep]
|-damage|p2a: Blissey|36/100|[from] Sandstorm
|-damage|p1a: Zapdos|94/100 par|[from] Sandstorm
|-heal|p2a: Blissey|42/100|[from] item: Leftovers
|-heal|p1a: Zapdos|100/100 par|[from] item: Leftovers
|upkeep
|turn|34
|
|t:|1730308830
|move|p2a: Blissey|Soft-Boiled|p2a: Blissey
|-heal|p2a: Blissey|92/100
|move|p1a: Zapdos|Thunder Wave|p2a: Blissey
|-status|p2a: Blissey|par
|
|-weather|Sandstorm|[upkeep]
|-damage|p1a: Zapdos|94/100 par|[from] Sandstorm
|-damage|p2a: Blissey|86/100 par|[from] Sandstorm
|-heal|p1a: Zapdos|100/100 par|[from] item: Leftovers
|-heal|p2a: Blissey|92/100 par|[from] item: Leftovers
|upkeep
|turn|35
|
|t:|1730308835
|-curestatus|p2a: Blissey|par|[from] ability: Natural Cure
|switch|p2a: Tyranitar|Tyranitar, F|100/100
|cant|p1a: Zapdos|par
|
|-weather|Sandstorm|[upkeep]
|-damage|p1a: Zapdos|94/100 par|[from] Sandstorm
|-heal|p1a: Zapdos|100/100 par|[from] item: Leftovers
|upkeep
|turn|36
|
|t:|1730308844
|move|p2a: Tyranitar|Crunch|p1a: Zapdos
|-damage|p1a: Zapdos|86/100 par
|-unboost|p1a: Zapdos|spd|1
|move|p1a: Zapdos|Thunderbolt|p2a: Tyranitar
|-damage|p2a: Tyranitar|0 fnt
|faint|p2a: Tyranitar
|
|t:|1730308849
|switch|p2a: Aerodactyl|Aerodactyl, M|100/100
|
|-weather|Sandstorm|[upkeep]
|-damage|p1a: Zapdos|79/100 par|[from] Sandstorm
|-heal|p1a: Zapdos|86/100 par|[from] item: Leftovers
|upkeep
|turn|37
|inactive|lunasran has 90 seconds left.
|
|t:|1730308876
|switch|p1a: Swampert|Swampert, F|88/100 tox
|move|p2a: Aerodactyl|Rock Slide|p1a: Swampert
|-resisted|p1a: Swampert
|-damage|p1a: Swampert|71/100 tox
|
|-weather|Sandstorm|[upkeep]
|-heal|p1a: Swampert|77/100 tox|[from] item: Leftovers
|-damage|p1a: Swampert|71/100 tox|[from] psn
|upkeep
|turn|38
|inactive|lunasran has 90 seconds left.
|
|t:|1730308890
|switch|p2a: Blissey|Blissey, F|92/100
|move|p1a: Swampert|Earthquake|p2a: Blissey
|-damage|p2a: Blissey|58/100
|
|-weather|Sandstorm|[upkeep]
|-damage|p2a: Blissey|52/100|[from] Sandstorm
|-heal|p2a: Blissey|58/100|[from] item: Leftovers
|-heal|p1a: Swampert|77/100 tox|[from] item: Leftovers
|-damage|p1a: Swampert|65/100 tox|[from] psn
|upkeep
|turn|39
|inactive|lunasran has 90 seconds left.
|inactive|lunasran has 60 seconds left.
|
|t:|1730308942
|move|p2a: Blissey|Soft-Boiled|p2a: Blissey
|-heal|p2a: Blissey|100/100
|move|p1a: Swampert|Earthquake|p2a: Blissey
|-damage|p2a: Blissey|69/100
|
|-weather|Sandstorm|[upkeep]
|-damage|p2a: Blissey|63/100|[from] Sandstorm
|-heal|p2a: Blissey|69/100|[from] item: Leftovers
|-heal|p1a: Swampert|71/100 tox|[from] item: Leftovers
|-damage|p1a: Swampert|52/100 tox|[from] psn
|upkeep
|turn|40
|
|t:|1730308952
|move|p2a: Blissey|Seismic Toss|p1a: Swampert
|-damage|p1a: Swampert|28/100 tox
|move|p1a: Swampert|Ice Beam|p2a: Blissey
|-damage|p2a: Blissey|62/100
|
|-weather|Sandstorm|[upkeep]
|-damage|p2a: Blissey|55/100|[from] Sandstorm
|-heal|p2a: Blissey|62/100|[from] item: Leftovers
|-heal|p1a: Swampert|34/100 tox|[from] item: Leftovers
|-damage|p1a: Swampert|9/100 tox|[from] psn
|upkeep
|turn|41
|
|t:|1730308960
|move|p2a: Blissey|Seismic Toss|p1a: Swampert
|-damage|p1a: Swampert|0 fnt
|faint|p1a: Swampert
|
|t:|1730308972
|switch|p1a: Celebi|Celebi|26/100
|
|-weather|Sandstorm|[upkeep]
|-damage|p1a: Celebi|20/100|[from] Sandstorm
|-damage|p2a: Blissey|55/100|[from] Sandstorm
|-heal|p1a: Celebi|26/100|[from] item: Leftovers
|-heal|p2a: Blissey|62/100|[from] item: Leftovers
|upkeep
|turn|42
|
|t:|1730308978
|move|p1a: Celebi|Recover|p1a: Celebi
|-heal|p1a: Celebi|76/100
|move|p2a: Blissey|Thunder Wave|p1a: Celebi
|-status|p1a: Celebi|par
|
|-weather|Sandstorm|[upkeep]
|-damage|p2a: Blissey|55/100|[from] Sandstorm
|-damage|p1a: Celebi|70/100 par|[from] Sandstorm
|-heal|p2a: Blissey|62/100|[from] item: Leftovers
|-heal|p1a: Celebi|76/100 par|[from] item: Leftovers
|upkeep
|turn|43
|
|t:|1730308996
|switch|p2a: Aerodactyl|Aerodactyl, M|100/100
|move|p1a: Celebi|Psychic|p2a: Aerodactyl
|-damage|p2a: Aerodactyl|57/100
|
|-weather|Sandstorm|[upkeep]
|-damage|p1a: Celebi|70/100 par|[from] Sandstorm
|-heal|p1a: Celebi|76/100 par|[from] item: Leftovers
|upkeep
|turn|44
|
|t:|1730309010
|-curestatus|p1a: Celebi|par|[from] ability: Natural Cure
|switch|p1a: Starmie|Starmie|50/100
|move|p2a: Aerodactyl|Double-Edge|p1a: Starmie
|-damage|p1a: Starmie|0 fnt
|faint|p1a: Starmie
|
|t:|1730309028
|switch|p1a: Zapdos|Zapdos|86/100 par
|
|-weather|Sandstorm|[upkeep]
|-damage|p1a: Zapdos|79/100 par|[from] Sandstorm
|-heal|p1a: Zapdos|86/100 par|[from] item: Leftovers
|upkeep
|turn|45
|
|t:|1730309038
|switch|p2a: Blissey|Blissey, F|62/100
|move|p1a: Zapdos|Thunder Wave|p2a: Blissey
|-status|p2a: Blissey|par
|
|-weather|Sandstorm|[upkeep]
|-damage|p1a: Zapdos|79/100 par|[from] Sandstorm
|-damage|p2a: Blissey|55/100 par|[from] Sandstorm
|-heal|p1a: Zapdos|86/100 par|[from] item: Leftovers
|-heal|p2a: Blissey|62/100 par|[from] item: Leftovers
|upkeep
|turn|46
|
|t:|1730309054
|move|p1a: Zapdos|Thunderbolt|p2a: Blissey
|-damage|p2a: Blissey|44/100 par
|move|p2a: Blissey|Seismic Toss|p1a: Zapdos
|-damage|p1a: Zapdos|55/100 par
|
|-weather|Sandstorm|[upkeep]
|-damage|p1a: Zapdos|48/100 par|[from] Sandstorm
|-damage|p2a: Blissey|38/100 par|[from] Sandstorm
|-heal|p1a: Zapdos|55/100 par|[from] item: Leftovers
|-heal|p2a: Blissey|44/100 par|[from] item: Leftovers
|upkeep
|turn|47
|
|t:|1730309059
|move|p1a: Zapdos|Thunderbolt|p2a: Blissey
|-damage|p2a: Blissey|26/100 par
|move|p2a: Blissey|Soft-Boiled|p2a: Blissey
|-heal|p2a: Blissey|76/100 par
|
|-weather|Sandstorm|[upkeep]
|-damage|p1a: Zapdos|48/100 par|[from] Sandstorm
|-damage|p2a: Blissey|69/100 par|[from] Sandstorm
|-heal|p1a: Zapdos|55/100 par|[from] item: Leftovers
|-heal|p2a: Blissey|76/100 par|[from] item: Leftovers
|upkeep
|turn|48
|
|t:|1730309065
|move|p1a: Zapdos|Thunderbolt|p2a: Blissey
|-damage|p2a: Blissey|59/100 par
|move|p2a: Blissey|Seismic Toss|p1a: Zapdos
|-damage|p1a: Zapdos|23/100 par
|
|-weather|Sandstorm|[upkeep]
|-damage|p1a: Zapdos|17/100 par|[from] Sandstorm
|-damage|p2a: Blissey|53/100 par|[from] Sandstorm
|-heal|p1a: Zapdos|23/100 par|[from] item: Leftovers
|-heal|p2a: Blissey|59/100 par|[from] item: Leftovers
|upkeep
|turn|49
|
|t:|1730309069
|switch|p1a: Celebi|Celebi|76/100
|move|p2a: Blissey|Soft-Boiled|p2a: Blissey
|-heal|p2a: Blissey|100/100 par
|
|-weather|Sandstorm|[upkeep]
|-damage|p1a: Celebi|70/100|[from] Sandstorm
|-damage|p2a: Blissey|94/100 par|[from] Sandstorm
|-heal|p1a: Celebi|76/100|[from] item: Leftovers
|-heal|p2a: Blissey|100/100 par|[from] item: Leftovers
|upkeep
|turn|50
|inactive|lunasran has 60 seconds left.
|
|t:|1730309075
|-curestatus|p2a: Blissey|par|[from] ability: Natural Cure
|switch|p2a: Jirachi|Jirachi|100/100
|move|p1a: Celebi|Calm Mind|p1a: Celebi
|-boost|p1a: Celebi|spa|1
|-boost|p1a: Celebi|spd|1
|
|-weather|Sandstorm|[upkeep]
|-damage|p1a: Celebi|70/100|[from] Sandstorm
|-heal|p1a: Celebi|76/100|[from] item: Leftovers
|upkeep
|turn|51
|inactive|lunasran has 60 seconds left.
|
|t:|1730309087
|move|p2a: Jirachi|Toxic|p1a: Celebi
|-status|p1a: Celebi|tox
|move|p1a: Celebi|Calm Mind|p1a: Celebi
|-boost|p1a: Celebi|spa|1
|-boost|p1a: Celebi|spd|1
|
|-weather|Sandstorm|[upkeep]
|-damage|p1a: Celebi|70/100 tox|[from] Sandstorm
|-heal|p1a: Celebi|76/100 tox|[from] item: Leftovers
|-damage|p1a: Celebi|70/100 tox|[from] psn
|upkeep
|turn|52
|inactive|lunasran has 60 seconds left.
|
|t:|1730309100
|move|p2a: Jirachi|Fire Punch|p1a: Celebi
|-supereffective|p1a: Celebi
|-damage|p1a: Celebi|59/100 tox
|move|p1a: Celebi|Calm Mind|p1a: Celebi
|-boost|p1a: Celebi|spa|1
|-boost|p1a: Celebi|spd|1
|
|-weather|Sandstorm|[upkeep]
|-damage|p1a: Celebi|53/100 tox|[from] Sandstorm
|-heal|p1a: Celebi|59/100 tox|[from] item: Leftovers
|-damage|p1a: Celebi|47/100 tox|[from] psn
|upkeep
|turn|53
|inactive|lunasran has 60 seconds left.
|
|t:|1730309111
|move|p2a: Jirachi|Fire Punch|p1a: Celebi
|-supereffective|p1a: Celebi
|-damage|p1a: Celebi|38/100 tox
|move|p1a: Celebi|Recover|p1a: Celebi
|-heal|p1a: Celebi|88/100 tox
|
|-weather|Sandstorm|[upkeep]
|-damage|p1a: Celebi|82/100 tox|[from] Sandstorm
|-heal|p1a: Celebi|88/100 tox|[from] item: Leftovers
|-damage|p1a: Celebi|70/100 tox|[from] psn
|upkeep
|turn|54
|inactive|lunasran has 60 seconds left.
|
|t:|1730309122
|move|p2a: Jirachi|Fire Punch|p1a: Celebi
|-supereffective|p1a: Celebi
|-crit|p1a: Celebi
|-damage|p1a: Celebi|28/100 tox
|move|p1a: Celebi|Baton Pass|p1a: Celebi
|inactive|lunasran has 60 seconds left.
|
|t:|1730309129
|-curestatus|p1a: Celebi|tox|[from] ability: Natural Cure
|switch|p1a: Zapdos|Zapdos|23/100 par|[from] Baton Pass
|
|-weather|Sandstorm|[upkeep]
|-damage|p1a: Zapdos|17/100 par|[from] Sandstorm
|-heal|p1a: Zapdos|23/100 par|[from] item: Leftovers
|upkeep
|turn|55
|
|t:|1730309137
|switch|p2a: Blissey|Blissey, F|100/100
|cant|p1a: Zapdos|par
|
|-weather|Sandstorm|[upkeep]
|-damage|p2a: Blissey|94/100|[from] Sandstorm
|-damage|p1a: Zapdos|17/100 par|[from] Sandstorm
|-heal|p2a: Blissey|100/100|[from] item: Leftovers
|-heal|p1a: Zapdos|23/100 par|[from] item: Leftovers
|upkeep
|turn|56
|c|☆Ivoire|/log Ivoire made the replay of this battle unlisted.
|inactive|lunasran has 60 seconds left.
|
|t:|1730309158
|move|p2a: Blissey|Seismic Toss|p1a: Zapdos
|-damage|p1a: Zapdos|0 fnt
|faint|p1a: Zapdos
|
|t:|1730309162
|switch|p1a: Celebi|Celebi|28/100
|
|-weather|Sandstorm|[upkeep]
|-damage|p1a: Celebi|22/100|[from] Sandstorm
|-damage|p2a: Blissey|94/100|[from] Sandstorm
|-heal|p1a: Celebi|28/100|[from] item: Leftovers
|-heal|p2a: Blissey|100/100|[from] item: Leftovers
|upkeep
|turn|57
|inactive|lunasran has 60 seconds left.
|
|t:|1730309179
|switch|p2a: Jirachi|Jirachi|100/100
|move|p1a: Celebi|Recover|p1a: Celebi
|-heal|p1a: Celebi|78/100
|
|-weather|Sandstorm|[upkeep]
|-damage|p1a: Celebi|72/100|[from] Sandstorm
|-heal|p1a: Celebi|78/100|[from] item: Leftovers
|upkeep
|turn|58
|inactive|lunasran has 60 seconds left.
|
|t:|1730309190
|move|p2a: Jirachi|Toxic|p1a: Celebi
|-status|p1a: Celebi|tox
|move|p1a: Celebi|Psychic|p2a: Jirachi
|-resisted|p2a: Jirachi
|-damage|p2a: Jirachi|94/100
|
|-weather|Sandstorm|[upkeep]
|-damage|p1a: Celebi|72/100 tox|[from] Sandstorm
|-heal|p2a: Jirachi|99/100|[from] item: Leftovers
|-heal|p1a: Celebi|78/100 tox|[from] item: Leftovers
|-damage|p1a: Celebi|72/100 tox|[from] psn
|upkeep
|turn|59
|inactive|lunasran has 60 seconds left.
|
|t:|1730309208
|-curestatus|p1a: Celebi|tox|[from] ability: Natural Cure
|switch|p1a: Tyranitar|Tyranitar, M|10/100 tox
|move|p2a: Jirachi|Fire Punch|p1a: Tyranitar
|-resisted|p1a: Tyranitar
|-damage|p1a: Tyranitar|4/100 tox
|
|-weather|Sandstorm|[upkeep]
|-heal|p2a: Jirachi|100/100|[from] item: Leftovers
|-heal|p1a: Tyranitar|10/100 tox|[from] item: Leftovers
|-damage|p1a: Tyranitar|4/100 tox|[from] psn
|upkeep
|turn|60
|c|☆lunasran|ggs
|
|t:|1730309226
|move|p2a: Jirachi|Fire Punch|p1a: Tyranitar
|-resisted|p1a: Tyranitar
|-damage|p1a: Tyranitar|0 fnt
|faint|p1a: Tyranitar
|
|t:|1730309231
|switch|p1a: Celebi|Celebi|72/100
|
|-weather|Sandstorm|[upkeep]
|-damage|p1a: Celebi|66/100|[from] Sandstorm
|-heal|p1a: Celebi|72/100|[from] item: Leftovers
|upkeep
|turn|61
|
|t:|1730309239
|move|p2a: Jirachi|Toxic|p1a: Celebi
|-status|p1a: Celebi|tox
|move|p1a: Celebi|Psychic|p2a: Jirachi
|-resisted|p2a: Jirachi
|-damage|p2a: Jirachi|94/100
|
|-weather|Sandstorm|[upkeep]
|-damage|p1a: Celebi|66/100 tox|[from] Sandstorm
|-heal|p2a: Jirachi|99/100|[from] item: Leftovers
|-heal|p1a: Celebi|72/100 tox|[from] item: Leftovers
|-damage|p1a: Celebi|66/100 tox|[from] psn
|upkeep
|turn|62
|c|☆Ivoire|gg
|inactive|lunasran has 60 seconds left.
|
|t:|1730309248
|move|p2a: Jirachi|Fire Punch|p1a: Celebi
|-supereffective|p1a: Celebi
|-damage|p1a: Celebi|45/100 tox
|move|p1a: Celebi|Psychic|p2a: Jirachi
|-resisted|p2a: Jirachi
|-damage|p2a: Jirachi|94/100
|
|-weather|Sandstorm|[upkeep]
|-damage|p1a: Celebi|38/100 tox|[from] Sandstorm
|-heal|p2a: Jirachi|99/100|[from] item: Leftovers
|-heal|p1a: Celebi|45/100 tox|[from] item: Leftovers
|-damage|p1a: Celebi|32/100 tox|[from] psn
|upkeep
|turn|63
|
|t:|1730309254
|move|p2a: Jirachi|Fire Punch|p1a: Celebi
|-supereffective|p1a: Celebi
|-damage|p1a: Celebi|8/100 tox
|move|p1a: Celebi|Psychic|p2a: Jirachi
|-resisted|p2a: Jirachi
|-damage|p2a: Jirachi|93/100
|-unboost|p2a: Jirachi|spd|1
|
|-weather|Sandstorm|[upkeep]
|-damage|p1a: Celebi|2/100 tox|[from] Sandstorm
|-heal|p2a: Jirachi|99/100|[from] item: Leftovers
|-heal|p1a: Celebi|8/100 tox|[from] item: Leftovers
|-damage|p1a: Celebi|0 fnt|[from] psn
|faint|p1a: Celebi
|
|win|Ivoire
|upkeep

</script>
<script type="application/json" class="data" id="replaydata-smogtours-gen3ou-803437">
{"id":"smogtours-gen3ou-803437","format":"[Gen 3] OU","players":["lunasran","Ivoire"],"uploadtime":1730309254,"views":78,"formatid":"gen3ou","rating":null,"private":1,"password":null}
</script>

<script defer src="js/replays.js?9d40a366"></script>
