<!DOCTYPE html>
<meta charset="utf-8" />
<meta name="viewport" content="width=device-width" />

<title>[Gen 3] OU: jerdgerd vs. MagsAndMiles - Replays - Pok&eacute;mon Showdown!</title>

<meta name="description" content="Watch a replay of a Pok&eacute;mon battle between jerdgerd and MagsAndMiles! Format: [Gen 3] OU; Date: Nov 3, 2024" />
<!--

Hey, you! Looking in the source for the replay log?

You can find them in JSON format, just add `.json` at the end of a replay URL.

https://replay.pokemonshowdown.com/gen7randomdoublesbattle-865046831.json

Or, if you only need the log itself, add `.log` instead:

https://replay.pokemonshowdown.com/gen7randomdoublesbattle-865046831.log

-->

<link rel="stylesheet" href="//pokemonshowdown.com/style/global.css?0.023195364461161105" />
<link rel="stylesheet" href="//play.pokemonshowdown.com/style/font-awesome.css?0.13261647063804238" />
<link rel="stylesheet" href="//play.pokemonshowdown.com/style/battle.css?0.8753245789963631" />
<link rel="stylesheet" href="//play.pokemonshowdown.com/style/utilichart.css?0.8627959624976733" />

<!-- Global site tag (gtag.js) - Google Analytics -->
<script async src="https://www.googletagmanager.com/gtag/js?id=UA-26211653-1"></script>
<script>
  window.dataLayer = window.dataLayer || [];
  function gtag(){dataLayer.push(arguments);}
  gtag('js', new Date());

  gtag('config', 'UA-26211653-1');
</script>
<!-- End Google Analytics -->
<!-- Venatus Ad Manager - Install in <HEAD> of page -->
	<script src="https://hb.vntsm.com/v3/live/ad-manager.min.js" type="text/javascript" data-site-id="642aba63ec9a7b11c3c9c1be" data-mode="scan" async></script>
<!-- / Venatus Ad Manager -->

<style>
	@media (max-width:820px) {
		.battle {
			margin: 0 auto;
		}
		.battle-log {
			margin: 7px auto 0;
			max-width: 640px;
			height: 300px;
			position: static;
		}
	}
	.optgroup {
		display: inline-block;
		line-height: 22px;
		font-size: 10pt;
	}
	.optgroup .button {
		height: 25px;
		padding-top: 0;
		padding-bottom: 0;
	}
	.optgroup button.button {
		padding-left: 12px;
		padding-right: 12px;
	}
	.linklist {
		list-style: none;
		margin: 0.5em 0;
		padding: 0;
	}
	.linklist li {
		padding: 2px 0;
	}
	.sidebar {
		float: left;
		width: 320px;
	}
	.bar-wrapper {
		max-width: 1100px;
		margin: 0 auto;
	}
	.bar-wrapper.has-sidebar {
		max-width: 1430px;
	}
	.mainbar {
		margin: 0;
		padding-right: 1px;
	}
	.mainbar.has-sidebar {
		margin-left: 330px;
	}
	@media (min-width: 1511px) {
		.sidebar {
			width: 400px;
		}
		.bar-wrapper.has-sidebar {
			max-width: 1510px;
		}
		.mainbar.has-sidebar {
			margin-left: 410px;
		}
	}
	.section.first-section {
		margin-top: 9px;
	}
	.blocklink small {
		white-space: normal;
	}
	.button {
		vertical-align: middle;
	}
	.replay-controls {
		padding-top: 10px;
	}
	.replay-controls h1 {
		font-size: 16pt;
		font-weight: normal;
		color: #CCC;
	}
	.pagelink {
		text-align: center;
	}
	.pagelink a {
		width: 150px;
	}
	.textbox, .button {
		font-size: 11pt;
		vertical-align: middle;
	}
	@media (max-width: 450px) {
		.button {
			font-size: 9pt;
		}
	}
</style>

<div>

	<header>
		<div class="nav-wrapper"><ul class="nav">
			<li><a class="button nav-first" href="//pokemonshowdown.com/"><img src="//pokemonshowdown.com/images/pokemonshowdownbeta.png" srcset="//pokemonshowdown.com/images/pokemonshowdownbeta.png 1x, //pokemonshowdown.com/images/pokemonshowdownbeta@2x.png 2x" alt="Pok&eacute;mon Showdown" width="146" height="44" /> Home</a></li>
			<li><a class="button" href="//pokemonshowdown.com/dex/">Pok&eacute;dex</a></li>
			<li><a class="button cur" href="/">Replays</a></li>
			<li><a class="button" href="//pokemonshowdown.com/ladder/">Ladder</a></li>
			<li><a class="button nav-last" href="//pokemonshowdown.com/forums/">Forum</a></li>
			<li><a class="button greenbutton nav-first nav-last" href="//play.pokemonshowdown.com/">Play</a></li>
		</ul></div>
	</header>

	<div class="main" id="main">

		<noscript><section class="section">You need to enable JavaScript to use this page; sorry!</section></noscript>

	</div>

</div>

<script defer nomodule src="//play.pokemonshowdown.com/js/lib/ps-polyfill.js"></script>
<script defer src="//play.pokemonshowdown.com/js/lib/preact.min.js"></script>

<script defer src="//play.pokemonshowdown.com/config/config.js?2bddbc15"></script>
<script defer src="//play.pokemonshowdown.com/js/lib/jquery-1.11.0.min.js"></script>
<script defer src="//play.pokemonshowdown.com/js/lib/html-sanitizer-minified.js"></script>
<script defer src="//play.pokemonshowdown.com/js/battle-sound.js"></script>
<script defer src="//play.pokemonshowdown.com/js/battledata.js?0.7209276989879541"></script>
<script defer src="//play.pokemonshowdown.com/data/pokedex-mini.js?0.6111056340867951"></script>
<script defer src="//play.pokemonshowdown.com/data/pokedex-mini-bw.js?0.3532142036491459"></script>
<script defer src="//play.pokemonshowdown.com/data/graphics.js?0.24223875632456182"></script>
<script defer src="//play.pokemonshowdown.com/data/pokedex.js?0.38839984266356864"></script>
<script defer src="//play.pokemonshowdown.com/data/moves.js?0.21866028504024015"></script>
<script defer src="//play.pokemonshowdown.com/data/abilities.js?0.2005157953846628"></script>
<script defer src="//play.pokemonshowdown.com/data/items.js?0.9894211263848525"></script>
<script defer src="//play.pokemonshowdown.com/data/teambuilder-tables.js?0.6008791140282215"></script>
<script defer src="//play.pokemonshowdown.com/js/battle-tooltips.js?0.7580118955022959"></script>
<script defer src="//play.pokemonshowdown.com/js/battle.js?0.6057722274234274"></script>

<script defer src="js/utils.js?e31f9a17"></script>
<script defer src="js/replays-battle.js?7008c182"></script>

<!-- don't scrape this data! just add .json or .log after the URL!
Full API docs: https://github.com/smogon/pokemon-showdown-client/blob/master/WEB-API.md -->
<script type="text/plain" class="log" id="replaylog-smogtours-gen3ou-804355">
|inactive|Battle timer is ON: inactive players will automatically lose when time's up.
|t:|1730648534
|gametype|singles
|player|p1|jerdgerd|169|
|player|p2|MagsAndMiles|bruno|
|teamsize|p1|6
|teamsize|p2|6
|gen|3
|tier|[Gen 3] OU
|rule|Sleep Clause Mod: Limit one foe put to sleep
|rule|Switch Priority Clause Mod: Faster Pokémon switch first
|rule|Species Clause: Limit one of each Pokémon
|rule|OHKO Clause: OHKO moves are banned
|rule|Evasion Items Clause: Evasion items are banned
|rule|Evasion Moves Clause: Evasion moves are banned
|rule|Endless Battle Clause: Forcing endless battles is banned
|rule|HP Percentage Mod: HP is shown in percentages
|rule|One Boost Passer Clause: Limit one Baton Passer that has a way to boost its stats
|rule|Freeze Clause Mod: Limit one foe frozen
|
|t:|1730648534
|start
|switch|p1a: Skarmory|Skarmory, M|100/100
|switch|p2a: Medicham|Medicham, F|100/100
|turn|1
|
|t:|1730648546
|-singleturn|p2a: Medicham|move: Focus Punch
|move|p1a: Skarmory|Drill Peck|p2a: Medicham
|-supereffective|p2a: Medicham
|-damage|p2a: Medicham|24/100
|move|p2a: Medicham|Focus Punch||[still]
|cant|p2a: Medicham|Focus Punch|Focus Punch
|
|-heal|p2a: Medicham|30/100|[from] item: Leftovers
|upkeep
|turn|2
|
|t:|1730648558
|switch|p2a: Magneton|Magneton|100/100
|move|p1a: Skarmory|Spikes|p2a: Magneton
|-sidestart|p2: MagsAndMiles|Spikes
|
|upkeep
|turn|3
|
|t:|1730648565
|move|p2a: Magneton|Thunderbolt|p1a: Skarmory
|-supereffective|p1a: Skarmory
|-damage|p1a: Skarmory|16/100
|move|p1a: Skarmory|Spikes|p2a: Magneton
|-sidestart|p2: MagsAndMiles|Spikes
|
|-heal|p1a: Skarmory|22/100|[from] item: Leftovers
|upkeep
|turn|4
|
|t:|1730648572
|move|p1a: Skarmory|Protect|p1a: Skarmory
|-singleturn|p1a: Skarmory|Protect
|move|p2a: Magneton|Thunderbolt|p1a: Skarmory
|-activate|p1a: Skarmory|Protect
|
|-heal|p1a: Skarmory|28/100|[from] item: Leftovers
|upkeep
|turn|5
|
|t:|1730648579
|move|p1a: Skarmory|Protect||[still]
|-fail|p1a: Skarmory
|move|p2a: Magneton|Thunderbolt|p1a: Skarmory
|-supereffective|p1a: Skarmory
|-damage|p1a: Skarmory|0 fnt
|faint|p1a: Skarmory
|inactive|jerdgerd has 270 seconds left.
|
|t:|1730648611
|switch|p1a: Moltres|Moltres|100/100
|
|upkeep
|turn|6
|
|t:|1730648617
|move|p2a: Magneton|Endure|p2a: Magneton
|-singleturn|p2a: Magneton|move: Endure
|move|p1a: Moltres|Flamethrower|p2a: Magneton
|-supereffective|p2a: Magneton
|-activate|p2a: Magneton|move: Endure
|-damage|p2a: Magneton|1/100
|
|-enditem|p2a: Magneton|Salac Berry|[eat]
|-boost|p2a: Magneton|spe|1|[from] item: Salac Berry
|upkeep
|turn|7
|
|t:|1730648626
|switch|p1a: Blissey|Blissey, F|100/100
|move|p2a: Magneton|Thunderbolt|p1a: Blissey
|-crit|p1a: Blissey
|-damage|p1a: Blissey|63/100
|
|-heal|p1a: Blissey|69/100|[from] item: Leftovers
|upkeep
|turn|8
|
|t:|1730648637
|move|p2a: Magneton|Thunder Wave|p1a: Blissey
|-status|p1a: Blissey|par
|move|p1a: Blissey|Soft-Boiled|p1a: Blissey
|-heal|p1a: Blissey|100/100 par
|
|upkeep
|turn|9
|
|t:|1730648642
|move|p2a: Magneton|Thunderbolt|p1a: Blissey
|-damage|p1a: Blissey|81/100 par
|move|p1a: Blissey|Seismic Toss|p2a: Magneton
|-damage|p2a: Magneton|0 fnt
|faint|p2a: Magneton
|inactive|MagsAndMiles has 270 seconds left.
|
|t:|1730648694
|switch|p2a: Medicham|Medicham, F|30/100
|-damage|p2a: Medicham|14/100|[from] Spikes
|
|-heal|p2a: Medicham|20/100|[from] item: Leftovers
|-heal|p1a: Blissey|87/100 par|[from] item: Leftovers
|upkeep
|turn|10
|inactive|MagsAndMiles disconnected and has 300 seconds to reconnect!
|player|p2|
|inactive|MagsAndMiles reconnected and has 250 seconds left.
|player|p2|MagsAndMiles|bruno|
|inactive|jerdgerd has 270 seconds left.
|
|t:|1730648731
|-curestatus|p1a: Blissey|par|[from] ability: Natural Cure
|switch|p1a: Flygon|Flygon, M|100/100
|move|p2a: Medicham|Shadow Ball|p1a: Flygon
|-damage|p1a: Flygon|75/100
|-unboost|p1a: Flygon|spd|1
|
|-heal|p2a: Medicham|26/100|[from] item: Leftovers
|-heal|p1a: Flygon|81/100|[from] item: Leftovers
|upkeep
|turn|11
|inactive|jerdgerd has 270 seconds left.
|inactive|MagsAndMiles has 240 seconds left.
|
|t:|1730648749
|move|p2a: Medicham|Brick Break|p1a: Flygon
|-damage|p1a: Flygon|40/100
|move|p1a: Flygon|Toxic|p2a: Medicham
|-status|p2a: Medicham|tox
|
|-heal|p2a: Medicham|32/100 tox|[from] item: Leftovers
|-damage|p2a: Medicham|26/100 tox|[from] psn
|-heal|p1a: Flygon|47/100|[from] item: Leftovers
|upkeep
|turn|12
|
|t:|1730648757
|move|p1a: Flygon|Protect|p1a: Flygon
|-singleturn|p1a: Flygon|Protect
|move|p2a: Medicham|Brick Break|p1a: Flygon
|-activate|p1a: Flygon|Protect
|
|-heal|p2a: Medicham|32/100 tox|[from] item: Leftovers
|-damage|p2a: Medicham|20/100 tox|[from] psn
|-heal|p1a: Flygon|53/100|[from] item: Leftovers
|upkeep
|turn|13
|
|t:|1730648766
|switch|p1a: Misdreavus|Misdreavus, F|100/100
|move|p2a: Medicham|Brick Break|p1a: Misdreavus
|-immune|p1a: Misdreavus
|
|-heal|p2a: Medicham|26/100 tox|[from] item: Leftovers
|-damage|p2a: Medicham|8/100 tox|[from] psn
|upkeep
|turn|14
|
|t:|1730648785
|-singleturn|p2a: Medicham|move: Focus Punch
|switch|p1a: Zapdos|Zapdos|100/100
|move|p2a: Medicham|Focus Punch|p1a: Zapdos
|-resisted|p1a: Zapdos
|-damage|p1a: Zapdos|52/100
|
|-heal|p2a: Medicham|14/100 tox|[from] item: Leftovers
|-damage|p2a: Medicham|0 fnt|[from] psn
|faint|p2a: Medicham
|-heal|p1a: Zapdos|58/100|[from] item: Leftovers
|upkeep
|inactive|MagsAndMiles has 240 seconds left.
|
|t:|1730648830
|switch|p2a: Heracross|Heracross, F|100/100
|-damage|p2a: Heracross|84/100|[from] Spikes
|turn|15
|inactive|jerdgerd has 270 seconds left.
|
|t:|1730648853
|move|p2a: Heracross|Rock Slide|p1a: Zapdos|[miss]
|-miss|p2a: Heracross|p1a: Zapdos
|move|p1a: Zapdos|Roar|p2a: Heracross
|drag|p2a: Gyarados|Gyarados, M|100/100
|-ability|p2a: Gyarados|Intimidate|boost
|-unboost|p1a: Zapdos|atk|1
|
|-heal|p1a: Zapdos|64/100|[from] item: Leftovers
|upkeep
|turn|16
|inactive|MagsAndMiles has 240 seconds left.
|
|t:|1730648862
|switch|p2a: Dugtrio|Dugtrio, F|100/100
|-damage|p2a: Dugtrio|84/100|[from] Spikes
|move|p1a: Zapdos|Thunderbolt|p2a: Dugtrio
|-immune|p2a: Dugtrio
|
|-heal|p1a: Zapdos|71/100|[from] item: Leftovers
|upkeep
|turn|17
|inactive|MagsAndMiles has 240 seconds left.
|inactive|jerdgerd has 270 seconds left.
|
|t:|1730648880
|switch|p2a: Heracross|Heracross, F|84/100
|-damage|p2a: Heracross|67/100|[from] Spikes
|switch|p1a: Flygon|Flygon, M|53/100
|
|-heal|p2a: Heracross|73/100|[from] item: Leftovers
|-heal|p1a: Flygon|59/100|[from] item: Leftovers
|upkeep
|turn|18
|inactive|MagsAndMiles has 240 seconds left.
|inactive|jerdgerd has 270 seconds left.
|
|t:|1730648897
|-singleturn|p2a: Heracross|move: Focus Punch
|switch|p1a: Misdreavus|Misdreavus, F|100/100
|move|p2a: Heracross|Focus Punch|p1a: Misdreavus
|-immune|p1a: Misdreavus
|
|-heal|p2a: Heracross|79/100|[from] item: Leftovers
|upkeep
|turn|19
|inactive|jerdgerd has 270 seconds left.
|inactive|MagsAndMiles has 240 seconds left.
|
|t:|1730648911
|switch|p2a: Gyarados|Gyarados, M|100/100
|-ability|p2a: Gyarados|Intimidate|boost
|-unboost|p1a: Misdreavus|atk|1
|move|p1a: Misdreavus|Perish Song|p1a: Misdreavus
|-start|p1a: Misdreavus|perish3|[silent]
|-start|p2a: Gyarados|perish3|[silent]
|-fieldactivate|move: Perish Song
|
|-start|p2a: Gyarados|perish3
|-start|p1a: Misdreavus|perish3
|upkeep
|turn|20
|inactive|MagsAndMiles has 240 seconds left.
|inactive|jerdgerd has 270 seconds left.
|
|t:|1730648925
|move|p2a: Gyarados|Dragon Dance|p2a: Gyarados
|-boost|p2a: Gyarados|atk|1
|-boost|p2a: Gyarados|spe|1
|move|p1a: Misdreavus|Thunderbolt|p2a: Gyarados
|-supereffective|p2a: Gyarados
|-damage|p2a: Gyarados|29/100
|
|-start|p2a: Gyarados|perish2
|-start|p1a: Misdreavus|perish2
|upkeep
|turn|21
|inactive|jerdgerd has 270 seconds left.
|
|t:|1730648939
|switch|p1a: Flygon|Flygon, M|59/100
|move|p2a: Gyarados|Hidden Power|p1a: Flygon
|-damage|p1a: Flygon|10/100
|
|-heal|p1a: Flygon|16/100|[from] item: Leftovers
|-start|p2a: Gyarados|perish1
|upkeep
|turn|22
|inactive|jerdgerd has 270 seconds left.
|
|t:|1730648958
|switch|p2a: Dugtrio|Dugtrio, F|84/100
|-damage|p2a: Dugtrio|67/100|[from] Spikes
|move|p1a: Flygon|Rock Slide|p2a: Dugtrio
|-resisted|p2a: Dugtrio
|-damage|p2a: Dugtrio|43/100
|
|-heal|p1a: Flygon|22/100|[from] item: Leftovers
|upkeep
|turn|23
|inactive|jerdgerd has 270 seconds left.
|
|t:|1730648967
|move|p1a: Flygon|Protect|p1a: Flygon
|-singleturn|p1a: Flygon|Protect
|move|p2a: Dugtrio|Aerial Ace|p1a: Flygon
|-activate|p1a: Flygon|Protect
|
|-heal|p1a: Flygon|28/100|[from] item: Leftovers
|upkeep
|turn|24
|
|t:|1730648973
|switch|p2a: Gyarados|Gyarados, M|29/100
|-ability|p2a: Gyarados|Intimidate|boost
|-unboost|p1a: Flygon|atk|1
|switch|p1a: Zapdos|Zapdos|71/100
|
|-heal|p1a: Zapdos|77/100|[from] item: Leftovers
|upkeep
|turn|25
|inactive|MagsAndMiles has 270 seconds left.
|
|t:|1730648983
|move|p2a: Gyarados|Double-Edge|p1a: Zapdos
|-damage|p1a: Zapdos|33/100
|-damage|p2a: Gyarados|13/100|[from] Recoil|[of] p1a: Zapdos
|move|p1a: Zapdos|Thunderbolt|p2a: Gyarados
|-supereffective|p2a: Gyarados
|-damage|p2a: Gyarados|0 fnt
|faint|p2a: Gyarados
|inactive|MagsAndMiles has 270 seconds left.
|
|t:|1730649008
|switch|p2a: Heracross|Heracross, F|79/100
|-damage|p2a: Heracross|63/100|[from] Spikes
|
|-heal|p2a: Heracross|69/100|[from] item: Leftovers
|-heal|p1a: Zapdos|39/100|[from] item: Leftovers
|upkeep
|turn|26
|
|t:|1730649017
|move|p2a: Heracross|Rock Slide|p1a: Zapdos
|-supereffective|p1a: Zapdos
|-damage|p1a: Zapdos|0 fnt
|faint|p1a: Zapdos
|
|t:|1730649030
|switch|p1a: Misdreavus|Misdreavus, F|100/100
|
|-heal|p2a: Heracross|75/100|[from] item: Leftovers
|upkeep
|turn|27
|
|t:|1730649034
|move|p2a: Heracross|Megahorn|p1a: Misdreavus
|-resisted|p1a: Misdreavus
|-damage|p1a: Misdreavus|50/100
|move|p1a: Misdreavus|Perish Song|p1a: Misdreavus
|-start|p1a: Misdreavus|perish3|[silent]
|-start|p2a: Heracross|perish3|[silent]
|-fieldactivate|move: Perish Song
|
|-heal|p2a: Heracross|81/100|[from] item: Leftovers
|-heal|p1a: Misdreavus|57/100|[from] item: Leftovers
|-start|p2a: Heracross|perish3
|-start|p1a: Misdreavus|perish3
|upkeep
|turn|28
|
|t:|1730649046
|switch|p1a: Moltres|Moltres|100/100
|move|p2a: Heracross|Megahorn|p1a: Moltres
|-resisted|p1a: Moltres
|-damage|p1a: Moltres|81/100
|
|-heal|p1a: Moltres|88/100|[from] item: Leftovers
|-heal|p2a: Heracross|87/100|[from] item: Leftovers
|-start|p2a: Heracross|perish2
|upkeep
|turn|29
|
|t:|1730649058
|move|p1a: Moltres|Flamethrower|p2a: Heracross
|-supereffective|p2a: Heracross
|-crit|p2a: Heracross
|-damage|p2a: Heracross|0 fnt
|faint|p2a: Heracross
|
|t:|1730649065
|switch|p2a: Salamence|Salamence, F|100/100
|-ability|p2a: Salamence|Intimidate|boost
|-unboost|p1a: Moltres|atk|1
|
|-heal|p1a: Moltres|94/100|[from] item: Leftovers
|upkeep
|turn|30
|
|t:|1730649076
|switch|p1a: Blissey|Blissey, F|87/100
|move|p2a: Salamence|Dragon Dance|p2a: Salamence
|-boost|p2a: Salamence|atk|1
|-boost|p2a: Salamence|spe|1
|
|-heal|p1a: Blissey|93/100|[from] item: Leftovers
|upkeep
|turn|31
|
|t:|1730649084
|move|p2a: Salamence|Rock Slide|p1a: Blissey
|-damage|p1a: Blissey|48/100
|cant|p1a: Blissey|flinch
|
|-heal|p1a: Blissey|55/100|[from] item: Leftovers
|upkeep
|turn|32
|
|t:|1730649095
|move|p2a: Salamence|Hidden Power|p1a: Blissey
|-damage|p1a: Blissey|0 fnt
|faint|p1a: Blissey
|
|t:|1730649105
|switch|p1a: Moltres|Moltres|94/100
|
|-heal|p1a: Moltres|99/100|[from] item: Leftovers
|upkeep
|turn|33
|
|t:|1730649109
|move|p2a: Salamence|Rock Slide|p1a: Moltres
|-supereffective|p1a: Moltres
|-damage|p1a: Moltres|0 fnt
|faint|p1a: Moltres
|
|t:|1730649113
|switch|p1a: Misdreavus|Misdreavus, F|57/100
|
|-heal|p1a: Misdreavus|63/100|[from] item: Leftovers
|upkeep
|turn|34
|
|t:|1730649118
|move|p2a: Salamence|Hidden Power|p1a: Misdreavus
|-damage|p1a: Misdreavus|0 fnt
|faint|p1a: Misdreavus
|
|t:|1730649122
|switch|p1a: Flygon|Flygon, M|28/100
|
|-heal|p1a: Flygon|34/100|[from] item: Leftovers
|upkeep
|turn|35
|
|t:|1730649125
|move|p2a: Salamence|Hidden Power|p1a: Flygon
|-damage|p1a: Flygon|0 fnt
|faint|p1a: Flygon
|
|win|MagsAndMiles
|c|☆jerdgerd|gg
|c|☆MagsAndMiles|Great games homie
|player|p1|
|c|☆MagsAndMiles|thank you for playing, I’m sorry for the flinch 
|c|☆MagsAndMiles|it was my only hope 
|c|☆MagsAndMiles|ill post the replays, best of luck ! :)

</script>
<script type="application/json" class="data" id="replaydata-smogtours-gen3ou-804355">
{"id":"smogtours-gen3ou-804355","format":"[Gen 3] OU","players":["jerdgerd","MagsAndMiles"],"uploadtime":1730649125,"views":93,"formatid":"gen3ou","rating":null,"private":0,"password":null}
</script>

<script defer src="js/replays.js?9d40a366"></script>
