<!DOCTYPE html>
<meta charset="utf-8" />
<meta name="viewport" content="width=device-width" />

<title>[Gen 3] OU: G3neralR3van vs. Elisy - Replays - Pok&eacute;mon Showdown!</title>

<meta name="description" content="Watch a replay of a Pok&eacute;mon battle between G3neralR3van and Elisy! Format: [Gen 3] OU; Date: Nov 7, 2024" />
<!--

Hey, you! Looking in the source for the replay log?

You can find them in JSON format, just add `.json` at the end of a replay URL.

https://replay.pokemonshowdown.com/gen7randomdoublesbattle-865046831.json

Or, if you only need the log itself, add `.log` instead:

https://replay.pokemonshowdown.com/gen7randomdoublesbattle-865046831.log

-->

<link rel="stylesheet" href="//pokemonshowdown.com/style/global.css?0.023195364461161105" />
<link rel="stylesheet" href="//play.pokemonshowdown.com/style/font-awesome.css?0.13261647063804238" />
<link rel="stylesheet" href="//play.pokemonshowdown.com/style/battle.css?0.8753245789963631" />
<link rel="stylesheet" href="//play.pokemonshowdown.com/style/utilichart.css?0.8627959624976733" />

<!-- Global site tag (gtag.js) - Google Analytics -->
<script async src="https://www.googletagmanager.com/gtag/js?id=UA-26211653-1"></script>
<script>
  window.dataLayer = window.dataLayer || [];
  function gtag(){dataLayer.push(arguments);}
  gtag('js', new Date());

  gtag('config', 'UA-26211653-1');
</script>
<!-- End Google Analytics -->
<!-- Venatus Ad Manager - Install in <HEAD> of page -->
	<script src="https://hb.vntsm.com/v3/live/ad-manager.min.js" type="text/javascript" data-site-id="642aba63ec9a7b11c3c9c1be" data-mode="scan" async></script>
<!-- / Venatus Ad Manager -->

<style>
	@media (max-width:820px) {
		.battle {
			margin: 0 auto;
		}
		.battle-log {
			margin: 7px auto 0;
			max-width: 640px;
			height: 300px;
			position: static;
		}
	}
	.optgroup {
		display: inline-block;
		line-height: 22px;
		font-size: 10pt;
	}
	.optgroup .button {
		height: 25px;
		padding-top: 0;
		padding-bottom: 0;
	}
	.optgroup button.button {
		padding-left: 12px;
		padding-right: 12px;
	}
	.linklist {
		list-style: none;
		margin: 0.5em 0;
		padding: 0;
	}
	.linklist li {
		padding: 2px 0;
	}
	.sidebar {
		float: left;
		width: 320px;
	}
	.bar-wrapper {
		max-width: 1100px;
		margin: 0 auto;
	}
	.bar-wrapper.has-sidebar {
		max-width: 1430px;
	}
	.mainbar {
		margin: 0;
		padding-right: 1px;
	}
	.mainbar.has-sidebar {
		margin-left: 330px;
	}
	@media (min-width: 1511px) {
		.sidebar {
			width: 400px;
		}
		.bar-wrapper.has-sidebar {
			max-width: 1510px;
		}
		.mainbar.has-sidebar {
			margin-left: 410px;
		}
	}
	.section.first-section {
		margin-top: 9px;
	}
	.blocklink small {
		white-space: normal;
	}
	.button {
		vertical-align: middle;
	}
	.replay-controls {
		padding-top: 10px;
	}
	.replay-controls h1 {
		font-size: 16pt;
		font-weight: normal;
		color: #CCC;
	}
	.pagelink {
		text-align: center;
	}
	.pagelink a {
		width: 150px;
	}
	.textbox, .button {
		font-size: 11pt;
		vertical-align: middle;
	}
	@media (max-width: 450px) {
		.button {
			font-size: 9pt;
		}
	}
</style>

<div>

	<header>
		<div class="nav-wrapper"><ul class="nav">
			<li><a class="button nav-first" href="//pokemonshowdown.com/"><img src="//pokemonshowdown.com/images/pokemonshowdownbeta.png" srcset="//pokemonshowdown.com/images/pokemonshowdownbeta.png 1x, //pokemonshowdown.com/images/pokemonshowdownbeta@2x.png 2x" alt="Pok&eacute;mon Showdown" width="146" height="44" /> Home</a></li>
			<li><a class="button" href="//pokemonshowdown.com/dex/">Pok&eacute;dex</a></li>
			<li><a class="button cur" href="/">Replays</a></li>
			<li><a class="button" href="//pokemonshowdown.com/ladder/">Ladder</a></li>
			<li><a class="button nav-last" href="//pokemonshowdown.com/forums/">Forum</a></li>
			<li><a class="button greenbutton nav-first nav-last" href="//play.pokemonshowdown.com/">Play</a></li>
		</ul></div>
	</header>

	<div class="main" id="main">

		<noscript><section class="section">You need to enable JavaScript to use this page; sorry!</section></noscript>

	</div>

</div>

<script defer nomodule src="//play.pokemonshowdown.com/js/lib/ps-polyfill.js"></script>
<script defer src="//play.pokemonshowdown.com/js/lib/preact.min.js"></script>

<script defer src="//play.pokemonshowdown.com/config/config.js?2bddbc15"></script>
<script defer src="//play.pokemonshowdown.com/js/lib/jquery-1.11.0.min.js"></script>
<script defer src="//play.pokemonshowdown.com/js/lib/html-sanitizer-minified.js"></script>
<script defer src="//play.pokemonshowdown.com/js/battle-sound.js"></script>
<script defer src="//play.pokemonshowdown.com/js/battledata.js?0.7209276989879541"></script>
<script defer src="//play.pokemonshowdown.com/data/pokedex-mini.js?0.6111056340867951"></script>
<script defer src="//play.pokemonshowdown.com/data/pokedex-mini-bw.js?0.3532142036491459"></script>
<script defer src="//play.pokemonshowdown.com/data/graphics.js?0.24223875632456182"></script>
<script defer src="//play.pokemonshowdown.com/data/pokedex.js?0.38839984266356864"></script>
<script defer src="//play.pokemonshowdown.com/data/moves.js?0.21866028504024015"></script>
<script defer src="//play.pokemonshowdown.com/data/abilities.js?0.2005157953846628"></script>
<script defer src="//play.pokemonshowdown.com/data/items.js?0.9894211263848525"></script>
<script defer src="//play.pokemonshowdown.com/data/teambuilder-tables.js?0.6008791140282215"></script>
<script defer src="//play.pokemonshowdown.com/js/battle-tooltips.js?0.7580118955022959"></script>
<script defer src="//play.pokemonshowdown.com/js/battle.js?0.6057722274234274"></script>

<script defer src="js/utils.js?e31f9a17"></script>
<script defer src="js/replays-battle.js?7008c182"></script>

<!-- don't scrape this data! just add .json or .log after the URL!
Full API docs: https://github.com/smogon/pokemon-showdown-client/blob/master/WEB-API.md -->
<script type="text/plain" class="log" id="replaylog-smogtours-gen3ou-805094">
|inactive|Battle timer is ON: inactive players will automatically lose when time's up.
|t:|1730998380
|gametype|singles
|player|p1|G3neralR3van|volkner|
|player|p2|Elisy|miku-flying|
|teamsize|p1|6
|teamsize|p2|6
|gen|3
|tier|[Gen 3] OU
|rule|Sleep Clause Mod: Limit one foe put to sleep
|rule|Switch Priority Clause Mod: Faster Pokémon switch first
|rule|Species Clause: Limit one of each Pokémon
|rule|OHKO Clause: OHKO moves are banned
|rule|Evasion Items Clause: Evasion items are banned
|rule|Evasion Moves Clause: Evasion moves are banned
|rule|Endless Battle Clause: Forcing endless battles is banned
|rule|HP Percentage Mod: HP is shown in percentages
|rule|One Boost Passer Clause: Limit one Baton Passer that has a way to boost its stats
|rule|Freeze Clause Mod: Limit one foe frozen
|
|t:|1730998380
|start
|switch|p1a: Tyranitar|Tyranitar, F|100/100
|switch|p2a: Zapdos|Zapdos|100/100
|-weather|Sandstorm|[from] ability: Sand Stream|[of] p1a: Tyranitar
|turn|1
|
|t:|1730998408
|switch|p2a: Suicune|Suicune|100/100
|move|p1a: Tyranitar|Rock Slide|p2a: Suicune
|-damage|p2a: Suicune|78/100
|
|-weather|Sandstorm|[upkeep]
|-damage|p2a: Suicune|72/100|[from] Sandstorm
|-heal|p2a: Suicune|78/100|[from] item: Leftovers
|upkeep
|turn|2
|inactive|Elisy has 270 seconds left.
|
|t:|1730998445
|switch|p1a: Celebi|Celebi|100/100
|move|p2a: Suicune|Surf|p1a: Celebi
|-resisted|p1a: Celebi
|-damage|p1a: Celebi|91/100
|
|-weather|Sandstorm|[upkeep]
|-damage|p1a: Celebi|85/100|[from] Sandstorm
|-damage|p2a: Suicune|72/100|[from] Sandstorm
|-heal|p1a: Celebi|91/100|[from] item: Leftovers
|-heal|p2a: Suicune|78/100|[from] item: Leftovers
|upkeep
|turn|3
|inactive|Elisy has 270 seconds left.
|inactive|Elisy has 240 seconds left.
|
|t:|1730998488
|move|p1a: Celebi|Leech Seed|p2a: Suicune
|-start|p2a: Suicune|move: Leech Seed
|move|p2a: Suicune|Roar|p1a: Celebi
|drag|p1a: Jirachi|Jirachi|100/100
|
|-weather|Sandstorm|[upkeep]
|-damage|p2a: Suicune|72/100|[from] Sandstorm
|-heal|p2a: Suicune|78/100|[from] item: Leftovers
|-damage|p2a: Suicune|65/100|[from] Leech Seed|[of] p1a: Jirachi
|upkeep
|turn|4
|c|☆G3neralR3van|gl hf again
|inactive|Elisy has 240 seconds left.
|c|☆Elisy|hf
|c|☆Elisy|/log Elisy made the replay of this battle unlisted.
|inactive|Elisy has 210 seconds left.
|
|t:|1730998528
|switch|p2a: Celebi|Celebi|100/100
|move|p1a: Jirachi|Calm Mind|p1a: Jirachi
|-boost|p1a: Jirachi|spa|1
|-boost|p1a: Jirachi|spd|1
|
|-weather|Sandstorm|[upkeep]
|-damage|p2a: Celebi|94/100|[from] Sandstorm
|-heal|p2a: Celebi|100/100|[from] item: Leftovers
|upkeep
|turn|5
|
|t:|1730998534
|move|p1a: Jirachi|Fire Punch|p2a: Celebi
|-supereffective|p2a: Celebi
|-crit|p2a: Celebi
|-damage|p2a: Celebi|0 fnt
|faint|p2a: Celebi
|inactive|Elisy has 210 seconds left.
|
|t:|1730998547
|switch|p2a: Zapdos|Zapdos|100/100
|
|-weather|Sandstorm|[upkeep]
|-damage|p2a: Zapdos|94/100|[from] Sandstorm
|-heal|p2a: Zapdos|100/100|[from] item: Leftovers
|upkeep
|turn|6
|c|☆G3neralR3van|what a game we play
|
|t:|1730998555
|move|p1a: Jirachi|Psychic|p2a: Zapdos
|-damage|p2a: Zapdos|56/100
|move|p2a: Zapdos|Roar|p1a: Jirachi
|drag|p1a: Milotic|Milotic, F|100/100
|
|-weather|Sandstorm|[upkeep]
|-damage|p2a: Zapdos|50/100|[from] Sandstorm
|-damage|p1a: Milotic|94/100|[from] Sandstorm
|-heal|p2a: Zapdos|56/100|[from] item: Leftovers
|-heal|p1a: Milotic|100/100|[from] item: Leftovers
|upkeep
|turn|7
|
|t:|1730998565
|switch|p1a: Celebi|Celebi|91/100
|move|p2a: Zapdos|Toxic|p1a: Celebi
|-status|p1a: Celebi|tox
|
|-weather|Sandstorm|[upkeep]
|-damage|p1a: Celebi|85/100 tox|[from] Sandstorm
|-damage|p2a: Zapdos|50/100|[from] Sandstorm
|-heal|p1a: Celebi|91/100 tox|[from] item: Leftovers
|-damage|p1a: Celebi|85/100 tox|[from] psn
|-heal|p2a: Zapdos|56/100|[from] item: Leftovers
|upkeep
|turn|8
|inactive|Elisy has 210 seconds left.
|
|t:|1730998593
|move|p1a: Celebi|Leech Seed|p2a: Zapdos
|-start|p2a: Zapdos|move: Leech Seed
|move|p2a: Zapdos|Roar|p1a: Celebi
|-curestatus|p1a: Celebi|tox|[from] ability: Natural Cure
|drag|p1a: Flygon|Flygon, F|100/100
|
|-weather|Sandstorm|[upkeep]
|-damage|p2a: Zapdos|50/100|[from] Sandstorm
|-heal|p2a: Zapdos|56/100|[from] item: Leftovers
|-damage|p2a: Zapdos|43/100|[from] Leech Seed|[of] p1a: Flygon
|upkeep
|turn|9
|inactive|Elisy has 210 seconds left.
|
|t:|1730998626
|switch|p2a: Claydol|Claydol|100/100
|move|p1a: Flygon|Toxic|p2a: Claydol
|-status|p2a: Claydol|tox
|
|-weather|Sandstorm|[upkeep]
|-damage|p2a: Claydol|94/100 tox|[from] psn
|upkeep
|turn|10
|inactive|Elisy has 180 seconds left.
|
|t:|1730998643
|switch|p2a: Suicune|Suicune|65/100
|move|p1a: Flygon|Protect||[still]
|-fail|p1a: Flygon
|
|-weather|Sandstorm|[upkeep]
|-damage|p2a: Suicune|59/100|[from] Sandstorm
|-heal|p2a: Suicune|65/100|[from] item: Leftovers
|upkeep
|turn|11
|
|t:|1730998651
|move|p1a: Flygon|Toxic|p2a: Suicune
|-status|p2a: Suicune|tox
|move|p2a: Suicune|Surf|p1a: Flygon
|-damage|p1a: Flygon|68/100
|
|-weather|Sandstorm|[upkeep]
|-damage|p2a: Suicune|59/100 tox|[from] Sandstorm
|-heal|p1a: Flygon|74/100|[from] item: Leftovers
|-heal|p2a: Suicune|65/100 tox|[from] item: Leftovers
|-damage|p2a: Suicune|59/100 tox|[from] psn
|upkeep
|turn|12
|
|t:|1730998660
|switch|p1a: Celebi|Celebi|85/100
|move|p2a: Suicune|Surf|p1a: Celebi
|-resisted|p1a: Celebi
|-damage|p1a: Celebi|75/100
|
|-weather|Sandstorm|[upkeep]
|-damage|p1a: Celebi|69/100|[from] Sandstorm
|-damage|p2a: Suicune|53/100 tox|[from] Sandstorm
|-heal|p1a: Celebi|75/100|[from] item: Leftovers
|-heal|p2a: Suicune|59/100 tox|[from] item: Leftovers
|-damage|p2a: Suicune|47/100 tox|[from] psn
|upkeep
|turn|13
|
|t:|1730998666
|move|p1a: Celebi|Hidden Power|p2a: Suicune
|-supereffective|p2a: Suicune
|-damage|p2a: Suicune|8/100 tox
|move|p2a: Suicune|Rest|p2a: Suicune
|-status|p2a: Suicune|slp|[from] move: Rest
|-heal|p2a: Suicune|100/100 slp|[silent]
|
|-weather|Sandstorm|[upkeep]
|-damage|p1a: Celebi|69/100|[from] Sandstorm
|-damage|p2a: Suicune|94/100 slp|[from] Sandstorm
|-heal|p1a: Celebi|75/100|[from] item: Leftovers
|-heal|p2a: Suicune|100/100 slp|[from] item: Leftovers
|upkeep
|turn|14
|
|t:|1730998678
|switch|p2a: Zapdos|Zapdos|43/100
|move|p1a: Celebi|Leech Seed|p2a: Zapdos
|-start|p2a: Zapdos|move: Leech Seed
|
|-weather|Sandstorm|[upkeep]
|-damage|p1a: Celebi|69/100|[from] Sandstorm
|-damage|p2a: Zapdos|37/100|[from] Sandstorm
|-heal|p1a: Celebi|75/100|[from] item: Leftovers
|-heal|p2a: Zapdos|43/100|[from] item: Leftovers
|-damage|p2a: Zapdos|31/100|[from] Leech Seed|[of] p1a: Celebi
|-heal|p1a: Celebi|87/100|[silent]
|upkeep
|turn|15
|
|t:|1730998694
|switch|p2a: Suicune|Suicune|100/100 slp
|move|p1a: Celebi|Psychic|p2a: Suicune
|-damage|p2a: Suicune|77/100 slp
|
|-weather|Sandstorm|[upkeep]
|-damage|p1a: Celebi|81/100|[from] Sandstorm
|-damage|p2a: Suicune|71/100 slp|[from] Sandstorm
|-heal|p1a: Celebi|87/100|[from] item: Leftovers
|-heal|p2a: Suicune|77/100 slp|[from] item: Leftovers
|upkeep
|turn|16
|
|t:|1730998704
|switch|p2a: Snorlax|Snorlax, M|100/100
|move|p1a: Celebi|Leech Seed|p2a: Snorlax
|-start|p2a: Snorlax|move: Leech Seed
|
|-weather|Sandstorm|[upkeep]
|-damage|p1a: Celebi|81/100|[from] Sandstorm
|-damage|p2a: Snorlax|94/100|[from] Sandstorm
|-heal|p1a: Celebi|87/100|[from] item: Leftovers
|-heal|p2a: Snorlax|100/100|[from] item: Leftovers
|-damage|p2a: Snorlax|88/100|[from] Leech Seed|[of] p1a: Celebi
|-heal|p1a: Celebi|100/100|[silent]
|upkeep
|turn|17
|
|t:|1730998720
|switch|p1a: Tyranitar|Tyranitar, F|100/100
|switch|p2a: Suicune|Suicune|77/100 slp
|
|-weather|Sandstorm|[upkeep]
|-damage|p2a: Suicune|71/100 slp|[from] Sandstorm
|-heal|p2a: Suicune|77/100 slp|[from] item: Leftovers
|upkeep
|turn|18
|inactive|Elisy has 210 seconds left.
|
|t:|1730998734
|switch|p2a: Claydol|Claydol|94/100 tox
|move|p1a: Tyranitar|Roar|p2a: Claydol
|drag|p2a: Magneton|Magneton|100/100
|
|-weather|Sandstorm|[upkeep]
|upkeep
|turn|19
|inactive|Elisy has 210 seconds left.
|
|t:|1730998745
|switch|p2a: Snorlax|Snorlax, M|88/100
|move|p1a: Tyranitar|Earthquake|p2a: Snorlax
|-crit|p2a: Snorlax
|-damage|p2a: Snorlax|25/100
|
|-weather|Sandstorm|[upkeep]
|-damage|p2a: Snorlax|18/100|[from] Sandstorm
|-heal|p2a: Snorlax|25/100|[from] item: Leftovers
|upkeep
|turn|20
|inactive|Elisy has 210 seconds left.
|
|t:|1730998753
|switch|p2a: Claydol|Claydol|94/100 tox
|move|p1a: Tyranitar|Rock Slide|p2a: Claydol
|-resisted|p2a: Claydol
|-damage|p2a: Claydol|71/100 tox
|
|-weather|Sandstorm|[upkeep]
|-heal|p2a: Claydol|77/100 tox|[from] item: Leftovers
|-damage|p2a: Claydol|71/100 tox|[from] psn
|upkeep
|turn|21
|
|t:|1730998759
|move|p2a: Claydol|Earthquake|p1a: Tyranitar
|-supereffective|p1a: Tyranitar
|-damage|p1a: Tyranitar|41/100
|move|p1a: Tyranitar|Hidden Power|p2a: Claydol
|-supereffective|p2a: Claydol
|-damage|p2a: Claydol|17/100 tox
|
|-weather|Sandstorm|[upkeep]
|-heal|p2a: Claydol|24/100 tox|[from] item: Leftovers
|-damage|p2a: Claydol|11/100 tox|[from] psn
|-heal|p1a: Tyranitar|47/100|[from] item: Leftovers
|upkeep
|turn|22
|
|t:|1730998767
|switch|p1a: Flygon|Flygon, F|74/100
|move|p2a: Claydol|Explosion|p1a: Flygon
|-damage|p1a: Flygon|0 fnt
|faint|p2a: Claydol
|faint|p1a: Flygon
|
|t:|1730998777
|switch|p1a: Celebi|Celebi|100/100
|switch|p2a: Zapdos|Zapdos|31/100
|
|-weather|Sandstorm|[upkeep]
|-damage|p1a: Celebi|94/100|[from] Sandstorm
|-damage|p2a: Zapdos|25/100|[from] Sandstorm
|-heal|p1a: Celebi|100/100|[from] item: Leftovers
|-heal|p2a: Zapdos|31/100|[from] item: Leftovers
|upkeep
|turn|23
|
|t:|1730998782
|move|p1a: Celebi|Psychic|p2a: Zapdos
|-damage|p2a: Zapdos|10/100
|move|p2a: Zapdos|Rest|p2a: Zapdos
|-status|p2a: Zapdos|slp|[from] move: Rest
|-heal|p2a: Zapdos|100/100 slp|[silent]
|
|-weather|Sandstorm|[upkeep]
|-damage|p1a: Celebi|94/100|[from] Sandstorm
|-damage|p2a: Zapdos|94/100 slp|[from] Sandstorm
|-heal|p1a: Celebi|100/100|[from] item: Leftovers
|-heal|p2a: Zapdos|100/100 slp|[from] item: Leftovers
|upkeep
|turn|24
|inactive|Elisy has 240 seconds left.
|
|t:|1730998790
|switch|p1a: Tyranitar|Tyranitar, F|47/100
|cant|p2a: Zapdos|slp
|
|-weather|Sandstorm|[upkeep]
|-damage|p2a: Zapdos|94/100 slp|[from] Sandstorm
|-heal|p2a: Zapdos|100/100 slp|[from] item: Leftovers
|-heal|p1a: Tyranitar|53/100|[from] item: Leftovers
|upkeep
|turn|25
|inactive|Elisy has 240 seconds left.
|
|t:|1730998809
|switch|p2a: Suicune|Suicune|77/100 slp
|move|p1a: Tyranitar|Rock Slide|p2a: Suicune
|-damage|p2a: Suicune|52/100 slp
|
|-weather|Sandstorm|[upkeep]
|-damage|p2a: Suicune|45/100 slp|[from] Sandstorm
|-heal|p2a: Suicune|52/100 slp|[from] item: Leftovers
|-heal|p1a: Tyranitar|60/100|[from] item: Leftovers
|upkeep
|turn|26
|inactive|Elisy has 240 seconds left.
|
|t:|1730998816
|cant|p2a: Suicune|slp
|move|p1a: Tyranitar|Roar|p2a: Suicune
|drag|p2a: Magneton|Magneton|100/100
|
|-weather|Sandstorm|[upkeep]
|-heal|p1a: Tyranitar|66/100|[from] item: Leftovers
|upkeep
|turn|27
|
|t:|1730998822
|switch|p2a: Zapdos|Zapdos|100/100 slp
|move|p1a: Tyranitar|Earthquake|p2a: Zapdos
|-immune|p2a: Zapdos
|
|-weather|Sandstorm|[upkeep]
|-damage|p2a: Zapdos|94/100 slp|[from] Sandstorm
|-heal|p2a: Zapdos|100/100 slp|[from] item: Leftovers
|-heal|p1a: Tyranitar|72/100|[from] item: Leftovers
|upkeep
|turn|28
|
|t:|1730998829
|switch|p2a: Suicune|Suicune|52/100 slp
|move|p1a: Tyranitar|Rock Slide|p2a: Suicune
|-damage|p2a: Suicune|29/100 slp
|
|-weather|Sandstorm|[upkeep]
|-damage|p2a: Suicune|23/100 slp|[from] Sandstorm
|-heal|p2a: Suicune|29/100 slp|[from] item: Leftovers
|-heal|p1a: Tyranitar|78/100|[from] item: Leftovers
|upkeep
|turn|29
|inactive|Elisy has 240 seconds left.
|
|t:|1730998854
|switch|p2a: Magneton|Magneton|100/100
|move|p1a: Tyranitar|Earthquake|p2a: Magneton
|-supereffective|p2a: Magneton
|-crit|p2a: Magneton
|-damage|p2a: Magneton|0 fnt
|faint|p2a: Magneton
|inactive|Elisy has 240 seconds left.
|
|t:|1730998864
|switch|p2a: Suicune|Suicune|29/100 slp
|
|-weather|Sandstorm|[upkeep]
|-damage|p2a: Suicune|23/100 slp|[from] Sandstorm
|-heal|p2a: Suicune|29/100 slp|[from] item: Leftovers
|-heal|p1a: Tyranitar|84/100|[from] item: Leftovers
|upkeep
|turn|30
|
|t:|1730998871
|cant|p2a: Suicune|slp
|move|p1a: Tyranitar|Rock Slide|p2a: Suicune
|-damage|p2a: Suicune|4/100 slp
|
|-weather|Sandstorm|[upkeep]
|-damage|p2a: Suicune|0 fnt|[from] Sandstorm
|faint|p2a: Suicune
|-heal|p1a: Tyranitar|91/100|[from] item: Leftovers
|upkeep
|
|t:|1730998876
|switch|p2a: Zapdos|Zapdos|100/100 slp
|turn|31
|
|t:|1730998879
|cant|p2a: Zapdos|slp
|move|p1a: Tyranitar|Rock Slide|p2a: Zapdos
|-supereffective|p2a: Zapdos
|-damage|p2a: Zapdos|7/100 slp
|
|-weather|Sandstorm|[upkeep]
|-damage|p2a: Zapdos|1/100 slp|[from] Sandstorm
|-heal|p2a: Zapdos|7/100 slp|[from] item: Leftovers
|-heal|p1a: Tyranitar|97/100|[from] item: Leftovers
|upkeep
|turn|32
|
|t:|1730998897
|-curestatus|p2a: Zapdos|slp|[msg]
|move|p2a: Zapdos|Thunderbolt|p1a: Tyranitar
|-damage|p1a: Tyranitar|62/100
|move|p1a: Tyranitar|Hidden Power|p2a: Zapdos
|-resisted|p2a: Zapdos
|-damage|p2a: Zapdos|0 fnt
|faint|p2a: Zapdos
|inactive|Elisy has 240 seconds left.
|
|t:|1730998932
|switch|p2a: Snorlax|Snorlax, M|25/100
|
|-weather|Sandstorm|[upkeep]
|-damage|p2a: Snorlax|18/100|[from] Sandstorm
|-heal|p1a: Tyranitar|68/100|[from] item: Leftovers
|-heal|p2a: Snorlax|25/100|[from] item: Leftovers
|upkeep
|turn|33
|c|☆Elisy|gg
|c|☆G3neralR3van|gg
|
|t:|1730998942
|move|p1a: Tyranitar|Earthquake|p2a: Snorlax
|-damage|p2a: Snorlax|0 fnt
|faint|p2a: Snorlax
|
|win|G3neralR3van
|c|☆G3neralR3van|wp - sorry about the crits

</script>
<script type="application/json" class="data" id="replaydata-smogtours-gen3ou-805094">
{"id":"smogtours-gen3ou-805094","format":"[Gen 3] OU","players":["G3neralR3van","Elisy"],"uploadtime":1730998942,"views":41,"formatid":"gen3ou","rating":null,"private":1,"password":null}
</script>

<script defer src="js/replays.js?9d40a366"></script>
