<!DOCTYPE html>
<meta charset="utf-8" />
<meta name="viewport" content="width=device-width" />

<title>[Gen 3] OU: Derevien vs. xgermx - Replays - Pok&eacute;mon Showdown!</title>

<meta name="description" content="Watch a replay of a Pok&eacute;mon battle between Derevien and xgermx! Format: [Gen 3] OU; Date: Oct 22, 2024" />
<!--

Hey, you! Looking in the source for the replay log?

You can find them in JSON format, just add `.json` at the end of a replay URL.

https://replay.pokemonshowdown.com/gen7randomdoublesbattle-865046831.json

Or, if you only need the log itself, add `.log` instead:

https://replay.pokemonshowdown.com/gen7randomdoublesbattle-865046831.log

-->

<link rel="stylesheet" href="//pokemonshowdown.com/style/global.css?0.023195364461161105" />
<link rel="stylesheet" href="//play.pokemonshowdown.com/style/font-awesome.css?0.13261647063804238" />
<link rel="stylesheet" href="//play.pokemonshowdown.com/style/battle.css?0.8753245789963631" />
<link rel="stylesheet" href="//play.pokemonshowdown.com/style/utilichart.css?0.8627959624976733" />

<!-- Global site tag (gtag.js) - Google Analytics -->
<script async src="https://www.googletagmanager.com/gtag/js?id=UA-26211653-1"></script>
<script>
  window.dataLayer = window.dataLayer || [];
  function gtag(){dataLayer.push(arguments);}
  gtag('js', new Date());

  gtag('config', 'UA-26211653-1');
</script>
<!-- End Google Analytics -->
<!-- Venatus Ad Manager - Install in <HEAD> of page -->
	<script src="https://hb.vntsm.com/v3/live/ad-manager.min.js" type="text/javascript" data-site-id="642aba63ec9a7b11c3c9c1be" data-mode="scan" async></script>
<!-- / Venatus Ad Manager -->

<style>
	@media (max-width:820px) {
		.battle {
			margin: 0 auto;
		}
		.battle-log {
			margin: 7px auto 0;
			max-width: 640px;
			height: 300px;
			position: static;
		}
	}
	.optgroup {
		display: inline-block;
		line-height: 22px;
		font-size: 10pt;
	}
	.optgroup .button {
		height: 25px;
		padding-top: 0;
		padding-bottom: 0;
	}
	.optgroup button.button {
		padding-left: 12px;
		padding-right: 12px;
	}
	.linklist {
		list-style: none;
		margin: 0.5em 0;
		padding: 0;
	}
	.linklist li {
		padding: 2px 0;
	}
	.sidebar {
		float: left;
		width: 320px;
	}
	.bar-wrapper {
		max-width: 1100px;
		margin: 0 auto;
	}
	.bar-wrapper.has-sidebar {
		max-width: 1430px;
	}
	.mainbar {
		margin: 0;
		padding-right: 1px;
	}
	.mainbar.has-sidebar {
		margin-left: 330px;
	}
	@media (min-width: 1511px) {
		.sidebar {
			width: 400px;
		}
		.bar-wrapper.has-sidebar {
			max-width: 1510px;
		}
		.mainbar.has-sidebar {
			margin-left: 410px;
		}
	}
	.section.first-section {
		margin-top: 9px;
	}
	.blocklink small {
		white-space: normal;
	}
	.button {
		vertical-align: middle;
	}
	.replay-controls {
		padding-top: 10px;
	}
	.replay-controls h1 {
		font-size: 16pt;
		font-weight: normal;
		color: #CCC;
	}
	.pagelink {
		text-align: center;
	}
	.pagelink a {
		width: 150px;
	}
	.textbox, .button {
		font-size: 11pt;
		vertical-align: middle;
	}
	@media (max-width: 450px) {
		.button {
			font-size: 9pt;
		}
	}
</style>

<div>

	<header>
		<div class="nav-wrapper"><ul class="nav">
			<li><a class="button nav-first" href="//pokemonshowdown.com/"><img src="//pokemonshowdown.com/images/pokemonshowdownbeta.png" srcset="//pokemonshowdown.com/images/pokemonshowdownbeta.png 1x, //pokemonshowdown.com/images/pokemonshowdownbeta@2x.png 2x" alt="Pok&eacute;mon Showdown" width="146" height="44" /> Home</a></li>
			<li><a class="button" href="//pokemonshowdown.com/dex/">Pok&eacute;dex</a></li>
			<li><a class="button cur" href="/">Replays</a></li>
			<li><a class="button" href="//pokemonshowdown.com/ladder/">Ladder</a></li>
			<li><a class="button nav-last" href="//pokemonshowdown.com/forums/">Forum</a></li>
			<li><a class="button greenbutton nav-first nav-last" href="//play.pokemonshowdown.com/">Play</a></li>
		</ul></div>
	</header>

	<div class="main" id="main">

		<noscript><section class="section">You need to enable JavaScript to use this page; sorry!</section></noscript>

	</div>

</div>

<script defer nomodule src="//play.pokemonshowdown.com/js/lib/ps-polyfill.js"></script>
<script defer src="//play.pokemonshowdown.com/js/lib/preact.min.js"></script>

<script defer src="//play.pokemonshowdown.com/config/config.js?2bddbc15"></script>
<script defer src="//play.pokemonshowdown.com/js/lib/jquery-1.11.0.min.js"></script>
<script defer src="//play.pokemonshowdown.com/js/lib/html-sanitizer-minified.js"></script>
<script defer src="//play.pokemonshowdown.com/js/battle-sound.js"></script>
<script defer src="//play.pokemonshowdown.com/js/battledata.js?0.7209276989879541"></script>
<script defer src="//play.pokemonshowdown.com/data/pokedex-mini.js?0.6111056340867951"></script>
<script defer src="//play.pokemonshowdown.com/data/pokedex-mini-bw.js?0.3532142036491459"></script>
<script defer src="//play.pokemonshowdown.com/data/graphics.js?0.24223875632456182"></script>
<script defer src="//play.pokemonshowdown.com/data/pokedex.js?0.38839984266356864"></script>
<script defer src="//play.pokemonshowdown.com/data/moves.js?0.21866028504024015"></script>
<script defer src="//play.pokemonshowdown.com/data/abilities.js?0.2005157953846628"></script>
<script defer src="//play.pokemonshowdown.com/data/items.js?0.9894211263848525"></script>
<script defer src="//play.pokemonshowdown.com/data/teambuilder-tables.js?0.6008791140282215"></script>
<script defer src="//play.pokemonshowdown.com/js/battle-tooltips.js?0.7580118955022959"></script>
<script defer src="//play.pokemonshowdown.com/js/battle.js?0.6057722274234274"></script>

<script defer src="js/utils.js?e31f9a17"></script>
<script defer src="js/replays-battle.js?7008c182"></script>

<!-- don't scrape this data! just add .json or .log after the URL!
Full API docs: https://github.com/smogon/pokemon-showdown-client/blob/master/WEB-API.md -->
<script type="text/plain" class="log" id="replaylog-smogtours-gen3ou-801202">
|inactive|Battle timer is ON: inactive players will automatically lose when time's up.
|t:|1729612079
|gametype|singles
|player|p1|Derevien|acetrainerf-gen6|
|player|p2|xgermx|swimmerf-gen4dp|
|teamsize|p1|6
|teamsize|p2|6
|gen|3
|tier|[Gen 3] OU
|rule|Sleep Clause Mod: Limit one foe put to sleep
|rule|Switch Priority Clause Mod: Faster Pokémon switch first
|rule|Species Clause: Limit one of each Pokémon
|rule|OHKO Clause: OHKO moves are banned
|rule|Evasion Items Clause: Evasion items are banned
|rule|Evasion Moves Clause: Evasion moves are banned
|rule|Endless Battle Clause: Forcing endless battles is banned
|rule|HP Percentage Mod: HP is shown in percentages
|rule|One Boost Passer Clause: Limit one Baton Passer that has a way to boost its stats
|rule|Freeze Clause Mod: Limit one foe frozen
|
|t:|1729612079
|start
|switch|p1a: Charmina|Medicham, F|100/100
|switch|p2a: Suicune|Suicune|100/100
|turn|1
|c|☆Derevien|gl hf
|c|☆xgermx|glhf
|
|t:|1729612098
|switch|p1a: Ronflex|Snorlax, F|100/100
|move|p2a: Suicune|Surf|p1a: Ronflex
|-damage|p1a: Ronflex|78/100
|
|-heal|p1a: Ronflex|84/100|[from] item: Leftovers
|upkeep
|turn|2
|
|t:|1729612104
|switch|p2a: Forretress|Forretress, F|100/100
|move|p1a: Ronflex|Body Slam|p2a: Forretress
|-resisted|p2a: Forretress
|-damage|p2a: Forretress|88/100
|
|-heal|p2a: Forretress|94/100|[from] item: Leftovers
|-heal|p1a: Ronflex|90/100|[from] item: Leftovers
|upkeep
|turn|3
|
|t:|1729612116
|switch|p1a: Magnéton|Magneton|100/100
|move|p2a: Forretress|Spikes|p1a: Magnéton
|-sidestart|p1: Derevien|Spikes
|
|-heal|p2a: Forretress|99/100|[from] item: Leftovers
|upkeep
|turn|4
|
|t:|1729612123
|move|p1a: Magnéton|Hidden Power|p2a: Forretress
|-supereffective|p2a: Forretress
|-damage|p2a: Forretress|0 fnt
|faint|p2a: Forretress
|
|t:|1729612127
|switch|p2a: Dugtrio|Dugtrio, F|100/100
|
|upkeep
|turn|5
|
|t:|1729612129
|move|p2a: Dugtrio|Earthquake|p1a: Magnéton
|-supereffective|p1a: Magnéton
|-damage|p1a: Magnéton|0 fnt
|faint|p1a: Magnéton
|
|t:|1729612137
|switch|p1a: Drattak|Salamence, M|100/100
|-ability|p1a: Drattak|Intimidate|boost
|-unboost|p2a: Dugtrio|atk|1
|
|upkeep
|turn|6
|
|t:|1729612147
|switch|p2a: Suicune|Suicune|100/100
|move|p1a: Drattak|Hidden Power|p2a: Suicune
|-damage|p2a: Suicune|66/100
|
|-heal|p2a: Suicune|72/100|[from] item: Leftovers
|upkeep
|turn|7
|
|t:|1729612157
|switch|p1a: Ronflex|Snorlax, F|90/100
|-damage|p1a: Ronflex|78/100|[from] Spikes
|move|p2a: Suicune|Calm Mind|p2a: Suicune
|-boost|p2a: Suicune|spa|1
|-boost|p2a: Suicune|spd|1
|
|-heal|p2a: Suicune|78/100|[from] item: Leftovers
|-heal|p1a: Ronflex|84/100|[from] item: Leftovers
|upkeep
|turn|8
|
|t:|1729612178
|move|p2a: Suicune|Surf|p1a: Ronflex
|-damage|p1a: Ronflex|49/100
|move|p1a: Ronflex|Body Slam|p2a: Suicune
|-damage|p2a: Suicune|41/100
|
|-heal|p2a: Suicune|47/100|[from] item: Leftovers
|-heal|p1a: Ronflex|55/100|[from] item: Leftovers
|upkeep
|turn|9
|
|t:|1729612186
|move|p2a: Suicune|Surf|p1a: Ronflex
|-damage|p1a: Ronflex|21/100
|move|p1a: Ronflex|Body Slam|p2a: Suicune
|-damage|p2a: Suicune|13/100
|
|-heal|p2a: Suicune|19/100|[from] item: Leftovers
|-heal|p1a: Ronflex|27/100|[from] item: Leftovers
|upkeep
|turn|10
|
|t:|1729612203
|move|p2a: Suicune|Ice Beam|p1a: Ronflex
|-damage|p1a: Ronflex|3/100
|move|p1a: Ronflex|Body Slam|p2a: Suicune
|-damage|p2a: Suicune|0 fnt
|faint|p2a: Suicune
|
|t:|1729612216
|switch|p2a: Moltres|Moltres|100/100
|
|-heal|p1a: Ronflex|9/100|[from] item: Leftovers
|upkeep
|turn|11
|
|t:|1729612223
|move|p2a: Moltres|Flamethrower|p1a: Ronflex
|-crit|p1a: Ronflex
|-damage|p1a: Ronflex|0 fnt
|faint|p1a: Ronflex
|
|t:|1729612230
|switch|p1a: Drattak|Salamence, M|100/100
|-ability|p1a: Drattak|Intimidate|boost
|-unboost|p2a: Moltres|atk|1
|
|upkeep
|turn|12
|
|t:|1729612245
|switch|p2a: Jirachi|Jirachi|100/100
|move|p1a: Drattak|Rock Slide|p2a: Jirachi
|-resisted|p2a: Jirachi
|-damage|p2a: Jirachi|89/100
|
|-heal|p2a: Jirachi|96/100|[from] item: Leftovers
|upkeep
|turn|13
|
|t:|1729612258
|move|p1a: Drattak|Earthquake|p2a: Jirachi
|-supereffective|p2a: Jirachi
|-damage|p2a: Jirachi|43/100
|move|p2a: Jirachi|Body Slam|p1a: Drattak
|-damage|p1a: Drattak|78/100
|-status|p1a: Drattak|par
|
|-heal|p2a: Jirachi|49/100|[from] item: Leftovers
|-heal|p1a: Drattak|84/100 par|[from] item: Leftovers
|upkeep
|turn|14
|
|t:|1729612270
|move|p2a: Jirachi|Protect|p2a: Jirachi
|-singleturn|p2a: Jirachi|Protect
|move|p1a: Drattak|Earthquake|p2a: Jirachi
|-activate|p2a: Jirachi|Protect
|
|-heal|p2a: Jirachi|55/100|[from] item: Leftovers
|-heal|p1a: Drattak|90/100 par|[from] item: Leftovers
|upkeep
|turn|15
|
|t:|1729612277
|move|p2a: Jirachi|Wish|p2a: Jirachi
|move|p1a: Drattak|Earthquake|p2a: Jirachi
|-supereffective|p2a: Jirachi
|-damage|p2a: Jirachi|2/100
|
|-heal|p2a: Jirachi|8/100|[from] item: Leftovers
|-heal|p1a: Drattak|96/100 par|[from] item: Leftovers
|upkeep
|turn|16
|
|t:|1729612284
|move|p2a: Jirachi|Protect|p2a: Jirachi
|-singleturn|p2a: Jirachi|Protect
|move|p1a: Drattak|Earthquake|p2a: Jirachi
|-activate|p2a: Jirachi|Protect
|
|-heal|p2a: Jirachi|58/100|[from] move: Wish|[wisher] Jirachi
|-heal|p2a: Jirachi|64/100|[from] item: Leftovers
|-heal|p1a: Drattak|100/100 par|[from] item: Leftovers
|upkeep
|turn|17
|
|t:|1729612303
|switch|p2a: Blissey|Blissey, F|100/100
|move|p1a: Drattak|Earthquake|p2a: Blissey
|-damage|p2a: Blissey|63/100
|
|-heal|p2a: Blissey|70/100|[from] item: Leftovers
|upkeep
|turn|18
|
|t:|1729612314
|switch|p1a: Charmina|Medicham, F|100/100
|-damage|p1a: Charmina|88/100|[from] Spikes
|move|p2a: Blissey|Ice Beam|p1a: Charmina
|-damage|p1a: Charmina|49/100
|-status|p1a: Charmina|frz
|
|-heal|p2a: Blissey|76/100|[from] item: Leftovers
|upkeep
|turn|19
|
|t:|1729612327
|cant|p1a: Charmina|frz
|move|p2a: Blissey|Ice Beam|p1a: Charmina
|-damage|p1a: Charmina|12/100 frz
|
|-enditem|p1a: Charmina|Salac Berry|[eat]
|-boost|p1a: Charmina|spe|1|[from] item: Salac Berry
|-heal|p2a: Blissey|82/100|[from] item: Leftovers
|upkeep
|turn|20
|
|t:|1729612335
|cant|p1a: Charmina|frz
|move|p2a: Blissey|Ice Beam|p1a: Charmina
|-damage|p1a: Charmina|0 fnt
|faint|p1a: Charmina
|
|t:|1729612338
|switch|p1a: Métalosse|Metagross|100/100
|-damage|p1a: Métalosse|88/100|[from] Spikes
|
|-heal|p1a: Métalosse|94/100|[from] item: Leftovers
|-heal|p2a: Blissey|88/100|[from] item: Leftovers
|upkeep
|turn|21
|inactive|xgermx has 270 seconds left.
|
|t:|1729612371
|switch|p2a: Moltres|Moltres|100/100
|move|p1a: Métalosse|Meteor Mash|p2a: Moltres
|-resisted|p2a: Moltres
|-crit|p2a: Moltres
|-damage|p2a: Moltres|40/100
|-boost|p1a: Métalosse|atk|1
|
|-heal|p2a: Moltres|46/100|[from] item: Leftovers
|-heal|p1a: Métalosse|99/100|[from] item: Leftovers
|upkeep
|turn|22
|
|t:|1729612380
|switch|p1a: Drattak|Salamence, M|100/100 par
|-ability|p1a: Drattak|Intimidate|boost
|-unboost|p2a: Moltres|atk|1
|move|p2a: Moltres|Flamethrower|p1a: Drattak
|-resisted|p1a: Drattak
|-damage|p1a: Drattak|71/100 par
|
|-heal|p2a: Moltres|52/100|[from] item: Leftovers
|-heal|p1a: Drattak|77/100 par|[from] item: Leftovers
|upkeep
|turn|23
|
|t:|1729612393
|switch|p2a: Blissey|Blissey, F|88/100
|cant|p1a: Drattak|par
|
|-heal|p2a: Blissey|94/100|[from] item: Leftovers
|-heal|p1a: Drattak|83/100 par|[from] item: Leftovers
|upkeep
|turn|24
|
|t:|1729612399
|move|p2a: Blissey|Thunderbolt|p1a: Drattak
|-damage|p1a: Drattak|59/100 par
|move|p1a: Drattak|Hidden Power|p2a: Blissey
|-damage|p2a: Blissey|59/100
|
|-heal|p2a: Blissey|65/100|[from] item: Leftovers
|-heal|p1a: Drattak|65/100 par|[from] item: Leftovers
|upkeep
|turn|25
|
|t:|1729612407
|switch|p1a: Métalosse|Metagross|99/100
|-damage|p1a: Métalosse|88/100|[from] Spikes
|move|p2a: Blissey|Soft-Boiled|p2a: Blissey
|-heal|p2a: Blissey|100/100
|
|-heal|p1a: Métalosse|94/100|[from] item: Leftovers
|upkeep
|turn|26
|
|t:|1729612416
|move|p1a: Métalosse|Meteor Mash|p2a: Blissey
|-damage|p2a: Blissey|51/100
|move|p2a: Blissey|Thunderbolt|p1a: Métalosse
|-damage|p1a: Métalosse|69/100
|
|-heal|p1a: Métalosse|75/100|[from] item: Leftovers
|-heal|p2a: Blissey|57/100|[from] item: Leftovers
|upkeep
|turn|27
|
|t:|1729612434
|switch|p2a: Moltres|Moltres|52/100
|move|p1a: Métalosse|Meteor Mash|p2a: Moltres
|-resisted|p2a: Moltres
|-damage|p2a: Moltres|23/100
|
|-heal|p2a: Moltres|29/100|[from] item: Leftovers
|-heal|p1a: Métalosse|81/100|[from] item: Leftovers
|upkeep
|turn|28
|
|t:|1729612442
|switch|p1a: Drattak|Salamence, M|65/100 par
|-ability|p1a: Drattak|Intimidate|boost
|-unboost|p2a: Moltres|atk|1
|move|p2a: Moltres|Flamethrower|p1a: Drattak
|-resisted|p1a: Drattak
|-damage|p1a: Drattak|37/100 par
|
|-heal|p2a: Moltres|35/100|[from] item: Leftovers
|-heal|p1a: Drattak|43/100 par|[from] item: Leftovers
|upkeep
|turn|29
|inactive|xgermx has 270 seconds left.
|inactive|xgermx has 240 seconds left.
|inactive|xgermx has 210 seconds left.
|inactive|xgermx has 180 seconds left.
|
|t:|1729612567
|move|p2a: Moltres|Flamethrower|p1a: Drattak
|-resisted|p1a: Drattak
|-damage|p1a: Drattak|17/100 par
|move|p1a: Drattak|Hidden Power|p2a: Moltres
|-damage|p2a: Moltres|0 fnt
|faint|p2a: Moltres
|
|t:|1729612584
|switch|p2a: Blissey|Blissey, F|57/100
|
|-heal|p2a: Blissey|63/100|[from] item: Leftovers
|-heal|p1a: Drattak|23/100 par|[from] item: Leftovers
|upkeep
|turn|30
|
|t:|1729612589
|move|p2a: Blissey|Thunderbolt|p1a: Drattak
|-damage|p1a: Drattak|0 fnt
|faint|p1a: Drattak
|
|t:|1729612591
|switch|p1a: Métalosse|Metagross|81/100
|-damage|p1a: Métalosse|69/100|[from] Spikes
|
|-heal|p1a: Métalosse|75/100|[from] item: Leftovers
|-heal|p2a: Blissey|69/100|[from] item: Leftovers
|upkeep
|turn|31
|inactive|xgermx has 180 seconds left.
|
|t:|1729612598
|move|p1a: Métalosse|Meteor Mash|p2a: Blissey
|-damage|p2a: Blissey|21/100
|move|p2a: Blissey|Thunderbolt|p1a: Métalosse
|-damage|p1a: Métalosse|52/100
|
|-heal|p1a: Métalosse|58/100|[from] item: Leftovers
|-heal|p2a: Blissey|27/100|[from] item: Leftovers
|upkeep
|turn|32
|
|t:|1729612606
|move|p1a: Métalosse|Earthquake|p2a: Blissey
|-damage|p2a: Blissey|0 fnt
|faint|p2a: Blissey
|
|t:|1729612609
|switch|p2a: Dugtrio|Dugtrio, F|100/100
|
|-heal|p1a: Métalosse|64/100|[from] item: Leftovers
|upkeep
|turn|33
|
|t:|1729612614
|move|p2a: Dugtrio|Earthquake|p1a: Métalosse
|-supereffective|p1a: Métalosse
|-damage|p1a: Métalosse|0 fnt
|faint|p1a: Métalosse
|
|t:|1729612616
|switch|p1a: Suicune|Suicune|100/100
|-damage|p1a: Suicune|88/100|[from] Spikes
|
|-heal|p1a: Suicune|94/100|[from] item: Leftovers
|upkeep
|turn|34
|inactive|xgermx has 210 seconds left.
|
|t:|1729612622
|move|p2a: Dugtrio|Earthquake|p1a: Suicune
|-damage|p1a: Suicune|47/100
|move|p1a: Suicune|Surf|p2a: Dugtrio
|-supereffective|p2a: Dugtrio
|-damage|p2a: Dugtrio|0 fnt
|faint|p2a: Dugtrio
|inactive|xgermx has 210 seconds left.
|
|t:|1729612628
|switch|p2a: Jirachi|Jirachi|64/100
|
|-heal|p2a: Jirachi|71/100|[from] item: Leftovers
|-heal|p1a: Suicune|53/100|[from] item: Leftovers
|upkeep
|turn|35
|
|t:|1729612633
|move|p2a: Jirachi|Body Slam|p1a: Suicune
|-damage|p1a: Suicune|37/100
|-status|p1a: Suicune|par
|move|p1a: Suicune|Calm Mind|p1a: Suicune
|-boost|p1a: Suicune|spa|1
|-boost|p1a: Suicune|spd|1
|
|-heal|p2a: Jirachi|77/100|[from] item: Leftovers
|-heal|p1a: Suicune|43/100 par|[from] item: Leftovers
|upkeep
|turn|36
|
|t:|1729612642
|move|p2a: Jirachi|Body Slam|p1a: Suicune
|-damage|p1a: Suicune|27/100 par
|cant|p1a: Suicune|par
|
|-heal|p2a: Jirachi|83/100|[from] item: Leftovers
|-heal|p1a: Suicune|34/100 par|[from] item: Leftovers
|upkeep
|turn|37
|
|t:|1729612649
|move|p2a: Jirachi|Body Slam|p1a: Suicune
|-damage|p1a: Suicune|20/100 par
|move|p1a: Suicune|Rest|p1a: Suicune
|-status|p1a: Suicune|slp|[from] move: Rest
|-heal|p1a: Suicune|100/100 slp|[silent]
|
|-heal|p2a: Jirachi|89/100|[from] item: Leftovers
|upkeep
|turn|38
|c|☆xgermx|gg
|c|☆Derevien|gg
|-message|xgermx forfeited.
|
|win|Derevien
|player|p1|
|player|p1|Derevien|acetrainerf-gen6|
|player|p2|

</script>
<script type="application/json" class="data" id="replaydata-smogtours-gen3ou-801202">
{"id":"smogtours-gen3ou-801202","format":"[Gen 3] OU","players":["Derevien","xgermx"],"uploadtime":1729612664,"views":107,"formatid":"gen3ou","rating":null,"private":0,"password":null}
</script>

<script defer src="js/replays.js?9d40a366"></script>
