<!DOCTYPE html>
<meta charset="utf-8" />
<meta name="viewport" content="width=device-width" />

<title>[Gen 3] OU: msoft_j vs. Hachimaki98 - Replays - Pok&eacute;mon Showdown!</title>

<meta name="description" content="Watch a replay of a Pok&eacute;mon battle between msoft_j and Hachimaki98! Format: [Gen 3] OU; Date: Oct 7, 2024" />
<!--

Hey, you! Looking in the source for the replay log?

You can find them in JSON format, just add `.json` at the end of a replay URL.

https://replay.pokemonshowdown.com/gen7randomdoublesbattle-865046831.json

Or, if you only need the log itself, add `.log` instead:

https://replay.pokemonshowdown.com/gen7randomdoublesbattle-865046831.log

-->

<link rel="stylesheet" href="//pokemonshowdown.com/style/global.css?0.023195364461161105" />
<link rel="stylesheet" href="//play.pokemonshowdown.com/style/font-awesome.css?0.13261647063804238" />
<link rel="stylesheet" href="//play.pokemonshowdown.com/style/battle.css?0.8753245789963631" />
<link rel="stylesheet" href="//play.pokemonshowdown.com/style/utilichart.css?0.8627959624976733" />

<!-- Global site tag (gtag.js) - Google Analytics -->
<script async src="https://www.googletagmanager.com/gtag/js?id=UA-26211653-1"></script>
<script>
  window.dataLayer = window.dataLayer || [];
  function gtag(){dataLayer.push(arguments);}
  gtag('js', new Date());

  gtag('config', 'UA-26211653-1');
</script>
<!-- End Google Analytics -->
<!-- Venatus Ad Manager - Install in <HEAD> of page -->
	<script src="https://hb.vntsm.com/v3/live/ad-manager.min.js" type="text/javascript" data-site-id="642aba63ec9a7b11c3c9c1be" data-mode="scan" async></script>
<!-- / Venatus Ad Manager -->

<style>
	@media (max-width:820px) {
		.battle {
			margin: 0 auto;
		}
		.battle-log {
			margin: 7px auto 0;
			max-width: 640px;
			height: 300px;
			position: static;
		}
	}
	.optgroup {
		display: inline-block;
		line-height: 22px;
		font-size: 10pt;
	}
	.optgroup .button {
		height: 25px;
		padding-top: 0;
		padding-bottom: 0;
	}
	.optgroup button.button {
		padding-left: 12px;
		padding-right: 12px;
	}
	.linklist {
		list-style: none;
		margin: 0.5em 0;
		padding: 0;
	}
	.linklist li {
		padding: 2px 0;
	}
	.sidebar {
		float: left;
		width: 320px;
	}
	.bar-wrapper {
		max-width: 1100px;
		margin: 0 auto;
	}
	.bar-wrapper.has-sidebar {
		max-width: 1430px;
	}
	.mainbar {
		margin: 0;
		padding-right: 1px;
	}
	.mainbar.has-sidebar {
		margin-left: 330px;
	}
	@media (min-width: 1511px) {
		.sidebar {
			width: 400px;
		}
		.bar-wrapper.has-sidebar {
			max-width: 1510px;
		}
		.mainbar.has-sidebar {
			margin-left: 410px;
		}
	}
	.section.first-section {
		margin-top: 9px;
	}
	.blocklink small {
		white-space: normal;
	}
	.button {
		vertical-align: middle;
	}
	.replay-controls {
		padding-top: 10px;
	}
	.replay-controls h1 {
		font-size: 16pt;
		font-weight: normal;
		color: #CCC;
	}
	.pagelink {
		text-align: center;
	}
	.pagelink a {
		width: 150px;
	}
	.textbox, .button {
		font-size: 11pt;
		vertical-align: middle;
	}
	@media (max-width: 450px) {
		.button {
			font-size: 9pt;
		}
	}
</style>

<div>

	<header>
		<div class="nav-wrapper"><ul class="nav">
			<li><a class="button nav-first" href="//pokemonshowdown.com/"><img src="//pokemonshowdown.com/images/pokemonshowdownbeta.png" srcset="//pokemonshowdown.com/images/pokemonshowdownbeta.png 1x, //pokemonshowdown.com/images/pokemonshowdownbeta@2x.png 2x" alt="Pok&eacute;mon Showdown" width="146" height="44" /> Home</a></li>
			<li><a class="button" href="//pokemonshowdown.com/dex/">Pok&eacute;dex</a></li>
			<li><a class="button cur" href="/">Replays</a></li>
			<li><a class="button" href="//pokemonshowdown.com/ladder/">Ladder</a></li>
			<li><a class="button nav-last" href="//pokemonshowdown.com/forums/">Forum</a></li>
			<li><a class="button greenbutton nav-first nav-last" href="//play.pokemonshowdown.com/">Play</a></li>
		</ul></div>
	</header>

	<div class="main" id="main">

		<noscript><section class="section">You need to enable JavaScript to use this page; sorry!</section></noscript>

	</div>

</div>

<script defer nomodule src="//play.pokemonshowdown.com/js/lib/ps-polyfill.js"></script>
<script defer src="//play.pokemonshowdown.com/js/lib/preact.min.js"></script>

<script defer src="//play.pokemonshowdown.com/config/config.js?2bddbc15"></script>
<script defer src="//play.pokemonshowdown.com/js/lib/jquery-1.11.0.min.js"></script>
<script defer src="//play.pokemonshowdown.com/js/lib/html-sanitizer-minified.js"></script>
<script defer src="//play.pokemonshowdown.com/js/battle-sound.js"></script>
<script defer src="//play.pokemonshowdown.com/js/battledata.js?0.7209276989879541"></script>
<script defer src="//play.pokemonshowdown.com/data/pokedex-mini.js?0.6111056340867951"></script>
<script defer src="//play.pokemonshowdown.com/data/pokedex-mini-bw.js?0.3532142036491459"></script>
<script defer src="//play.pokemonshowdown.com/data/graphics.js?0.24223875632456182"></script>
<script defer src="//play.pokemonshowdown.com/data/pokedex.js?0.38839984266356864"></script>
<script defer src="//play.pokemonshowdown.com/data/moves.js?0.21866028504024015"></script>
<script defer src="//play.pokemonshowdown.com/data/abilities.js?0.2005157953846628"></script>
<script defer src="//play.pokemonshowdown.com/data/items.js?0.9894211263848525"></script>
<script defer src="//play.pokemonshowdown.com/data/teambuilder-tables.js?0.6008791140282215"></script>
<script defer src="//play.pokemonshowdown.com/js/battle-tooltips.js?0.7580118955022959"></script>
<script defer src="//play.pokemonshowdown.com/js/battle.js?0.6057722274234274"></script>

<script defer src="js/utils.js?e31f9a17"></script>
<script defer src="js/replays-battle.js?7008c182"></script>

<!-- don't scrape this data! just add .json or .log after the URL!
Full API docs: https://github.com/smogon/pokemon-showdown-client/blob/master/WEB-API.md -->
<script type="text/plain" class="log" id="replaylog-smogtours-gen3ou-796132">
|inactive|Battle timer is ON: inactive players will automatically lose when time's up.
|t:|1728293532
|gametype|singles
|player|p1|msoft_j|supernerd|
|player|p2|Hachimaki98|265|
|teamsize|p1|6
|teamsize|p2|6
|gen|3
|tier|[Gen 3] OU
|rule|Sleep Clause Mod: Limit one foe put to sleep
|rule|Switch Priority Clause Mod: Faster Pokémon switch first
|rule|Species Clause: Limit one of each Pokémon
|rule|OHKO Clause: OHKO moves are banned
|rule|Evasion Items Clause: Evasion items are banned
|rule|Evasion Moves Clause: Evasion moves are banned
|rule|Endless Battle Clause: Forcing endless battles is banned
|rule|HP Percentage Mod: HP is shown in percentages
|rule|One Boost Passer Clause: Limit one Baton Passer that has a way to boost its stats
|rule|Freeze Clause Mod: Limit one foe frozen
|
|t:|1728293532
|start
|switch|p1a: Snorlax|Snorlax, F|100/100
|switch|p2a: Zapdos|Zapdos|100/100
|turn|1
|c|☆Hachimaki98|Hf!
|c|☆msoft_j|u2
|inactive|Hachimaki98 has 270 seconds left.
|
|t:|1728293578
|move|p2a: Zapdos|Thunderbolt|p1a: Snorlax
|-damage|p1a: Snorlax|78/100
|move|p1a: Snorlax|Body Slam|p2a: Zapdos
|-damage|p2a: Zapdos|65/100
|
|-heal|p2a: Zapdos|71/100|[from] item: Leftovers
|-heal|p1a: Snorlax|84/100|[from] item: Leftovers
|upkeep
|turn|2
|
|t:|1728293584
|switch|p2a: Tyranitar|Tyranitar, F|100/100
|-weather|Sandstorm|[from] ability: Sand Stream|[of] p2a: Tyranitar
|move|p1a: Snorlax|Body Slam|p2a: Tyranitar
|-resisted|p2a: Tyranitar
|-damage|p2a: Tyranitar|83/100
|
|-weather|Sandstorm|[upkeep]
|-damage|p1a: Snorlax|78/100|[from] Sandstorm
|-heal|p2a: Tyranitar|89/100|[from] item: Leftovers
|-heal|p1a: Snorlax|84/100|[from] item: Leftovers
|upkeep
|turn|3
|
|t:|1728293605
|switch|p2a: Celebi|Celebi|100/100
|switch|p1a: Weezing|Weezing, F|100/100
|
|-weather|Sandstorm|[upkeep]
|-damage|p2a: Celebi|94/100|[from] Sandstorm
|-damage|p1a: Weezing|94/100|[from] Sandstorm
|-heal|p2a: Celebi|100/100|[from] item: Leftovers
|-heal|p1a: Weezing|100/100|[from] item: Leftovers
|upkeep
|turn|4
|inactive|Hachimaki98 has 270 seconds left.
|
|t:|1728293631
|switch|p1a: Snorlax|Snorlax, F|84/100
|move|p2a: Celebi|Psychic|p1a: Snorlax
|-damage|p1a: Snorlax|64/100
|
|-weather|Sandstorm|[upkeep]
|-damage|p2a: Celebi|94/100|[from] Sandstorm
|-damage|p1a: Snorlax|58/100|[from] Sandstorm
|-heal|p2a: Celebi|100/100|[from] item: Leftovers
|-heal|p1a: Snorlax|64/100|[from] item: Leftovers
|upkeep
|turn|5
|inactive|Hachimaki98 has 270 seconds left.
|
|t:|1728293648
|switch|p2a: Tyranitar|Tyranitar, F|89/100
|move|p1a: Snorlax|Body Slam|p2a: Tyranitar
|-resisted|p2a: Tyranitar
|-damage|p2a: Tyranitar|74/100
|
|-weather|Sandstorm|[upkeep]
|-damage|p1a: Snorlax|58/100|[from] Sandstorm
|-heal|p2a: Tyranitar|80/100|[from] item: Leftovers
|-heal|p1a: Snorlax|64/100|[from] item: Leftovers
|upkeep
|turn|6
|
|t:|1728293655
|switch|p1a: Claydol|Claydol|100/100
|move|p2a: Tyranitar|Rock Slide|p1a: Claydol
|-resisted|p1a: Claydol
|-damage|p1a: Claydol|83/100
|
|-weather|Sandstorm|[upkeep]
|-heal|p2a: Tyranitar|86/100|[from] item: Leftovers
|-heal|p1a: Claydol|89/100|[from] item: Leftovers
|upkeep
|turn|7
|inactive|Hachimaki98 has 270 seconds left.
|
|t:|1728293666
|switch|p2a: Zapdos|Zapdos|71/100
|move|p1a: Claydol|Earthquake|p2a: Zapdos
|-immune|p2a: Zapdos
|
|-weather|Sandstorm|[upkeep]
|-damage|p2a: Zapdos|65/100|[from] Sandstorm
|-heal|p2a: Zapdos|71/100|[from] item: Leftovers
|-heal|p1a: Claydol|96/100|[from] item: Leftovers
|upkeep
|turn|8
|inactive|Hachimaki98 has 270 seconds left.
|
|t:|1728293684
|switch|p2a: Celebi|Celebi|100/100
|switch|p1a: Blissey|Blissey, F|100/100
|
|-weather|Sandstorm|[upkeep]
|-damage|p2a: Celebi|94/100|[from] Sandstorm
|-damage|p1a: Blissey|94/100|[from] Sandstorm
|-heal|p2a: Celebi|100/100|[from] item: Leftovers
|-heal|p1a: Blissey|100/100|[from] item: Leftovers
|upkeep
|turn|9
|
|t:|1728293692
|move|p2a: Celebi|Leech Seed|p1a: Blissey
|-start|p1a: Blissey|move: Leech Seed
|move|p1a: Blissey|Ice Beam|p2a: Celebi
|-supereffective|p2a: Celebi
|-damage|p2a: Celebi|55/100
|
|-weather|Sandstorm|[upkeep]
|-damage|p2a: Celebi|49/100|[from] Sandstorm
|-damage|p1a: Blissey|94/100|[from] Sandstorm
|-heal|p2a: Celebi|55/100|[from] item: Leftovers
|-heal|p1a: Blissey|100/100|[from] item: Leftovers
|-damage|p1a: Blissey|88/100|[from] Leech Seed|[of] p2a: Celebi
|-heal|p2a: Celebi|79/100|[silent]
|upkeep
|turn|10
|inactive|Hachimaki98 has 270 seconds left.
|
|t:|1728293712
|switch|p1a: Snorlax|Snorlax, F|64/100
|move|p2a: Celebi|Giga Drain|p1a: Snorlax
|-damage|p1a: Snorlax|49/100
|-heal|p2a: Celebi|89/100|[from] drain|[of] p1a: Snorlax
|
|-weather|Sandstorm|[upkeep]
|-damage|p2a: Celebi|83/100|[from] Sandstorm
|-damage|p1a: Snorlax|43/100|[from] Sandstorm
|-heal|p2a: Celebi|89/100|[from] item: Leftovers
|-heal|p1a: Snorlax|49/100|[from] item: Leftovers
|upkeep
|turn|11
|inactive|Hachimaki98 has 240 seconds left.
|
|t:|1728293749
|switch|p2a: Skarmory|Skarmory, M|100/100
|move|p1a: Snorlax|Body Slam|p2a: Skarmory
|-resisted|p2a: Skarmory
|-damage|p2a: Skarmory|88/100
|-status|p2a: Skarmory|par
|
|-weather|Sandstorm|[upkeep]
|-damage|p1a: Snorlax|43/100|[from] Sandstorm
|-heal|p1a: Snorlax|49/100|[from] item: Leftovers
|-heal|p2a: Skarmory|94/100 par|[from] item: Leftovers
|upkeep
|turn|12
|
|t:|1728293758
|switch|p1a: Magneton|Magneton|100/100
|switch|p2a: Tyranitar|Tyranitar, F|86/100
|
|-weather|Sandstorm|[upkeep]
|-heal|p2a: Tyranitar|92/100|[from] item: Leftovers
|upkeep
|turn|13
|inactive|Hachimaki98 has 240 seconds left.
|
|t:|1728293766
|switch|p1a: Claydol|Claydol|96/100
|switch|p2a: Celebi|Celebi|89/100
|
|-weather|Sandstorm|[upkeep]
|-damage|p2a: Celebi|83/100|[from] Sandstorm
|-heal|p2a: Celebi|89/100|[from] item: Leftovers
|-heal|p1a: Claydol|100/100|[from] item: Leftovers
|upkeep
|turn|14
|inactive|Hachimaki98 has 240 seconds left.
|
|t:|1728293782
|switch|p1a: Blissey|Blissey, F|88/100
|move|p2a: Celebi|Leech Seed|p1a: Blissey
|-start|p1a: Blissey|move: Leech Seed
|
|-weather|Sandstorm|[upkeep]
|-damage|p2a: Celebi|83/100|[from] Sandstorm
|-damage|p1a: Blissey|82/100|[from] Sandstorm
|-heal|p2a: Celebi|89/100|[from] item: Leftovers
|-heal|p1a: Blissey|88/100|[from] item: Leftovers
|-damage|p1a: Blissey|76/100|[from] Leech Seed|[of] p2a: Celebi
|-heal|p2a: Celebi|100/100|[silent]
|upkeep
|turn|15
|inactive|Hachimaki98 has 240 seconds left.
|
|t:|1728293810
|switch|p2a: Zapdos|Zapdos|71/100
|switch|p1a: Snorlax|Snorlax, F|49/100
|
|-weather|Sandstorm|[upkeep]
|-damage|p2a: Zapdos|65/100|[from] Sandstorm
|-damage|p1a: Snorlax|43/100|[from] Sandstorm
|-heal|p2a: Zapdos|71/100|[from] item: Leftovers
|-heal|p1a: Snorlax|49/100|[from] item: Leftovers
|upkeep
|turn|16
|
|t:|1728293820
|switch|p2a: Skarmory|Skarmory, M|94/100 par
|move|p1a: Snorlax|Body Slam|p2a: Skarmory
|-resisted|p2a: Skarmory
|-damage|p2a: Skarmory|79/100 par
|
|-weather|Sandstorm|[upkeep]
|-damage|p1a: Snorlax|43/100|[from] Sandstorm
|-heal|p1a: Snorlax|49/100|[from] item: Leftovers
|-heal|p2a: Skarmory|85/100 par|[from] item: Leftovers
|upkeep
|turn|17
|
|t:|1728293831
|switch|p1a: Magneton|Magneton|100/100
|switch|p2a: Tyranitar|Tyranitar, F|92/100
|
|-weather|Sandstorm|[upkeep]
|-heal|p2a: Tyranitar|98/100|[from] item: Leftovers
|upkeep
|turn|18
|inactive|Hachimaki98 has 210 seconds left.
|
|t:|1728293852
|switch|p1a: Claydol|Claydol|100/100
|switch|p2a: Celebi|Celebi|100/100
|
|-weather|Sandstorm|[upkeep]
|-damage|p2a: Celebi|94/100|[from] Sandstorm
|-heal|p2a: Celebi|100/100|[from] item: Leftovers
|upkeep
|turn|19
|
|t:|1728293856
|move|p2a: Celebi|Leech Seed|p1a: Claydol
|-start|p1a: Claydol|move: Leech Seed
|move|p1a: Claydol|Explosion|p2a: Celebi
|-damage|p2a: Celebi|15/100
|faint|p1a: Claydol
|
|t:|1728293884
|switch|p1a: Weezing|Weezing, F|100/100
|
|-weather|Sandstorm|[upkeep]
|-damage|p2a: Celebi|9/100|[from] Sandstorm
|-damage|p1a: Weezing|94/100|[from] Sandstorm
|-heal|p2a: Celebi|15/100|[from] item: Leftovers
|-heal|p1a: Weezing|100/100|[from] item: Leftovers
|upkeep
|turn|20
|
|t:|1728293893
|move|p2a: Celebi|Psychic|p1a: Weezing
|-supereffective|p1a: Weezing
|-damage|p1a: Weezing|4/100
|move|p1a: Weezing|Sludge Bomb|p2a: Celebi
|-supereffective|p2a: Celebi
|-damage|p2a: Celebi|0 fnt
|faint|p2a: Celebi
|
|t:|1728293907
|switch|p2a: Tyranitar|Tyranitar, F|98/100
|
|-weather|Sandstorm|[upkeep]
|-damage|p1a: Weezing|0 fnt|[from] Sandstorm
|faint|p1a: Weezing
|-heal|p2a: Tyranitar|100/100|[from] item: Leftovers
|upkeep
|
|t:|1728293913
|switch|p1a: Suicune|Suicune|100/100
|turn|21
|inactive|Hachimaki98 has 210 seconds left.
|
|t:|1728293948
|move|p1a: Suicune|Surf|p2a: Tyranitar
|-supereffective|p2a: Tyranitar
|-damage|p2a: Tyranitar|40/100
|move|p2a: Tyranitar|Rock Slide|p1a: Suicune
|-damage|p1a: Suicune|77/100
|
|-weather|Sandstorm|[upkeep]
|-damage|p1a: Suicune|71/100|[from] Sandstorm
|-heal|p1a: Suicune|77/100|[from] item: Leftovers
|-heal|p2a: Tyranitar|46/100|[from] item: Leftovers
|upkeep
|turn|22
|inactive|Hachimaki98 has 210 seconds left.
|
|t:|1728293963
|switch|p2a: Zapdos|Zapdos|71/100
|move|p1a: Suicune|Surf|p2a: Zapdos
|-damage|p2a: Zapdos|48/100
|
|-weather|Sandstorm|[upkeep]
|-damage|p1a: Suicune|71/100|[from] Sandstorm
|-damage|p2a: Zapdos|42/100|[from] Sandstorm
|-heal|p1a: Suicune|77/100|[from] item: Leftovers
|-heal|p2a: Zapdos|48/100|[from] item: Leftovers
|upkeep
|turn|23
|
|t:|1728293973
|switch|p1a: Blissey|Blissey, F|76/100
|switch|p2a: Blissey|Blissey, F|100/100
|
|-weather|Sandstorm|[upkeep]
|-damage|p1a: Blissey|69/100|[from] Sandstorm
|-damage|p2a: Blissey|94/100|[from] Sandstorm
|-heal|p1a: Blissey|76/100|[from] item: Leftovers
|-heal|p2a: Blissey|100/100|[from] item: Leftovers
|upkeep
|turn|24
|
|t:|1728293977
|switch|p1a: Snorlax|Snorlax, F|49/100
|move|p2a: Blissey|Wish|p2a: Blissey
|
|-weather|Sandstorm|[upkeep]
|-damage|p2a: Blissey|94/100|[from] Sandstorm
|-damage|p1a: Snorlax|43/100|[from] Sandstorm
|-heal|p2a: Blissey|100/100|[from] item: Leftovers
|-heal|p1a: Snorlax|49/100|[from] item: Leftovers
|upkeep
|turn|25
|
|t:|1728293982
|switch|p2a: Tyranitar|Tyranitar, F|46/100
|move|p1a: Snorlax|Curse|p1a: Snorlax
|-unboost|p1a: Snorlax|spe|1
|-boost|p1a: Snorlax|atk|1
|-boost|p1a: Snorlax|def|1
|
|-heal|p2a: Tyranitar|96/100|[from] move: Wish|[wisher] Blissey
|-weather|Sandstorm|[upkeep]
|-damage|p1a: Snorlax|43/100|[from] Sandstorm
|-heal|p2a: Tyranitar|100/100|[from] item: Leftovers
|-heal|p1a: Snorlax|49/100|[from] item: Leftovers
|upkeep
|turn|26
|
|t:|1728293988
|move|p2a: Tyranitar|Rock Slide|p1a: Snorlax
|-damage|p1a: Snorlax|25/100
|cant|p1a: Snorlax|flinch
|
|-weather|Sandstorm|[upkeep]
|-damage|p1a: Snorlax|19/100|[from] Sandstorm
|-heal|p1a: Snorlax|25/100|[from] item: Leftovers
|upkeep
|turn|27
|
|t:|1728293994
|move|p2a: Tyranitar|Rock Slide|p1a: Snorlax
|-damage|p1a: Snorlax|0 fnt
|faint|p1a: Snorlax
|
|t:|1728293998
|switch|p1a: Suicune|Suicune|77/100
|
|-weather|Sandstorm|[upkeep]
|-damage|p1a: Suicune|71/100|[from] Sandstorm
|-heal|p1a: Suicune|77/100|[from] item: Leftovers
|upkeep
|turn|28
|
|t:|1728294004
|move|p1a: Suicune|Surf|p2a: Tyranitar
|-supereffective|p2a: Tyranitar
|-crit|p2a: Tyranitar
|-damage|p2a: Tyranitar|0 fnt
|faint|p2a: Tyranitar
|
|t:|1728294007
|switch|p2a: Zapdos|Zapdos|48/100
|
|-weather|Sandstorm|[upkeep]
|-damage|p1a: Suicune|71/100|[from] Sandstorm
|-damage|p2a: Zapdos|42/100|[from] Sandstorm
|-heal|p1a: Suicune|77/100|[from] item: Leftovers
|-heal|p2a: Zapdos|48/100|[from] item: Leftovers
|upkeep
|turn|29
|
|t:|1728294021
|switch|p1a: Magneton|Magneton|100/100
|switch|p2a: Blissey|Blissey, F|100/100
|
|-weather|Sandstorm|[upkeep]
|-damage|p2a: Blissey|94/100|[from] Sandstorm
|-heal|p2a: Blissey|100/100|[from] item: Leftovers
|upkeep
|turn|30
|
|t:|1728294025
|move|p1a: Magneton|Toxic|p2a: Blissey
|-status|p2a: Blissey|tox
|move|p2a: Blissey|Wish|p2a: Blissey
|
|-weather|Sandstorm|[upkeep]
|-damage|p2a: Blissey|94/100 tox|[from] Sandstorm
|-heal|p2a: Blissey|100/100 tox|[from] item: Leftovers
|-damage|p2a: Blissey|94/100 tox|[from] psn
|upkeep
|turn|31
|
|t:|1728294034
|move|p1a: Magneton|Thunderbolt|p2a: Blissey
|-damage|p2a: Blissey|76/100 tox
|move|p2a: Blissey|Seismic Toss|p1a: Magneton
|-damage|p1a: Magneton|61/100
|
|-heal|p2a: Blissey|100/100 tox|[from] move: Wish|[wisher] Blissey
|-weather|Sandstorm|[upkeep]
|-damage|p2a: Blissey|94/100 tox|[from] Sandstorm
|-heal|p1a: Magneton|67/100|[from] item: Leftovers
|-heal|p2a: Blissey|100/100 tox|[from] item: Leftovers
|-damage|p2a: Blissey|88/100 tox|[from] psn
|upkeep
|turn|32
|inactive|Hachimaki98 has 270 seconds left.
|
|t:|1728294041
|switch|p1a: Blissey|Blissey, F|76/100
|move|p2a: Blissey|Wish|p2a: Blissey
|
|-weather|Sandstorm|[upkeep]
|-damage|p1a: Blissey|69/100|[from] Sandstorm
|-damage|p2a: Blissey|82/100 tox|[from] Sandstorm
|-heal|p1a: Blissey|76/100|[from] item: Leftovers
|-heal|p2a: Blissey|88/100 tox|[from] item: Leftovers
|-damage|p2a: Blissey|70/100 tox|[from] psn
|upkeep
|turn|33
|
|t:|1728294043
|-curestatus|p2a: Blissey|tox|[from] ability: Natural Cure
|switch|p2a: Zapdos|Zapdos|48/100
|move|p1a: Blissey|Soft-Boiled|p1a: Blissey
|-heal|p1a: Blissey|100/100
|
|-heal|p2a: Zapdos|98/100|[from] move: Wish|[wisher] Blissey
|-weather|Sandstorm|[upkeep]
|-damage|p2a: Zapdos|92/100|[from] Sandstorm
|-damage|p1a: Blissey|94/100|[from] Sandstorm
|-heal|p2a: Zapdos|98/100|[from] item: Leftovers
|-heal|p1a: Blissey|100/100|[from] item: Leftovers
|upkeep
|turn|34
|
|t:|1728294049
|switch|p2a: Skarmory|Skarmory, M|85/100 par
|move|p1a: Blissey|Calm Mind|p1a: Blissey
|-boost|p1a: Blissey|spa|1
|-boost|p1a: Blissey|spd|1
|
|-weather|Sandstorm|[upkeep]
|-damage|p1a: Blissey|94/100|[from] Sandstorm
|-heal|p1a: Blissey|100/100|[from] item: Leftovers
|-heal|p2a: Skarmory|91/100 par|[from] item: Leftovers
|upkeep
|turn|35
|
|t:|1728294061
|move|p1a: Blissey|Thunderbolt|p2a: Skarmory
|-supereffective|p2a: Skarmory
|-damage|p2a: Skarmory|24/100 par
|move|p2a: Skarmory|Spikes|p1a: Blissey
|-sidestart|p1: msoft_j|Spikes
|
|-weather|Sandstorm|[upkeep]
|-damage|p1a: Blissey|94/100|[from] Sandstorm
|-heal|p1a: Blissey|100/100|[from] item: Leftovers
|-heal|p2a: Skarmory|30/100 par|[from] item: Leftovers
|upkeep
|turn|36
|
|t:|1728294071
|move|p1a: Blissey|Thunderbolt|p2a: Skarmory
|-supereffective|p2a: Skarmory
|-damage|p2a: Skarmory|0 fnt
|faint|p2a: Skarmory
|
|t:|1728294073
|switch|p2a: Blissey|Blissey, F|70/100
|
|-weather|Sandstorm|[upkeep]
|-damage|p1a: Blissey|94/100|[from] Sandstorm
|-damage|p2a: Blissey|64/100|[from] Sandstorm
|-heal|p1a: Blissey|100/100|[from] item: Leftovers
|-heal|p2a: Blissey|70/100|[from] item: Leftovers
|upkeep
|turn|37
|
|t:|1728294082
|switch|p1a: Magneton|Magneton|67/100
|-damage|p1a: Magneton|55/100|[from] Spikes
|move|p2a: Blissey|Seismic Toss|p1a: Magneton
|-damage|p1a: Magneton|16/100
|
|-weather|Sandstorm|[upkeep]
|-damage|p2a: Blissey|64/100|[from] Sandstorm
|-heal|p1a: Magneton|22/100|[from] item: Leftovers
|-heal|p2a: Blissey|70/100|[from] item: Leftovers
|upkeep
|turn|38
|
|t:|1728294087
|move|p1a: Magneton|Toxic|p2a: Blissey
|-status|p2a: Blissey|tox
|move|p2a: Blissey|Seismic Toss|p1a: Magneton
|-damage|p1a: Magneton|0 fnt
|faint|p1a: Magneton
|
|t:|1728294090
|switch|p1a: Blissey|Blissey, F|100/100
|-damage|p1a: Blissey|88/100|[from] Spikes
|
|-weather|Sandstorm|[upkeep]
|-damage|p1a: Blissey|82/100|[from] Sandstorm
|-damage|p2a: Blissey|64/100 tox|[from] Sandstorm
|-heal|p1a: Blissey|88/100|[from] item: Leftovers
|-heal|p2a: Blissey|70/100 tox|[from] item: Leftovers
|-damage|p2a: Blissey|64/100 tox|[from] psn
|upkeep
|turn|39
|
|t:|1728294095
|-curestatus|p2a: Blissey|tox|[from] ability: Natural Cure
|switch|p2a: Zapdos|Zapdos|98/100
|move|p1a: Blissey|Calm Mind|p1a: Blissey
|-boost|p1a: Blissey|spa|1
|-boost|p1a: Blissey|spd|1
|
|-weather|Sandstorm|[upkeep]
|-damage|p2a: Zapdos|92/100|[from] Sandstorm
|-damage|p1a: Blissey|82/100|[from] Sandstorm
|-heal|p2a: Zapdos|98/100|[from] item: Leftovers
|-heal|p1a: Blissey|88/100|[from] item: Leftovers
|upkeep
|turn|40
|
|t:|1728294102
|move|p1a: Blissey|Ice Beam|p2a: Zapdos
|-supereffective|p2a: Zapdos
|-damage|p2a: Zapdos|40/100
|move|p2a: Zapdos|Roar|p1a: Blissey
|drag|p1a: Suicune|Suicune|77/100
|-damage|p1a: Suicune|65/100|[from] Spikes
|
|-weather|Sandstorm|[upkeep]
|-damage|p1a: Suicune|58/100|[from] Sandstorm
|-damage|p2a: Zapdos|34/100|[from] Sandstorm
|-heal|p1a: Suicune|65/100|[from] item: Leftovers
|-heal|p2a: Zapdos|40/100|[from] item: Leftovers
|upkeep
|turn|41
|
|t:|1728294115
|switch|p1a: Blissey|Blissey, F|88/100
|-damage|p1a: Blissey|76/100|[from] Spikes
|switch|p2a: Blissey|Blissey, F|64/100
|
|-weather|Sandstorm|[upkeep]
|-damage|p1a: Blissey|69/100|[from] Sandstorm
|-damage|p2a: Blissey|57/100|[from] Sandstorm
|-heal|p1a: Blissey|76/100|[from] item: Leftovers
|-heal|p2a: Blissey|64/100|[from] item: Leftovers
|upkeep
|turn|42
|
|t:|1728294122
|move|p1a: Blissey|Calm Mind|p1a: Blissey
|-boost|p1a: Blissey|spa|1
|-boost|p1a: Blissey|spd|1
|move|p2a: Blissey|Wish|p2a: Blissey
|
|-weather|Sandstorm|[upkeep]
|-damage|p1a: Blissey|69/100|[from] Sandstorm
|-damage|p2a: Blissey|57/100|[from] Sandstorm
|-heal|p1a: Blissey|76/100|[from] item: Leftovers
|-heal|p2a: Blissey|64/100|[from] item: Leftovers
|upkeep
|turn|43
|
|t:|1728294127
|move|p1a: Blissey|Ice Beam|p2a: Blissey
|-damage|p2a: Blissey|51/100
|move|p2a: Blissey|Seismic Toss|p1a: Blissey
|-damage|p1a: Blissey|60/100
|
|-heal|p2a: Blissey|100/100|[from] move: Wish|[wisher] Blissey
|-weather|Sandstorm|[upkeep]
|-damage|p1a: Blissey|54/100|[from] Sandstorm
|-damage|p2a: Blissey|94/100|[from] Sandstorm
|-heal|p1a: Blissey|60/100|[from] item: Leftovers
|-heal|p2a: Blissey|100/100|[from] item: Leftovers
|upkeep
|turn|44
|
|t:|1728294130
|move|p1a: Blissey|Soft-Boiled|p1a: Blissey
|-heal|p1a: Blissey|100/100
|move|p2a: Blissey|Ice Beam|p1a: Blissey
|-damage|p1a: Blissey|96/100
|
|-weather|Sandstorm|[upkeep]
|-damage|p1a: Blissey|90/100|[from] Sandstorm
|-damage|p2a: Blissey|94/100|[from] Sandstorm
|-heal|p1a: Blissey|96/100|[from] item: Leftovers
|-heal|p2a: Blissey|100/100|[from] item: Leftovers
|upkeep
|turn|45
|
|t:|1728294134
|move|p1a: Blissey|Calm Mind|p1a: Blissey
|-boost|p1a: Blissey|spa|1
|-boost|p1a: Blissey|spd|1
|move|p2a: Blissey|Ice Beam|p1a: Blissey
|-damage|p1a: Blissey|93/100
|
|-weather|Sandstorm|[upkeep]
|-damage|p1a: Blissey|86/100|[from] Sandstorm
|-damage|p2a: Blissey|94/100|[from] Sandstorm
|-heal|p1a: Blissey|93/100|[from] item: Leftovers
|-heal|p2a: Blissey|100/100|[from] item: Leftovers
|upkeep
|turn|46
|
|t:|1728294136
|move|p1a: Blissey|Calm Mind|p1a: Blissey
|-boost|p1a: Blissey|spa|1
|-boost|p1a: Blissey|spd|1
|move|p2a: Blissey|Ice Beam|p1a: Blissey
|-damage|p1a: Blissey|89/100
|
|-weather|Sandstorm|[upkeep]
|-damage|p1a: Blissey|83/100|[from] Sandstorm
|-damage|p2a: Blissey|94/100|[from] Sandstorm
|-heal|p1a: Blissey|89/100|[from] item: Leftovers
|-heal|p2a: Blissey|100/100|[from] item: Leftovers
|upkeep
|turn|47
|
|t:|1728294137
|move|p1a: Blissey|Calm Mind|p1a: Blissey
|-boost|p1a: Blissey|spa|1
|-boost|p1a: Blissey|spd|1
|move|p2a: Blissey|Ice Beam|p1a: Blissey
|-damage|p1a: Blissey|87/100
|
|-weather|Sandstorm|[upkeep]
|-damage|p1a: Blissey|81/100|[from] Sandstorm
|-damage|p2a: Blissey|94/100|[from] Sandstorm
|-heal|p1a: Blissey|87/100|[from] item: Leftovers
|-heal|p2a: Blissey|100/100|[from] item: Leftovers
|upkeep
|turn|48
|
|t:|1728294164
|move|p1a: Blissey|Calm Mind|p1a: Blissey
|-boost|p1a: Blissey|spa|1
|-boost|p1a: Blissey|spd|1
|move|p2a: Blissey|Ice Beam|p1a: Blissey
|-damage|p1a: Blissey|85/100
|
|-weather|Sandstorm|[upkeep]
|-damage|p1a: Blissey|79/100|[from] Sandstorm
|-damage|p2a: Blissey|94/100|[from] Sandstorm
|-heal|p1a: Blissey|85/100|[from] item: Leftovers
|-heal|p2a: Blissey|100/100|[from] item: Leftovers
|upkeep
|turn|49
|
|t:|1728294166
|move|p1a: Blissey|Calm Mind|p1a: Blissey
|-boost|p1a: Blissey|spa|1
|-boost|p1a: Blissey|spd|1
|move|p2a: Blissey|Ice Beam|p1a: Blissey
|-damage|p1a: Blissey|83/100
|
|-weather|Sandstorm|[upkeep]
|-damage|p1a: Blissey|77/100|[from] Sandstorm
|-damage|p2a: Blissey|94/100|[from] Sandstorm
|-heal|p1a: Blissey|83/100|[from] item: Leftovers
|-heal|p2a: Blissey|100/100|[from] item: Leftovers
|upkeep
|turn|50
|
|t:|1728294169
|move|p1a: Blissey|Ice Beam|p2a: Blissey
|-damage|p2a: Blissey|65/100
|move|p2a: Blissey|Ice Beam|p1a: Blissey
|-damage|p1a: Blissey|81/100
|-status|p1a: Blissey|frz
|
|-weather|Sandstorm|[upkeep]
|-damage|p1a: Blissey|75/100 frz|[from] Sandstorm
|-damage|p2a: Blissey|59/100|[from] Sandstorm
|-heal|p1a: Blissey|81/100 frz|[from] item: Leftovers
|-heal|p2a: Blissey|65/100|[from] item: Leftovers
|upkeep
|turn|51
|
|t:|1728294173
|cant|p1a: Blissey|frz
|move|p2a: Blissey|Seismic Toss|p1a: Blissey
|-damage|p1a: Blissey|65/100 frz
|
|-weather|Sandstorm|[upkeep]
|-damage|p1a: Blissey|59/100 frz|[from] Sandstorm
|-damage|p2a: Blissey|59/100|[from] Sandstorm
|-heal|p1a: Blissey|65/100 frz|[from] item: Leftovers
|-heal|p2a: Blissey|65/100|[from] item: Leftovers
|upkeep
|turn|52
|
|t:|1728294176
|cant|p1a: Blissey|frz
|move|p2a: Blissey|Seismic Toss|p1a: Blissey
|-damage|p1a: Blissey|50/100 frz
|
|-weather|Sandstorm|[upkeep]
|-damage|p1a: Blissey|44/100 frz|[from] Sandstorm
|-damage|p2a: Blissey|59/100|[from] Sandstorm
|-heal|p1a: Blissey|50/100 frz|[from] item: Leftovers
|-heal|p2a: Blissey|65/100|[from] item: Leftovers
|upkeep
|turn|53
|
|t:|1728294178
|-curestatus|p1a: Blissey|frz|[from] ability: Natural Cure
|switch|p1a: Suicune|Suicune|65/100
|-damage|p1a: Suicune|52/100|[from] Spikes
|move|p2a: Blissey|Seismic Toss|p1a: Suicune
|-damage|p1a: Suicune|27/100
|
|-weather|Sandstorm|[upkeep]
|-damage|p1a: Suicune|21/100|[from] Sandstorm
|-damage|p2a: Blissey|59/100|[from] Sandstorm
|-heal|p1a: Suicune|27/100|[from] item: Leftovers
|-heal|p2a: Blissey|65/100|[from] item: Leftovers
|upkeep
|turn|54
|
|t:|1728294187
|move|p1a: Suicune|Rest|p1a: Suicune
|-status|p1a: Suicune|slp|[from] move: Rest
|-heal|p1a: Suicune|100/100 slp|[silent]
|move|p2a: Blissey|Seismic Toss|p1a: Suicune
|-damage|p1a: Suicune|76/100 slp
|
|-weather|Sandstorm|[upkeep]
|-damage|p1a: Suicune|69/100 slp|[from] Sandstorm
|-damage|p2a: Blissey|59/100|[from] Sandstorm
|-heal|p1a: Suicune|76/100 slp|[from] item: Leftovers
|-heal|p2a: Blissey|65/100|[from] item: Leftovers
|upkeep
|turn|55
|
|t:|1728294192
|cant|p1a: Suicune|slp
|move|p1a: Suicune|Sleep Talk|p1a: Suicune
|move|p1a: Suicune|Calm Mind|p1a: Suicune|[from]Sleep Talk
|-boost|p1a: Suicune|spa|1
|-boost|p1a: Suicune|spd|1
|move|p2a: Blissey|Wish|p2a: Blissey
|
|-weather|Sandstorm|[upkeep]
|-damage|p1a: Suicune|69/100 slp|[from] Sandstorm
|-damage|p2a: Blissey|59/100|[from] Sandstorm
|-heal|p1a: Suicune|76/100 slp|[from] item: Leftovers
|-heal|p2a: Blissey|65/100|[from] item: Leftovers
|upkeep
|turn|56
|
|t:|1728294197
|switch|p2a: Zapdos|Zapdos|40/100
|cant|p1a: Suicune|slp
|move|p1a: Suicune|Sleep Talk|p1a: Suicune
|move|p1a: Suicune|Calm Mind|p1a: Suicune|[from]Sleep Talk
|-boost|p1a: Suicune|spa|1
|-boost|p1a: Suicune|spd|1
|
|-heal|p2a: Zapdos|90/100|[from] move: Wish|[wisher] Blissey
|-weather|Sandstorm|[upkeep]
|-damage|p1a: Suicune|69/100 slp|[from] Sandstorm
|-damage|p2a: Zapdos|84/100|[from] Sandstorm
|-heal|p1a: Suicune|76/100 slp|[from] item: Leftovers
|-heal|p2a: Zapdos|90/100|[from] item: Leftovers
|upkeep
|turn|57
|
|t:|1728294204
|-curestatus|p1a: Suicune|slp|[msg]
|move|p1a: Suicune|Surf|p2a: Zapdos
|-damage|p2a: Zapdos|46/100
|move|p2a: Zapdos|Roar|p1a: Suicune
|drag|p1a: Blissey|Blissey, F|50/100
|-damage|p1a: Blissey|38/100|[from] Spikes
|
|-weather|Sandstorm|[upkeep]
|-damage|p2a: Zapdos|40/100|[from] Sandstorm
|-damage|p1a: Blissey|32/100|[from] Sandstorm
|-heal|p2a: Zapdos|46/100|[from] item: Leftovers
|-heal|p1a: Blissey|38/100|[from] item: Leftovers
|upkeep
|turn|58
|
|t:|1728294209
|switch|p2a: Blissey|Blissey, F|65/100
|move|p1a: Blissey|Soft-Boiled|p1a: Blissey
|-heal|p1a: Blissey|88/100
|
|-weather|Sandstorm|[upkeep]
|-damage|p1a: Blissey|81/100|[from] Sandstorm
|-damage|p2a: Blissey|59/100|[from] Sandstorm
|-heal|p1a: Blissey|88/100|[from] item: Leftovers
|-heal|p2a: Blissey|65/100|[from] item: Leftovers
|upkeep
|turn|59
|
|t:|1728294213
|move|p1a: Blissey|Calm Mind|p1a: Blissey
|-boost|p1a: Blissey|spa|1
|-boost|p1a: Blissey|spd|1
|move|p2a: Blissey|Wish|p2a: Blissey
|
|-weather|Sandstorm|[upkeep]
|-damage|p1a: Blissey|81/100|[from] Sandstorm
|-damage|p2a: Blissey|59/100|[from] Sandstorm
|-heal|p1a: Blissey|88/100|[from] item: Leftovers
|-heal|p2a: Blissey|65/100|[from] item: Leftovers
|upkeep
|turn|60
|
|t:|1728294218
|move|p1a: Blissey|Calm Mind|p1a: Blissey
|-boost|p1a: Blissey|spa|1
|-boost|p1a: Blissey|spd|1
|move|p2a: Blissey|Ice Beam|p1a: Blissey
|-damage|p1a: Blissey|84/100
|
|-heal|p2a: Blissey|100/100|[from] move: Wish|[wisher] Blissey
|-weather|Sandstorm|[upkeep]
|-damage|p1a: Blissey|78/100|[from] Sandstorm
|-damage|p2a: Blissey|94/100|[from] Sandstorm
|-heal|p1a: Blissey|84/100|[from] item: Leftovers
|-heal|p2a: Blissey|100/100|[from] item: Leftovers
|upkeep
|turn|61
|
|t:|1728294223
|switch|p2a: Zapdos|Zapdos|46/100
|move|p1a: Blissey|Calm Mind|p1a: Blissey
|-boost|p1a: Blissey|spa|1
|-boost|p1a: Blissey|spd|1
|
|-weather|Sandstorm|[upkeep]
|-damage|p2a: Zapdos|40/100|[from] Sandstorm
|-damage|p1a: Blissey|78/100|[from] Sandstorm
|-heal|p2a: Zapdos|46/100|[from] item: Leftovers
|-heal|p1a: Blissey|84/100|[from] item: Leftovers
|upkeep
|turn|62
|
|t:|1728294228
|move|p2a: Zapdos|Protect|p2a: Zapdos
|-singleturn|p2a: Zapdos|Protect
|move|p1a: Blissey|Ice Beam|p2a: Zapdos
|-activate|p2a: Zapdos|Protect
|
|-weather|Sandstorm|[upkeep]
|-damage|p2a: Zapdos|40/100|[from] Sandstorm
|-damage|p1a: Blissey|78/100|[from] Sandstorm
|-heal|p2a: Zapdos|46/100|[from] item: Leftovers
|-heal|p1a: Blissey|84/100|[from] item: Leftovers
|upkeep
|turn|63
|
|t:|1728294232
|switch|p2a: Blissey|Blissey, F|100/100
|move|p1a: Blissey|Ice Beam|p2a: Blissey
|-damage|p2a: Blissey|77/100
|
|-weather|Sandstorm|[upkeep]
|-damage|p1a: Blissey|78/100|[from] Sandstorm
|-damage|p2a: Blissey|71/100|[from] Sandstorm
|-heal|p1a: Blissey|84/100|[from] item: Leftovers
|-heal|p2a: Blissey|77/100|[from] item: Leftovers
|upkeep
|turn|64
|
|t:|1728294241
|move|p1a: Blissey|Calm Mind|p1a: Blissey
|-boost|p1a: Blissey|spa|1
|-boost|p1a: Blissey|spd|1
|move|p2a: Blissey|Ice Beam|p1a: Blissey
|-crit|p1a: Blissey
|-damage|p1a: Blissey|71/100
|
|-weather|Sandstorm|[upkeep]
|-damage|p1a: Blissey|65/100|[from] Sandstorm
|-damage|p2a: Blissey|71/100|[from] Sandstorm
|-heal|p1a: Blissey|71/100|[from] item: Leftovers
|-heal|p2a: Blissey|77/100|[from] item: Leftovers
|upkeep
|turn|65
|
|t:|1728294245
|switch|p2a: Zapdos|Zapdos|46/100
|move|p1a: Blissey|Calm Mind|p1a: Blissey
|-boost|p1a: Blissey|spa|1
|-boost|p1a: Blissey|spd|1
|
|-weather|Sandstorm|[upkeep]
|-damage|p2a: Zapdos|40/100|[from] Sandstorm
|-damage|p1a: Blissey|65/100|[from] Sandstorm
|-heal|p2a: Zapdos|46/100|[from] item: Leftovers
|-heal|p1a: Blissey|71/100|[from] item: Leftovers
|upkeep
|turn|66
|
|t:|1728294251
|move|p2a: Zapdos|Protect|p2a: Zapdos
|-singleturn|p2a: Zapdos|Protect
|move|p1a: Blissey|Thunderbolt|p2a: Zapdos
|-activate|p2a: Zapdos|Protect
|
|-weather|Sandstorm|[upkeep]
|-damage|p2a: Zapdos|40/100|[from] Sandstorm
|-damage|p1a: Blissey|65/100|[from] Sandstorm
|-heal|p2a: Zapdos|46/100|[from] item: Leftovers
|-heal|p1a: Blissey|71/100|[from] item: Leftovers
|upkeep
|turn|67
|
|t:|1728294255
|switch|p2a: Blissey|Blissey, F|77/100
|move|p1a: Blissey|Thunderbolt|p2a: Blissey
|-damage|p2a: Blissey|47/100
|
|-weather|Sandstorm|[upkeep]
|-damage|p1a: Blissey|65/100|[from] Sandstorm
|-damage|p2a: Blissey|41/100|[from] Sandstorm
|-heal|p1a: Blissey|71/100|[from] item: Leftovers
|-heal|p2a: Blissey|47/100|[from] item: Leftovers
|upkeep
|turn|68
|
|t:|1728294259
|move|p1a: Blissey|Ice Beam|p2a: Blissey
|-damage|p2a: Blissey|16/100
|-status|p2a: Blissey|frz
|-curestatus|p2a: Blissey|frz|[msg]
|move|p2a: Blissey|Soft-Boiled|p2a: Blissey
|-heal|p2a: Blissey|66/100
|
|-weather|Sandstorm|[upkeep]
|-damage|p1a: Blissey|65/100|[from] Sandstorm
|-damage|p2a: Blissey|60/100|[from] Sandstorm
|-heal|p1a: Blissey|71/100|[from] item: Leftovers
|-heal|p2a: Blissey|66/100|[from] item: Leftovers
|upkeep
|turn|69
|
|t:|1728294267
|move|p1a: Blissey|Calm Mind|p1a: Blissey
|-boost|p1a: Blissey|spa|1
|-boost|p1a: Blissey|spd|1
|move|p2a: Blissey|Wish|p2a: Blissey
|
|-weather|Sandstorm|[upkeep]
|-damage|p1a: Blissey|65/100|[from] Sandstorm
|-damage|p2a: Blissey|60/100|[from] Sandstorm
|-heal|p1a: Blissey|71/100|[from] item: Leftovers
|-heal|p2a: Blissey|66/100|[from] item: Leftovers
|upkeep
|turn|70
|
|t:|1728294273
|move|p1a: Blissey|Thunderbolt|p2a: Blissey
|-damage|p2a: Blissey|30/100
|move|p2a: Blissey|Ice Beam|p1a: Blissey
|-damage|p1a: Blissey|69/100
|
|-heal|p2a: Blissey|80/100|[from] move: Wish|[wisher] Blissey
|-weather|Sandstorm|[upkeep]
|-damage|p1a: Blissey|63/100|[from] Sandstorm
|-damage|p2a: Blissey|74/100|[from] Sandstorm
|-heal|p1a: Blissey|69/100|[from] item: Leftovers
|-heal|p2a: Blissey|80/100|[from] item: Leftovers
|upkeep
|turn|71
|
|t:|1728294278
|move|p1a: Blissey|Thunderbolt|p2a: Blissey
|-damage|p2a: Blissey|46/100
|move|p2a: Blissey|Soft-Boiled|p2a: Blissey
|-heal|p2a: Blissey|96/100
|
|-weather|Sandstorm|[upkeep]
|-damage|p1a: Blissey|63/100|[from] Sandstorm
|-damage|p2a: Blissey|90/100|[from] Sandstorm
|-heal|p1a: Blissey|69/100|[from] item: Leftovers
|-heal|p2a: Blissey|96/100|[from] item: Leftovers
|upkeep
|turn|72
|
|t:|1728294286
|move|p1a: Blissey|Thunderbolt|p2a: Blissey
|-damage|p2a: Blissey|61/100
|move|p2a: Blissey|Wish|p2a: Blissey
|
|-weather|Sandstorm|[upkeep]
|-damage|p1a: Blissey|63/100|[from] Sandstorm
|-damage|p2a: Blissey|55/100|[from] Sandstorm
|-heal|p1a: Blissey|69/100|[from] item: Leftovers
|-heal|p2a: Blissey|61/100|[from] item: Leftovers
|upkeep
|turn|73
|
|t:|1728294293
|move|p1a: Blissey|Soft-Boiled|p1a: Blissey
|-heal|p1a: Blissey|100/100
|move|p2a: Blissey|Ice Beam|p1a: Blissey
|-damage|p1a: Blissey|99/100
|
|-heal|p2a: Blissey|100/100|[from] move: Wish|[wisher] Blissey
|-weather|Sandstorm|[upkeep]
|-damage|p1a: Blissey|93/100|[from] Sandstorm
|-damage|p2a: Blissey|94/100|[from] Sandstorm
|-heal|p1a: Blissey|99/100|[from] item: Leftovers
|-heal|p2a: Blissey|100/100|[from] item: Leftovers
|upkeep
|turn|74
|
|t:|1728294297
|move|p1a: Blissey|Thunderbolt|p2a: Blissey
|-damage|p2a: Blissey|66/100
|move|p2a: Blissey|Ice Beam|p1a: Blissey
|-damage|p1a: Blissey|97/100
|
|-weather|Sandstorm|[upkeep]
|-damage|p1a: Blissey|91/100|[from] Sandstorm
|-damage|p2a: Blissey|60/100|[from] Sandstorm
|-heal|p1a: Blissey|97/100|[from] item: Leftovers
|-heal|p2a: Blissey|66/100|[from] item: Leftovers
|upkeep
|turn|75
|
|t:|1728294300
|move|p1a: Blissey|Thunderbolt|p2a: Blissey
|-damage|p2a: Blissey|31/100
|move|p2a: Blissey|Soft-Boiled|p2a: Blissey
|-heal|p2a: Blissey|81/100
|
|-weather|Sandstorm|[upkeep]
|-damage|p1a: Blissey|91/100|[from] Sandstorm
|-damage|p2a: Blissey|74/100|[from] Sandstorm
|-heal|p1a: Blissey|97/100|[from] item: Leftovers
|-heal|p2a: Blissey|81/100|[from] item: Leftovers
|upkeep
|turn|76
|
|t:|1728294311
|move|p1a: Blissey|Thunderbolt|p2a: Blissey
|-damage|p2a: Blissey|44/100
|move|p2a: Blissey|Soft-Boiled|p2a: Blissey
|-heal|p2a: Blissey|94/100
|
|-weather|Sandstorm|[upkeep]
|-damage|p1a: Blissey|91/100|[from] Sandstorm
|-damage|p2a: Blissey|88/100|[from] Sandstorm
|-heal|p1a: Blissey|97/100|[from] item: Leftovers
|-heal|p2a: Blissey|94/100|[from] item: Leftovers
|upkeep
|turn|77
|
|t:|1728294317
|move|p1a: Blissey|Thunderbolt|p2a: Blissey
|-damage|p2a: Blissey|58/100
|move|p2a: Blissey|Wish|p2a: Blissey
|
|-weather|Sandstorm|[upkeep]
|-damage|p1a: Blissey|91/100|[from] Sandstorm
|-damage|p2a: Blissey|52/100|[from] Sandstorm
|-heal|p1a: Blissey|97/100|[from] item: Leftovers
|-heal|p2a: Blissey|58/100|[from] item: Leftovers
|upkeep
|turn|78
|
|t:|1728294321
|move|p1a: Blissey|Thunderbolt|p2a: Blissey
|-damage|p2a: Blissey|23/100
|move|p2a: Blissey|Soft-Boiled|p2a: Blissey
|-heal|p2a: Blissey|73/100
|
|-heal|p2a: Blissey|100/100|[from] move: Wish|[wisher] Blissey
|-weather|Sandstorm|[upkeep]
|-damage|p1a: Blissey|91/100|[from] Sandstorm
|-damage|p2a: Blissey|94/100|[from] Sandstorm
|-heal|p1a: Blissey|97/100|[from] item: Leftovers
|-heal|p2a: Blissey|100/100|[from] item: Leftovers
|upkeep
|turn|79
|
|t:|1728294328
|move|p1a: Blissey|Thunderbolt|p2a: Blissey
|-damage|p2a: Blissey|65/100
|move|p2a: Blissey|Soft-Boiled|p2a: Blissey
|-heal|p2a: Blissey|100/100
|
|-weather|Sandstorm|[upkeep]
|-damage|p1a: Blissey|91/100|[from] Sandstorm
|-damage|p2a: Blissey|94/100|[from] Sandstorm
|-heal|p1a: Blissey|97/100|[from] item: Leftovers
|-heal|p2a: Blissey|100/100|[from] item: Leftovers
|upkeep
|turn|80
|
|t:|1728294334
|move|p1a: Blissey|Thunderbolt|p2a: Blissey
|-damage|p2a: Blissey|65/100
|move|p2a: Blissey|Wish|p2a: Blissey
|
|-weather|Sandstorm|[upkeep]
|-damage|p1a: Blissey|91/100|[from] Sandstorm
|-damage|p2a: Blissey|59/100|[from] Sandstorm
|-heal|p1a: Blissey|97/100|[from] item: Leftovers
|-heal|p2a: Blissey|65/100|[from] item: Leftovers
|upkeep
|turn|81
|
|t:|1728294338
|move|p1a: Blissey|Thunderbolt|p2a: Blissey
|-damage|p2a: Blissey|31/100
|move|p2a: Blissey|Soft-Boiled|p2a: Blissey
|-heal|p2a: Blissey|81/100
|
|-heal|p2a: Blissey|100/100|[from] move: Wish|[wisher] Blissey
|-weather|Sandstorm|[upkeep]
|-damage|p1a: Blissey|91/100|[from] Sandstorm
|-damage|p2a: Blissey|94/100|[from] Sandstorm
|-heal|p1a: Blissey|97/100|[from] item: Leftovers
|-heal|p2a: Blissey|100/100|[from] item: Leftovers
|upkeep
|turn|82
|
|t:|1728294345
|move|p1a: Blissey|Thunderbolt|p2a: Blissey
|-damage|p2a: Blissey|67/100
|move|p2a: Blissey|Ice Beam|p1a: Blissey
|-damage|p1a: Blissey|95/100
|
|-weather|Sandstorm|[upkeep]
|-damage|p1a: Blissey|88/100|[from] Sandstorm
|-damage|p2a: Blissey|61/100|[from] Sandstorm
|-heal|p1a: Blissey|95/100|[from] item: Leftovers
|-heal|p2a: Blissey|67/100|[from] item: Leftovers
|upkeep
|turn|83
|
|t:|1728294350
|move|p1a: Blissey|Thunderbolt|p2a: Blissey
|-crit|p2a: Blissey
|-damage|p2a: Blissey|0 fnt
|faint|p2a: Blissey
|-message|Hachimaki98 forfeited.
|
|win|msoft_j
|c|☆Hachimaki98|gg
|player|p2|
|c|☆msoft_j|gg

</script>
<script type="application/json" class="data" id="replaydata-smogtours-gen3ou-796132">
{"id":"smogtours-gen3ou-796132","format":"[Gen 3] OU","players":["msoft_j","Hachimaki98"],"uploadtime":1728294356,"views":108,"formatid":"gen3ou","rating":null,"private":0,"password":null}
</script>

<script defer src="js/replays.js?9d40a366"></script>
