<!DOCTYPE html>
<meta charset="utf-8" />
<meta name="viewport" content="width=device-width" />

<title>[Gen 3] OU: scald&gt;focusmiss vs. cryolite - Replays - Pok&eacute;mon Showdown!</title>

<meta name="description" content="Watch a replay of a Pok&eacute;mon battle between scald&gt;focusmiss and cryolite! Format: [Gen 3] OU; Date: Oct 15, 2024" />
<!--

Hey, you! Looking in the source for the replay log?

You can find them in JSON format, just add `.json` at the end of a replay URL.

https://replay.pokemonshowdown.com/gen7randomdoublesbattle-865046831.json

Or, if you only need the log itself, add `.log` instead:

https://replay.pokemonshowdown.com/gen7randomdoublesbattle-865046831.log

-->

<link rel="stylesheet" href="//pokemonshowdown.com/style/global.css?0.767286132409787" />
<link rel="stylesheet" href="//play.pokemonshowdown.com/style/font-awesome.css?0.9266228007934947" />
<link rel="stylesheet" href="//play.pokemonshowdown.com/style/battle.css?0.7924700842790926" />
<link rel="stylesheet" href="//play.pokemonshowdown.com/style/utilichart.css?0.8777417872839479" />

<!-- Global site tag (gtag.js) - Google Analytics -->
<script async src="https://www.googletagmanager.com/gtag/js?id=UA-26211653-1"></script>
<script>
  window.dataLayer = window.dataLayer || [];
  function gtag(){dataLayer.push(arguments);}
  gtag('js', new Date());

  gtag('config', 'UA-26211653-1');
</script>
<!-- End Google Analytics -->
<!-- Venatus Ad Manager - Install in <HEAD> of page -->
	<script src="https://hb.vntsm.com/v3/live/ad-manager.min.js" type="text/javascript" data-site-id="642aba63ec9a7b11c3c9c1be" data-mode="scan" async></script>
<!-- / Venatus Ad Manager -->

<style>
	@media (max-width:820px) {
		.battle {
			margin: 0 auto;
		}
		.battle-log {
			margin: 7px auto 0;
			max-width: 640px;
			height: 300px;
			position: static;
		}
	}
	.optgroup {
		display: inline-block;
		line-height: 22px;
		font-size: 10pt;
	}
	.optgroup .button {
		height: 25px;
		padding-top: 0;
		padding-bottom: 0;
	}
	.optgroup button.button {
		padding-left: 12px;
		padding-right: 12px;
	}
	.linklist {
		list-style: none;
		margin: 0.5em 0;
		padding: 0;
	}
	.linklist li {
		padding: 2px 0;
	}
	.sidebar {
		float: left;
		width: 320px;
	}
	.bar-wrapper {
		max-width: 1100px;
		margin: 0 auto;
	}
	.bar-wrapper.has-sidebar {
		max-width: 1430px;
	}
	.mainbar {
		margin: 0;
		padding-right: 1px;
	}
	.mainbar.has-sidebar {
		margin-left: 330px;
	}
	@media (min-width: 1511px) {
		.sidebar {
			width: 400px;
		}
		.bar-wrapper.has-sidebar {
			max-width: 1510px;
		}
		.mainbar.has-sidebar {
			margin-left: 410px;
		}
	}
	.section.first-section {
		margin-top: 9px;
	}
	.blocklink small {
		white-space: normal;
	}
	.button {
		vertical-align: middle;
	}
	.replay-controls {
		padding-top: 10px;
	}
	.replay-controls h1 {
		font-size: 16pt;
		font-weight: normal;
		color: #CCC;
	}
	.pagelink {
		text-align: center;
	}
	.pagelink a {
		width: 150px;
	}
	.textbox, .button {
		font-size: 11pt;
		vertical-align: middle;
	}
	@media (max-width: 450px) {
		.button {
			font-size: 9pt;
		}
	}
</style>

<div>

	<header>
		<div class="nav-wrapper"><ul class="nav">
			<li><a class="button nav-first" href="//pokemonshowdown.com/"><img src="//pokemonshowdown.com/images/pokemonshowdownbeta.png" srcset="//pokemonshowdown.com/images/pokemonshowdownbeta.png 1x, //pokemonshowdown.com/images/pokemonshowdownbeta@2x.png 2x" alt="Pok&eacute;mon Showdown" width="146" height="44" /> Home</a></li>
			<li><a class="button" href="//pokemonshowdown.com/dex/">Pok&eacute;dex</a></li>
			<li><a class="button cur" href="/">Replays</a></li>
			<li><a class="button" href="//pokemonshowdown.com/ladder/">Ladder</a></li>
			<li><a class="button nav-last" href="//pokemonshowdown.com/forums/">Forum</a></li>
			<li><a class="button greenbutton nav-first nav-last" href="//play.pokemonshowdown.com/">Play</a></li>
		</ul></div>
	</header>

	<div class="main" id="main">

		<noscript><section class="section">You need to enable JavaScript to use this page; sorry!</section></noscript>

	</div>

</div>

<script defer nomodule src="//play.pokemonshowdown.com/js/lib/ps-polyfill.js"></script>
<script defer src="//play.pokemonshowdown.com/js/lib/preact.min.js"></script>

<script defer src="//play.pokemonshowdown.com/config/config.js?6dec07f6"></script>
<script defer src="//play.pokemonshowdown.com/js/lib/jquery-1.11.0.min.js"></script>
<script defer src="//play.pokemonshowdown.com/js/lib/html-sanitizer-minified.js"></script>
<script defer src="//play.pokemonshowdown.com/js/battle-sound.js"></script>
<script defer src="//play.pokemonshowdown.com/js/battledata.js?0.6315294753075389"></script>
<script defer src="//play.pokemonshowdown.com/data/pokedex-mini.js?0.7603743185311358"></script>
<script defer src="//play.pokemonshowdown.com/data/pokedex-mini-bw.js?0.030888842834281283"></script>
<script defer src="//play.pokemonshowdown.com/data/graphics.js?0.05593094747507488"></script>
<script defer src="//play.pokemonshowdown.com/data/pokedex.js?0.47064822249611904"></script>
<script defer src="//play.pokemonshowdown.com/data/moves.js?0.8583693120512459"></script>
<script defer src="//play.pokemonshowdown.com/data/abilities.js?0.16017181182386842"></script>
<script defer src="//play.pokemonshowdown.com/data/items.js?0.4163379185673943"></script>
<script defer src="//play.pokemonshowdown.com/data/teambuilder-tables.js?0.31075597372830477"></script>
<script defer src="//play.pokemonshowdown.com/js/battle-tooltips.js?0.6536193500708172"></script>
<script defer src="//play.pokemonshowdown.com/js/battle.js?0.1916591943277901"></script>

<script defer src="js/utils.js?e31f9a17"></script>
<script defer src="js/replays-battle.js?7008c182"></script>

<!-- don't scrape this data! just add .json or .log after the URL!
Full API docs: https://github.com/smogon/pokemon-showdown-client/blob/master/WEB-API.md -->
<script type="text/plain" class="log" id="replaylog-smogtours-gen3ou-799068">
|inactive|Battle timer is ON: inactive players will automatically lose when time's up.
|t:|1729033957
|gametype|singles
|player|p1|scald>focusmiss|colress|
|player|p2|cryolite|170|
|teamsize|p1|6
|teamsize|p2|6
|gen|3
|tier|[Gen 3] OU
|rule|Sleep Clause Mod: Limit one foe put to sleep
|rule|Switch Priority Clause Mod: Faster Pokémon switch first
|rule|Species Clause: Limit one of each Pokémon
|rule|OHKO Clause: OHKO moves are banned
|rule|Evasion Items Clause: Evasion items are banned
|rule|Evasion Moves Clause: Evasion moves are banned
|rule|Endless Battle Clause: Forcing endless battles is banned
|rule|HP Percentage Mod: HP is shown in percentages
|rule|One Boost Passer Clause: Limit one Baton Passer that has a way to boost its stats
|rule|Freeze Clause Mod: Limit one foe frozen
|
|t:|1729033957
|start
|switch|p1a: grounded|Zapdos|100/100
|switch|p2a: Skarmory|Skarmory, F|100/100
|turn|1
|c|☆cryolite|hf
|
|t:|1729033963
|switch|p2a: Celebi|Celebi|100/100
|move|p1a: grounded|Toxic|p2a: Celebi|[miss]
|-miss|p1a: grounded|p2a: Celebi
|
|upkeep
|turn|2
|
|t:|1729033966
|move|p2a: Celebi|Leech Seed|p1a: grounded
|-start|p1a: grounded|move: Leech Seed
|move|p1a: grounded|Roar|p2a: Celebi
|drag|p2a: Tyranitar|Tyranitar, F|100/100
|-weather|Sandstorm|[from] ability: Sand Stream|[of] p2a: Tyranitar
|
|-weather|Sandstorm|[upkeep]
|-damage|p1a: grounded|94/100|[from] Sandstorm
|-heal|p1a: grounded|100/100|[from] item: Leftovers
|-damage|p1a: grounded|88/100|[from] Leech Seed|[of] p2a: Tyranitar
|upkeep
|turn|3
|
|t:|1729033972
|switch|p1a: leg day|Hariyama, F|100/100
|move|p2a: Tyranitar|Rock Slide|p1a: leg day
|-resisted|p1a: leg day
|-damage|p1a: leg day|79/100
|
|-weather|Sandstorm|[upkeep]
|-damage|p1a: leg day|73/100|[from] Sandstorm
|-heal|p1a: leg day|79/100|[from] item: Leftovers
|upkeep
|turn|4
|
|t:|1729033976
|switch|p2a: Celebi|Celebi|100/100
|move|p1a: leg day|Knock Off|p2a: Celebi
|-supereffective|p2a: Celebi
|-damage|p2a: Celebi|96/100
|-enditem|p2a: Celebi|Leftovers|[from] move: Knock Off|[of] p1a: leg day
|-hint|In Gens 3-4, Knock Off only makes the target's item unusable; it cannot obtain a new item.
|
|-weather|Sandstorm|[upkeep]
|-damage|p2a: Celebi|90/100|[from] Sandstorm
|-damage|p1a: leg day|73/100|[from] Sandstorm
|-heal|p1a: leg day|79/100|[from] item: Leftovers
|upkeep
|turn|5
|
|t:|1729033981
|switch|p1a: grounded|Zapdos|88/100
|move|p2a: Celebi|Leech Seed|p1a: grounded
|-start|p1a: grounded|move: Leech Seed
|
|-weather|Sandstorm|[upkeep]
|-damage|p2a: Celebi|84/100|[from] Sandstorm
|-damage|p1a: grounded|82/100|[from] Sandstorm
|-heal|p1a: grounded|88/100|[from] item: Leftovers
|-damage|p1a: grounded|75/100|[from] Leech Seed|[of] p2a: Celebi
|-heal|p2a: Celebi|96/100|[silent]
|upkeep
|turn|6
|
|t:|1729033991
|switch|p1a: leg day|Hariyama, F|79/100
|move|p2a: Celebi|Psychic|p1a: leg day
|-supereffective|p1a: leg day
|-damage|p1a: leg day|0 fnt
|faint|p1a: leg day
|
|t:|1729033994
|switch|p1a: seeing red|Skarmory, M|100/100
|
|-weather|Sandstorm|[upkeep]
|-damage|p2a: Celebi|90/100|[from] Sandstorm
|upkeep
|turn|7
|
|t:|1729033998
|move|p2a: Celebi|Leech Seed|p1a: seeing red
|-start|p1a: seeing red|move: Leech Seed
|move|p1a: seeing red|Spikes|p2a: Celebi
|-sidestart|p2: cryolite|Spikes
|
|-weather|Sandstorm|[upkeep]
|-damage|p2a: Celebi|84/100|[from] Sandstorm
|-damage|p1a: seeing red|88/100|[from] Leech Seed|[of] p2a: Celebi
|-heal|p2a: Celebi|95/100|[silent]
|upkeep
|turn|8
|
|t:|1729034005
|move|p2a: Celebi|Hidden Power|p1a: seeing red
|-supereffective|p1a: seeing red
|-damage|p1a: seeing red|45/100
|move|p1a: seeing red|Spikes|p2a: Celebi
|-sidestart|p2: cryolite|Spikes
|
|-weather|Sandstorm|[upkeep]
|-damage|p2a: Celebi|88/100|[from] Sandstorm
|-heal|p1a: seeing red|51/100|[from] item: Leftovers
|-damage|p1a: seeing red|39/100|[from] Leech Seed|[of] p2a: Celebi
|-heal|p2a: Celebi|99/100|[silent]
|upkeep
|turn|9
|
|t:|1729034011
|switch|p1a: grounded|Zapdos|75/100
|move|p2a: Celebi|Hidden Power|p1a: grounded
|-damage|p1a: grounded|61/100
|
|-weather|Sandstorm|[upkeep]
|-damage|p2a: Celebi|93/100|[from] Sandstorm
|-damage|p1a: grounded|55/100|[from] Sandstorm
|-heal|p1a: grounded|61/100|[from] item: Leftovers
|upkeep
|turn|10
|
|t:|1729034015
|move|p2a: Celebi|Psychic|p1a: grounded
|-damage|p1a: grounded|33/100
|move|p1a: grounded|Toxic|p2a: Celebi
|-status|p2a: Celebi|tox
|
|-weather|Sandstorm|[upkeep]
|-damage|p2a: Celebi|87/100 tox|[from] Sandstorm
|-damage|p1a: grounded|26/100|[from] Sandstorm
|-damage|p2a: Celebi|80/100 tox|[from] psn
|-heal|p1a: grounded|33/100|[from] item: Leftovers
|upkeep
|turn|11
|
|t:|1729034019
|move|p2a: Celebi|Leech Seed|p1a: grounded
|-start|p1a: grounded|move: Leech Seed
|move|p1a: grounded|Rest|p1a: grounded
|-status|p1a: grounded|slp|[from] move: Rest
|-heal|p1a: grounded|100/100 slp|[silent]
|
|-weather|Sandstorm|[upkeep]
|-damage|p2a: Celebi|74/100 tox|[from] Sandstorm
|-damage|p1a: grounded|94/100 slp|[from] Sandstorm
|-damage|p2a: Celebi|62/100 tox|[from] psn
|-heal|p1a: grounded|100/100 slp|[from] item: Leftovers
|-damage|p1a: grounded|88/100 slp|[from] Leech Seed|[of] p2a: Celebi
|-heal|p2a: Celebi|74/100 tox|[silent]
|upkeep
|turn|12
|
|t:|1729034026
|-curestatus|p2a: Celebi|tox|[from] ability: Natural Cure
|switch|p2a: Charizard|Charizard, F, shiny|100/100
|switch|p1a: seeing red|Skarmory, M|39/100
|
|-weather|Sandstorm|[upkeep]
|-damage|p2a: Charizard|94/100|[from] Sandstorm
|-heal|p2a: Charizard|100/100|[from] item: Leftovers
|-heal|p1a: seeing red|45/100|[from] item: Leftovers
|upkeep
|turn|13
|
|t:|1729034029
|move|p2a: Charizard|Flamethrower|p1a: seeing red
|-supereffective|p1a: seeing red
|-damage|p1a: seeing red|0 fnt
|faint|p1a: seeing red
|
|t:|1729034032
|switch|p1a: Boeing|Aerodactyl, M|100/100
|
|-weather|Sandstorm|[upkeep]
|-damage|p2a: Charizard|94/100|[from] Sandstorm
|-heal|p2a: Charizard|100/100|[from] item: Leftovers
|upkeep
|turn|14
|
|t:|1729034036
|switch|p2a: Swampert|Swampert, M|100/100
|-damage|p2a: Swampert|84/100|[from] Spikes
|move|p1a: Boeing|Rock Slide|p2a: Swampert
|-resisted|p2a: Swampert
|-damage|p2a: Swampert|64/100
|
|-weather|Sandstorm|[upkeep]
|-heal|p2a: Swampert|70/100|[from] item: Leftovers
|upkeep
|turn|15
|
|t:|1729034040
|switch|p1a: egg|Blissey, F|100/100
|move|p2a: Swampert|Ice Beam|p1a: egg
|-damage|p1a: egg|90/100
|
|-weather|Sandstorm|[upkeep]
|-damage|p1a: egg|84/100|[from] Sandstorm
|-heal|p1a: egg|90/100|[from] item: Leftovers
|-heal|p2a: Swampert|76/100|[from] item: Leftovers
|upkeep
|turn|16
|
|t:|1729034042
|move|p1a: egg|Seismic Toss|p2a: Swampert
|-damage|p2a: Swampert|51/100
|move|p2a: Swampert|Curse|p2a: Swampert
|-unboost|p2a: Swampert|spe|1
|-boost|p2a: Swampert|atk|1
|-boost|p2a: Swampert|def|1
|
|-weather|Sandstorm|[upkeep]
|-damage|p1a: egg|84/100|[from] Sandstorm
|-heal|p1a: egg|90/100|[from] item: Leftovers
|-heal|p2a: Swampert|57/100|[from] item: Leftovers
|upkeep
|turn|17
|
|t:|1729034046
|move|p1a: egg|Wish|p1a: egg
|move|p2a: Swampert|Earthquake|p1a: egg
|-damage|p1a: egg|30/100
|
|-weather|Sandstorm|[upkeep]
|-damage|p1a: egg|23/100|[from] Sandstorm
|-heal|p1a: egg|30/100|[from] item: Leftovers
|-heal|p2a: Swampert|64/100|[from] item: Leftovers
|upkeep
|turn|18
|
|t:|1729034051
|switch|p1a: downhere|Flygon, F|100/100
|move|p2a: Swampert|Earthquake|p1a: downhere
|-immune|p1a: downhere
|
|-weather|Sandstorm|[upkeep]
|-heal|p2a: Swampert|70/100|[from] item: Leftovers
|upkeep
|turn|19
|
|t:|1729034052
|move|p1a: downhere|Toxic|p2a: Swampert
|-status|p2a: Swampert|tox
|move|p2a: Swampert|Ice Beam|p1a: downhere
|-supereffective|p1a: downhere
|-damage|p1a: downhere|0 fnt
|faint|p1a: downhere
|
|t:|1729034057
|switch|p1a: egg|Blissey, F|30/100
|
|-weather|Sandstorm|[upkeep]
|-damage|p1a: egg|23/100|[from] Sandstorm
|-heal|p1a: egg|30/100|[from] item: Leftovers
|-heal|p2a: Swampert|76/100 tox|[from] item: Leftovers
|-damage|p2a: Swampert|70/100 tox|[from] psn
|upkeep
|turn|20
|
|t:|1729034059
|move|p1a: egg|Seismic Toss|p2a: Swampert
|-damage|p2a: Swampert|45/100 tox
|move|p2a: Swampert|Earthquake|p1a: egg
|-damage|p1a: egg|0 fnt
|faint|p1a: egg
|
|t:|1729034063
|switch|p1a: grounded|Zapdos|88/100 slp
|
|-weather|Sandstorm|[upkeep]
|-damage|p1a: grounded|82/100 slp|[from] Sandstorm
|-heal|p1a: grounded|88/100 slp|[from] item: Leftovers
|-heal|p2a: Swampert|51/100 tox|[from] item: Leftovers
|-damage|p2a: Swampert|39/100 tox|[from] psn
|upkeep
|turn|21
|
|t:|1729034066
|cant|p1a: grounded|slp
|move|p2a: Swampert|Ice Beam|p1a: grounded
|-supereffective|p1a: grounded
|-damage|p1a: grounded|57/100 slp
|
|-weather|Sandstorm|[upkeep]
|-damage|p1a: grounded|51/100 slp|[from] Sandstorm
|-heal|p1a: grounded|57/100 slp|[from] item: Leftovers
|-heal|p2a: Swampert|45/100 tox|[from] item: Leftovers
|-damage|p2a: Swampert|26/100 tox|[from] psn
|upkeep
|turn|22
|
|t:|1729034069
|cant|p1a: grounded|slp
|move|p2a: Swampert|Ice Beam|p1a: grounded
|-supereffective|p1a: grounded
|-damage|p1a: grounded|25/100 slp
|
|-weather|Sandstorm|[upkeep]
|-damage|p1a: grounded|19/100 slp|[from] Sandstorm
|-heal|p1a: grounded|25/100 slp|[from] item: Leftovers
|-heal|p2a: Swampert|32/100 tox|[from] item: Leftovers
|-damage|p2a: Swampert|7/100 tox|[from] psn
|upkeep
|turn|23
|
|t:|1729034072
|-curestatus|p1a: grounded|slp|[msg]
|move|p1a: grounded|Rest|p1a: grounded
|-status|p1a: grounded|slp|[from] move: Rest
|-heal|p1a: grounded|100/100 slp|[silent]
|move|p2a: Swampert|Ice Beam|p1a: grounded
|-supereffective|p1a: grounded
|-damage|p1a: grounded|68/100 slp
|
|-weather|Sandstorm|[upkeep]
|-damage|p1a: grounded|62/100 slp|[from] Sandstorm
|-heal|p1a: grounded|68/100 slp|[from] item: Leftovers
|-heal|p2a: Swampert|14/100 tox|[from] item: Leftovers
|-damage|p2a: Swampert|0 fnt|[from] psn
|faint|p2a: Swampert
|upkeep
|
|t:|1729034076
|switch|p2a: Aerodactyl|Aerodactyl, M|100/100
|turn|24
|
|t:|1729034082
|move|p2a: Aerodactyl|Rock Slide|p1a: grounded
|-supereffective|p1a: grounded
|-damage|p1a: grounded|0 fnt
|faint|p1a: grounded
|
|t:|1729034083
|switch|p1a: Boeing|Aerodactyl, M|100/100
|
|-weather|Sandstorm|[upkeep]
|upkeep
|turn|25
|
|t:|1729034085
|move|p2a: Aerodactyl|Rock Slide|p1a: Boeing
|-supereffective|p1a: Boeing
|-damage|p1a: Boeing|0 fnt
|faint|p1a: Boeing
|
|win|cryolite
|c|☆cryolite|gg
|c|☆scald>focusmiss|gg
|player|p1|
|player|p1|scald>focusmiss|colress|

</script>
<script type="application/json" class="data" id="replaydata-smogtours-gen3ou-799068">
{"id":"smogtours-gen3ou-799068","format":"[Gen 3] OU","players":["scald>focusmiss","cryolite"],"uploadtime":1729034085,"views":85,"formatid":"gen3ou","rating":null,"private":0,"password":null}
</script>

<script defer src="js/replays.js?9d40a366"></script>
