<!DOCTYPE html>
<meta charset="utf-8" />
<meta name="viewport" content="width=device-width" />

<title>[Gen 3] OU: Oskari SOSA vs. 3 blades - Replays - Pok&eacute;mon Showdown!</title>

<meta name="description" content="Watch a replay of a Pok&eacute;mon battle between Oskari SOSA and 3 blades! Format: [Gen 3] OU; Date: Oct 31, 2024" />
<!--

Hey, you! Looking in the source for the replay log?

You can find them in JSON format, just add `.json` at the end of a replay URL.

https://replay.pokemonshowdown.com/gen7randomdoublesbattle-865046831.json

Or, if you only need the log itself, add `.log` instead:

https://replay.pokemonshowdown.com/gen7randomdoublesbattle-865046831.log

-->

<link rel="stylesheet" href="//pokemonshowdown.com/style/global.css?0.023195364461161105" />
<link rel="stylesheet" href="//play.pokemonshowdown.com/style/font-awesome.css?0.13261647063804238" />
<link rel="stylesheet" href="//play.pokemonshowdown.com/style/battle.css?0.8753245789963631" />
<link rel="stylesheet" href="//play.pokemonshowdown.com/style/utilichart.css?0.8627959624976733" />

<!-- Global site tag (gtag.js) - Google Analytics -->
<script async src="https://www.googletagmanager.com/gtag/js?id=UA-26211653-1"></script>
<script>
  window.dataLayer = window.dataLayer || [];
  function gtag(){dataLayer.push(arguments);}
  gtag('js', new Date());

  gtag('config', 'UA-26211653-1');
</script>
<!-- End Google Analytics -->
<!-- Venatus Ad Manager - Install in <HEAD> of page -->
	<script src="https://hb.vntsm.com/v3/live/ad-manager.min.js" type="text/javascript" data-site-id="642aba63ec9a7b11c3c9c1be" data-mode="scan" async></script>
<!-- / Venatus Ad Manager -->

<style>
	@media (max-width:820px) {
		.battle {
			margin: 0 auto;
		}
		.battle-log {
			margin: 7px auto 0;
			max-width: 640px;
			height: 300px;
			position: static;
		}
	}
	.optgroup {
		display: inline-block;
		line-height: 22px;
		font-size: 10pt;
	}
	.optgroup .button {
		height: 25px;
		padding-top: 0;
		padding-bottom: 0;
	}
	.optgroup button.button {
		padding-left: 12px;
		padding-right: 12px;
	}
	.linklist {
		list-style: none;
		margin: 0.5em 0;
		padding: 0;
	}
	.linklist li {
		padding: 2px 0;
	}
	.sidebar {
		float: left;
		width: 320px;
	}
	.bar-wrapper {
		max-width: 1100px;
		margin: 0 auto;
	}
	.bar-wrapper.has-sidebar {
		max-width: 1430px;
	}
	.mainbar {
		margin: 0;
		padding-right: 1px;
	}
	.mainbar.has-sidebar {
		margin-left: 330px;
	}
	@media (min-width: 1511px) {
		.sidebar {
			width: 400px;
		}
		.bar-wrapper.has-sidebar {
			max-width: 1510px;
		}
		.mainbar.has-sidebar {
			margin-left: 410px;
		}
	}
	.section.first-section {
		margin-top: 9px;
	}
	.blocklink small {
		white-space: normal;
	}
	.button {
		vertical-align: middle;
	}
	.replay-controls {
		padding-top: 10px;
	}
	.replay-controls h1 {
		font-size: 16pt;
		font-weight: normal;
		color: #CCC;
	}
	.pagelink {
		text-align: center;
	}
	.pagelink a {
		width: 150px;
	}
	.textbox, .button {
		font-size: 11pt;
		vertical-align: middle;
	}
	@media (max-width: 450px) {
		.button {
			font-size: 9pt;
		}
	}
</style>

<div>

	<header>
		<div class="nav-wrapper"><ul class="nav">
			<li><a class="button nav-first" href="//pokemonshowdown.com/"><img src="//pokemonshowdown.com/images/pokemonshowdownbeta.png" srcset="//pokemonshowdown.com/images/pokemonshowdownbeta.png 1x, //pokemonshowdown.com/images/pokemonshowdownbeta@2x.png 2x" alt="Pok&eacute;mon Showdown" width="146" height="44" /> Home</a></li>
			<li><a class="button" href="//pokemonshowdown.com/dex/">Pok&eacute;dex</a></li>
			<li><a class="button cur" href="/">Replays</a></li>
			<li><a class="button" href="//pokemonshowdown.com/ladder/">Ladder</a></li>
			<li><a class="button nav-last" href="//pokemonshowdown.com/forums/">Forum</a></li>
			<li><a class="button greenbutton nav-first nav-last" href="//play.pokemonshowdown.com/">Play</a></li>
		</ul></div>
	</header>

	<div class="main" id="main">

		<noscript><section class="section">You need to enable JavaScript to use this page; sorry!</section></noscript>

	</div>

</div>

<script defer nomodule src="//play.pokemonshowdown.com/js/lib/ps-polyfill.js"></script>
<script defer src="//play.pokemonshowdown.com/js/lib/preact.min.js"></script>

<script defer src="//play.pokemonshowdown.com/config/config.js?2bddbc15"></script>
<script defer src="//play.pokemonshowdown.com/js/lib/jquery-1.11.0.min.js"></script>
<script defer src="//play.pokemonshowdown.com/js/lib/html-sanitizer-minified.js"></script>
<script defer src="//play.pokemonshowdown.com/js/battle-sound.js"></script>
<script defer src="//play.pokemonshowdown.com/js/battledata.js?0.7209276989879541"></script>
<script defer src="//play.pokemonshowdown.com/data/pokedex-mini.js?0.6111056340867951"></script>
<script defer src="//play.pokemonshowdown.com/data/pokedex-mini-bw.js?0.3532142036491459"></script>
<script defer src="//play.pokemonshowdown.com/data/graphics.js?0.24223875632456182"></script>
<script defer src="//play.pokemonshowdown.com/data/pokedex.js?0.38839984266356864"></script>
<script defer src="//play.pokemonshowdown.com/data/moves.js?0.21866028504024015"></script>
<script defer src="//play.pokemonshowdown.com/data/abilities.js?0.2005157953846628"></script>
<script defer src="//play.pokemonshowdown.com/data/items.js?0.9894211263848525"></script>
<script defer src="//play.pokemonshowdown.com/data/teambuilder-tables.js?0.6008791140282215"></script>
<script defer src="//play.pokemonshowdown.com/js/battle-tooltips.js?0.7580118955022959"></script>
<script defer src="//play.pokemonshowdown.com/js/battle.js?0.6057722274234274"></script>

<script defer src="js/utils.js?e31f9a17"></script>
<script defer src="js/replays-battle.js?7008c182"></script>

<!-- don't scrape this data! just add .json or .log after the URL!
Full API docs: https://github.com/smogon/pokemon-showdown-client/blob/master/WEB-API.md -->
<script type="text/plain" class="log" id="replaylog-smogtours-gen3ou-803557">
|inactive|Battle timer is ON: inactive players will automatically lose when time's up.
|t:|1730345699
|gametype|singles
|player|p1|Oskari SOSA|giovanni|
|player|p2|3 blades|guzma|
|teamsize|p1|6
|teamsize|p2|6
|gen|3
|tier|[Gen 3] OU
|rule|Sleep Clause Mod: Limit one foe put to sleep
|rule|Switch Priority Clause Mod: Faster Pokémon switch first
|rule|Species Clause: Limit one of each Pokémon
|rule|OHKO Clause: OHKO moves are banned
|rule|Evasion Items Clause: Evasion items are banned
|rule|Evasion Moves Clause: Evasion moves are banned
|rule|Endless Battle Clause: Forcing endless battles is banned
|rule|HP Percentage Mod: HP is shown in percentages
|rule|One Boost Passer Clause: Limit one Baton Passer that has a way to boost its stats
|rule|Freeze Clause Mod: Limit one foe frozen
|
|t:|1730345699
|start
|switch|p1a: Tyranitar|Tyranitar, M|100/100
|switch|p2a: Medicham|Medicham, F|100/100
|-weather|Sandstorm|[from] ability: Sand Stream|[of] p1a: Tyranitar
|turn|1
|c|☆3 blades|Hf
|
|t:|1730345706
|-singleturn|p2a: Medicham|move: Focus Punch
|switch|p1a: Zapdos|Zapdos|100/100
|move|p2a: Medicham|Focus Punch|p1a: Zapdos
|-resisted|p1a: Zapdos
|-damage|p1a: Zapdos|50/100
|
|-weather|Sandstorm|[upkeep]
|-damage|p2a: Medicham|94/100|[from] Sandstorm
|-damage|p1a: Zapdos|44/100|[from] Sandstorm
|-heal|p1a: Zapdos|50/100|[from] item: Leftovers
|upkeep
|turn|2
|c|☆Oskari SOSA|hf
|
|t:|1730345715
|switch|p1a: Forretress|Forretress, M|100/100
|move|p2a: Medicham|Rock Slide|p1a: Forretress
|-damage|p1a: Forretress|77/100
|
|-weather|Sandstorm|[upkeep]
|-damage|p2a: Medicham|88/100|[from] Sandstorm
|-heal|p1a: Forretress|84/100|[from] item: Leftovers
|upkeep
|turn|3
|
|t:|1730345722
|move|p2a: Medicham|Brick Break|p1a: Forretress
|-damage|p1a: Forretress|47/100
|move|p1a: Forretress|Hidden Power|p2a: Medicham
|-damage|p2a: Medicham|51/100
|
|-weather|Sandstorm|[upkeep]
|-damage|p2a: Medicham|45/100|[from] Sandstorm
|-heal|p1a: Forretress|53/100|[from] item: Leftovers
|upkeep
|turn|4
|
|t:|1730345729
|switch|p2a: Magneton|Magneton|100/100
|move|p1a: Forretress|Spikes|p2a: Magneton
|-sidestart|p2: 3 blades|Spikes
|
|-weather|Sandstorm|[upkeep]
|-heal|p1a: Forretress|59/100|[from] item: Leftovers
|upkeep
|turn|5
|
|t:|1730345733
|move|p2a: Magneton|Hidden Power|p1a: Forretress
|-supereffective|p1a: Forretress
|-damage|p1a: Forretress|0 fnt
|faint|p1a: Forretress
|
|t:|1730345742
|switch|p1a: Tyranitar|Tyranitar, M|100/100
|
|-weather|Sandstorm|[upkeep]
|upkeep
|turn|6
|
|t:|1730345753
|switch|p2a: Suicune|Suicune|100/100
|-damage|p2a: Suicune|88/100|[from] Spikes
|move|p1a: Tyranitar|Fire Blast|p2a: Suicune
|-resisted|p2a: Suicune
|-damage|p2a: Suicune|75/100
|
|-weather|Sandstorm|[upkeep]
|-damage|p2a: Suicune|69/100|[from] Sandstorm
|-heal|p2a: Suicune|75/100|[from] item: Leftovers
|upkeep
|turn|7
|
|t:|1730345762
|move|p2a: Suicune|Surf|p1a: Tyranitar
|-supereffective|p1a: Tyranitar
|-damage|p1a: Tyranitar|34/100
|move|p1a: Tyranitar|Crunch|p2a: Suicune
|-damage|p2a: Suicune|49/100
|
|-weather|Sandstorm|[upkeep]
|-damage|p2a: Suicune|43/100|[from] Sandstorm
|-heal|p2a: Suicune|49/100|[from] item: Leftovers
|upkeep
|turn|8
|
|t:|1730345768
|switch|p1a: Zapdos|Zapdos|50/100
|move|p2a: Suicune|Surf|p1a: Zapdos
|-damage|p1a: Zapdos|23/100
|
|-weather|Sandstorm|[upkeep]
|-damage|p1a: Zapdos|17/100|[from] Sandstorm
|-damage|p2a: Suicune|43/100|[from] Sandstorm
|-heal|p1a: Zapdos|23/100|[from] item: Leftovers
|-heal|p2a: Suicune|49/100|[from] item: Leftovers
|upkeep
|turn|9
|
|t:|1730345774
|switch|p2a: Snorlax|Snorlax, F|100/100
|-damage|p2a: Snorlax|88/100|[from] Spikes
|move|p1a: Zapdos|Rest|p1a: Zapdos
|-status|p1a: Zapdos|slp|[from] move: Rest
|-heal|p1a: Zapdos|100/100 slp|[silent]
|
|-weather|Sandstorm|[upkeep]
|-damage|p1a: Zapdos|94/100 slp|[from] Sandstorm
|-damage|p2a: Snorlax|82/100|[from] Sandstorm
|-heal|p1a: Zapdos|100/100 slp|[from] item: Leftovers
|-heal|p2a: Snorlax|88/100|[from] item: Leftovers
|upkeep
|turn|10
|
|t:|1730345779
|switch|p1a: Tyranitar|Tyranitar, M|34/100
|move|p2a: Snorlax|Body Slam|p1a: Tyranitar
|-resisted|p1a: Tyranitar
|-damage|p1a: Tyranitar|18/100
|
|-weather|Sandstorm|[upkeep]
|-damage|p2a: Snorlax|82/100|[from] Sandstorm
|-heal|p2a: Snorlax|88/100|[from] item: Leftovers
|upkeep
|turn|11
|
|t:|1730345784
|move|p1a: Tyranitar|Brick Break|p2a: Snorlax
|-supereffective|p2a: Snorlax
|-damage|p2a: Snorlax|54/100
|move|p2a: Snorlax|Earthquake|p1a: Tyranitar
|-supereffective|p1a: Tyranitar
|-damage|p1a: Tyranitar|0 fnt
|faint|p1a: Tyranitar
|
|t:|1730345807
|switch|p1a: Aerodactyl|Aerodactyl, M|100/100
|
|-weather|Sandstorm|[upkeep]
|-damage|p2a: Snorlax|48/100|[from] Sandstorm
|-heal|p2a: Snorlax|54/100|[from] item: Leftovers
|upkeep
|turn|12
|inactive|Oskari SOSA has 270 seconds left.
|
|t:|1730345833
|move|p1a: Aerodactyl|Hidden Power|p2a: Snorlax
|-supereffective|p2a: Snorlax
|-damage|p2a: Snorlax|0 fnt
|faint|p2a: Snorlax
|
|t:|1730345840
|switch|p2a: Salamence|Salamence, F|100/100
|-ability|p2a: Salamence|Intimidate|boost
|-unboost|p1a: Aerodactyl|atk|1
|
|-weather|Sandstorm|[upkeep]
|-damage|p2a: Salamence|94/100|[from] Sandstorm
|-heal|p2a: Salamence|100/100|[from] item: Leftovers
|upkeep
|turn|13
|
|t:|1730345845
|switch|p1a: Jirachi|Jirachi|100/100
|move|p2a: Salamence|Dragon Dance|p2a: Salamence
|-boost|p2a: Salamence|atk|1
|-boost|p2a: Salamence|spe|1
|
|-weather|Sandstorm|[upkeep]
|-damage|p2a: Salamence|94/100|[from] Sandstorm
|-heal|p2a: Salamence|100/100|[from] item: Leftovers
|upkeep
|turn|14
|
|t:|1730345849
|move|p2a: Salamence|Earthquake|p1a: Jirachi
|-supereffective|p1a: Jirachi
|-crit|p1a: Jirachi
|-damage|p1a: Jirachi|0 fnt
|faint|p1a: Jirachi
|c|☆Oskari SOSA|no
|
|t:|1730345854
|switch|p1a: Claydol|Claydol|100/100
|
|-weather|Sandstorm|[upkeep]
|-damage|p2a: Salamence|94/100|[from] Sandstorm
|-heal|p2a: Salamence|100/100|[from] item: Leftovers
|upkeep
|turn|15
|
|t:|1730345858
|switch|p2a: Magneton|Magneton|100/100
|-damage|p2a: Magneton|88/100|[from] Spikes
|move|p1a: Claydol|Earthquake|p2a: Magneton
|-supereffective|p2a: Magneton
|-damage|p2a: Magneton|0 fnt
|faint|p2a: Magneton
|
|t:|1730345864
|switch|p2a: Medicham|Medicham, F|45/100
|-damage|p2a: Medicham|33/100|[from] Spikes
|
|-weather|Sandstorm|[upkeep]
|-damage|p2a: Medicham|27/100|[from] Sandstorm
|upkeep
|turn|16
|
|t:|1730345870
|move|p2a: Medicham|Shadow Ball|p1a: Claydol
|-supereffective|p1a: Claydol
|-damage|p1a: Claydol|43/100
|-unboost|p1a: Claydol|spd|1
|move|p1a: Claydol|Psychic|p2a: Medicham
|-damage|p2a: Medicham|0 fnt
|faint|p2a: Medicham
|
|t:|1730345879
|switch|p2a: Suicune|Suicune|49/100
|-damage|p2a: Suicune|36/100|[from] Spikes
|
|-weather|Sandstorm|[upkeep]
|-damage|p2a: Suicune|30/100|[from] Sandstorm
|-heal|p2a: Suicune|36/100|[from] item: Leftovers
|-heal|p1a: Claydol|49/100|[from] item: Leftovers
|upkeep
|turn|17
|
|t:|1730345882
|switch|p1a: Zapdos|Zapdos|100/100 slp
|move|p2a: Suicune|Surf|p1a: Zapdos
|-damage|p1a: Zapdos|70/100 slp
|
|-weather|Sandstorm|[upkeep]
|-damage|p1a: Zapdos|64/100 slp|[from] Sandstorm
|-damage|p2a: Suicune|30/100|[from] Sandstorm
|-heal|p1a: Zapdos|70/100 slp|[from] item: Leftovers
|-heal|p2a: Suicune|36/100|[from] item: Leftovers
|upkeep
|turn|18
|
|t:|1730345886
|cant|p1a: Zapdos|slp
|move|p1a: Zapdos|Sleep Talk|p1a: Zapdos
|move|p1a: Zapdos|Roar|p2a: Suicune|[from]Sleep Talk
|drag|p2a: Salamence|Salamence, F|100/100
|-ability|p2a: Salamence|Intimidate|boost
|-unboost|p1a: Zapdos|atk|1
|
|-weather|Sandstorm|[upkeep]
|-damage|p2a: Salamence|94/100|[from] Sandstorm
|-damage|p1a: Zapdos|64/100 slp|[from] Sandstorm
|-heal|p2a: Salamence|100/100|[from] item: Leftovers
|-heal|p1a: Zapdos|70/100 slp|[from] item: Leftovers
|upkeep
|turn|19
|
|t:|1730345893
|move|p2a: Salamence|Dragon Dance|p2a: Salamence
|-boost|p2a: Salamence|atk|1
|-boost|p2a: Salamence|spe|1
|cant|p1a: Zapdos|slp
|move|p1a: Zapdos|Sleep Talk|p1a: Zapdos
|move|p1a: Zapdos|Roar|p2a: Salamence|[from]Sleep Talk
|drag|p2a: Suicune|Suicune|36/100
|-damage|p2a: Suicune|24/100|[from] Spikes
|
|-weather|Sandstorm|[upkeep]
|-damage|p1a: Zapdos|64/100 slp|[from] Sandstorm
|-damage|p2a: Suicune|18/100|[from] Sandstorm
|-heal|p1a: Zapdos|70/100 slp|[from] item: Leftovers
|-heal|p2a: Suicune|24/100|[from] item: Leftovers
|upkeep
|turn|20
|
|t:|1730345907
|-curestatus|p1a: Zapdos|slp|[msg]
|move|p1a: Zapdos|Thunderbolt|p2a: Suicune
|-supereffective|p2a: Suicune
|-damage|p2a: Suicune|0 fnt
|faint|p2a: Suicune
|
|t:|1730345908
|switch|p2a: Salamence|Salamence, F|100/100
|-ability|p2a: Salamence|Intimidate|boost
|-unboost|p1a: Zapdos|atk|1
|
|-weather|Sandstorm|[upkeep]
|-damage|p2a: Salamence|94/100|[from] Sandstorm
|-damage|p1a: Zapdos|64/100|[from] Sandstorm
|-heal|p2a: Salamence|100/100|[from] item: Leftovers
|-heal|p1a: Zapdos|70/100|[from] item: Leftovers
|upkeep
|turn|21
|
|t:|1730345910
|move|p2a: Salamence|Dragon Dance|p2a: Salamence
|-boost|p2a: Salamence|atk|1
|-boost|p2a: Salamence|spe|1
|move|p1a: Zapdos|Roar|p2a: Salamence
|drag|p2a: Metagross|Metagross|100/100
|-damage|p2a: Metagross|88/100|[from] Spikes
|
|-weather|Sandstorm|[upkeep]
|-damage|p1a: Zapdos|64/100|[from] Sandstorm
|-heal|p1a: Zapdos|70/100|[from] item: Leftovers
|-heal|p2a: Metagross|94/100|[from] item: Leftovers
|upkeep
|turn|22
|
|t:|1730345921
|switch|p2a: Salamence|Salamence, F|100/100
|-ability|p2a: Salamence|Intimidate|boost
|-unboost|p1a: Zapdos|atk|1
|move|p1a: Zapdos|Thunderbolt|p2a: Salamence
|-damage|p2a: Salamence|56/100
|
|-weather|Sandstorm|[upkeep]
|-damage|p2a: Salamence|50/100|[from] Sandstorm
|-damage|p1a: Zapdos|64/100|[from] Sandstorm
|-heal|p2a: Salamence|56/100|[from] item: Leftovers
|-heal|p1a: Zapdos|70/100|[from] item: Leftovers
|upkeep
|turn|23
|
|t:|1730345929
|move|p2a: Salamence|Rock Slide|p1a: Zapdos
|-supereffective|p1a: Zapdos
|-damage|p1a: Zapdos|13/100
|cant|p1a: Zapdos|flinch
|
|-weather|Sandstorm|[upkeep]
|-damage|p2a: Salamence|50/100|[from] Sandstorm
|-damage|p1a: Zapdos|7/100|[from] Sandstorm
|-heal|p2a: Salamence|56/100|[from] item: Leftovers
|-heal|p1a: Zapdos|13/100|[from] item: Leftovers
|upkeep
|turn|24
|
|t:|1730345936
|move|p2a: Salamence|Rock Slide|p1a: Zapdos
|-supereffective|p1a: Zapdos
|-damage|p1a: Zapdos|0 fnt
|faint|p1a: Zapdos
|
|t:|1730345937
|switch|p1a: Aerodactyl|Aerodactyl, M|100/100
|
|-weather|Sandstorm|[upkeep]
|-damage|p2a: Salamence|50/100|[from] Sandstorm
|-heal|p2a: Salamence|56/100|[from] item: Leftovers
|upkeep
|turn|25
|
|t:|1730345942
|move|p1a: Aerodactyl|Double-Edge|p2a: Salamence
|-damage|p2a: Salamence|0 fnt
|faint|p2a: Salamence
|
|t:|1730345944
|switch|p2a: Metagross|Metagross|94/100
|-damage|p2a: Metagross|82/100|[from] Spikes
|
|-weather|Sandstorm|[upkeep]
|-heal|p2a: Metagross|88/100|[from] item: Leftovers
|upkeep
|turn|26
|
|t:|1730345946
|move|p1a: Aerodactyl|Double-Edge|p2a: Metagross
|-resisted|p2a: Metagross
|-damage|p2a: Metagross|66/100
|move|p2a: Metagross|Agility|p2a: Metagross
|-boost|p2a: Metagross|spe|2
|
|-weather|Sandstorm|[upkeep]
|-heal|p2a: Metagross|72/100|[from] item: Leftovers
|upkeep
|turn|27
|
|t:|1730345948
|move|p2a: Metagross|Meteor Mash|p1a: Aerodactyl
|-supereffective|p1a: Aerodactyl
|-damage|p1a: Aerodactyl|0 fnt
|faint|p1a: Aerodactyl
|
|t:|1730345951
|switch|p1a: Claydol|Claydol|49/100
|
|-weather|Sandstorm|[upkeep]
|-heal|p2a: Metagross|78/100|[from] item: Leftovers
|-heal|p1a: Claydol|55/100|[from] item: Leftovers
|upkeep
|turn|28
|
|t:|1730345953
|move|p2a: Metagross|Meteor Mash|p1a: Claydol
|-damage|p1a: Claydol|1/100
|move|p1a: Claydol|Earthquake|p2a: Metagross
|-supereffective|p2a: Metagross
|-damage|p2a: Metagross|36/100
|
|-weather|Sandstorm|[upkeep]
|-heal|p2a: Metagross|42/100|[from] item: Leftovers
|-heal|p1a: Claydol|8/100|[from] item: Leftovers
|upkeep
|turn|29
|c|☆Oskari SOSA|unlucky
|c|☆Oskari SOSA|gg
|-message|Oskari SOSA forfeited.
|
|win|3 blades
|c|☆3 blades|Gg
|player|p2|

</script>
<script type="application/json" class="data" id="replaydata-smogtours-gen3ou-803557">
{"id":"smogtours-gen3ou-803557","format":"[Gen 3] OU","players":["Oskari SOSA","3 blades"],"uploadtime":1730345966,"views":121,"formatid":"gen3ou","rating":null,"private":0,"password":null}
</script>

<script defer src="js/replays.js?9d40a366"></script>
