<!DOCTYPE html>
<meta charset="utf-8" />
<meta name="viewport" content="width=device-width" />

<title>[Gen 3] OU: Texas Cloverleaf vs. SteelSwaggy - Replays - Pok&eacute;mon Showdown!</title>

<meta name="description" content="Watch a replay of a Pok&eacute;mon battle between Texas Cloverleaf and SteelSwaggy! Format: [Gen 3] OU; Date: Oct 7, 2024" />
<!--

Hey, you! Looking in the source for the replay log?

You can find them in JSON format, just add `.json` at the end of a replay URL.

https://replay.pokemonshowdown.com/gen7randomdoublesbattle-865046831.json

Or, if you only need the log itself, add `.log` instead:

https://replay.pokemonshowdown.com/gen7randomdoublesbattle-865046831.log

-->

<link rel="stylesheet" href="//pokemonshowdown.com/style/global.css?0.023195364461161105" />
<link rel="stylesheet" href="//play.pokemonshowdown.com/style/font-awesome.css?0.13261647063804238" />
<link rel="stylesheet" href="//play.pokemonshowdown.com/style/battle.css?0.8753245789963631" />
<link rel="stylesheet" href="//play.pokemonshowdown.com/style/utilichart.css?0.8627959624976733" />

<!-- Global site tag (gtag.js) - Google Analytics -->
<script async src="https://www.googletagmanager.com/gtag/js?id=UA-26211653-1"></script>
<script>
  window.dataLayer = window.dataLayer || [];
  function gtag(){dataLayer.push(arguments);}
  gtag('js', new Date());

  gtag('config', 'UA-26211653-1');
</script>
<!-- End Google Analytics -->
<!-- Venatus Ad Manager - Install in <HEAD> of page -->
	<script src="https://hb.vntsm.com/v3/live/ad-manager.min.js" type="text/javascript" data-site-id="642aba63ec9a7b11c3c9c1be" data-mode="scan" async></script>
<!-- / Venatus Ad Manager -->

<style>
	@media (max-width:820px) {
		.battle {
			margin: 0 auto;
		}
		.battle-log {
			margin: 7px auto 0;
			max-width: 640px;
			height: 300px;
			position: static;
		}
	}
	.optgroup {
		display: inline-block;
		line-height: 22px;
		font-size: 10pt;
	}
	.optgroup .button {
		height: 25px;
		padding-top: 0;
		padding-bottom: 0;
	}
	.optgroup button.button {
		padding-left: 12px;
		padding-right: 12px;
	}
	.linklist {
		list-style: none;
		margin: 0.5em 0;
		padding: 0;
	}
	.linklist li {
		padding: 2px 0;
	}
	.sidebar {
		float: left;
		width: 320px;
	}
	.bar-wrapper {
		max-width: 1100px;
		margin: 0 auto;
	}
	.bar-wrapper.has-sidebar {
		max-width: 1430px;
	}
	.mainbar {
		margin: 0;
		padding-right: 1px;
	}
	.mainbar.has-sidebar {
		margin-left: 330px;
	}
	@media (min-width: 1511px) {
		.sidebar {
			width: 400px;
		}
		.bar-wrapper.has-sidebar {
			max-width: 1510px;
		}
		.mainbar.has-sidebar {
			margin-left: 410px;
		}
	}
	.section.first-section {
		margin-top: 9px;
	}
	.blocklink small {
		white-space: normal;
	}
	.button {
		vertical-align: middle;
	}
	.replay-controls {
		padding-top: 10px;
	}
	.replay-controls h1 {
		font-size: 16pt;
		font-weight: normal;
		color: #CCC;
	}
	.pagelink {
		text-align: center;
	}
	.pagelink a {
		width: 150px;
	}
	.textbox, .button {
		font-size: 11pt;
		vertical-align: middle;
	}
	@media (max-width: 450px) {
		.button {
			font-size: 9pt;
		}
	}
</style>

<div>

	<header>
		<div class="nav-wrapper"><ul class="nav">
			<li><a class="button nav-first" href="//pokemonshowdown.com/"><img src="//pokemonshowdown.com/images/pokemonshowdownbeta.png" srcset="//pokemonshowdown.com/images/pokemonshowdownbeta.png 1x, //pokemonshowdown.com/images/pokemonshowdownbeta@2x.png 2x" alt="Pok&eacute;mon Showdown" width="146" height="44" /> Home</a></li>
			<li><a class="button" href="//pokemonshowdown.com/dex/">Pok&eacute;dex</a></li>
			<li><a class="button cur" href="/">Replays</a></li>
			<li><a class="button" href="//pokemonshowdown.com/ladder/">Ladder</a></li>
			<li><a class="button nav-last" href="//pokemonshowdown.com/forums/">Forum</a></li>
			<li><a class="button greenbutton nav-first nav-last" href="//play.pokemonshowdown.com/">Play</a></li>
		</ul></div>
	</header>

	<div class="main" id="main">

		<noscript><section class="section">You need to enable JavaScript to use this page; sorry!</section></noscript>

	</div>

</div>

<script defer nomodule src="//play.pokemonshowdown.com/js/lib/ps-polyfill.js"></script>
<script defer src="//play.pokemonshowdown.com/js/lib/preact.min.js"></script>

<script defer src="//play.pokemonshowdown.com/config/config.js?2bddbc15"></script>
<script defer src="//play.pokemonshowdown.com/js/lib/jquery-1.11.0.min.js"></script>
<script defer src="//play.pokemonshowdown.com/js/lib/html-sanitizer-minified.js"></script>
<script defer src="//play.pokemonshowdown.com/js/battle-sound.js"></script>
<script defer src="//play.pokemonshowdown.com/js/battledata.js?0.7209276989879541"></script>
<script defer src="//play.pokemonshowdown.com/data/pokedex-mini.js?0.6111056340867951"></script>
<script defer src="//play.pokemonshowdown.com/data/pokedex-mini-bw.js?0.3532142036491459"></script>
<script defer src="//play.pokemonshowdown.com/data/graphics.js?0.24223875632456182"></script>
<script defer src="//play.pokemonshowdown.com/data/pokedex.js?0.38839984266356864"></script>
<script defer src="//play.pokemonshowdown.com/data/moves.js?0.21866028504024015"></script>
<script defer src="//play.pokemonshowdown.com/data/abilities.js?0.2005157953846628"></script>
<script defer src="//play.pokemonshowdown.com/data/items.js?0.9894211263848525"></script>
<script defer src="//play.pokemonshowdown.com/data/teambuilder-tables.js?0.6008791140282215"></script>
<script defer src="//play.pokemonshowdown.com/js/battle-tooltips.js?0.7580118955022959"></script>
<script defer src="//play.pokemonshowdown.com/js/battle.js?0.6057722274234274"></script>

<script defer src="js/utils.js?e31f9a17"></script>
<script defer src="js/replays-battle.js?7008c182"></script>

<!-- don't scrape this data! just add .json or .log after the URL!
Full API docs: https://github.com/smogon/pokemon-showdown-client/blob/master/WEB-API.md -->
<script type="text/plain" class="log" id="replaylog-smogtours-gen3ou-796247">
|inactive|Battle timer is ON: inactive players will automatically lose when time's up.
|t:|1728335548
|gametype|singles
|player|p1|Texas Cloverleaf|#texascloverleaf|
|player|p2|SteelSwaggy|266|
|teamsize|p1|6
|teamsize|p2|6
|gen|3
|tier|[Gen 3] OU
|rule|Sleep Clause Mod: Limit one foe put to sleep
|rule|Switch Priority Clause Mod: Faster Pokémon switch first
|rule|Species Clause: Limit one of each Pokémon
|rule|OHKO Clause: OHKO moves are banned
|rule|Evasion Items Clause: Evasion items are banned
|rule|Evasion Moves Clause: Evasion moves are banned
|rule|Endless Battle Clause: Forcing endless battles is banned
|rule|HP Percentage Mod: HP is shown in percentages
|rule|One Boost Passer Clause: Limit one Baton Passer that has a way to boost its stats
|rule|Freeze Clause Mod: Limit one foe frozen
|
|t:|1728335548
|start
|switch|p1a: Celebi|Celebi|100/100
|switch|p2a: Jakka|Tyranitar, M|100/100
|-weather|Sandstorm|[from] ability: Sand Stream|[of] p2a: Jakka
|turn|1
|c|☆SteelSwaggy|Alright, hf!
|c|☆Texas Cloverleaf|cheers
|
|t:|1728335567
|move|p1a: Celebi|Leech Seed|p2a: Jakka
|-start|p2a: Jakka|move: Leech Seed
|move|p2a: Jakka|Rock Slide|p1a: Celebi
|-crit|p1a: Celebi
|-damage|p1a: Celebi|44/100
|
|-weather|Sandstorm|[upkeep]
|-damage|p1a: Celebi|38/100|[from] Sandstorm
|-heal|p1a: Celebi|44/100|[from] item: Leftovers
|-damage|p2a: Jakka|88/100|[from] Leech Seed|[of] p1a: Celebi
|-heal|p1a: Celebi|55/100|[silent]
|upkeep
|turn|2
|
|t:|1728335575
|switch|p2a: Tendaris|Salamence, M|100/100
|-ability|p2a: Tendaris|Intimidate|boost
|-unboost|p1a: Celebi|atk|1
|move|p1a: Celebi|Recover|p1a: Celebi
|-heal|p1a: Celebi|100/100
|
|-weather|Sandstorm|[upkeep]
|-damage|p2a: Tendaris|94/100|[from] Sandstorm
|-damage|p1a: Celebi|94/100|[from] Sandstorm
|-heal|p2a: Tendaris|100/100|[from] item: Leftovers
|-heal|p1a: Celebi|100/100|[from] item: Leftovers
|upkeep
|turn|3
|
|t:|1728335581
|switch|p1a: Milotic|Milotic, M|100/100
|move|p2a: Tendaris|Hidden Power|p1a: Milotic
|-damage|p1a: Milotic|69/100
|
|-weather|Sandstorm|[upkeep]
|-damage|p2a: Tendaris|94/100|[from] Sandstorm
|-damage|p1a: Milotic|63/100|[from] Sandstorm
|-heal|p2a: Tendaris|100/100|[from] item: Leftovers
|-heal|p1a: Milotic|69/100|[from] item: Leftovers
|upkeep
|turn|4
|
|t:|1728335586
|switch|p2a: Baudimon|Forretress, M|100/100
|move|p1a: Milotic|Recover|p1a: Milotic
|-heal|p1a: Milotic|100/100
|
|-weather|Sandstorm|[upkeep]
|-damage|p1a: Milotic|94/100|[from] Sandstorm
|-heal|p1a: Milotic|100/100|[from] item: Leftovers
|upkeep
|turn|5
|
|t:|1728335592
|move|p1a: Milotic|Surf|p2a: Baudimon
|-damage|p2a: Baudimon|69/100
|move|p2a: Baudimon|Spikes|p1a: Milotic
|-sidestart|p1: Texas Cloverleaf|Spikes
|
|-weather|Sandstorm|[upkeep]
|-damage|p1a: Milotic|94/100|[from] Sandstorm
|-heal|p1a: Milotic|100/100|[from] item: Leftovers
|-heal|p2a: Baudimon|75/100|[from] item: Leftovers
|upkeep
|turn|6
|
|t:|1728335598
|switch|p1a: Skarmory|Skarmory, M|100/100
|move|p2a: Baudimon|Spikes|p1a: Skarmory
|-sidestart|p1: Texas Cloverleaf|Spikes
|
|-weather|Sandstorm|[upkeep]
|-heal|p2a: Baudimon|81/100|[from] item: Leftovers
|upkeep
|turn|7
|
|t:|1728335602
|move|p1a: Skarmory|Spikes|p2a: Baudimon
|-sidestart|p2: SteelSwaggy|Spikes
|move|p2a: Baudimon|Spikes|p1a: Skarmory
|-sidestart|p1: Texas Cloverleaf|Spikes
|
|-weather|Sandstorm|[upkeep]
|-heal|p2a: Baudimon|88/100|[from] item: Leftovers
|upkeep
|turn|8
|
|t:|1728335604
|move|p1a: Skarmory|Drill Peck|p2a: Baudimon
|-crit|p2a: Baudimon
|-damage|p2a: Baudimon|55/100
|move|p2a: Baudimon|Rapid Spin|p1a: Skarmory
|-resisted|p1a: Skarmory
|-damage|p1a: Skarmory|99/100
|-sideend|p2: SteelSwaggy|Spikes|[from] move: Rapid Spin|[of] p2a: Baudimon
|
|-weather|Sandstorm|[upkeep]
|-heal|p1a: Skarmory|100/100|[from] item: Leftovers
|-heal|p2a: Baudimon|62/100|[from] item: Leftovers
|upkeep
|turn|9
|
|t:|1728335609
|switch|p2a: Isabelle|Jirachi|100/100
|move|p1a: Skarmory|Spikes|p2a: Isabelle
|-sidestart|p2: SteelSwaggy|Spikes
|
|-weather|Sandstorm|[upkeep]
|upkeep
|turn|10
|
|t:|1728335614
|switch|p1a: Claydol|Claydol|100/100
|move|p2a: Isabelle|Thunderbolt|p1a: Claydol
|-immune|p1a: Claydol
|
|-weather|Sandstorm|[upkeep]
|upkeep
|turn|11
|
|t:|1728335619
|move|p2a: Isabelle|Ice Punch|p1a: Claydol
|-supereffective|p1a: Claydol
|-damage|p1a: Claydol|62/100
|move|p1a: Claydol|Rapid Spin|p2a: Isabelle
|-resisted|p2a: Isabelle
|-damage|p2a: Isabelle|99/100
|-sideend|p1: Texas Cloverleaf|Spikes|[from] move: Rapid Spin|[of] p1a: Claydol
|
|-weather|Sandstorm|[upkeep]
|-heal|p2a: Isabelle|100/100|[from] item: Leftovers
|-heal|p1a: Claydol|68/100|[from] item: Leftovers
|upkeep
|turn|12
|
|t:|1728335628
|switch|p1a: Blissey|Blissey, F|100/100
|move|p2a: Isabelle|Ice Punch|p1a: Blissey
|-damage|p1a: Blissey|93/100
|
|-weather|Sandstorm|[upkeep]
|-damage|p1a: Blissey|87/100|[from] Sandstorm
|-heal|p1a: Blissey|93/100|[from] item: Leftovers
|upkeep
|turn|13
|
|t:|1728335631
|move|p2a: Isabelle|Substitute|p2a: Isabelle
|-start|p2a: Isabelle|Substitute
|-damage|p2a: Isabelle|75/100
|move|p1a: Blissey|Thunderbolt|p2a: Isabelle
|-activate|p2a: Isabelle|Substitute|[damage]
|
|-weather|Sandstorm|[upkeep]
|-damage|p1a: Blissey|87/100|[from] Sandstorm
|-heal|p2a: Isabelle|82/100|[from] item: Leftovers
|-heal|p1a: Blissey|93/100|[from] item: Leftovers
|upkeep
|turn|14
|
|t:|1728335633
|move|p2a: Isabelle|Calm Mind|p2a: Isabelle
|-boost|p2a: Isabelle|spa|1
|-boost|p2a: Isabelle|spd|1
|move|p1a: Blissey|Calm Mind|p1a: Blissey
|-boost|p1a: Blissey|spa|1
|-boost|p1a: Blissey|spd|1
|
|-weather|Sandstorm|[upkeep]
|-damage|p1a: Blissey|87/100|[from] Sandstorm
|-heal|p2a: Isabelle|88/100|[from] item: Leftovers
|-heal|p1a: Blissey|93/100|[from] item: Leftovers
|upkeep
|turn|15
|
|t:|1728335636
|move|p2a: Isabelle|Calm Mind|p2a: Isabelle
|-boost|p2a: Isabelle|spa|1
|-boost|p2a: Isabelle|spd|1
|move|p1a: Blissey|Calm Mind|p1a: Blissey
|-boost|p1a: Blissey|spa|1
|-boost|p1a: Blissey|spd|1
|
|-weather|Sandstorm|[upkeep]
|-damage|p1a: Blissey|87/100|[from] Sandstorm
|-heal|p2a: Isabelle|94/100|[from] item: Leftovers
|-heal|p1a: Blissey|93/100|[from] item: Leftovers
|upkeep
|turn|16
|
|t:|1728335637
|move|p2a: Isabelle|Calm Mind|p2a: Isabelle
|-boost|p2a: Isabelle|spa|1
|-boost|p2a: Isabelle|spd|1
|move|p1a: Blissey|Calm Mind|p1a: Blissey
|-boost|p1a: Blissey|spa|1
|-boost|p1a: Blissey|spd|1
|
|-weather|Sandstorm|[upkeep]
|-damage|p1a: Blissey|87/100|[from] Sandstorm
|-heal|p2a: Isabelle|99/100|[from] item: Leftovers
|-heal|p1a: Blissey|93/100|[from] item: Leftovers
|upkeep
|turn|17
|
|t:|1728335639
|move|p2a: Isabelle|Calm Mind|p2a: Isabelle
|-boost|p2a: Isabelle|spa|1
|-boost|p2a: Isabelle|spd|1
|move|p1a: Blissey|Calm Mind|p1a: Blissey
|-boost|p1a: Blissey|spa|1
|-boost|p1a: Blissey|spd|1
|
|-weather|Sandstorm|[upkeep]
|-damage|p1a: Blissey|87/100|[from] Sandstorm
|-heal|p2a: Isabelle|100/100|[from] item: Leftovers
|-heal|p1a: Blissey|93/100|[from] item: Leftovers
|upkeep
|turn|18
|
|t:|1728335640
|move|p2a: Isabelle|Calm Mind|p2a: Isabelle
|-boost|p2a: Isabelle|spa|1
|-boost|p2a: Isabelle|spd|1
|move|p1a: Blissey|Calm Mind|p1a: Blissey
|-boost|p1a: Blissey|spa|1
|-boost|p1a: Blissey|spd|1
|
|-weather|Sandstorm|[upkeep]
|-damage|p1a: Blissey|87/100|[from] Sandstorm
|-heal|p1a: Blissey|93/100|[from] item: Leftovers
|upkeep
|turn|19
|
|t:|1728335642
|move|p2a: Isabelle|Calm Mind|p2a: Isabelle
|-boost|p2a: Isabelle|spa|1
|-boost|p2a: Isabelle|spd|1
|move|p1a: Blissey|Calm Mind|p1a: Blissey
|-boost|p1a: Blissey|spa|1
|-boost|p1a: Blissey|spd|1
|
|-weather|Sandstorm|[upkeep]
|-damage|p1a: Blissey|87/100|[from] Sandstorm
|-heal|p1a: Blissey|93/100|[from] item: Leftovers
|upkeep
|turn|20
|
|t:|1728335643
|move|p2a: Isabelle|Thunderbolt|p1a: Blissey
|-damage|p1a: Blissey|82/100
|move|p1a: Blissey|Thunderbolt|p2a: Isabelle
|-end|p2a: Isabelle|Substitute
|
|-weather|Sandstorm|[upkeep]
|-damage|p1a: Blissey|76/100|[from] Sandstorm
|-heal|p1a: Blissey|82/100|[from] item: Leftovers
|upkeep
|turn|21
|
|t:|1728335647
|move|p2a: Isabelle|Substitute|p2a: Isabelle
|-start|p2a: Isabelle|Substitute
|-damage|p2a: Isabelle|75/100
|move|p1a: Blissey|Thunderbolt|p2a: Isabelle
|-activate|p2a: Isabelle|Substitute|[damage]
|
|-weather|Sandstorm|[upkeep]
|-damage|p1a: Blissey|76/100|[from] Sandstorm
|-heal|p2a: Isabelle|82/100|[from] item: Leftovers
|-heal|p1a: Blissey|82/100|[from] item: Leftovers
|upkeep
|turn|22
|
|t:|1728335648
|move|p2a: Isabelle|Thunderbolt|p1a: Blissey
|-damage|p1a: Blissey|71/100
|move|p1a: Blissey|Thunderbolt|p2a: Isabelle
|-end|p2a: Isabelle|Substitute
|
|-weather|Sandstorm|[upkeep]
|-damage|p1a: Blissey|65/100|[from] Sandstorm
|-heal|p2a: Isabelle|88/100|[from] item: Leftovers
|-heal|p1a: Blissey|71/100|[from] item: Leftovers
|upkeep
|turn|23
|
|t:|1728335651
|move|p2a: Isabelle|Substitute|p2a: Isabelle
|-start|p2a: Isabelle|Substitute
|-damage|p2a: Isabelle|63/100
|move|p1a: Blissey|Thunderbolt|p2a: Isabelle
|-activate|p2a: Isabelle|Substitute|[damage]
|
|-weather|Sandstorm|[upkeep]
|-damage|p1a: Blissey|65/100|[from] Sandstorm
|-heal|p2a: Isabelle|69/100|[from] item: Leftovers
|-heal|p1a: Blissey|71/100|[from] item: Leftovers
|upkeep
|turn|24
|
|t:|1728335654
|move|p2a: Isabelle|Thunderbolt|p1a: Blissey
|-damage|p1a: Blissey|60/100
|move|p1a: Blissey|Soft-Boiled|p1a: Blissey
|-heal|p1a: Blissey|100/100
|
|-weather|Sandstorm|[upkeep]
|-damage|p1a: Blissey|94/100|[from] Sandstorm
|-heal|p2a: Isabelle|75/100|[from] item: Leftovers
|-heal|p1a: Blissey|100/100|[from] item: Leftovers
|upkeep
|turn|25
|
|t:|1728335656
|move|p2a: Isabelle|Thunderbolt|p1a: Blissey
|-damage|p1a: Blissey|89/100
|move|p1a: Blissey|Thunderbolt|p2a: Isabelle
|-end|p2a: Isabelle|Substitute
|
|-weather|Sandstorm|[upkeep]
|-damage|p1a: Blissey|83/100|[from] Sandstorm
|-heal|p2a: Isabelle|81/100|[from] item: Leftovers
|-heal|p1a: Blissey|89/100|[from] item: Leftovers
|upkeep
|turn|26
|
|t:|1728335658
|move|p2a: Isabelle|Substitute|p2a: Isabelle
|-start|p2a: Isabelle|Substitute
|-damage|p2a: Isabelle|56/100
|move|p1a: Blissey|Thunderbolt|p2a: Isabelle
|-activate|p2a: Isabelle|Substitute|[damage]
|
|-weather|Sandstorm|[upkeep]
|-damage|p1a: Blissey|83/100|[from] Sandstorm
|-heal|p2a: Isabelle|63/100|[from] item: Leftovers
|-heal|p1a: Blissey|89/100|[from] item: Leftovers
|upkeep
|turn|27
|
|t:|1728335660
|move|p2a: Isabelle|Ice Punch|p1a: Blissey
|-damage|p1a: Blissey|81/100
|move|p1a: Blissey|Thunderbolt|p2a: Isabelle
|-end|p2a: Isabelle|Substitute
|
|-weather|Sandstorm|[upkeep]
|-damage|p1a: Blissey|75/100|[from] Sandstorm
|-heal|p2a: Isabelle|69/100|[from] item: Leftovers
|-heal|p1a: Blissey|81/100|[from] item: Leftovers
|upkeep
|turn|28
|
|t:|1728335663
|move|p2a: Isabelle|Substitute|p2a: Isabelle
|-start|p2a: Isabelle|Substitute
|-damage|p2a: Isabelle|44/100
|move|p1a: Blissey|Thunderbolt|p2a: Isabelle
|-activate|p2a: Isabelle|Substitute|[damage]
|
|-weather|Sandstorm|[upkeep]
|-damage|p1a: Blissey|75/100|[from] Sandstorm
|-heal|p2a: Isabelle|50/100|[from] item: Leftovers
|-heal|p1a: Blissey|81/100|[from] item: Leftovers
|upkeep
|turn|29
|
|t:|1728335665
|move|p2a: Isabelle|Thunderbolt|p1a: Blissey
|-damage|p1a: Blissey|70/100
|move|p1a: Blissey|Thunderbolt|p2a: Isabelle
|-end|p2a: Isabelle|Substitute
|
|-weather|Sandstorm|[upkeep]
|-damage|p1a: Blissey|64/100|[from] Sandstorm
|-heal|p2a: Isabelle|56/100|[from] item: Leftovers
|-heal|p1a: Blissey|70/100|[from] item: Leftovers
|upkeep
|turn|30
|
|t:|1728335669
|move|p2a: Isabelle|Substitute|p2a: Isabelle
|-start|p2a: Isabelle|Substitute
|-damage|p2a: Isabelle|31/100
|move|p1a: Blissey|Thunderbolt|p2a: Isabelle
|-activate|p2a: Isabelle|Substitute|[damage]
|
|-weather|Sandstorm|[upkeep]
|-damage|p1a: Blissey|64/100|[from] Sandstorm
|-heal|p2a: Isabelle|37/100|[from] item: Leftovers
|-heal|p1a: Blissey|70/100|[from] item: Leftovers
|upkeep
|turn|31
|
|t:|1728335671
|move|p2a: Isabelle|Thunderbolt|p1a: Blissey
|-damage|p1a: Blissey|60/100
|move|p1a: Blissey|Thunderbolt|p2a: Isabelle
|-end|p2a: Isabelle|Substitute
|
|-weather|Sandstorm|[upkeep]
|-damage|p1a: Blissey|54/100|[from] Sandstorm
|-heal|p2a: Isabelle|44/100|[from] item: Leftovers
|-heal|p1a: Blissey|60/100|[from] item: Leftovers
|upkeep
|turn|32
|
|t:|1728335673
|move|p2a: Isabelle|Thunderbolt|p1a: Blissey
|-damage|p1a: Blissey|50/100
|move|p1a: Blissey|Thunderbolt|p2a: Isabelle
|-damage|p2a: Isabelle|24/100
|
|-weather|Sandstorm|[upkeep]
|-damage|p1a: Blissey|44/100|[from] Sandstorm
|-heal|p2a: Isabelle|30/100|[from] item: Leftovers
|-heal|p1a: Blissey|50/100|[from] item: Leftovers
|upkeep
|turn|33
|
|t:|1728335675
|move|p2a: Isabelle|Ice Punch|p1a: Blissey
|-crit|p1a: Blissey
|-damage|p1a: Blissey|0 fnt
|faint|p1a: Blissey
|
|t:|1728335677
|switch|p1a: Dugtrio|Dugtrio, F|100/100
|
|-weather|Sandstorm|[upkeep]
|-heal|p2a: Isabelle|36/100|[from] item: Leftovers
|upkeep
|turn|34
|
|t:|1728335679
|move|p1a: Dugtrio|Earthquake|p2a: Isabelle
|-supereffective|p2a: Isabelle
|-damage|p2a: Isabelle|0 fnt
|faint|p2a: Isabelle
|
|t:|1728335690
|switch|p2a: Tendaris|Salamence, M|100/100
|-ability|p2a: Tendaris|Intimidate|boost
|-unboost|p1a: Dugtrio|atk|1
|
|-weather|Sandstorm|[upkeep]
|-damage|p2a: Tendaris|94/100|[from] Sandstorm
|-heal|p2a: Tendaris|100/100|[from] item: Leftovers
|upkeep
|turn|35
|
|t:|1728335694
|switch|p1a: Skarmory|Skarmory, M|100/100
|move|p2a: Tendaris|Hidden Power|p1a: Skarmory
|-resisted|p1a: Skarmory
|-damage|p1a: Skarmory|84/100
|
|-weather|Sandstorm|[upkeep]
|-damage|p2a: Tendaris|94/100|[from] Sandstorm
|-heal|p2a: Tendaris|100/100|[from] item: Leftovers
|-heal|p1a: Skarmory|90/100|[from] item: Leftovers
|upkeep
|turn|36
|
|t:|1728335708
|move|p2a: Tendaris|Dragon Dance|p2a: Tendaris
|-boost|p2a: Tendaris|atk|1
|-boost|p2a: Tendaris|spe|1
|move|p1a: Skarmory|Drill Peck|p2a: Tendaris
|-damage|p2a: Tendaris|72/100
|
|-weather|Sandstorm|[upkeep]
|-damage|p2a: Tendaris|66/100|[from] Sandstorm
|-heal|p2a: Tendaris|72/100|[from] item: Leftovers
|-heal|p1a: Skarmory|96/100|[from] item: Leftovers
|upkeep
|turn|37
|
|t:|1728335713
|move|p1a: Skarmory|Protect|p1a: Skarmory
|-singleturn|p1a: Skarmory|Protect
|move|p2a: Tendaris|Rock Slide|p1a: Skarmory|[miss]
|-miss|p2a: Tendaris|p1a: Skarmory
|
|-weather|Sandstorm|[upkeep]
|-damage|p2a: Tendaris|66/100|[from] Sandstorm
|-heal|p2a: Tendaris|72/100|[from] item: Leftovers
|-heal|p1a: Skarmory|100/100|[from] item: Leftovers
|upkeep
|turn|38
|
|t:|1728335716
|move|p2a: Tendaris|Rock Slide|p1a: Skarmory
|-damage|p1a: Skarmory|69/100
|move|p1a: Skarmory|Roar|p2a: Tendaris
|drag|p2a: Baudimon|Forretress, M|62/100
|-damage|p2a: Baudimon|49/100|[from] Spikes
|
|-weather|Sandstorm|[upkeep]
|-heal|p1a: Skarmory|75/100|[from] item: Leftovers
|-heal|p2a: Baudimon|55/100|[from] item: Leftovers
|upkeep
|turn|39
|
|t:|1728335719
|move|p1a: Skarmory|Drill Peck|p2a: Baudimon
|-damage|p2a: Baudimon|39/100
|move|p2a: Baudimon|Rapid Spin|p1a: Skarmory
|-resisted|p1a: Skarmory
|-damage|p1a: Skarmory|74/100
|-sideend|p2: SteelSwaggy|Spikes|[from] move: Rapid Spin|[of] p2a: Baudimon
|
|-weather|Sandstorm|[upkeep]
|-heal|p1a: Skarmory|80/100|[from] item: Leftovers
|-heal|p2a: Baudimon|45/100|[from] item: Leftovers
|upkeep
|turn|40
|
|t:|1728335722
|move|p1a: Skarmory|Spikes|p2a: Baudimon
|-sidestart|p2: SteelSwaggy|Spikes
|move|p2a: Baudimon|Spikes|p1a: Skarmory
|-sidestart|p1: Texas Cloverleaf|Spikes
|
|-weather|Sandstorm|[upkeep]
|-heal|p1a: Skarmory|86/100|[from] item: Leftovers
|-heal|p2a: Baudimon|51/100|[from] item: Leftovers
|upkeep
|turn|41
|
|t:|1728335725
|move|p1a: Skarmory|Drill Peck|p2a: Baudimon
|-damage|p2a: Baudimon|36/100
|move|p2a: Baudimon|Spikes|p1a: Skarmory
|-sidestart|p1: Texas Cloverleaf|Spikes
|
|-weather|Sandstorm|[upkeep]
|-heal|p1a: Skarmory|92/100|[from] item: Leftovers
|-heal|p2a: Baudimon|42/100|[from] item: Leftovers
|upkeep
|turn|42
|
|t:|1728335728
|move|p1a: Skarmory|Drill Peck|p2a: Baudimon
|-damage|p2a: Baudimon|25/100
|move|p2a: Baudimon|Rapid Spin|p1a: Skarmory
|-resisted|p1a: Skarmory
|-damage|p1a: Skarmory|90/100
|-sideend|p2: SteelSwaggy|Spikes|[from] move: Rapid Spin|[of] p2a: Baudimon
|
|-weather|Sandstorm|[upkeep]
|-heal|p1a: Skarmory|96/100|[from] item: Leftovers
|-heal|p2a: Baudimon|31/100|[from] item: Leftovers
|upkeep
|turn|43
|
|t:|1728335731
|move|p1a: Skarmory|Protect|p1a: Skarmory
|-singleturn|p1a: Skarmory|Protect
|move|p2a: Baudimon|Spikes|p1a: Skarmory
|-sidestart|p1: Texas Cloverleaf|Spikes
|
|-weather|Sandstorm|[upkeep]
|-heal|p1a: Skarmory|100/100|[from] item: Leftovers
|-heal|p2a: Baudimon|37/100|[from] item: Leftovers
|upkeep
|turn|44
|
|t:|1728335742
|switch|p2a: Jakka|Tyranitar, M|88/100
|move|p1a: Skarmory|Spikes|p2a: Jakka
|-sidestart|p2: SteelSwaggy|Spikes
|
|-weather|Sandstorm|[upkeep]
|upkeep
|turn|45
|
|t:|1728335752
|move|p2a: Jakka|Dragon Dance|p2a: Jakka
|-boost|p2a: Jakka|atk|1
|-boost|p2a: Jakka|spe|1
|move|p1a: Skarmory|Roar|p2a: Jakka
|drag|p2a: Galahad|Metagross|100/100
|-damage|p2a: Galahad|88/100|[from] Spikes
|
|-weather|Sandstorm|[upkeep]
|-heal|p2a: Galahad|94/100|[from] item: Leftovers
|upkeep
|turn|46
|
|t:|1728335758
|move|p1a: Skarmory|Spikes|p2a: Galahad
|-sidestart|p2: SteelSwaggy|Spikes
|move|p2a: Galahad|Thunder Punch|p1a: Skarmory
|-supereffective|p1a: Skarmory
|-damage|p1a: Skarmory|55/100
|
|-weather|Sandstorm|[upkeep]
|-heal|p1a: Skarmory|61/100|[from] item: Leftovers
|-heal|p2a: Galahad|99/100|[from] item: Leftovers
|upkeep
|turn|47
|
|t:|1728335762
|move|p1a: Skarmory|Protect|p1a: Skarmory
|-singleturn|p1a: Skarmory|Protect
|move|p2a: Galahad|Thunder Punch|p1a: Skarmory
|-activate|p1a: Skarmory|Protect
|
|-weather|Sandstorm|[upkeep]
|-heal|p1a: Skarmory|67/100|[from] item: Leftovers
|-heal|p2a: Galahad|100/100|[from] item: Leftovers
|upkeep
|turn|48
|
|t:|1728335764
|switch|p1a: Claydol|Claydol|68/100
|move|p2a: Galahad|Ice Punch|p1a: Claydol
|-supereffective|p1a: Claydol
|-damage|p1a: Claydol|25/100
|-status|p1a: Claydol|frz
|
|-weather|Sandstorm|[upkeep]
|-heal|p1a: Claydol|31/100 frz|[from] item: Leftovers
|upkeep
|turn|49
|
|t:|1728335770
|-curestatus|p1a: Claydol|frz|[msg]
|move|p1a: Claydol|Explosion|p2a: Galahad
|-resisted|p2a: Galahad
|-damage|p2a: Galahad|72/100
|faint|p1a: Claydol
|
|t:|1728335772
|switch|p1a: Dugtrio|Dugtrio, F|100/100
|-damage|p1a: Dugtrio|76/100|[from] Spikes
|
|-weather|Sandstorm|[upkeep]
|-heal|p2a: Galahad|79/100|[from] item: Leftovers
|upkeep
|turn|50
|
|t:|1728335776
|move|p1a: Dugtrio|Earthquake|p2a: Galahad
|-supereffective|p2a: Galahad
|-damage|p2a: Galahad|0 fnt
|faint|p2a: Galahad
|
|t:|1728335780
|switch|p2a: Tendaris|Salamence, M|72/100
|-ability|p2a: Tendaris|Intimidate|boost
|-unboost|p1a: Dugtrio|atk|1
|
|-weather|Sandstorm|[upkeep]
|-damage|p2a: Tendaris|66/100|[from] Sandstorm
|-heal|p2a: Tendaris|72/100|[from] item: Leftovers
|upkeep
|turn|51
|
|t:|1728335788
|switch|p1a: Skarmory|Skarmory, M|67/100
|move|p2a: Tendaris|Dragon Dance|p2a: Tendaris
|-boost|p2a: Tendaris|atk|1
|-boost|p2a: Tendaris|spe|1
|
|-weather|Sandstorm|[upkeep]
|-damage|p2a: Tendaris|66/100|[from] Sandstorm
|-heal|p2a: Tendaris|72/100|[from] item: Leftovers
|-heal|p1a: Skarmory|73/100|[from] item: Leftovers
|upkeep
|turn|52
|
|t:|1728335791
|move|p2a: Tendaris|Dragon Dance|p2a: Tendaris
|-boost|p2a: Tendaris|atk|1
|-boost|p2a: Tendaris|spe|1
|move|p1a: Skarmory|Roar|p2a: Tendaris
|drag|p2a: Buggi|Aerodactyl, M|100/100
|
|-weather|Sandstorm|[upkeep]
|-heal|p1a: Skarmory|79/100|[from] item: Leftovers
|upkeep
|turn|53
|
|t:|1728335793
|move|p1a: Skarmory|Protect|p1a: Skarmory
|-singleturn|p1a: Skarmory|Protect
|move|p2a: Buggi|Rock Slide|p1a: Skarmory
|-activate|p1a: Skarmory|Protect
|
|-weather|Sandstorm|[upkeep]
|-heal|p1a: Skarmory|85/100|[from] item: Leftovers
|upkeep
|turn|54
|inactive|Texas Cloverleaf has 270 seconds left.
|
|t:|1728335833
|move|p2a: Buggi|Rock Slide|p1a: Skarmory
|-damage|p1a: Skarmory|45/100
|move|p1a: Skarmory|Spikes|p2a: Buggi
|-sidestart|p2: SteelSwaggy|Spikes
|
|-weather|Sandstorm|[upkeep]
|-heal|p1a: Skarmory|51/100|[from] item: Leftovers
|upkeep
|turn|55
|
|t:|1728335838
|move|p1a: Skarmory|Protect|p1a: Skarmory
|-singleturn|p1a: Skarmory|Protect
|move|p2a: Buggi|Rock Slide|p1a: Skarmory
|-activate|p1a: Skarmory|Protect
|
|-weather|Sandstorm|[upkeep]
|-heal|p1a: Skarmory|57/100|[from] item: Leftovers
|upkeep
|turn|56
|inactive|Texas Cloverleaf has 270 seconds left.
|inactive|Texas Cloverleaf has 240 seconds left.
|
|t:|1728335904
|switch|p1a: Celebi|Celebi|100/100
|-damage|p1a: Celebi|75/100|[from] Spikes
|move|p2a: Buggi|Rock Slide|p1a: Celebi
|-damage|p1a: Celebi|40/100
|
|-weather|Sandstorm|[upkeep]
|-damage|p1a: Celebi|34/100|[from] Sandstorm
|-heal|p1a: Celebi|40/100|[from] item: Leftovers
|upkeep
|turn|57
|
|t:|1728335915
|switch|p2a: Baudimon|Forretress, M|37/100
|-damage|p2a: Baudimon|12/100|[from] Spikes
|move|p1a: Celebi|Recover|p1a: Celebi
|-heal|p1a: Celebi|90/100
|
|-weather|Sandstorm|[upkeep]
|-damage|p1a: Celebi|84/100|[from] Sandstorm
|-heal|p1a: Celebi|90/100|[from] item: Leftovers
|-heal|p2a: Baudimon|19/100|[from] item: Leftovers
|upkeep
|turn|58
|
|t:|1728335919
|move|p1a: Celebi|Psychic|p2a: Baudimon
|-resisted|p2a: Baudimon
|-damage|p2a: Baudimon|3/100
|move|p2a: Baudimon|Rapid Spin|p1a: Celebi
|-damage|p1a: Celebi|87/100
|-sideend|p2: SteelSwaggy|Spikes|[from] move: Rapid Spin|[of] p2a: Baudimon
|
|-weather|Sandstorm|[upkeep]
|-damage|p1a: Celebi|81/100|[from] Sandstorm
|-heal|p1a: Celebi|87/100|[from] item: Leftovers
|-heal|p2a: Baudimon|9/100|[from] item: Leftovers
|upkeep
|turn|59
|
|t:|1728335922
|move|p1a: Celebi|Psychic|p2a: Baudimon
|-resisted|p2a: Baudimon
|-damage|p2a: Baudimon|0 fnt
|faint|p2a: Baudimon
|
|t:|1728335936
|switch|p2a: Jakka|Tyranitar, M|88/100
|
|-weather|Sandstorm|[upkeep]
|-damage|p1a: Celebi|81/100|[from] Sandstorm
|-heal|p1a: Celebi|87/100|[from] item: Leftovers
|upkeep
|turn|60
|
|t:|1728335946
|move|p1a: Celebi|Leech Seed|p2a: Jakka
|-start|p2a: Jakka|move: Leech Seed
|move|p2a: Jakka|Dragon Dance|p2a: Jakka
|-boost|p2a: Jakka|atk|1
|-boost|p2a: Jakka|spe|1
|
|-weather|Sandstorm|[upkeep]
|-damage|p1a: Celebi|81/100|[from] Sandstorm
|-damage|p2a: Jakka|76/100|[from] Leech Seed|[of] p1a: Celebi
|-heal|p1a: Celebi|92/100|[silent]
|-heal|p1a: Celebi|98/100|[from] item: Leftovers
|upkeep
|turn|61
|
|t:|1728335950
|move|p2a: Jakka|Dragon Dance|p2a: Jakka
|-boost|p2a: Jakka|atk|1
|-boost|p2a: Jakka|spe|1
|move|p1a: Celebi|Hidden Power|p2a: Jakka
|-supereffective|p2a: Jakka
|-damage|p2a: Jakka|24/100
|
|-weather|Sandstorm|[upkeep]
|-damage|p1a: Celebi|92/100|[from] Sandstorm
|-damage|p2a: Jakka|12/100|[from] Leech Seed|[of] p1a: Celebi
|-heal|p1a: Celebi|100/100|[silent]
|upkeep
|turn|62
|inactive|Texas Cloverleaf has 270 seconds left.
|
|t:|1728335960
|move|p2a: Jakka|Rock Slide|p1a: Celebi
|-damage|p1a: Celebi|36/100
|cant|p1a: Celebi|flinch
|
|-weather|Sandstorm|[upkeep]
|-damage|p1a: Celebi|29/100|[from] Sandstorm
|-damage|p2a: Jakka|0 fnt|[from] Leech Seed|[of] p1a: Celebi
|-heal|p1a: Celebi|39/100|[silent]
|faint|p2a: Jakka
|-heal|p1a: Celebi|46/100|[from] item: Leftovers
|upkeep
|
|t:|1728335964
|switch|p2a: Buggi|Aerodactyl, M|100/100
|turn|63
|
|t:|1728335969
|move|p2a: Buggi|Double-Edge|p1a: Celebi
|-damage|p1a: Celebi|9/100
|move|p1a: Celebi|Leech Seed|p2a: Buggi|[miss]
|-miss|p1a: Celebi|p2a: Buggi
|
|-weather|Sandstorm|[upkeep]
|-damage|p1a: Celebi|3/100|[from] Sandstorm
|-heal|p1a: Celebi|9/100|[from] item: Leftovers
|upkeep
|turn|64
|
|t:|1728335974
|move|p2a: Buggi|Double-Edge|p1a: Celebi
|-damage|p1a: Celebi|0 fnt
|faint|p1a: Celebi
|
|t:|1728335996
|switch|p1a: Milotic|Milotic, M|100/100
|-damage|p1a: Milotic|76/100|[from] Spikes
|
|-weather|Sandstorm|[upkeep]
|-damage|p1a: Milotic|70/100|[from] Sandstorm
|-heal|p1a: Milotic|76/100|[from] item: Leftovers
|upkeep
|turn|65
|
|t:|1728335999
|move|p2a: Buggi|Double-Edge|p1a: Milotic
|-damage|p1a: Milotic|39/100
|move|p1a: Milotic|Recover|p1a: Milotic
|-heal|p1a: Milotic|89/100
|
|-weather|Sandstorm|[upkeep]
|-damage|p1a: Milotic|82/100|[from] Sandstorm
|-heal|p1a: Milotic|89/100|[from] item: Leftovers
|upkeep
|turn|66
|
|t:|1728336004
|switch|p2a: Tendaris|Salamence, M|72/100
|-ability|p2a: Tendaris|Intimidate|boost
|-unboost|p1a: Milotic|atk|1
|move|p1a: Milotic|Recover|p1a: Milotic
|-heal|p1a: Milotic|100/100
|
|-weather|Sandstorm|[upkeep]
|-damage|p2a: Tendaris|66/100|[from] Sandstorm
|-damage|p1a: Milotic|94/100|[from] Sandstorm
|-heal|p2a: Tendaris|72/100|[from] item: Leftovers
|-heal|p1a: Milotic|100/100|[from] item: Leftovers
|upkeep
|turn|67
|
|t:|1728336008
|move|p2a: Tendaris|Dragon Dance|p2a: Tendaris
|-boost|p2a: Tendaris|atk|1
|-boost|p2a: Tendaris|spe|1
|move|p1a: Milotic|Toxic|p2a: Tendaris
|-status|p2a: Tendaris|tox
|
|-weather|Sandstorm|[upkeep]
|-damage|p2a: Tendaris|66/100 tox|[from] Sandstorm
|-damage|p1a: Milotic|94/100|[from] Sandstorm
|-heal|p2a: Tendaris|72/100 tox|[from] item: Leftovers
|-damage|p2a: Tendaris|66/100 tox|[from] psn
|-heal|p1a: Milotic|100/100|[from] item: Leftovers
|upkeep
|turn|68
|
|t:|1728336016
|move|p2a: Tendaris|Rock Slide|p1a: Milotic
|-damage|p1a: Milotic|66/100
|cant|p1a: Milotic|flinch
|
|-weather|Sandstorm|[upkeep]
|-damage|p2a: Tendaris|60/100 tox|[from] Sandstorm
|-damage|p1a: Milotic|60/100|[from] Sandstorm
|-heal|p2a: Tendaris|66/100 tox|[from] item: Leftovers
|-damage|p2a: Tendaris|54/100 tox|[from] psn
|-heal|p1a: Milotic|66/100|[from] item: Leftovers
|upkeep
|turn|69
|
|t:|1728336020
|move|p2a: Tendaris|Rock Slide|p1a: Milotic
|-crit|p1a: Milotic
|-damage|p1a: Milotic|8/100
|move|p1a: Milotic|Recover|p1a: Milotic
|-heal|p1a: Milotic|58/100
|
|-weather|Sandstorm|[upkeep]
|-damage|p2a: Tendaris|48/100 tox|[from] Sandstorm
|-damage|p1a: Milotic|52/100|[from] Sandstorm
|-heal|p2a: Tendaris|54/100 tox|[from] item: Leftovers
|-damage|p2a: Tendaris|36/100 tox|[from] psn
|-heal|p1a: Milotic|58/100|[from] item: Leftovers
|upkeep
|turn|70
|
|t:|1728336026
|move|p2a: Tendaris|Rock Slide|p1a: Milotic
|-damage|p1a: Milotic|23/100
|cant|p1a: Milotic|flinch
|
|-weather|Sandstorm|[upkeep]
|-damage|p2a: Tendaris|30/100 tox|[from] Sandstorm
|-damage|p1a: Milotic|17/100|[from] Sandstorm
|-heal|p2a: Tendaris|36/100 tox|[from] item: Leftovers
|-damage|p2a: Tendaris|11/100 tox|[from] psn
|-heal|p1a: Milotic|23/100|[from] item: Leftovers
|upkeep
|turn|71
|c|☆Texas Cloverleaf|ugh
|
|t:|1728336034
|move|p2a: Tendaris|Hidden Power|p1a: Milotic
|-damage|p1a: Milotic|0 fnt
|faint|p1a: Milotic
|
|t:|1728336037
|switch|p1a: Skarmory|Skarmory, M|57/100
|
|-weather|Sandstorm|[upkeep]
|-damage|p2a: Tendaris|5/100 tox|[from] Sandstorm
|-heal|p2a: Tendaris|11/100 tox|[from] item: Leftovers
|-damage|p2a: Tendaris|0 fnt|[from] psn
|faint|p2a: Tendaris
|-heal|p1a: Skarmory|63/100|[from] item: Leftovers
|upkeep
|
|t:|1728336039
|switch|p2a: Buggi|Aerodactyl, M|100/100
|turn|72
|c|☆Texas Cloverleaf|that's a shame
|
|t:|1728336046
|move|p1a: Skarmory|Protect|p1a: Skarmory
|-singleturn|p1a: Skarmory|Protect
|move|p2a: Buggi|Rock Slide|p1a: Skarmory|[miss]
|-miss|p2a: Buggi|p1a: Skarmory
|
|-weather|Sandstorm|[upkeep]
|-heal|p1a: Skarmory|69/100|[from] item: Leftovers
|upkeep
|turn|73
|
|t:|1728336053
|move|p1a: Skarmory|Protect|p1a: Skarmory
|-singleturn|p1a: Skarmory|Protect
|move|p2a: Buggi|Rock Slide|p1a: Skarmory
|-activate|p1a: Skarmory|Protect
|
|-weather|Sandstorm|[upkeep]
|-heal|p1a: Skarmory|75/100|[from] item: Leftovers
|upkeep
|turn|74
|
|t:|1728336062
|move|p2a: Buggi|Rock Slide|p1a: Skarmory
|-damage|p1a: Skarmory|35/100
|cant|p1a: Skarmory|flinch
|
|-weather|Sandstorm|[upkeep]
|-heal|p1a: Skarmory|41/100|[from] item: Leftovers
|upkeep
|turn|75
|c|☆SteelSwaggy|You might just stall my pp
|
|t:|1728336066
|move|p1a: Skarmory|Protect|p1a: Skarmory
|-singleturn|p1a: Skarmory|Protect
|move|p2a: Buggi|Rock Slide|p1a: Skarmory
|-activate|p1a: Skarmory|Protect
|
|-weather|Sandstorm|[upkeep]
|-heal|p1a: Skarmory|47/100|[from] item: Leftovers
|upkeep
|turn|76
|c|☆Texas Cloverleaf|only with some miss help
|
|t:|1728336076
|move|p1a: Skarmory|Protect||[still]
|-fail|p1a: Skarmory
|move|p2a: Buggi|Rock Slide|p1a: Skarmory
|-crit|p1a: Skarmory
|-damage|p1a: Skarmory|0 fnt
|faint|p1a: Skarmory
|
|t:|1728336079
|switch|p1a: Dugtrio|Dugtrio, F|76/100
|-damage|p1a: Dugtrio|51/100|[from] Spikes
|
|-weather|Sandstorm|[upkeep]
|upkeep
|turn|77
|
|t:|1728336081
|move|p2a: Buggi|Rock Slide|p1a: Dugtrio
|-resisted|p1a: Dugtrio
|-damage|p1a: Dugtrio|0 fnt
|faint|p1a: Dugtrio
|
|win|SteelSwaggy

</script>
<script type="application/json" class="data" id="replaydata-smogtours-gen3ou-796247">
{"id":"smogtours-gen3ou-796247","format":"[Gen 3] OU","players":["Texas Cloverleaf","SteelSwaggy"],"uploadtime":1728336081,"views":148,"formatid":"gen3ou","rating":null,"private":0,"password":null}
</script>

<script defer src="js/replays.js?9d40a366"></script>
