<!DOCTYPE html>
<meta charset="utf-8" />
<meta name="viewport" content="width=device-width" />

<title>[Gen 3] OU: mkizzy vs. ccczzx - Replays - Pok&eacute;mon Showdown!</title>

<meta name="description" content="Watch a replay of a Pok&eacute;mon battle between mkizzy and ccczzx! Format: [Gen 3] OU; Date: Oct 13, 2024" />
<!--

Hey, you! Looking in the source for the replay log?

You can find them in JSON format, just add `.json` at the end of a replay URL.

https://replay.pokemonshowdown.com/gen7randomdoublesbattle-865046831.json

Or, if you only need the log itself, add `.log` instead:

https://replay.pokemonshowdown.com/gen7randomdoublesbattle-865046831.log

-->

<link rel="stylesheet" href="//pokemonshowdown.com/style/global.css?0.023195364461161105" />
<link rel="stylesheet" href="//play.pokemonshowdown.com/style/font-awesome.css?0.13261647063804238" />
<link rel="stylesheet" href="//play.pokemonshowdown.com/style/battle.css?0.8753245789963631" />
<link rel="stylesheet" href="//play.pokemonshowdown.com/style/utilichart.css?0.8627959624976733" />

<!-- Global site tag (gtag.js) - Google Analytics -->
<script async src="https://www.googletagmanager.com/gtag/js?id=UA-26211653-1"></script>
<script>
  window.dataLayer = window.dataLayer || [];
  function gtag(){dataLayer.push(arguments);}
  gtag('js', new Date());

  gtag('config', 'UA-26211653-1');
</script>
<!-- End Google Analytics -->
<!-- Venatus Ad Manager - Install in <HEAD> of page -->
	<script src="https://hb.vntsm.com/v3/live/ad-manager.min.js" type="text/javascript" data-site-id="642aba63ec9a7b11c3c9c1be" data-mode="scan" async></script>
<!-- / Venatus Ad Manager -->

<style>
	@media (max-width:820px) {
		.battle {
			margin: 0 auto;
		}
		.battle-log {
			margin: 7px auto 0;
			max-width: 640px;
			height: 300px;
			position: static;
		}
	}
	.optgroup {
		display: inline-block;
		line-height: 22px;
		font-size: 10pt;
	}
	.optgroup .button {
		height: 25px;
		padding-top: 0;
		padding-bottom: 0;
	}
	.optgroup button.button {
		padding-left: 12px;
		padding-right: 12px;
	}
	.linklist {
		list-style: none;
		margin: 0.5em 0;
		padding: 0;
	}
	.linklist li {
		padding: 2px 0;
	}
	.sidebar {
		float: left;
		width: 320px;
	}
	.bar-wrapper {
		max-width: 1100px;
		margin: 0 auto;
	}
	.bar-wrapper.has-sidebar {
		max-width: 1430px;
	}
	.mainbar {
		margin: 0;
		padding-right: 1px;
	}
	.mainbar.has-sidebar {
		margin-left: 330px;
	}
	@media (min-width: 1511px) {
		.sidebar {
			width: 400px;
		}
		.bar-wrapper.has-sidebar {
			max-width: 1510px;
		}
		.mainbar.has-sidebar {
			margin-left: 410px;
		}
	}
	.section.first-section {
		margin-top: 9px;
	}
	.blocklink small {
		white-space: normal;
	}
	.button {
		vertical-align: middle;
	}
	.replay-controls {
		padding-top: 10px;
	}
	.replay-controls h1 {
		font-size: 16pt;
		font-weight: normal;
		color: #CCC;
	}
	.pagelink {
		text-align: center;
	}
	.pagelink a {
		width: 150px;
	}
	.textbox, .button {
		font-size: 11pt;
		vertical-align: middle;
	}
	@media (max-width: 450px) {
		.button {
			font-size: 9pt;
		}
	}
</style>

<div>

	<header>
		<div class="nav-wrapper"><ul class="nav">
			<li><a class="button nav-first" href="//pokemonshowdown.com/"><img src="//pokemonshowdown.com/images/pokemonshowdownbeta.png" srcset="//pokemonshowdown.com/images/pokemonshowdownbeta.png 1x, //pokemonshowdown.com/images/pokemonshowdownbeta@2x.png 2x" alt="Pok&eacute;mon Showdown" width="146" height="44" /> Home</a></li>
			<li><a class="button" href="//pokemonshowdown.com/dex/">Pok&eacute;dex</a></li>
			<li><a class="button cur" href="/">Replays</a></li>
			<li><a class="button" href="//pokemonshowdown.com/ladder/">Ladder</a></li>
			<li><a class="button nav-last" href="//pokemonshowdown.com/forums/">Forum</a></li>
			<li><a class="button greenbutton nav-first nav-last" href="//play.pokemonshowdown.com/">Play</a></li>
		</ul></div>
	</header>

	<div class="main" id="main">

		<noscript><section class="section">You need to enable JavaScript to use this page; sorry!</section></noscript>

	</div>

</div>

<script defer nomodule src="//play.pokemonshowdown.com/js/lib/ps-polyfill.js"></script>
<script defer src="//play.pokemonshowdown.com/js/lib/preact.min.js"></script>

<script defer src="//play.pokemonshowdown.com/config/config.js?2bddbc15"></script>
<script defer src="//play.pokemonshowdown.com/js/lib/jquery-1.11.0.min.js"></script>
<script defer src="//play.pokemonshowdown.com/js/lib/html-sanitizer-minified.js"></script>
<script defer src="//play.pokemonshowdown.com/js/battle-sound.js"></script>
<script defer src="//play.pokemonshowdown.com/js/battledata.js?0.7209276989879541"></script>
<script defer src="//play.pokemonshowdown.com/data/pokedex-mini.js?0.6111056340867951"></script>
<script defer src="//play.pokemonshowdown.com/data/pokedex-mini-bw.js?0.3532142036491459"></script>
<script defer src="//play.pokemonshowdown.com/data/graphics.js?0.24223875632456182"></script>
<script defer src="//play.pokemonshowdown.com/data/pokedex.js?0.38839984266356864"></script>
<script defer src="//play.pokemonshowdown.com/data/moves.js?0.21866028504024015"></script>
<script defer src="//play.pokemonshowdown.com/data/abilities.js?0.2005157953846628"></script>
<script defer src="//play.pokemonshowdown.com/data/items.js?0.9894211263848525"></script>
<script defer src="//play.pokemonshowdown.com/data/teambuilder-tables.js?0.6008791140282215"></script>
<script defer src="//play.pokemonshowdown.com/js/battle-tooltips.js?0.7580118955022959"></script>
<script defer src="//play.pokemonshowdown.com/js/battle.js?0.6057722274234274"></script>

<script defer src="js/utils.js?e31f9a17"></script>
<script defer src="js/replays-battle.js?7008c182"></script>

<!-- don't scrape this data! just add .json or .log after the URL!
Full API docs: https://github.com/smogon/pokemon-showdown-client/blob/master/WEB-API.md -->
<script type="text/plain" class="log" id="replaylog-smogtours-gen3ou-798212">
|inactive|Battle timer is ON: inactive players will automatically lose when time's up.
|t:|1728842231
|gametype|singles
|player|p1|mkizzy|brock-gen2|
|player|p2|ccczzx|169|
|teamsize|p1|6
|teamsize|p2|6
|gen|3
|tier|[Gen 3] OU
|rule|Sleep Clause Mod: Limit one foe put to sleep
|rule|Switch Priority Clause Mod: Faster Pokémon switch first
|rule|Species Clause: Limit one of each Pokémon
|rule|OHKO Clause: OHKO moves are banned
|rule|Evasion Items Clause: Evasion items are banned
|rule|Evasion Moves Clause: Evasion moves are banned
|rule|Endless Battle Clause: Forcing endless battles is banned
|rule|HP Percentage Mod: HP is shown in percentages
|rule|One Boost Passer Clause: Limit one Baton Passer that has a way to boost its stats
|rule|Freeze Clause Mod: Limit one foe frozen
|
|t:|1728842231
|start
|switch|p1a: If it aint gang|Zapdos|100/100
|switch|p2a: crapbo|Swampert, M|100/100
|turn|1
|c|☆mkizzy|hf
|c|☆ccczzx|glhf
|inactive|ccczzx has 270 seconds left.
|
|t:|1728842261
|switch|p2a: gymjimrachy|Jirachi|100/100
|move|p1a: If it aint gang|Hidden Power|p2a: gymjimrachy
|-resisted|p2a: gymjimrachy
|-damage|p2a: gymjimrachy|86/100
|
|-heal|p2a: gymjimrachy|93/100|[from] item: Leftovers
|upkeep
|turn|2
|c|☆mkizzy|i love crapbo
|c|☆mkizzy|btw lol
|
|t:|1728842273
|move|p1a: If it aint gang|Baton Pass|p1a: If it aint gang
|c|☆ccczzx|glad to hear it
|
|t:|1728842286
|switch|p1a: I'll risk it|Swampert, F|100/100|[from] Baton Pass
|move|p2a: gymjimrachy|Ice Punch|p1a: I'll risk it
|-damage|p1a: I'll risk it|79/100
|
|-heal|p2a: gymjimrachy|99/100|[from] item: Leftovers
|-heal|p1a: I'll risk it|86/100|[from] item: Leftovers
|upkeep
|turn|3
|
|t:|1728842302
|switch|p2a: menced beef|Salamence, M|100/100
|-ability|p2a: menced beef|Intimidate|boost
|-unboost|p1a: I'll risk it|atk|1
|switch|p1a: Get me a drop|Tyranitar, F|100/100
|-weather|Sandstorm|[from] ability: Sand Stream|[of] p1a: Get me a drop
|
|-weather|Sandstorm|[upkeep]
|-damage|p2a: menced beef|94/100|[from] Sandstorm
|-heal|p2a: menced beef|100/100|[from] item: Leftovers
|upkeep
|turn|4
|
|t:|1728842315
|switch|p1a: Burn them bridges|Suicune|100/100
|move|p2a: menced beef|Brick Break|p1a: Burn them bridges
|-damage|p1a: Burn them bridges|75/100
|
|-weather|Sandstorm|[upkeep]
|-damage|p2a: menced beef|94/100|[from] Sandstorm
|-damage|p1a: Burn them bridges|69/100|[from] Sandstorm
|-heal|p2a: menced beef|100/100|[from] item: Leftovers
|-heal|p1a: Burn them bridges|75/100|[from] item: Leftovers
|upkeep
|turn|5
|
|t:|1728842332
|switch|p2a: gymjimrachy|Jirachi|99/100
|move|p1a: Burn them bridges|Calm Mind|p1a: Burn them bridges
|-boost|p1a: Burn them bridges|spa|1
|-boost|p1a: Burn them bridges|spd|1
|
|-weather|Sandstorm|[upkeep]
|-damage|p1a: Burn them bridges|69/100|[from] Sandstorm
|-heal|p2a: gymjimrachy|100/100|[from] item: Leftovers
|-heal|p1a: Burn them bridges|75/100|[from] item: Leftovers
|upkeep
|turn|6
|
|t:|1728842347
|switch|p1a: Violent siblings|Dugtrio, F|100/100
|move|p2a: gymjimrachy|Thunderbolt|p1a: Violent siblings
|-immune|p1a: Violent siblings
|
|-weather|Sandstorm|[upkeep]
|upkeep
|turn|7
|
|t:|1728842353
|move|p1a: Violent siblings|Earthquake|p2a: gymjimrachy
|-supereffective|p2a: gymjimrachy
|-damage|p2a: gymjimrachy|0 fnt
|faint|p2a: gymjimrachy
|
|t:|1728842362
|switch|p2a: zagziggy|Zapdos|100/100
|
|-weather|Sandstorm|[upkeep]
|-damage|p2a: zagziggy|94/100|[from] Sandstorm
|-heal|p2a: zagziggy|100/100|[from] item: Leftovers
|upkeep
|turn|8
|
|t:|1728842379
|switch|p1a: I'll risk it|Swampert, F|86/100
|move|p2a: zagziggy|Substitute|p2a: zagziggy
|-start|p2a: zagziggy|Substitute
|-damage|p2a: zagziggy|75/100
|
|-weather|Sandstorm|[upkeep]
|-damage|p2a: zagziggy|69/100|[from] Sandstorm
|-heal|p2a: zagziggy|75/100|[from] item: Leftovers
|-heal|p1a: I'll risk it|92/100|[from] item: Leftovers
|upkeep
|turn|9
|
|t:|1728842390
|move|p2a: zagziggy|Hidden Power|p1a: I'll risk it
|-supereffective|p1a: I'll risk it
|-damage|p1a: I'll risk it|12/100
|move|p1a: I'll risk it|Ice Beam|p2a: zagziggy
|-supereffective|p2a: zagziggy
|-end|p2a: zagziggy|Substitute
|
|-weather|Sandstorm|[upkeep]
|-damage|p2a: zagziggy|69/100|[from] Sandstorm
|-heal|p2a: zagziggy|75/100|[from] item: Leftovers
|-heal|p1a: I'll risk it|18/100|[from] item: Leftovers
|upkeep
|turn|10
|
|t:|1728842409
|switch|p1a: If it aint gang|Zapdos|100/100
|move|p2a: zagziggy|Hidden Power|p1a: If it aint gang
|-resisted|p1a: If it aint gang
|-damage|p1a: If it aint gang|86/100
|
|-weather|Sandstorm|[upkeep]
|-damage|p1a: If it aint gang|80/100|[from] Sandstorm
|-damage|p2a: zagziggy|69/100|[from] Sandstorm
|-heal|p1a: If it aint gang|86/100|[from] item: Leftovers
|-heal|p2a: zagziggy|75/100|[from] item: Leftovers
|upkeep
|turn|11
|
|t:|1728842428
|switch|p2a: crapbo|Swampert, M|100/100
|move|p1a: If it aint gang|Thunderbolt|p2a: crapbo
|-immune|p2a: crapbo
|
|-weather|Sandstorm|[upkeep]
|-damage|p1a: If it aint gang|80/100|[from] Sandstorm
|-heal|p1a: If it aint gang|86/100|[from] item: Leftovers
|upkeep
|turn|12
|
|t:|1728842455
|move|p1a: If it aint gang|Hidden Power|p2a: crapbo
|-supereffective|p2a: crapbo
|-damage|p2a: crapbo|14/100
|move|p2a: crapbo|Ice Beam|p1a: If it aint gang
|-supereffective|p1a: If it aint gang
|-damage|p1a: If it aint gang|21/100
|
|-weather|Sandstorm|[upkeep]
|-damage|p1a: If it aint gang|15/100|[from] Sandstorm
|-heal|p1a: If it aint gang|21/100|[from] item: Leftovers
|-heal|p2a: crapbo|20/100|[from] item: Leftovers
|upkeep
|turn|13
|
|t:|1728842468
|switch|p2a: zagziggy|Zapdos|75/100
|move|p1a: If it aint gang|Hidden Power|p2a: zagziggy
|-resisted|p2a: zagziggy
|-damage|p2a: zagziggy|63/100
|
|-weather|Sandstorm|[upkeep]
|-damage|p1a: If it aint gang|15/100|[from] Sandstorm
|-damage|p2a: zagziggy|57/100|[from] Sandstorm
|-heal|p1a: If it aint gang|21/100|[from] item: Leftovers
|-heal|p2a: zagziggy|63/100|[from] item: Leftovers
|upkeep
|turn|14
|
|t:|1728842483
|switch|p2a: crapbo|Swampert, M|20/100
|move|p1a: If it aint gang|Baton Pass|p1a: If it aint gang
|
|t:|1728842488
|switch|p1a: Burn them bridges|Suicune|75/100|[from] Baton Pass
|
|-weather|Sandstorm|[upkeep]
|-damage|p1a: Burn them bridges|69/100|[from] Sandstorm
|-heal|p1a: Burn them bridges|75/100|[from] item: Leftovers
|-heal|p2a: crapbo|26/100|[from] item: Leftovers
|upkeep
|turn|15
|
|t:|1728842503
|move|p1a: Burn them bridges|Ice Beam|p2a: crapbo
|-crit|p2a: crapbo
|-damage|p2a: crapbo|0 fnt
|faint|p2a: crapbo
|inactive|ccczzx has 270 seconds left.
|
|t:|1728842521
|switch|p2a: zugzag|Raikou|100/100
|
|-weather|Sandstorm|[upkeep]
|-damage|p2a: zugzag|94/100|[from] Sandstorm
|-damage|p1a: Burn them bridges|69/100|[from] Sandstorm
|-heal|p2a: zugzag|100/100|[from] item: Leftovers
|-heal|p1a: Burn them bridges|75/100|[from] item: Leftovers
|upkeep
|turn|16
|inactive|ccczzx has 270 seconds left.
|
|t:|1728842538
|switch|p1a: I'll risk it|Swampert, F|18/100
|move|p2a: zugzag|Hidden Power|p1a: I'll risk it
|-supereffective|p1a: I'll risk it
|-damage|p1a: I'll risk it|0 fnt
|faint|p1a: I'll risk it
|
|t:|1728842546
|switch|p1a: Violent siblings|Dugtrio, F|100/100
|
|-weather|Sandstorm|[upkeep]
|-damage|p2a: zugzag|94/100|[from] Sandstorm
|-heal|p2a: zugzag|100/100|[from] item: Leftovers
|upkeep
|turn|17
|
|t:|1728842555
|move|p1a: Violent siblings|Earthquake|p2a: zugzag
|-supereffective|p2a: zugzag
|-damage|p2a: zugzag|0 fnt
|faint|p2a: zugzag
|
|t:|1728842560
|switch|p2a: menced beef|Salamence, M|100/100
|-ability|p2a: menced beef|Intimidate|boost
|-unboost|p1a: Violent siblings|atk|1
|
|-weather|Sandstorm|[upkeep]
|-damage|p2a: menced beef|94/100|[from] Sandstorm
|-heal|p2a: menced beef|100/100|[from] item: Leftovers
|upkeep
|turn|18
|
|t:|1728842566
|switch|p1a: Burn them bridges|Suicune|75/100
|move|p2a: menced beef|Dragon Dance|p2a: menced beef
|-boost|p2a: menced beef|atk|1
|-boost|p2a: menced beef|spe|1
|
|-weather|Sandstorm|[upkeep]
|-damage|p2a: menced beef|94/100|[from] Sandstorm
|-damage|p1a: Burn them bridges|69/100|[from] Sandstorm
|-heal|p2a: menced beef|100/100|[from] item: Leftovers
|-heal|p1a: Burn them bridges|75/100|[from] item: Leftovers
|upkeep
|turn|19
|
|t:|1728842576
|move|p2a: menced beef|Rock Slide|p1a: Burn them bridges
|-damage|p1a: Burn them bridges|36/100
|move|p1a: Burn them bridges|Ice Beam|p2a: menced beef
|-supereffective|p2a: menced beef
|-damage|p2a: menced beef|0 fnt
|faint|p2a: menced beef
|
|t:|1728842586
|switch|p2a: zagziggy|Zapdos|63/100
|
|-weather|Sandstorm|[upkeep]
|-damage|p2a: zagziggy|57/100|[from] Sandstorm
|-damage|p1a: Burn them bridges|30/100|[from] Sandstorm
|-heal|p2a: zagziggy|63/100|[from] item: Leftovers
|-heal|p1a: Burn them bridges|36/100|[from] item: Leftovers
|upkeep
|turn|20
|
|t:|1728842596
|move|p2a: zagziggy|Hidden Power|p1a: Burn them bridges
|-supereffective|p1a: Burn them bridges
|-damage|p1a: Burn them bridges|0 fnt
|faint|p1a: Burn them bridges
|
|t:|1728842603
|switch|p1a: Get me a drop|Tyranitar, F|100/100
|
|-weather|Sandstorm|[upkeep]
|-damage|p2a: zagziggy|57/100|[from] Sandstorm
|-heal|p2a: zagziggy|63/100|[from] item: Leftovers
|upkeep
|turn|21
|
|t:|1728842610
|move|p2a: zagziggy|Substitute|p2a: zagziggy
|-start|p2a: zagziggy|Substitute
|-damage|p2a: zagziggy|38/100
|move|p1a: Get me a drop|Rock Slide|p2a: zagziggy
|-supereffective|p2a: zagziggy
|-end|p2a: zagziggy|Substitute
|
|-weather|Sandstorm|[upkeep]
|-damage|p2a: zagziggy|32/100|[from] Sandstorm
|-heal|p2a: zagziggy|38/100|[from] item: Leftovers
|upkeep
|turn|22
|
|t:|1728842618
|move|p2a: zagziggy|Substitute|p2a: zagziggy
|-start|p2a: zagziggy|Substitute
|-damage|p2a: zagziggy|13/100
|move|p1a: Get me a drop|Rock Slide|p2a: zagziggy
|-supereffective|p2a: zagziggy
|-end|p2a: zagziggy|Substitute
|
|-weather|Sandstorm|[upkeep]
|-damage|p2a: zagziggy|7/100|[from] Sandstorm
|-heal|p2a: zagziggy|13/100|[from] item: Leftovers
|upkeep
|turn|23
|
|t:|1728842624
|move|p2a: zagziggy|Thunderbolt|p1a: Get me a drop
|-damage|p1a: Get me a drop|64/100
|-status|p1a: Get me a drop|par
|move|p1a: Get me a drop|Dragon Dance|p1a: Get me a drop
|-boost|p1a: Get me a drop|atk|1
|-boost|p1a: Get me a drop|spe|1
|
|-weather|Sandstorm|[upkeep]
|-damage|p2a: zagziggy|7/100|[from] Sandstorm
|-heal|p2a: zagziggy|13/100|[from] item: Leftovers
|-heal|p1a: Get me a drop|70/100 par|[from] item: Leftovers
|upkeep
|turn|24
|
|t:|1728842632
|move|p2a: zagziggy|Thunderbolt|p1a: Get me a drop
|-damage|p1a: Get me a drop|29/100 par
|move|p1a: Get me a drop|Rock Slide|p2a: zagziggy|[miss]
|-miss|p1a: Get me a drop|p2a: zagziggy
|
|-weather|Sandstorm|[upkeep]
|-damage|p2a: zagziggy|7/100|[from] Sandstorm
|-heal|p2a: zagziggy|13/100|[from] item: Leftovers
|-heal|p1a: Get me a drop|35/100 par|[from] item: Leftovers
|upkeep
|turn|25
|
|t:|1728842638
|move|p2a: zagziggy|Hidden Power|p1a: Get me a drop
|-supereffective|p1a: Get me a drop
|-damage|p1a: Get me a drop|0 fnt
|faint|p1a: Get me a drop
|
|t:|1728842644
|switch|p1a: If it aint gang|Zapdos|21/100
|
|-weather|Sandstorm|[upkeep]
|-damage|p1a: If it aint gang|15/100|[from] Sandstorm
|-damage|p2a: zagziggy|7/100|[from] Sandstorm
|-heal|p1a: If it aint gang|21/100|[from] item: Leftovers
|-heal|p2a: zagziggy|13/100|[from] item: Leftovers
|upkeep
|turn|26
|c|☆ccczzx|bit lucky
|
|t:|1728842651
|move|p1a: If it aint gang|Thunderbolt|p2a: zagziggy
|-damage|p2a: zagziggy|0 fnt
|faint|p2a: zagziggy
|
|t:|1728842654
|switch|p2a: its tyrovercif|Tyranitar, F|100/100
|
|-weather|Sandstorm|[upkeep]
|-damage|p1a: If it aint gang|15/100|[from] Sandstorm
|-heal|p1a: If it aint gang|21/100|[from] item: Leftovers
|upkeep
|turn|27
|
|t:|1728842663
|move|p1a: If it aint gang|Thunderbolt|p2a: its tyrovercif
|-damage|p2a: its tyrovercif|59/100
|move|p2a: its tyrovercif|Dragon Dance|p2a: its tyrovercif
|-boost|p2a: its tyrovercif|atk|1
|-boost|p2a: its tyrovercif|spe|1
|
|-weather|Sandstorm|[upkeep]
|-damage|p1a: If it aint gang|15/100|[from] Sandstorm
|-heal|p1a: If it aint gang|21/100|[from] item: Leftovers
|upkeep
|turn|28
|
|t:|1728842672
|move|p1a: If it aint gang|Thunderbolt|p2a: its tyrovercif
|-damage|p2a: its tyrovercif|15/100
|move|p2a: its tyrovercif|Dragon Dance|p2a: its tyrovercif
|-boost|p2a: its tyrovercif|atk|1
|-boost|p2a: its tyrovercif|spe|1
|
|-weather|Sandstorm|[upkeep]
|-damage|p1a: If it aint gang|15/100|[from] Sandstorm
|-heal|p1a: If it aint gang|21/100|[from] item: Leftovers
|upkeep
|turn|29
|
|t:|1728842690
|move|p2a: its tyrovercif|Double-Edge|p1a: If it aint gang
|-damage|p1a: If it aint gang|0 fnt
|-damage|p2a: its tyrovercif|10/100|[from] Recoil|[of] p1a: If it aint gang
|faint|p1a: If it aint gang
|
|t:|1728842696
|switch|p1a: Violent siblings|Dugtrio, F|100/100
|
|-weather|Sandstorm|[upkeep]
|upkeep
|turn|30
|
|t:|1728842702
|move|p2a: its tyrovercif|Earthquake|p1a: Violent siblings
|-damage|p1a: Violent siblings|0 fnt
|faint|p1a: Violent siblings
|
|t:|1728842704
|switch|p1a: Do it & dash|Jirachi|100/100
|
|-weather|Sandstorm|[upkeep]
|upkeep
|turn|31
|
|t:|1728842709
|move|p2a: its tyrovercif|Earthquake|p1a: Do it & dash
|-supereffective|p1a: Do it & dash
|-crit|p1a: Do it & dash
|-damage|p1a: Do it & dash|0 fnt
|faint|p1a: Do it & dash
|
|win|ccczzx
|c|☆mkizzy|gg
|c|☆ccczzx|wooooooo
|c|☆ccczzx|ggwp
|player|p1|
|player|p2|
|player|p2|ccczzx|169|

</script>
<script type="application/json" class="data" id="replaydata-smogtours-gen3ou-798212">
{"id":"smogtours-gen3ou-798212","format":"[Gen 3] OU","players":["mkizzy","ccczzx"],"uploadtime":1728842709,"views":98,"formatid":"gen3ou","rating":null,"private":0,"password":null}
</script>

<script defer src="js/replays.js?9d40a366"></script>
