<!DOCTYPE html>
<meta charset="utf-8" />
<meta name="viewport" content="width=device-width" />

<title>[Gen 3] OU: Incognition vs. Salty Lame-o - Replays - Pok&eacute;mon Showdown!</title>

<meta name="description" content="Watch a replay of a Pok&eacute;mon battle between Incognition and Salty Lame-o! Format: [Gen 3] OU; Date: Oct 23, 2024" />
<!--

Hey, you! Looking in the source for the replay log?

You can find them in JSON format, just add `.json` at the end of a replay URL.

https://replay.pokemonshowdown.com/gen7randomdoublesbattle-865046831.json

Or, if you only need the log itself, add `.log` instead:

https://replay.pokemonshowdown.com/gen7randomdoublesbattle-865046831.log

-->

<link rel="stylesheet" href="//pokemonshowdown.com/style/global.css?0.023195364461161105" />
<link rel="stylesheet" href="//play.pokemonshowdown.com/style/font-awesome.css?0.13261647063804238" />
<link rel="stylesheet" href="//play.pokemonshowdown.com/style/battle.css?0.8753245789963631" />
<link rel="stylesheet" href="//play.pokemonshowdown.com/style/utilichart.css?0.8627959624976733" />

<!-- Global site tag (gtag.js) - Google Analytics -->
<script async src="https://www.googletagmanager.com/gtag/js?id=UA-26211653-1"></script>
<script>
  window.dataLayer = window.dataLayer || [];
  function gtag(){dataLayer.push(arguments);}
  gtag('js', new Date());

  gtag('config', 'UA-26211653-1');
</script>
<!-- End Google Analytics -->
<!-- Venatus Ad Manager - Install in <HEAD> of page -->
	<script src="https://hb.vntsm.com/v3/live/ad-manager.min.js" type="text/javascript" data-site-id="642aba63ec9a7b11c3c9c1be" data-mode="scan" async></script>
<!-- / Venatus Ad Manager -->

<style>
	@media (max-width:820px) {
		.battle {
			margin: 0 auto;
		}
		.battle-log {
			margin: 7px auto 0;
			max-width: 640px;
			height: 300px;
			position: static;
		}
	}
	.optgroup {
		display: inline-block;
		line-height: 22px;
		font-size: 10pt;
	}
	.optgroup .button {
		height: 25px;
		padding-top: 0;
		padding-bottom: 0;
	}
	.optgroup button.button {
		padding-left: 12px;
		padding-right: 12px;
	}
	.linklist {
		list-style: none;
		margin: 0.5em 0;
		padding: 0;
	}
	.linklist li {
		padding: 2px 0;
	}
	.sidebar {
		float: left;
		width: 320px;
	}
	.bar-wrapper {
		max-width: 1100px;
		margin: 0 auto;
	}
	.bar-wrapper.has-sidebar {
		max-width: 1430px;
	}
	.mainbar {
		margin: 0;
		padding-right: 1px;
	}
	.mainbar.has-sidebar {
		margin-left: 330px;
	}
	@media (min-width: 1511px) {
		.sidebar {
			width: 400px;
		}
		.bar-wrapper.has-sidebar {
			max-width: 1510px;
		}
		.mainbar.has-sidebar {
			margin-left: 410px;
		}
	}
	.section.first-section {
		margin-top: 9px;
	}
	.blocklink small {
		white-space: normal;
	}
	.button {
		vertical-align: middle;
	}
	.replay-controls {
		padding-top: 10px;
	}
	.replay-controls h1 {
		font-size: 16pt;
		font-weight: normal;
		color: #CCC;
	}
	.pagelink {
		text-align: center;
	}
	.pagelink a {
		width: 150px;
	}
	.textbox, .button {
		font-size: 11pt;
		vertical-align: middle;
	}
	@media (max-width: 450px) {
		.button {
			font-size: 9pt;
		}
	}
</style>

<div>

	<header>
		<div class="nav-wrapper"><ul class="nav">
			<li><a class="button nav-first" href="//pokemonshowdown.com/"><img src="//pokemonshowdown.com/images/pokemonshowdownbeta.png" srcset="//pokemonshowdown.com/images/pokemonshowdownbeta.png 1x, //pokemonshowdown.com/images/pokemonshowdownbeta@2x.png 2x" alt="Pok&eacute;mon Showdown" width="146" height="44" /> Home</a></li>
			<li><a class="button" href="//pokemonshowdown.com/dex/">Pok&eacute;dex</a></li>
			<li><a class="button cur" href="/">Replays</a></li>
			<li><a class="button" href="//pokemonshowdown.com/ladder/">Ladder</a></li>
			<li><a class="button nav-last" href="//pokemonshowdown.com/forums/">Forum</a></li>
			<li><a class="button greenbutton nav-first nav-last" href="//play.pokemonshowdown.com/">Play</a></li>
		</ul></div>
	</header>

	<div class="main" id="main">

		<noscript><section class="section">You need to enable JavaScript to use this page; sorry!</section></noscript>

	</div>

</div>

<script defer nomodule src="//play.pokemonshowdown.com/js/lib/ps-polyfill.js"></script>
<script defer src="//play.pokemonshowdown.com/js/lib/preact.min.js"></script>

<script defer src="//play.pokemonshowdown.com/config/config.js?2bddbc15"></script>
<script defer src="//play.pokemonshowdown.com/js/lib/jquery-1.11.0.min.js"></script>
<script defer src="//play.pokemonshowdown.com/js/lib/html-sanitizer-minified.js"></script>
<script defer src="//play.pokemonshowdown.com/js/battle-sound.js"></script>
<script defer src="//play.pokemonshowdown.com/js/battledata.js?0.7209276989879541"></script>
<script defer src="//play.pokemonshowdown.com/data/pokedex-mini.js?0.6111056340867951"></script>
<script defer src="//play.pokemonshowdown.com/data/pokedex-mini-bw.js?0.3532142036491459"></script>
<script defer src="//play.pokemonshowdown.com/data/graphics.js?0.24223875632456182"></script>
<script defer src="//play.pokemonshowdown.com/data/pokedex.js?0.38839984266356864"></script>
<script defer src="//play.pokemonshowdown.com/data/moves.js?0.21866028504024015"></script>
<script defer src="//play.pokemonshowdown.com/data/abilities.js?0.2005157953846628"></script>
<script defer src="//play.pokemonshowdown.com/data/items.js?0.9894211263848525"></script>
<script defer src="//play.pokemonshowdown.com/data/teambuilder-tables.js?0.6008791140282215"></script>
<script defer src="//play.pokemonshowdown.com/js/battle-tooltips.js?0.7580118955022959"></script>
<script defer src="//play.pokemonshowdown.com/js/battle.js?0.6057722274234274"></script>

<script defer src="js/utils.js?e31f9a17"></script>
<script defer src="js/replays-battle.js?7008c182"></script>

<!-- don't scrape this data! just add .json or .log after the URL!
Full API docs: https://github.com/smogon/pokemon-showdown-client/blob/master/WEB-API.md -->
<script type="text/plain" class="log" id="replaylog-smogtours-gen3ou-801392">
|inactive|Battle timer is ON: inactive players will automatically lose when time's up.
|t:|1729703505
|gametype|singles
|player|p1|Incognition|102|
|player|p2|Salty Lame-o|hoopster|
|teamsize|p1|6
|teamsize|p2|6
|gen|3
|tier|[Gen 3] OU
|rule|Sleep Clause Mod: Limit one foe put to sleep
|rule|Switch Priority Clause Mod: Faster Pokémon switch first
|rule|Species Clause: Limit one of each Pokémon
|rule|OHKO Clause: OHKO moves are banned
|rule|Evasion Items Clause: Evasion items are banned
|rule|Evasion Moves Clause: Evasion moves are banned
|rule|Endless Battle Clause: Forcing endless battles is banned
|rule|HP Percentage Mod: HP is shown in percentages
|rule|One Boost Passer Clause: Limit one Baton Passer that has a way to boost its stats
|rule|Freeze Clause Mod: Limit one foe frozen
|
|t:|1729703505
|start
|switch|p1a: Swampert|Swampert, F|100/100
|switch|p2a: Smeargle|Smeargle, M|100/100
|turn|1
|c|☆Incognition|hf
|c|☆Salty Lame-o|u2
|inactive|Incognition has 270 seconds left.
|
|t:|1729703535
|switch|p1a: Blissey|Blissey, F|100/100
|move|p2a: Smeargle|Spore|p1a: Blissey
|-status|p1a: Blissey|slp|[from] move: Spore
|
|upkeep
|turn|2
|
|t:|1729703542
|-curestatus|p1a: Blissey|slp|[from] ability: Natural Cure
|switch|p1a: Zapdos|Zapdos|100/100
|move|p2a: Smeargle|Spikes|p1a: Zapdos
|-sidestart|p1: Incognition|Spikes
|
|upkeep
|turn|3
|
|t:|1729703560
|switch|p2a: Jolteon|Jolteon, F|100/100
|move|p1a: Zapdos|Thunderbolt|p2a: Jolteon
|-immune|p2a: Jolteon|[from] ability: Volt Absorb
|
|upkeep
|turn|4
|
|t:|1729703570
|move|p2a: Jolteon|Hidden Power|p1a: Zapdos
|-resisted|p1a: Zapdos
|-damage|p1a: Zapdos|87/100
|move|p1a: Zapdos|Toxic|p2a: Jolteon|[miss]
|-miss|p1a: Zapdos|p2a: Jolteon
|
|-heal|p1a: Zapdos|93/100|[from] item: Leftovers
|upkeep
|turn|5
|
|t:|1729703582
|move|p2a: Jolteon|Thunderbolt|p1a: Zapdos
|-damage|p1a: Zapdos|42/100
|move|p1a: Zapdos|Toxic|p2a: Jolteon
|-status|p2a: Jolteon|tox
|
|-damage|p2a: Jolteon|95/100 tox|[from] psn
|-heal|p1a: Zapdos|48/100|[from] item: Leftovers
|upkeep
|turn|6
|
|t:|1729703593
|switch|p1a: Blissey|Blissey, F|100/100
|-damage|p1a: Blissey|88/100|[from] Spikes
|move|p2a: Jolteon|Thunder Wave|p1a: Blissey
|-status|p1a: Blissey|par
|
|-heal|p2a: Jolteon|100/100 tox|[from] item: Leftovers
|-damage|p2a: Jolteon|89/100 tox|[from] psn
|-heal|p1a: Blissey|94/100 par|[from] item: Leftovers
|upkeep
|turn|7
|
|t:|1729703617
|switch|p2a: Tyranitar|Tyranitar, F|100/100
|-weather|Sandstorm|[from] ability: Sand Stream|[of] p2a: Tyranitar
|move|p1a: Blissey|Wish|p1a: Blissey
|
|-weather|Sandstorm|[upkeep]
|-damage|p1a: Blissey|88/100 par|[from] Sandstorm
|-heal|p1a: Blissey|94/100 par|[from] item: Leftovers
|upkeep
|turn|8
|
|t:|1729703633
|-curestatus|p1a: Blissey|par|[from] ability: Natural Cure
|switch|p1a: Swampert|Swampert, F|100/100
|-damage|p1a: Swampert|88/100|[from] Spikes
|move|p2a: Tyranitar|Dragon Dance|p2a: Tyranitar
|-boost|p2a: Tyranitar|atk|1
|-boost|p2a: Tyranitar|spe|1
|
|-heal|p1a: Swampert|100/100|[from] move: Wish|[wisher] Blissey
|-weather|Sandstorm|[upkeep]
|upkeep
|turn|9
|
|t:|1729703657
|switch|p2a: Gengar|Gengar, M|100/100
|move|p1a: Swampert|Hydro Pump|p2a: Gengar
|-damage|p2a: Gengar|34/100
|
|-weather|Sandstorm|[upkeep]
|-damage|p2a: Gengar|28/100|[from] Sandstorm
|-heal|p2a: Gengar|34/100|[from] item: Leftovers
|upkeep
|turn|10
|
|t:|1729703669
|move|p1a: Swampert|Protect|p1a: Swampert
|-singleturn|p1a: Swampert|Protect
|move|p2a: Gengar|Explosion|p1a: Swampert
|-activate|p1a: Swampert|Protect
|faint|p2a: Gengar
|
|t:|1729703675
|switch|p2a: Smeargle|Smeargle, M|100/100
|
|-weather|Sandstorm|[upkeep]
|-damage|p2a: Smeargle|95/100|[from] Sandstorm
|upkeep
|turn|11
|
|t:|1729703685
|switch|p1a: Blissey|Blissey, F|94/100
|-damage|p1a: Blissey|82/100|[from] Spikes
|move|p2a: Smeargle|Spore|p1a: Blissey
|-status|p1a: Blissey|slp|[from] move: Spore
|
|-weather|Sandstorm|[upkeep]
|-damage|p2a: Smeargle|89/100|[from] Sandstorm
|-damage|p1a: Blissey|76/100 slp|[from] Sandstorm
|-heal|p1a: Blissey|82/100 slp|[from] item: Leftovers
|upkeep
|turn|12
|
|t:|1729703696
|-curestatus|p1a: Blissey|slp|[from] ability: Natural Cure
|switch|p1a: Skarmory|Skarmory, M|100/100
|move|p2a: Smeargle|Spikes|p1a: Skarmory
|-sidestart|p1: Incognition|Spikes
|
|-weather|Sandstorm|[upkeep]
|-damage|p2a: Smeargle|83/100|[from] Sandstorm
|upkeep
|turn|13
|
|t:|1729703705
|move|p1a: Skarmory|Protect|p1a: Skarmory
|-singleturn|p1a: Skarmory|Protect
|move|p2a: Smeargle|Roar|p1a: Skarmory
|-activate|p1a: Skarmory|Protect
|
|-weather|Sandstorm|[upkeep]
|-damage|p2a: Smeargle|77/100|[from] Sandstorm
|upkeep
|turn|14
|
|t:|1729703713
|move|p1a: Skarmory|Spikes|p2a: Smeargle
|-sidestart|p2: Salty Lame-o|Spikes
|move|p2a: Smeargle|Roar|p1a: Skarmory
|drag|p1a: Blissey|Blissey, F|82/100
|-damage|p1a: Blissey|65/100|[from] Spikes
|
|-weather|Sandstorm|[upkeep]
|-damage|p2a: Smeargle|71/100|[from] Sandstorm
|-damage|p1a: Blissey|59/100|[from] Sandstorm
|-heal|p1a: Blissey|65/100|[from] item: Leftovers
|upkeep
|turn|15
|
|t:|1729703723
|move|p2a: Smeargle|Spore|p1a: Blissey
|-status|p1a: Blissey|slp|[from] move: Spore
|cant|p1a: Blissey|slp
|
|-weather|Sandstorm|[upkeep]
|-damage|p2a: Smeargle|65/100|[from] Sandstorm
|-damage|p1a: Blissey|59/100 slp|[from] Sandstorm
|-heal|p1a: Blissey|65/100 slp|[from] item: Leftovers
|upkeep
|turn|16
|
|t:|1729703733
|-curestatus|p1a: Blissey|slp|[from] ability: Natural Cure
|switch|p1a: Skarmory|Skarmory, M|100/100
|move|p2a: Smeargle|Spikes|p1a: Skarmory
|-sidestart|p1: Incognition|Spikes
|
|-weather|Sandstorm|[upkeep]
|-damage|p2a: Smeargle|59/100|[from] Sandstorm
|upkeep
|turn|17
|
|t:|1729703743
|switch|p2a: Jolteon|Jolteon, F|89/100 tox
|-damage|p2a: Jolteon|77/100 tox|[from] Spikes
|move|p1a: Skarmory|Spikes|p2a: Jolteon
|-sidestart|p2: Salty Lame-o|Spikes
|
|-weather|Sandstorm|[upkeep]
|-damage|p2a: Jolteon|71/100 tox|[from] Sandstorm
|-heal|p2a: Jolteon|77/100 tox|[from] item: Leftovers
|-damage|p2a: Jolteon|71/100 tox|[from] psn
|upkeep
|turn|18
|
|t:|1729703753
|move|p1a: Skarmory|Protect|p1a: Skarmory
|-singleturn|p1a: Skarmory|Protect
|move|p2a: Jolteon|Thunder Wave|p1a: Skarmory
|-activate|p1a: Skarmory|Protect
|
|-weather|Sandstorm|[upkeep]
|-damage|p2a: Jolteon|65/100 tox|[from] Sandstorm
|-heal|p2a: Jolteon|71/100 tox|[from] item: Leftovers
|-damage|p2a: Jolteon|59/100 tox|[from] psn
|upkeep
|turn|19
|
|t:|1729703773
|switch|p1a: Blissey|Blissey, F|65/100
|-damage|p1a: Blissey|40/100|[from] Spikes
|move|p2a: Jolteon|Thunderbolt|p1a: Blissey
|-damage|p1a: Blissey|23/100
|-status|p1a: Blissey|par
|
|-weather|Sandstorm|[upkeep]
|-damage|p2a: Jolteon|53/100 tox|[from] Sandstorm
|-damage|p1a: Blissey|17/100 par|[from] Sandstorm
|-heal|p2a: Jolteon|59/100 tox|[from] item: Leftovers
|-damage|p2a: Jolteon|41/100 tox|[from] psn
|-heal|p1a: Blissey|23/100 par|[from] item: Leftovers
|upkeep
|turn|20
|
|t:|1729703788
|move|p2a: Jolteon|Thunderbolt|p1a: Blissey
|-damage|p1a: Blissey|7/100 par
|cant|p1a: Blissey|par
|
|-weather|Sandstorm|[upkeep]
|-damage|p2a: Jolteon|35/100 tox|[from] Sandstorm
|-damage|p1a: Blissey|1/100 par|[from] Sandstorm
|-heal|p2a: Jolteon|41/100 tox|[from] item: Leftovers
|-damage|p2a: Jolteon|17/100 tox|[from] psn
|-heal|p1a: Blissey|7/100 par|[from] item: Leftovers
|upkeep
|turn|21
|
|t:|1729703801
|move|p2a: Jolteon|Thunderbolt|p1a: Blissey
|-damage|p1a: Blissey|0 fnt
|faint|p1a: Blissey
|inactive|Incognition has 270 seconds left.
|
|t:|1729703826
|switch|p1a: Swampert|Swampert, F|100/100
|-damage|p1a: Swampert|76/100|[from] Spikes
|
|-weather|Sandstorm|[upkeep]
|-damage|p2a: Jolteon|12/100 tox|[from] Sandstorm
|-heal|p2a: Jolteon|17/100 tox|[from] item: Leftovers
|-damage|p2a: Jolteon|0 fnt|[from] psn
|faint|p2a: Jolteon
|-heal|p1a: Swampert|82/100|[from] item: Leftovers
|upkeep
|inactive|Salty Lame-o has 270 seconds left.
|
|t:|1729703863
|switch|p2a: Swampert|Swampert, F|100/100
|-damage|p2a: Swampert|84/100|[from] Spikes
|turn|22
|inactive|Salty Lame-o has 270 seconds left.
|
|t:|1729703873
|switch|p1a: Celebi|Celebi|100/100
|-damage|p1a: Celebi|75/100|[from] Spikes
|move|p2a: Swampert|Hydro Pump|p1a: Celebi
|-resisted|p1a: Celebi
|-damage|p1a: Celebi|52/100
|
|-weather|Sandstorm|[upkeep]
|-damage|p1a: Celebi|46/100|[from] Sandstorm
|-heal|p1a: Celebi|52/100|[from] item: Leftovers
|-heal|p2a: Swampert|90/100|[from] item: Leftovers
|upkeep
|turn|23
|inactive|Salty Lame-o has 270 seconds left.
|inactive|Incognition has 270 seconds left.
|
|t:|1729703896
|switch|p2a: Smeargle|Smeargle, M|59/100
|-damage|p2a: Smeargle|42/100|[from] Spikes
|move|p1a: Celebi|Giga Drain|p2a: Smeargle
|-damage|p2a: Smeargle|5/100
|-heal|p1a: Celebi|64/100|[from] drain|[of] p2a: Smeargle
|
|-weather|Sandstorm|[upkeep]
|-damage|p1a: Celebi|58/100|[from] Sandstorm
|-damage|p2a: Smeargle|0 fnt|[from] Sandstorm
|faint|p2a: Smeargle
|-heal|p1a: Celebi|64/100|[from] item: Leftovers
|upkeep
|inactive|Salty Lame-o has 240 seconds left.
|
|t:|1729703916
|switch|p2a: Tyranitar|Tyranitar, F|100/100
|-damage|p2a: Tyranitar|84/100|[from] Spikes
|turn|24
|
|t:|1729703921
|switch|p1a: Skarmory|Skarmory, M|100/100
|move|p2a: Tyranitar|Hidden Power|p1a: Skarmory
|-resisted|p1a: Skarmory
|-crit|p1a: Skarmory
|-damage|p1a: Skarmory|92/100
|
|-weather|Sandstorm|[upkeep]
|-heal|p1a: Skarmory|98/100|[from] item: Leftovers
|upkeep
|turn|25
|
|t:|1729703932
|move|p2a: Tyranitar|Dragon Dance|p2a: Tyranitar
|-boost|p2a: Tyranitar|atk|1
|-boost|p2a: Tyranitar|spe|1
|move|p1a: Skarmory|Roar|p2a: Tyranitar
|drag|p2a: Golduck|Golduck, M|100/100
|-damage|p2a: Golduck|84/100|[from] Spikes
|
|-weather|Sandstorm|[upkeep]
|-heal|p1a: Skarmory|100/100|[from] item: Leftovers
|upkeep
|turn|26
|
|t:|1729703942
|move|p2a: Golduck|Calm Mind|p2a: Golduck
|-boost|p2a: Golduck|spa|1
|-boost|p2a: Golduck|spd|1
|move|p1a: Skarmory|Toxic|p2a: Golduck
|-status|p2a: Golduck|tox
|
|-weather|Sandstorm|[upkeep]
|-damage|p2a: Golduck|78/100 tox|[from] psn
|upkeep
|turn|27
|
|t:|1729703971
|switch|p1a: Gengar|Gengar, F|100/100
|move|p2a: Golduck|Calm Mind|p2a: Golduck
|-boost|p2a: Golduck|spa|1
|-boost|p2a: Golduck|spd|1
|
|-weather|Sandstorm|[upkeep]
|-damage|p2a: Golduck|66/100 tox|[from] psn
|upkeep
|turn|28
|
|t:|1729703979
|move|p1a: Gengar|Explosion|p2a: Golduck
|-damage|p2a: Golduck|0 fnt
|faint|p1a: Gengar
|faint|p2a: Golduck
|inactive|Salty Lame-o has 270 seconds left.
|
|t:|1729703988
|switch|p1a: Celebi|Celebi|64/100
|switch|p2a: Swampert|Swampert, F|90/100
|-damage|p1a: Celebi|39/100|[from] Spikes
|-damage|p2a: Swampert|74/100|[from] Spikes
|
|-weather|Sandstorm|[upkeep]
|-damage|p1a: Celebi|33/100|[from] Sandstorm
|-heal|p1a: Celebi|39/100|[from] item: Leftovers
|-heal|p2a: Swampert|80/100|[from] item: Leftovers
|upkeep
|turn|29
|inactive|Salty Lame-o has 270 seconds left.
|
|t:|1729703998
|move|p1a: Celebi|Giga Drain|p2a: Swampert
|-supereffective|p2a: Swampert
|-damage|p2a: Swampert|0 fnt
|-heal|p1a: Celebi|77/100|[from] drain|[of] p2a: Swampert
|faint|p2a: Swampert
|
|t:|1729704003
|switch|p2a: Tyranitar|Tyranitar, F|84/100
|-damage|p2a: Tyranitar|68/100|[from] Spikes
|
|-weather|Sandstorm|[upkeep]
|-damage|p1a: Celebi|71/100|[from] Sandstorm
|-heal|p1a: Celebi|77/100|[from] item: Leftovers
|upkeep
|turn|30
|
|t:|1729704012
|move|p1a: Celebi|Giga Drain|p2a: Tyranitar
|-supereffective|p2a: Tyranitar
|-damage|p2a: Tyranitar|27/100
|-heal|p1a: Celebi|98/100|[from] drain|[of] p2a: Tyranitar
|move|p2a: Tyranitar|Dragon Dance|p2a: Tyranitar
|-boost|p2a: Tyranitar|atk|1
|-boost|p2a: Tyranitar|spe|1
|
|-weather|Sandstorm|[upkeep]
|-damage|p1a: Celebi|91/100|[from] Sandstorm
|-heal|p1a: Celebi|98/100|[from] item: Leftovers
|upkeep
|turn|31
|
|t:|1729704023
|move|p2a: Tyranitar|Hidden Power|p1a: Celebi
|-supereffective|p1a: Celebi
|-damage|p1a: Celebi|0 fnt
|faint|p1a: Celebi
|
|t:|1729704035
|switch|p1a: Skarmory|Skarmory, M|100/100
|
|-weather|Sandstorm|[upkeep]
|upkeep
|turn|32
|
|t:|1729704044
|move|p2a: Tyranitar|Dragon Dance|p2a: Tyranitar
|-boost|p2a: Tyranitar|atk|1
|-boost|p2a: Tyranitar|spe|1
|move|p1a: Skarmory|Toxic|p2a: Tyranitar
|-status|p2a: Tyranitar|tox
|-enditem|p2a: Tyranitar|Lum Berry|[eat]
|-curestatus|p2a: Tyranitar|tox|[msg]
|
|-weather|Sandstorm|[upkeep]
|upkeep
|turn|33
|
|t:|1729704052
|move|p2a: Tyranitar|Rock Slide|p1a: Skarmory
|-damage|p1a: Skarmory|39/100
|cant|p1a: Skarmory|flinch
|
|-weather|Sandstorm|[upkeep]
|-heal|p1a: Skarmory|45/100|[from] item: Leftovers
|upkeep
|turn|34
|
|t:|1729704060
|move|p2a: Tyranitar|Rock Slide|p1a: Skarmory
|-damage|p1a: Skarmory|0 fnt
|faint|p1a: Skarmory
|
|t:|1729704064
|switch|p1a: Swampert|Swampert, F|82/100
|-damage|p1a: Swampert|57/100|[from] Spikes
|
|-weather|Sandstorm|[upkeep]
|-heal|p1a: Swampert|63/100|[from] item: Leftovers
|upkeep
|turn|35
|
|t:|1729704074
|move|p1a: Swampert|Protect|p1a: Swampert
|-singleturn|p1a: Swampert|Protect
|move|p2a: Tyranitar|Earthquake|p1a: Swampert
|-activate|p1a: Swampert|Protect
|
|-weather|Sandstorm|[upkeep]
|-heal|p1a: Swampert|69/100|[from] item: Leftovers
|upkeep
|turn|36
|
|t:|1729704082
|move|p2a: Tyranitar|Earthquake|p1a: Swampert
|-crit|p1a: Swampert
|-damage|p1a: Swampert|0 fnt
|faint|p1a: Swampert
|
|t:|1729704087
|switch|p1a: Zapdos|Zapdos|48/100
|
|-weather|Sandstorm|[upkeep]
|-damage|p1a: Zapdos|42/100|[from] Sandstorm
|-heal|p1a: Zapdos|48/100|[from] item: Leftovers
|upkeep
|turn|37
|
|t:|1729704093
|move|p2a: Tyranitar|Rock Slide|p1a: Zapdos
|-supereffective|p1a: Zapdos
|-damage|p1a: Zapdos|0 fnt
|faint|p1a: Zapdos
|
|win|Salty Lame-o
|c|☆Incognition|gg
|c|☆Salty Lame-o|gg
|player|p2|
|c|☆Incognition|//unlisted
|c|☆Incognition|/log Incognition made the replay of this battle unlisted.
|player|p1|

</script>
<script type="application/json" class="data" id="replaydata-smogtours-gen3ou-801392">
{"id":"smogtours-gen3ou-801392","format":"[Gen 3] OU","players":["Incognition","Salty Lame-o"],"uploadtime":1729704093,"views":125,"formatid":"gen3ou","rating":null,"private":1,"password":null}
</script>

<script defer src="js/replays.js?9d40a366"></script>
