<!DOCTYPE html>
<meta charset="utf-8" />
<meta name="viewport" content="width=device-width" />

<title>[Gen 3] OU: happydayhouseboat vs. ViciousCricket - Replays - Pok&eacute;mon Showdown!</title>

<meta name="description" content="Watch a replay of a Pok&eacute;mon battle between happydayhouseboat and ViciousCricket! Format: [Gen 3] OU; Date: Oct 7, 2024" />
<!--

Hey, you! Looking in the source for the replay log?

You can find them in JSON format, just add `.json` at the end of a replay URL.

https://replay.pokemonshowdown.com/gen7randomdoublesbattle-865046831.json

Or, if you only need the log itself, add `.log` instead:

https://replay.pokemonshowdown.com/gen7randomdoublesbattle-865046831.log

-->

<link rel="stylesheet" href="//pokemonshowdown.com/style/global.css?0.767286132409787" />
<link rel="stylesheet" href="//play.pokemonshowdown.com/style/font-awesome.css?0.9266228007934947" />
<link rel="stylesheet" href="//play.pokemonshowdown.com/style/battle.css?0.7924700842790926" />
<link rel="stylesheet" href="//play.pokemonshowdown.com/style/utilichart.css?0.8777417872839479" />

<!-- Global site tag (gtag.js) - Google Analytics -->
<script async src="https://www.googletagmanager.com/gtag/js?id=UA-26211653-1"></script>
<script>
  window.dataLayer = window.dataLayer || [];
  function gtag(){dataLayer.push(arguments);}
  gtag('js', new Date());

  gtag('config', 'UA-26211653-1');
</script>
<!-- End Google Analytics -->
<!-- Venatus Ad Manager - Install in <HEAD> of page -->
	<script src="https://hb.vntsm.com/v3/live/ad-manager.min.js" type="text/javascript" data-site-id="642aba63ec9a7b11c3c9c1be" data-mode="scan" async></script>
<!-- / Venatus Ad Manager -->

<style>
	@media (max-width:820px) {
		.battle {
			margin: 0 auto;
		}
		.battle-log {
			margin: 7px auto 0;
			max-width: 640px;
			height: 300px;
			position: static;
		}
	}
	.optgroup {
		display: inline-block;
		line-height: 22px;
		font-size: 10pt;
	}
	.optgroup .button {
		height: 25px;
		padding-top: 0;
		padding-bottom: 0;
	}
	.optgroup button.button {
		padding-left: 12px;
		padding-right: 12px;
	}
	.linklist {
		list-style: none;
		margin: 0.5em 0;
		padding: 0;
	}
	.linklist li {
		padding: 2px 0;
	}
	.sidebar {
		float: left;
		width: 320px;
	}
	.bar-wrapper {
		max-width: 1100px;
		margin: 0 auto;
	}
	.bar-wrapper.has-sidebar {
		max-width: 1430px;
	}
	.mainbar {
		margin: 0;
		padding-right: 1px;
	}
	.mainbar.has-sidebar {
		margin-left: 330px;
	}
	@media (min-width: 1511px) {
		.sidebar {
			width: 400px;
		}
		.bar-wrapper.has-sidebar {
			max-width: 1510px;
		}
		.mainbar.has-sidebar {
			margin-left: 410px;
		}
	}
	.section.first-section {
		margin-top: 9px;
	}
	.blocklink small {
		white-space: normal;
	}
	.button {
		vertical-align: middle;
	}
	.replay-controls {
		padding-top: 10px;
	}
	.replay-controls h1 {
		font-size: 16pt;
		font-weight: normal;
		color: #CCC;
	}
	.pagelink {
		text-align: center;
	}
	.pagelink a {
		width: 150px;
	}
	.textbox, .button {
		font-size: 11pt;
		vertical-align: middle;
	}
	@media (max-width: 450px) {
		.button {
			font-size: 9pt;
		}
	}
</style>

<div>

	<header>
		<div class="nav-wrapper"><ul class="nav">
			<li><a class="button nav-first" href="//pokemonshowdown.com/"><img src="//pokemonshowdown.com/images/pokemonshowdownbeta.png" srcset="//pokemonshowdown.com/images/pokemonshowdownbeta.png 1x, //pokemonshowdown.com/images/pokemonshowdownbeta@2x.png 2x" alt="Pok&eacute;mon Showdown" width="146" height="44" /> Home</a></li>
			<li><a class="button" href="//pokemonshowdown.com/dex/">Pok&eacute;dex</a></li>
			<li><a class="button cur" href="/">Replays</a></li>
			<li><a class="button" href="//pokemonshowdown.com/ladder/">Ladder</a></li>
			<li><a class="button nav-last" href="//pokemonshowdown.com/forums/">Forum</a></li>
			<li><a class="button greenbutton nav-first nav-last" href="//play.pokemonshowdown.com/">Play</a></li>
		</ul></div>
	</header>

	<div class="main" id="main">

		<noscript><section class="section">You need to enable JavaScript to use this page; sorry!</section></noscript>

	</div>

</div>

<script defer nomodule src="//play.pokemonshowdown.com/js/lib/ps-polyfill.js"></script>
<script defer src="//play.pokemonshowdown.com/js/lib/preact.min.js"></script>

<script defer src="//play.pokemonshowdown.com/config/config.js?6dec07f6"></script>
<script defer src="//play.pokemonshowdown.com/js/lib/jquery-1.11.0.min.js"></script>
<script defer src="//play.pokemonshowdown.com/js/lib/html-sanitizer-minified.js"></script>
<script defer src="//play.pokemonshowdown.com/js/battle-sound.js"></script>
<script defer src="//play.pokemonshowdown.com/js/battledata.js?0.6315294753075389"></script>
<script defer src="//play.pokemonshowdown.com/data/pokedex-mini.js?0.7603743185311358"></script>
<script defer src="//play.pokemonshowdown.com/data/pokedex-mini-bw.js?0.030888842834281283"></script>
<script defer src="//play.pokemonshowdown.com/data/graphics.js?0.05593094747507488"></script>
<script defer src="//play.pokemonshowdown.com/data/pokedex.js?0.47064822249611904"></script>
<script defer src="//play.pokemonshowdown.com/data/moves.js?0.8583693120512459"></script>
<script defer src="//play.pokemonshowdown.com/data/abilities.js?0.16017181182386842"></script>
<script defer src="//play.pokemonshowdown.com/data/items.js?0.4163379185673943"></script>
<script defer src="//play.pokemonshowdown.com/data/teambuilder-tables.js?0.31075597372830477"></script>
<script defer src="//play.pokemonshowdown.com/js/battle-tooltips.js?0.6536193500708172"></script>
<script defer src="//play.pokemonshowdown.com/js/battle.js?0.1916591943277901"></script>

<script defer src="js/utils.js?e31f9a17"></script>
<script defer src="js/replays-battle.js?7008c182"></script>

<!-- don't scrape this data! just add .json or .log after the URL!
Full API docs: https://github.com/smogon/pokemon-showdown-client/blob/master/WEB-API.md -->
<script type="text/plain" class="log" id="replaylog-gen3ou-2217999874">
|j|☆happydayhouseboat
|j|☆ViciousCricket
|t:|1728327986
|gametype|singles
|player|p1|happydayhouseboat|zinnia|
|player|p2|ViciousCricket|266|
|teamsize|p1|6
|teamsize|p2|6
|gen|3
|tier|[Gen 3] OU
|rule|Sleep Clause Mod: Limit one foe put to sleep
|rule|Switch Priority Clause Mod: Faster Pokémon switch first
|rule|Species Clause: Limit one of each Pokémon
|rule|OHKO Clause: OHKO moves are banned
|rule|Evasion Items Clause: Evasion items are banned
|rule|Evasion Moves Clause: Evasion moves are banned
|rule|Endless Battle Clause: Forcing endless battles is banned
|rule|HP Percentage Mod: HP is shown in percentages
|rule|One Boost Passer Clause: Limit one Baton Passer that has a way to boost its stats
|rule|Freeze Clause Mod: Limit one foe frozen
|
|t:|1728327986
|start
|switch|p1a: Skarmory|Skarmory, M|100/100
|switch|p2a: Flygon|Flygon, M|100/100
|turn|1
|
|t:|1728328000
|switch|p2a: Starmie|Starmie|100/100
|move|p1a: Skarmory|Toxic|p2a: Starmie
|-status|p2a: Starmie|tox
|
|-damage|p2a: Starmie|94/100 tox|[from] psn
|upkeep
|turn|2
|
|t:|1728328013
|move|p1a: Skarmory|Protect|p1a: Skarmory
|-singleturn|p1a: Skarmory|Protect
|move|p2a: Starmie|Thunderbolt|p1a: Skarmory
|-activate|p1a: Skarmory|Protect
|
|-heal|p2a: Starmie|100/100 tox|[from] item: Leftovers
|-damage|p2a: Starmie|88/100 tox|[from] psn
|upkeep
|turn|3
|
|t:|1728328029
|switch|p1a: Swampert|Swampert, M|100/100
|move|p2a: Starmie|Thunderbolt|p1a: Swampert
|-immune|p1a: Swampert
|
|-heal|p2a: Starmie|94/100 tox|[from] item: Leftovers
|-damage|p2a: Starmie|76/100 tox|[from] psn
|upkeep
|turn|4
|
|t:|1728328036
|-curestatus|p2a: Starmie|tox|[from] ability: Natural Cure
|switch|p2a: Suicune|Suicune|100/100
|move|p1a: Swampert|Earthquake|p2a: Suicune
|-damage|p2a: Suicune|79/100
|
|-heal|p2a: Suicune|85/100|[from] item: Leftovers
|upkeep
|turn|5
|
|t:|1728328050
|switch|p1a: Gengar|Gengar, M|100/100
|move|p2a: Suicune|Calm Mind|p2a: Suicune
|-boost|p2a: Suicune|spa|1
|-boost|p2a: Suicune|spd|1
|
|-heal|p2a: Suicune|91/100|[from] item: Leftovers
|upkeep
|turn|6
|
|t:|1728328054
|move|p1a: Gengar|Thunderbolt|p2a: Suicune
|-supereffective|p2a: Suicune
|-damage|p2a: Suicune|57/100
|move|p2a: Suicune|Calm Mind|p2a: Suicune
|-boost|p2a: Suicune|spa|1
|-boost|p2a: Suicune|spd|1
|
|-heal|p2a: Suicune|64/100|[from] item: Leftovers
|upkeep
|turn|7
|
|t:|1728328073
|move|p1a: Gengar|Thunderbolt|p2a: Suicune
|-supereffective|p2a: Suicune
|-damage|p2a: Suicune|37/100
|move|p2a: Suicune|Calm Mind|p2a: Suicune
|-boost|p2a: Suicune|spa|1
|-boost|p2a: Suicune|spd|1
|
|-heal|p2a: Suicune|43/100|[from] item: Leftovers
|upkeep
|turn|8
|
|t:|1728328083
|move|p1a: Gengar|Explosion|p2a: Suicune
|-damage|p2a: Suicune|6/100
|faint|p1a: Gengar
|
|t:|1728328088
|switch|p1a: Aerodactyl|Aerodactyl, F|100/100
|
|-heal|p2a: Suicune|12/100|[from] item: Leftovers
|upkeep
|turn|9
|
|t:|1728328093
|move|p1a: Aerodactyl|Hidden Power|p2a: Suicune
|-damage|p2a: Suicune|0 fnt
|faint|p2a: Suicune
|
|t:|1728328095
|switch|p2a: Flygon|Flygon, M|100/100
|
|upkeep
|turn|10
|
|t:|1728328099
|switch|p1a: Swampert|Swampert, M|100/100
|move|p2a: Flygon|Rock Slide|p1a: Swampert
|-resisted|p1a: Swampert
|-damage|p1a: Swampert|93/100
|
|-heal|p1a: Swampert|99/100|[from] item: Leftovers
|upkeep
|turn|11
|
|t:|1728328103
|switch|p2a: Snorlax|Snorlax, F|100/100
|move|p1a: Swampert|Earthquake|p2a: Snorlax
|-damage|p2a: Snorlax|71/100
|
|-heal|p1a: Swampert|100/100|[from] item: Leftovers
|-heal|p2a: Snorlax|78/100|[from] item: Leftovers
|upkeep
|turn|12
|
|t:|1728328108
|switch|p1a: Skarmory|Skarmory, M|100/100
|move|p2a: Snorlax|Curse|p2a: Snorlax
|-unboost|p2a: Snorlax|spe|1
|-boost|p2a: Snorlax|atk|1
|-boost|p2a: Snorlax|def|1
|
|-heal|p2a: Snorlax|84/100|[from] item: Leftovers
|upkeep
|turn|13
|
|t:|1728328112
|move|p2a: Snorlax|Return|p1a: Skarmory
|-resisted|p1a: Skarmory
|-damage|p1a: Skarmory|76/100
|move|p1a: Skarmory|Roar|p2a: Snorlax
|drag|p2a: Regice|Regice, shiny|100/100
|
|-heal|p1a: Skarmory|82/100|[from] item: Leftovers
|upkeep
|turn|14
|
|t:|1728328121
|move|p1a: Skarmory|Protect|p1a: Skarmory
|-singleturn|p1a: Skarmory|Protect
|move|p2a: Regice|Thunder Wave|p1a: Skarmory
|-activate|p1a: Skarmory|Protect
|
|-heal|p1a: Skarmory|88/100|[from] item: Leftovers
|upkeep
|turn|15
|
|t:|1728328124
|move|p1a: Skarmory|Toxic|p2a: Regice
|-status|p2a: Regice|tox
|move|p2a: Regice|Ice Beam|p1a: Skarmory
|-damage|p1a: Skarmory|46/100
|
|-heal|p1a: Skarmory|52/100|[from] item: Leftovers
|-damage|p2a: Regice|94/100 tox|[from] psn
|upkeep
|turn|16
|
|t:|1728328128
|switch|p1a: Jirachi|Jirachi|100/100
|switch|p2a: Starmie|Starmie|76/100
|
|-heal|p2a: Starmie|82/100|[from] item: Leftovers
|upkeep
|turn|17
|
|t:|1728328134
|move|p2a: Starmie|Hydro Pump|p1a: Jirachi
|-damage|p1a: Jirachi|57/100
|move|p1a: Jirachi|Calm Mind|p1a: Jirachi
|-boost|p1a: Jirachi|spa|1
|-boost|p1a: Jirachi|spd|1
|
|-heal|p2a: Starmie|88/100|[from] item: Leftovers
|-heal|p1a: Jirachi|63/100|[from] item: Leftovers
|upkeep
|turn|18
|
|t:|1728328147
|switch|p2a: Dugtrio|Dugtrio, F|100/100
|move|p1a: Jirachi|Calm Mind|p1a: Jirachi
|-boost|p1a: Jirachi|spa|1
|-boost|p1a: Jirachi|spd|1
|
|-heal|p1a: Jirachi|70/100|[from] item: Leftovers
|upkeep
|turn|19
|
|t:|1728328151
|move|p2a: Dugtrio|Earthquake|p1a: Jirachi
|-supereffective|p1a: Jirachi
|-damage|p1a: Jirachi|0 fnt
|faint|p1a: Jirachi
|
|t:|1728328157
|switch|p1a: Aerodactyl|Aerodactyl, F|100/100
|
|upkeep
|turn|20
|
|t:|1728328161
|switch|p2a: Flygon|Flygon, M|100/100
|move|p1a: Aerodactyl|Rock Slide|p2a: Flygon
|-resisted|p2a: Flygon
|-crit|p2a: Flygon
|-damage|p2a: Flygon|26/100
|
|-heal|p2a: Flygon|32/100|[from] item: Leftovers
|upkeep
|turn|21
|
|t:|1728328166
|switch|p1a: Swampert|Swampert, M|100/100
|move|p2a: Flygon|Rock Slide|p1a: Swampert|[miss]
|-miss|p2a: Flygon|p1a: Swampert
|
|-heal|p2a: Flygon|38/100|[from] item: Leftovers
|upkeep
|turn|22
|
|t:|1728328179
|move|p2a: Flygon|Earthquake|p1a: Swampert
|-damage|p1a: Swampert|70/100
|move|p1a: Swampert|Ice Beam|p2a: Flygon
|-supereffective|p2a: Flygon
|-damage|p2a: Flygon|0 fnt
|faint|p2a: Flygon
|
|t:|1728328185
|switch|p2a: Starmie|Starmie|88/100
|
|-heal|p2a: Starmie|94/100|[from] item: Leftovers
|-heal|p1a: Swampert|76/100|[from] item: Leftovers
|upkeep
|turn|23
|
|t:|1728328189
|move|p1a: Swampert|Protect|p1a: Swampert
|-singleturn|p1a: Swampert|Protect
|move|p2a: Starmie|Hydro Pump|p1a: Swampert
|-activate|p1a: Swampert|Protect
|
|-heal|p2a: Starmie|100/100|[from] item: Leftovers
|-heal|p1a: Swampert|82/100|[from] item: Leftovers
|upkeep
|turn|24
|
|t:|1728328199
|move|p2a: Starmie|Hydro Pump|p1a: Swampert
|-damage|p1a: Swampert|30/100
|move|p1a: Swampert|Earthquake|p2a: Starmie
|-damage|p2a: Starmie|42/100
|
|-heal|p2a: Starmie|49/100|[from] item: Leftovers
|-heal|p1a: Swampert|36/100|[from] item: Leftovers
|upkeep
|turn|25
|
|t:|1728328204
|move|p1a: Swampert|Protect|p1a: Swampert
|-singleturn|p1a: Swampert|Protect
|move|p2a: Starmie|Rapid Spin|p1a: Swampert
|-activate|p1a: Swampert|Protect
|
|-heal|p2a: Starmie|55/100|[from] item: Leftovers
|-heal|p1a: Swampert|42/100|[from] item: Leftovers
|upkeep
|turn|26
|
|t:|1728328208
|move|p2a: Starmie|Hydro Pump|p1a: Swampert
|-damage|p1a: Swampert|0 fnt
|faint|p1a: Swampert
|
|t:|1728328210
|switch|p1a: Tyranitar|Tyranitar, F|100/100
|-weather|Sandstorm|[from] ability: Sand Stream|[of] p1a: Tyranitar
|
|-weather|Sandstorm|[upkeep]
|-damage|p2a: Starmie|49/100|[from] Sandstorm
|-heal|p2a: Starmie|55/100|[from] item: Leftovers
|upkeep
|turn|27
|
|t:|1728328218
|move|p2a: Starmie|Hydro Pump|p1a: Tyranitar
|-supereffective|p1a: Tyranitar
|-damage|p1a: Tyranitar|0 fnt
|faint|p1a: Tyranitar
|
|t:|1728328221
|switch|p1a: Aerodactyl|Aerodactyl, F|100/100
|
|-weather|Sandstorm|[upkeep]
|-damage|p2a: Starmie|49/100|[from] Sandstorm
|-heal|p2a: Starmie|55/100|[from] item: Leftovers
|upkeep
|turn|28
|
|t:|1728328229
|move|p1a: Aerodactyl|Hidden Power|p2a: Starmie
|-damage|p2a: Starmie|0 fnt
|faint|p2a: Starmie
|
|t:|1728328232
|switch|p2a: Regice|Regice, shiny|94/100 tox
|
|-weather|Sandstorm|[upkeep]
|-damage|p2a: Regice|88/100 tox|[from] Sandstorm
|-heal|p2a: Regice|94/100 tox|[from] item: Leftovers
|-damage|p2a: Regice|88/100 tox|[from] psn
|upkeep
|turn|29
|
|t:|1728328235
|switch|p1a: Skarmory|Skarmory, M|52/100
|move|p2a: Regice|Thunderbolt|p1a: Skarmory
|-supereffective|p1a: Skarmory
|-damage|p1a: Skarmory|0 fnt
|faint|p1a: Skarmory
|
|t:|1728328239
|switch|p1a: Aerodactyl|Aerodactyl, F|100/100
|
|-weather|Sandstorm|[upkeep]
|-damage|p2a: Regice|82/100 tox|[from] Sandstorm
|-heal|p2a: Regice|88/100 tox|[from] item: Leftovers
|-damage|p2a: Regice|76/100 tox|[from] psn
|upkeep
|turn|30
|
|t:|1728328241
|move|p1a: Aerodactyl|Rock Slide|p2a: Regice
|-supereffective|p2a: Regice
|-damage|p2a: Regice|0 fnt
|faint|p2a: Regice
|
|t:|1728328244
|switch|p2a: Dugtrio|Dugtrio, F|100/100
|
|-weather|Sandstorm|[upkeep]
|upkeep
|turn|31
|
|t:|1728328247
|move|p1a: Aerodactyl|Rock Slide|p2a: Dugtrio
|-resisted|p2a: Dugtrio
|-damage|p2a: Dugtrio|24/100
|move|p2a: Dugtrio|Rock Slide|p1a: Aerodactyl
|-supereffective|p1a: Aerodactyl
|-damage|p1a: Aerodactyl|12/100
|
|-weather|Sandstorm|[upkeep]
|upkeep
|turn|32
|
|t:|1728328253
|move|p1a: Aerodactyl|Rock Slide|p2a: Dugtrio
|-resisted|p2a: Dugtrio
|-damage|p2a: Dugtrio|0 fnt
|faint|p2a: Dugtrio
|
|t:|1728328257
|switch|p2a: Snorlax|Snorlax, F|84/100
|
|-weather|Sandstorm|[upkeep]
|-damage|p2a: Snorlax|78/100|[from] Sandstorm
|-heal|p2a: Snorlax|84/100|[from] item: Leftovers
|upkeep
|turn|33
|c|☆ViciousCricket|30%
|
|t:|1728328263
|move|p1a: Aerodactyl|Rock Slide|p2a: Snorlax|[miss]
|-miss|p1a: Aerodactyl|p2a: Snorlax
|move|p2a: Snorlax|Return|p1a: Aerodactyl
|-resisted|p1a: Aerodactyl
|-damage|p1a: Aerodactyl|0 fnt
|faint|p1a: Aerodactyl
|
|win|ViciousCricket
|c|☆happydayhouseboat|yeah lol
|c|☆happydayhouseboat|rip gg
|c|☆ViciousCricket|gg !
|c|☆ViciousCricket|close one x)
|c|☆happydayhouseboat|:)

</script>
<script type="application/json" class="data" id="replaydata-gen3ou-2217999874">
{"id":"gen3ou-2217999874","format":"[Gen 3] OU","players":["happydayhouseboat","ViciousCricket"],"uploadtime":1728328275,"views":236,"formatid":"gen3ou","rating":null,"private":0,"password":null}
</script>

<script defer src="js/replays.js?9d40a366"></script>
