<!DOCTYPE html>
<meta charset="utf-8" />
<meta name="viewport" content="width=device-width" />

<title>[Gen 3] OU: krungo vs. elanie - Replays - Pok&eacute;mon Showdown!</title>

<meta name="description" content="Watch a replay of a Pok&eacute;mon battle between krungo and elanie! Format: [Gen 3] OU; Date: Oct 12, 2024" />
<!--

Hey, you! Looking in the source for the replay log?

You can find them in JSON format, just add `.json` at the end of a replay URL.

https://replay.pokemonshowdown.com/gen7randomdoublesbattle-865046831.json

Or, if you only need the log itself, add `.log` instead:

https://replay.pokemonshowdown.com/gen7randomdoublesbattle-865046831.log

-->

<link rel="stylesheet" href="//pokemonshowdown.com/style/global.css?0.023195364461161105" />
<link rel="stylesheet" href="//play.pokemonshowdown.com/style/font-awesome.css?0.13261647063804238" />
<link rel="stylesheet" href="//play.pokemonshowdown.com/style/battle.css?0.8753245789963631" />
<link rel="stylesheet" href="//play.pokemonshowdown.com/style/utilichart.css?0.8627959624976733" />

<!-- Global site tag (gtag.js) - Google Analytics -->
<script async src="https://www.googletagmanager.com/gtag/js?id=UA-26211653-1"></script>
<script>
  window.dataLayer = window.dataLayer || [];
  function gtag(){dataLayer.push(arguments);}
  gtag('js', new Date());

  gtag('config', 'UA-26211653-1');
</script>
<!-- End Google Analytics -->
<!-- Venatus Ad Manager - Install in <HEAD> of page -->
	<script src="https://hb.vntsm.com/v3/live/ad-manager.min.js" type="text/javascript" data-site-id="642aba63ec9a7b11c3c9c1be" data-mode="scan" async></script>
<!-- / Venatus Ad Manager -->

<style>
	@media (max-width:820px) {
		.battle {
			margin: 0 auto;
		}
		.battle-log {
			margin: 7px auto 0;
			max-width: 640px;
			height: 300px;
			position: static;
		}
	}
	.optgroup {
		display: inline-block;
		line-height: 22px;
		font-size: 10pt;
	}
	.optgroup .button {
		height: 25px;
		padding-top: 0;
		padding-bottom: 0;
	}
	.optgroup button.button {
		padding-left: 12px;
		padding-right: 12px;
	}
	.linklist {
		list-style: none;
		margin: 0.5em 0;
		padding: 0;
	}
	.linklist li {
		padding: 2px 0;
	}
	.sidebar {
		float: left;
		width: 320px;
	}
	.bar-wrapper {
		max-width: 1100px;
		margin: 0 auto;
	}
	.bar-wrapper.has-sidebar {
		max-width: 1430px;
	}
	.mainbar {
		margin: 0;
		padding-right: 1px;
	}
	.mainbar.has-sidebar {
		margin-left: 330px;
	}
	@media (min-width: 1511px) {
		.sidebar {
			width: 400px;
		}
		.bar-wrapper.has-sidebar {
			max-width: 1510px;
		}
		.mainbar.has-sidebar {
			margin-left: 410px;
		}
	}
	.section.first-section {
		margin-top: 9px;
	}
	.blocklink small {
		white-space: normal;
	}
	.button {
		vertical-align: middle;
	}
	.replay-controls {
		padding-top: 10px;
	}
	.replay-controls h1 {
		font-size: 16pt;
		font-weight: normal;
		color: #CCC;
	}
	.pagelink {
		text-align: center;
	}
	.pagelink a {
		width: 150px;
	}
	.textbox, .button {
		font-size: 11pt;
		vertical-align: middle;
	}
	@media (max-width: 450px) {
		.button {
			font-size: 9pt;
		}
	}
</style>

<div>

	<header>
		<div class="nav-wrapper"><ul class="nav">
			<li><a class="button nav-first" href="//pokemonshowdown.com/"><img src="//pokemonshowdown.com/images/pokemonshowdownbeta.png" srcset="//pokemonshowdown.com/images/pokemonshowdownbeta.png 1x, //pokemonshowdown.com/images/pokemonshowdownbeta@2x.png 2x" alt="Pok&eacute;mon Showdown" width="146" height="44" /> Home</a></li>
			<li><a class="button" href="//pokemonshowdown.com/dex/">Pok&eacute;dex</a></li>
			<li><a class="button cur" href="/">Replays</a></li>
			<li><a class="button" href="//pokemonshowdown.com/ladder/">Ladder</a></li>
			<li><a class="button nav-last" href="//pokemonshowdown.com/forums/">Forum</a></li>
			<li><a class="button greenbutton nav-first nav-last" href="//play.pokemonshowdown.com/">Play</a></li>
		</ul></div>
	</header>

	<div class="main" id="main">

		<noscript><section class="section">You need to enable JavaScript to use this page; sorry!</section></noscript>

	</div>

</div>

<script defer nomodule src="//play.pokemonshowdown.com/js/lib/ps-polyfill.js"></script>
<script defer src="//play.pokemonshowdown.com/js/lib/preact.min.js"></script>

<script defer src="//play.pokemonshowdown.com/config/config.js?2bddbc15"></script>
<script defer src="//play.pokemonshowdown.com/js/lib/jquery-1.11.0.min.js"></script>
<script defer src="//play.pokemonshowdown.com/js/lib/html-sanitizer-minified.js"></script>
<script defer src="//play.pokemonshowdown.com/js/battle-sound.js"></script>
<script defer src="//play.pokemonshowdown.com/js/battledata.js?0.7209276989879541"></script>
<script defer src="//play.pokemonshowdown.com/data/pokedex-mini.js?0.6111056340867951"></script>
<script defer src="//play.pokemonshowdown.com/data/pokedex-mini-bw.js?0.3532142036491459"></script>
<script defer src="//play.pokemonshowdown.com/data/graphics.js?0.24223875632456182"></script>
<script defer src="//play.pokemonshowdown.com/data/pokedex.js?0.38839984266356864"></script>
<script defer src="//play.pokemonshowdown.com/data/moves.js?0.21866028504024015"></script>
<script defer src="//play.pokemonshowdown.com/data/abilities.js?0.2005157953846628"></script>
<script defer src="//play.pokemonshowdown.com/data/items.js?0.9894211263848525"></script>
<script defer src="//play.pokemonshowdown.com/data/teambuilder-tables.js?0.6008791140282215"></script>
<script defer src="//play.pokemonshowdown.com/js/battle-tooltips.js?0.7580118955022959"></script>
<script defer src="//play.pokemonshowdown.com/js/battle.js?0.6057722274234274"></script>

<script defer src="js/utils.js?e31f9a17"></script>
<script defer src="js/replays-battle.js?7008c182"></script>

<!-- don't scrape this data! just add .json or .log after the URL!
Full API docs: https://github.com/smogon/pokemon-showdown-client/blob/master/WEB-API.md -->
<script type="text/plain" class="log" id="replaylog-smogtours-gen3ou-797501">
|inactive|Battle timer is ON: inactive players will automatically lose when time's up.
|t:|1728748520
|gametype|singles
|player|p1|krungo|265|
|player|p2|elanie|265|
|teamsize|p1|6
|teamsize|p2|6
|gen|3
|tier|[Gen 3] OU
|rule|Sleep Clause Mod: Limit one foe put to sleep
|rule|Switch Priority Clause Mod: Faster Pokémon switch first
|rule|Species Clause: Limit one of each Pokémon
|rule|OHKO Clause: OHKO moves are banned
|rule|Evasion Items Clause: Evasion items are banned
|rule|Evasion Moves Clause: Evasion moves are banned
|rule|Endless Battle Clause: Forcing endless battles is banned
|rule|HP Percentage Mod: HP is shown in percentages
|rule|One Boost Passer Clause: Limit one Baton Passer that has a way to boost its stats
|rule|Freeze Clause Mod: Limit one foe frozen
|
|t:|1728748520
|start
|switch|p1a: Zapdos|Zapdos|100/100
|switch|p2a: Medicham|Medicham, F|100/100
|turn|1
|
|t:|1728748533
|move|p1a: Zapdos|Thunderbolt|p2a: Medicham
|-damage|p2a: Medicham|11/100
|move|p2a: Medicham|Rock Slide|p1a: Zapdos
|-supereffective|p1a: Zapdos
|-damage|p1a: Zapdos|0 fnt
|faint|p1a: Zapdos
|
|t:|1728748547
|switch|p1a: Gengar|Gengar, F|100/100
|
|upkeep
|turn|2
|
|t:|1728748557
|switch|p2a: Blissey|Blissey, F|100/100
|move|p1a: Gengar|Ice Punch|p2a: Blissey
|-damage|p2a: Blissey|89/100
|-status|p2a: Blissey|frz
|
|-heal|p2a: Blissey|96/100 frz|[from] item: Leftovers
|upkeep
|turn|3
|c|☆krungo|mb
|
|t:|1728748569
|switch|p1a: Skarmory|Skarmory, F|100/100
|cant|p2a: Blissey|frz
|
|-heal|p2a: Blissey|100/100 frz|[from] item: Leftovers
|upkeep
|turn|4
|
|t:|1728748574
|-curestatus|p2a: Blissey|frz|[from] ability: Natural Cure
|switch|p2a: Magneton|Magneton|100/100
|move|p1a: Skarmory|Spikes|p2a: Magneton
|-sidestart|p2: elanie|Spikes
|
|upkeep
|turn|5
|
|t:|1728748584
|move|p2a: Magneton|Thunderbolt|p1a: Skarmory
|-supereffective|p1a: Skarmory
|-damage|p1a: Skarmory|0 fnt
|faint|p1a: Skarmory
|
|t:|1728748593
|switch|p1a: Metagross|Metagross|100/100
|
|upkeep
|turn|6
|
|t:|1728748606
|switch|p2a: Medicham|Medicham, F|11/100
|-damage|p2a: Medicham|0 fnt|[from] Spikes
|faint|p2a: Medicham
|inactive|elanie has 270 seconds left.
|
|t:|1728748634
|switch|p2a: Suicune|Suicune|100/100
|-damage|p2a: Suicune|88/100|[from] Spikes
|
|-heal|p2a: Suicune|94/100|[from] item: Leftovers
|upkeep
|turn|7
|
|t:|1728748653
|switch|p1a: Miltank|Miltank, F|100/100
|move|p2a: Suicune|Roar|p1a: Miltank
|drag|p1a: Gengar|Gengar, F|100/100
|
|-heal|p2a: Suicune|99/100|[from] item: Leftovers
|upkeep
|turn|8
|
|t:|1728748666
|switch|p2a: Blissey|Blissey, F|100/100
|-damage|p2a: Blissey|88/100|[from] Spikes
|move|p1a: Gengar|Thunderbolt|p2a: Blissey
|-damage|p2a: Blissey|76/100
|
|-heal|p2a: Blissey|82/100|[from] item: Leftovers
|upkeep
|turn|9
|
|t:|1728748673
|move|p1a: Gengar|Will-O-Wisp|p2a: Blissey
|-status|p2a: Blissey|brn
|move|p2a: Blissey|Seismic Toss|p1a: Gengar
|-immune|p1a: Gengar
|
|-heal|p2a: Blissey|88/100 brn|[from] item: Leftovers
|-damage|p2a: Blissey|76/100 brn|[from] brn
|upkeep
|turn|10
|
|t:|1728748687
|switch|p1a: Slaking|Slaking, M|100/100
|move|p2a: Blissey|Ice Beam|p1a: Slaking
|-damage|p1a: Slaking|72/100
|
|-heal|p2a: Blissey|82/100 brn|[from] item: Leftovers
|-damage|p2a: Blissey|69/100 brn|[from] brn
|upkeep
|turn|11
|
|t:|1728748697
|-curestatus|p2a: Blissey|brn|[from] ability: Natural Cure
|switch|p2a: Magneton|Magneton|100/100
|-damage|p2a: Magneton|88/100|[from] Spikes
|move|p1a: Slaking|Double-Edge|p2a: Magneton
|-resisted|p2a: Magneton
|-damage|p2a: Magneton|10/100
|-damage|p1a: Slaking|58/100|[from] Recoil|[of] p2a: Magneton
|
|upkeep
|turn|12
|
|t:|1728748707
|switch|p1a: Miltank|Miltank, F|100/100
|move|p2a: Magneton|Thunder Wave|p1a: Miltank
|-status|p1a: Miltank|par
|
|upkeep
|turn|13
|
|t:|1728748713
|move|p2a: Magneton|Thunderbolt|p1a: Miltank
|-damage|p1a: Miltank|54/100 par
|move|p1a: Miltank|Heal Bell|p1a: Miltank
|-activate|p1a: Miltank|move: Heal Bell
|-curestatus|p1a: Miltank|par|[silent]
|
|-heal|p1a: Miltank|60/100|[from] item: Leftovers
|upkeep
|turn|14
|
|t:|1728748722
|move|p1a: Miltank|Body Slam|p2a: Magneton
|-resisted|p2a: Magneton
|-crit|p2a: Magneton
|-damage|p2a: Magneton|0 fnt
|faint|p2a: Magneton
|inactive|elanie has 270 seconds left.
|
|t:|1728748776
|switch|p2a: Suicune|Suicune|99/100
|-damage|p2a: Suicune|88/100|[from] Spikes
|
|-heal|p2a: Suicune|94/100|[from] item: Leftovers
|-heal|p1a: Miltank|66/100|[from] item: Leftovers
|upkeep
|turn|15
|
|t:|1728748784
|move|p2a: Suicune|Surf|p1a: Miltank
|-damage|p1a: Miltank|31/100
|move|p1a: Miltank|Thunder Wave|p2a: Suicune
|-status|p2a: Suicune|par
|
|-heal|p1a: Miltank|37/100|[from] item: Leftovers
|-heal|p2a: Suicune|99/100 par|[from] item: Leftovers
|upkeep
|turn|16
|
|t:|1728748792
|move|p1a: Miltank|Milk Drink|p1a: Miltank
|-heal|p1a: Miltank|87/100
|move|p2a: Suicune|Calm Mind|p2a: Suicune
|-boost|p2a: Suicune|spa|1
|-boost|p2a: Suicune|spd|1
|
|-heal|p1a: Miltank|93/100|[from] item: Leftovers
|-heal|p2a: Suicune|100/100 par|[from] item: Leftovers
|upkeep
|turn|17
|inactive|elanie has 270 seconds left.
|
|t:|1728748801
|switch|p1a: Slaking|Slaking, M|58/100
|move|p2a: Suicune|Surf|p1a: Slaking
|-damage|p1a: Slaking|0 fnt
|faint|p1a: Slaking
|
|t:|1728748807
|switch|p1a: Gengar|Gengar, F|100/100
|
|upkeep
|turn|18
|c|☆krungo|uh oh
|
|t:|1728748814
|move|p1a: Gengar|Thunderbolt|p2a: Suicune
|-supereffective|p2a: Suicune
|-damage|p2a: Suicune|61/100 par
|cant|p2a: Suicune|par
|
|-heal|p2a: Suicune|67/100 par|[from] item: Leftovers
|upkeep
|turn|19
|
|t:|1728748821
|move|p1a: Gengar|Thunderbolt|p2a: Suicune
|-supereffective|p2a: Suicune
|-damage|p2a: Suicune|28/100 par
|cant|p2a: Suicune|par
|
|-heal|p2a: Suicune|34/100 par|[from] item: Leftovers
|upkeep
|turn|20
|c|☆elanie|oh thats so cool actually
|c|☆krungo|not really, i'm sorry about that
|
|t:|1728748850
|move|p1a: Gengar|Thunderbolt|p2a: Suicune
|-supereffective|p2a: Suicune
|-crit|p2a: Suicune
|-damage|p2a: Suicune|0 fnt
|faint|p2a: Suicune
|c|☆elanie|no really it's okay LOL
|c|☆elanie|just being silly
|
|t:|1728748865
|switch|p2a: Blissey|Blissey, F|69/100
|-damage|p2a: Blissey|57/100|[from] Spikes
|
|-heal|p2a: Blissey|63/100|[from] item: Leftovers
|upkeep
|turn|21
|
|t:|1728748870
|move|p1a: Gengar|Will-O-Wisp|p2a: Blissey|[miss]
|-miss|p1a: Gengar|p2a: Blissey
|move|p2a: Blissey|Seismic Toss|p1a: Gengar
|-immune|p1a: Gengar
|
|-heal|p2a: Blissey|69/100|[from] item: Leftovers
|upkeep
|turn|22
|
|t:|1728748877
|move|p1a: Gengar|Will-O-Wisp|p2a: Blissey
|-status|p2a: Blissey|brn
|move|p2a: Blissey|Ice Beam|p1a: Gengar
|-damage|p1a: Gengar|62/100
|
|-heal|p2a: Blissey|75/100 brn|[from] item: Leftovers
|-damage|p2a: Blissey|63/100 brn|[from] brn
|upkeep
|turn|23
|
|t:|1728748885
|switch|p1a: Miltank|Miltank, F|93/100
|move|p2a: Blissey|Soft-Boiled|p2a: Blissey
|-heal|p2a: Blissey|100/100 brn
|
|-heal|p1a: Miltank|99/100|[from] item: Leftovers
|-damage|p2a: Blissey|88/100 brn|[from] brn
|upkeep
|turn|24
|c|☆krungo|battle of the blobs
|c|☆elanie|real
|c|☆elanie|who is the better healer
|inactive|elanie has 270 seconds left.
|
|t:|1728748916
|move|p1a: Miltank|Body Slam|p2a: Blissey
|-damage|p2a: Blissey|61/100 brn
|move|p2a: Blissey|Toxic|p1a: Miltank
|-status|p1a: Miltank|tox
|
|-heal|p1a: Miltank|100/100 tox|[from] item: Leftovers
|-damage|p1a: Miltank|94/100 tox|[from] psn
|-heal|p2a: Blissey|67/100 brn|[from] item: Leftovers
|-damage|p2a: Blissey|55/100 brn|[from] brn
|upkeep
|turn|25
|
|t:|1728748926
|move|p1a: Miltank|Heal Bell|p1a: Miltank
|-activate|p1a: Miltank|move: Heal Bell
|-curestatus|p1a: Miltank|tox|[silent]
|move|p2a: Blissey|Soft-Boiled|p2a: Blissey
|-heal|p2a: Blissey|100/100 brn
|
|-heal|p1a: Miltank|100/100|[from] item: Leftovers
|-damage|p2a: Blissey|88/100 brn|[from] brn
|upkeep
|turn|26
|
|t:|1728748935
|switch|p1a: Metagross|Metagross|100/100
|move|p2a: Blissey|Toxic|p1a: Metagross
|-immune|p1a: Metagross
|
|-heal|p2a: Blissey|94/100 brn|[from] item: Leftovers
|-damage|p2a: Blissey|82/100 brn|[from] brn
|upkeep
|turn|27
|
|t:|1728748943
|-curestatus|p2a: Blissey|brn|[from] ability: Natural Cure
|switch|p2a: Metagross|Metagross|100/100
|-damage|p2a: Metagross|88/100|[from] Spikes
|move|p1a: Metagross|Meteor Mash|p2a: Metagross|[miss]
|-miss|p1a: Metagross|p2a: Metagross
|
|-heal|p2a: Metagross|94/100|[from] item: Leftovers
|upkeep
|turn|28
|
|t:|1728748951
|move|p2a: Metagross|Protect|p2a: Metagross
|-singleturn|p2a: Metagross|Protect
|move|p1a: Metagross|Earthquake|p2a: Metagross
|-activate|p2a: Metagross|Protect
|
|-heal|p2a: Metagross|99/100|[from] item: Leftovers
|upkeep
|turn|29
|
|t:|1728748958
|move|p2a: Metagross|Earthquake|p1a: Metagross
|-supereffective|p1a: Metagross
|-damage|p1a: Metagross|32/100
|move|p1a: Metagross|Earthquake|p2a: Metagross
|-supereffective|p2a: Metagross
|-damage|p2a: Metagross|48/100
|
|-heal|p2a: Metagross|54/100|[from] item: Leftovers
|-heal|p1a: Metagross|38/100|[from] item: Leftovers
|upkeep
|turn|30
|
|t:|1728748966
|switch|p1a: Gengar|Gengar, F|62/100
|move|p2a: Metagross|Earthquake|p1a: Gengar
|-immune|p1a: Gengar
|
|-heal|p2a: Metagross|60/100|[from] item: Leftovers
|upkeep
|turn|31
|
|t:|1728748973
|move|p2a: Metagross|Protect|p2a: Metagross
|-singleturn|p2a: Metagross|Protect
|move|p1a: Gengar|Will-O-Wisp|p2a: Metagross
|-activate|p2a: Metagross|Protect
|
|-heal|p2a: Metagross|66/100|[from] item: Leftovers
|upkeep
|turn|32
|
|t:|1728748979
|move|p1a: Gengar|Will-O-Wisp|p2a: Metagross
|-status|p2a: Metagross|brn
|move|p2a: Metagross|Meteor Mash|p1a: Gengar
|-damage|p1a: Gengar|2/100
|-boost|p2a: Metagross|atk|1
|
|-heal|p2a: Metagross|72/100 brn|[from] item: Leftovers
|-damage|p2a: Metagross|60/100 brn|[from] brn
|upkeep
|turn|33
|
|t:|1728748992
|move|p2a: Metagross|Protect|p2a: Metagross
|-singleturn|p2a: Metagross|Protect
|move|p1a: Gengar|Destiny Bond|p1a: Gengar
|-singlemove|p1a: Gengar|Destiny Bond
|
|-heal|p2a: Metagross|66/100 brn|[from] item: Leftovers
|-damage|p2a: Metagross|54/100 brn|[from] brn
|upkeep
|turn|34
|
|t:|1728749000
|move|p2a: Metagross|Protect||[still]
|-fail|p2a: Metagross
|move|p1a: Gengar|Thunderbolt|p2a: Metagross
|-damage|p2a: Metagross|21/100 brn
|
|-heal|p2a: Metagross|27/100 brn|[from] item: Leftovers
|-damage|p2a: Metagross|14/100 brn|[from] brn
|upkeep
|turn|35
|
|t:|1728749007
|move|p1a: Gengar|Thunderbolt|p2a: Metagross
|-damage|p2a: Metagross|0 fnt
|faint|p2a: Metagross
|
|t:|1728749020
|switch|p2a: Blissey|Blissey, F|82/100
|-damage|p2a: Blissey|69/100|[from] Spikes
|
|-heal|p2a: Blissey|75/100|[from] item: Leftovers
|upkeep
|turn|36
|
|t:|1728749027
|move|p1a: Gengar|Destiny Bond|p1a: Gengar
|-singlemove|p1a: Gengar|Destiny Bond
|move|p2a: Blissey|Ice Beam|p1a: Gengar
|-damage|p1a: Gengar|0 fnt
|faint|p1a: Gengar
|-activate|p1a: Gengar|move: Destiny Bond
|faint|p2a: Blissey
|
|t:|1728749035
|switch|p1a: Miltank|Miltank, F|100/100
|switch|p2a: Aerodactyl|Aerodactyl, M|100/100
|
|upkeep
|turn|37
|
|t:|1728749041
|move|p2a: Aerodactyl|Earthquake|p1a: Miltank
|-damage|p1a: Miltank|64/100
|move|p1a: Miltank|Thunder Wave|p2a: Aerodactyl
|-status|p2a: Aerodactyl|par
|
|-heal|p1a: Miltank|70/100|[from] item: Leftovers
|upkeep
|turn|38
|c|☆elanie|yeah i think im lost
|
|t:|1728749049
|move|p1a: Miltank|Body Slam|p2a: Aerodactyl
|-resisted|p2a: Aerodactyl
|-damage|p2a: Aerodactyl|82/100 par
|cant|p2a: Aerodactyl|par
|
|-heal|p1a: Miltank|76/100|[from] item: Leftovers
|upkeep
|turn|39
|
|t:|1728749056
|move|p1a: Miltank|Body Slam|p2a: Aerodactyl
|-resisted|p2a: Aerodactyl
|-damage|p2a: Aerodactyl|61/100 par
|move|p2a: Aerodactyl|Earthquake|p1a: Miltank
|-damage|p1a: Miltank|41/100
|
|-heal|p1a: Miltank|47/100|[from] item: Leftovers
|upkeep
|turn|40
|c|☆krungo|thanks for playing w/me
|
|t:|1728749071
|move|p1a: Miltank|Body Slam|p2a: Aerodactyl
|-resisted|p2a: Aerodactyl
|-damage|p2a: Aerodactyl|42/100 par
|move|p2a: Aerodactyl|Earthquake|p1a: Miltank
|-damage|p1a: Miltank|9/100
|
|-heal|p1a: Miltank|15/100|[from] item: Leftovers
|upkeep
|turn|41
|c|☆krungo|first time being in a tourney like this
|
|t:|1728749082
|move|p1a: Miltank|Milk Drink|p1a: Miltank
|-heal|p1a: Miltank|65/100
|cant|p2a: Aerodactyl|par
|
|-heal|p1a: Miltank|71/100|[from] item: Leftovers
|upkeep
|turn|42
|c|☆elanie|no worries!! first time for me too LOL
|
|t:|1728749091
|move|p1a: Miltank|Body Slam|p2a: Aerodactyl
|-resisted|p2a: Aerodactyl
|-damage|p2a: Aerodactyl|24/100 par
|cant|p2a: Aerodactyl|par
|
|-heal|p1a: Miltank|77/100|[from] item: Leftovers
|upkeep
|turn|43
|c|☆elanie|okay yeah
|c|☆elanie|ggwp
|-message|elanie forfeited.
|
|win|krungo
|player|p2|
|c|☆krungo|i have too much help from rng

</script>
<script type="application/json" class="data" id="replaydata-smogtours-gen3ou-797501">
{"id":"smogtours-gen3ou-797501","format":"[Gen 3] OU","players":["krungo","elanie"],"uploadtime":1728749101,"views":96,"formatid":"gen3ou","rating":null,"private":0,"password":null}
</script>

<script defer src="js/replays.js?9d40a366"></script>
