<!DOCTYPE html>
<meta charset="utf-8" />
<meta name="viewport" content="width=device-width" />

<title>[Gen 3] OU: triangles vs. LilBigBamSam - Replays - Pok&eacute;mon Showdown!</title>

<meta name="description" content="Watch a replay of a Pok&eacute;mon battle between triangles and LilBigBamSam! Format: [Gen 3] OU; Date: Oct 9, 2024" />
<!--

Hey, you! Looking in the source for the replay log?

You can find them in JSON format, just add `.json` at the end of a replay URL.

https://replay.pokemonshowdown.com/gen7randomdoublesbattle-865046831.json

Or, if you only need the log itself, add `.log` instead:

https://replay.pokemonshowdown.com/gen7randomdoublesbattle-865046831.log

-->

<link rel="stylesheet" href="//pokemonshowdown.com/style/global.css?0.023195364461161105" />
<link rel="stylesheet" href="//play.pokemonshowdown.com/style/font-awesome.css?0.13261647063804238" />
<link rel="stylesheet" href="//play.pokemonshowdown.com/style/battle.css?0.8753245789963631" />
<link rel="stylesheet" href="//play.pokemonshowdown.com/style/utilichart.css?0.8627959624976733" />

<!-- Global site tag (gtag.js) - Google Analytics -->
<script async src="https://www.googletagmanager.com/gtag/js?id=UA-26211653-1"></script>
<script>
  window.dataLayer = window.dataLayer || [];
  function gtag(){dataLayer.push(arguments);}
  gtag('js', new Date());

  gtag('config', 'UA-26211653-1');
</script>
<!-- End Google Analytics -->
<!-- Venatus Ad Manager - Install in <HEAD> of page -->
	<script src="https://hb.vntsm.com/v3/live/ad-manager.min.js" type="text/javascript" data-site-id="642aba63ec9a7b11c3c9c1be" data-mode="scan" async></script>
<!-- / Venatus Ad Manager -->

<style>
	@media (max-width:820px) {
		.battle {
			margin: 0 auto;
		}
		.battle-log {
			margin: 7px auto 0;
			max-width: 640px;
			height: 300px;
			position: static;
		}
	}
	.optgroup {
		display: inline-block;
		line-height: 22px;
		font-size: 10pt;
	}
	.optgroup .button {
		height: 25px;
		padding-top: 0;
		padding-bottom: 0;
	}
	.optgroup button.button {
		padding-left: 12px;
		padding-right: 12px;
	}
	.linklist {
		list-style: none;
		margin: 0.5em 0;
		padding: 0;
	}
	.linklist li {
		padding: 2px 0;
	}
	.sidebar {
		float: left;
		width: 320px;
	}
	.bar-wrapper {
		max-width: 1100px;
		margin: 0 auto;
	}
	.bar-wrapper.has-sidebar {
		max-width: 1430px;
	}
	.mainbar {
		margin: 0;
		padding-right: 1px;
	}
	.mainbar.has-sidebar {
		margin-left: 330px;
	}
	@media (min-width: 1511px) {
		.sidebar {
			width: 400px;
		}
		.bar-wrapper.has-sidebar {
			max-width: 1510px;
		}
		.mainbar.has-sidebar {
			margin-left: 410px;
		}
	}
	.section.first-section {
		margin-top: 9px;
	}
	.blocklink small {
		white-space: normal;
	}
	.button {
		vertical-align: middle;
	}
	.replay-controls {
		padding-top: 10px;
	}
	.replay-controls h1 {
		font-size: 16pt;
		font-weight: normal;
		color: #CCC;
	}
	.pagelink {
		text-align: center;
	}
	.pagelink a {
		width: 150px;
	}
	.textbox, .button {
		font-size: 11pt;
		vertical-align: middle;
	}
	@media (max-width: 450px) {
		.button {
			font-size: 9pt;
		}
	}
</style>

<div>

	<header>
		<div class="nav-wrapper"><ul class="nav">
			<li><a class="button nav-first" href="//pokemonshowdown.com/"><img src="//pokemonshowdown.com/images/pokemonshowdownbeta.png" srcset="//pokemonshowdown.com/images/pokemonshowdownbeta.png 1x, //pokemonshowdown.com/images/pokemonshowdownbeta@2x.png 2x" alt="Pok&eacute;mon Showdown" width="146" height="44" /> Home</a></li>
			<li><a class="button" href="//pokemonshowdown.com/dex/">Pok&eacute;dex</a></li>
			<li><a class="button cur" href="/">Replays</a></li>
			<li><a class="button" href="//pokemonshowdown.com/ladder/">Ladder</a></li>
			<li><a class="button nav-last" href="//pokemonshowdown.com/forums/">Forum</a></li>
			<li><a class="button greenbutton nav-first nav-last" href="//play.pokemonshowdown.com/">Play</a></li>
		</ul></div>
	</header>

	<div class="main" id="main">

		<noscript><section class="section">You need to enable JavaScript to use this page; sorry!</section></noscript>

	</div>

</div>

<script defer nomodule src="//play.pokemonshowdown.com/js/lib/ps-polyfill.js"></script>
<script defer src="//play.pokemonshowdown.com/js/lib/preact.min.js"></script>

<script defer src="//play.pokemonshowdown.com/config/config.js?2bddbc15"></script>
<script defer src="//play.pokemonshowdown.com/js/lib/jquery-1.11.0.min.js"></script>
<script defer src="//play.pokemonshowdown.com/js/lib/html-sanitizer-minified.js"></script>
<script defer src="//play.pokemonshowdown.com/js/battle-sound.js"></script>
<script defer src="//play.pokemonshowdown.com/js/battledata.js?0.7209276989879541"></script>
<script defer src="//play.pokemonshowdown.com/data/pokedex-mini.js?0.6111056340867951"></script>
<script defer src="//play.pokemonshowdown.com/data/pokedex-mini-bw.js?0.3532142036491459"></script>
<script defer src="//play.pokemonshowdown.com/data/graphics.js?0.24223875632456182"></script>
<script defer src="//play.pokemonshowdown.com/data/pokedex.js?0.38839984266356864"></script>
<script defer src="//play.pokemonshowdown.com/data/moves.js?0.21866028504024015"></script>
<script defer src="//play.pokemonshowdown.com/data/abilities.js?0.2005157953846628"></script>
<script defer src="//play.pokemonshowdown.com/data/items.js?0.9894211263848525"></script>
<script defer src="//play.pokemonshowdown.com/data/teambuilder-tables.js?0.6008791140282215"></script>
<script defer src="//play.pokemonshowdown.com/js/battle-tooltips.js?0.7580118955022959"></script>
<script defer src="//play.pokemonshowdown.com/js/battle.js?0.6057722274234274"></script>

<script defer src="js/utils.js?e31f9a17"></script>
<script defer src="js/replays-battle.js?7008c182"></script>

<!-- don't scrape this data! just add .json or .log after the URL!
Full API docs: https://github.com/smogon/pokemon-showdown-client/blob/master/WEB-API.md -->
<script type="text/plain" class="log" id="replaylog-smogtours-gen3ou-796606">
|inactive|Battle timer is ON: inactive players will automatically lose when time's up.
|t:|1728476168
|gametype|singles
|player|p1|triangles|lucas|
|player|p2|LilBigBamSam|169|
|teamsize|p1|6
|teamsize|p2|6
|gen|3
|tier|[Gen 3] OU
|rule|Sleep Clause Mod: Limit one foe put to sleep
|rule|Switch Priority Clause Mod: Faster Pokémon switch first
|rule|Species Clause: Limit one of each Pokémon
|rule|OHKO Clause: OHKO moves are banned
|rule|Evasion Items Clause: Evasion items are banned
|rule|Evasion Moves Clause: Evasion moves are banned
|rule|Endless Battle Clause: Forcing endless battles is banned
|rule|HP Percentage Mod: HP is shown in percentages
|rule|One Boost Passer Clause: Limit one Baton Passer that has a way to boost its stats
|rule|Freeze Clause Mod: Limit one foe frozen
|
|t:|1728476168
|start
|switch|p1a: Zapdos|Zapdos|100/100
|switch|p2a: Tyranitar|Tyranitar, F|100/100
|-weather|Sandstorm|[from] ability: Sand Stream|[of] p2a: Tyranitar
|turn|1
|c|☆LilBigBamSam|hf
|c|☆triangles|hf
|inactive|triangles has 270 seconds left.
|
|t:|1728476207
|move|p2a: Tyranitar|Rock Slide|p1a: Zapdos
|-supereffective|p1a: Zapdos
|-damage|p1a: Zapdos|31/100
|cant|p1a: Zapdos|flinch
|
|-weather|Sandstorm|[upkeep]
|-damage|p1a: Zapdos|25/100|[from] Sandstorm
|-heal|p1a: Zapdos|31/100|[from] item: Leftovers
|upkeep
|turn|2
|
|t:|1728476221
|switch|p1a: Dugtrio|Dugtrio, M, shiny|100/100
|move|p2a: Tyranitar|Ice Beam|p1a: Dugtrio
|-supereffective|p1a: Dugtrio
|-damage|p1a: Dugtrio|0 fnt
|faint|p1a: Dugtrio
|c|☆triangles|dayum
|c|☆LilBigBamSam|oops
|c|☆triangles|LOL
|c|☆triangles|i got owned
|c|☆triangles|fast slide ice beam
|inactive|triangles has 270 seconds left.
|
|t:|1728476247
|switch|p1a: Suicune|Suicune, shiny|100/100
|
|-weather|Sandstorm|[upkeep]
|-damage|p1a: Suicune|94/100|[from] Sandstorm
|-heal|p1a: Suicune|100/100|[from] item: Leftovers
|upkeep
|turn|3
|inactive|LilBigBamSam has 270 seconds left.
|
|t:|1728476279
|switch|p2a: Skarmory|Skarmory, F|100/100
|move|p1a: Suicune|Calm Mind|p1a: Suicune
|-boost|p1a: Suicune|spa|1
|-boost|p1a: Suicune|spd|1
|
|-weather|Sandstorm|[upkeep]
|-damage|p1a: Suicune|94/100|[from] Sandstorm
|-heal|p1a: Suicune|100/100|[from] item: Leftovers
|upkeep
|turn|4
|
|t:|1728476288
|move|p1a: Suicune|Surf|p2a: Skarmory
|-damage|p2a: Skarmory|56/100
|move|p2a: Skarmory|Roar|p1a: Suicune
|drag|p1a: Snorlax|Snorlax, F, shiny|100/100
|
|-weather|Sandstorm|[upkeep]
|-damage|p1a: Snorlax|94/100|[from] Sandstorm
|-heal|p2a: Skarmory|62/100|[from] item: Leftovers
|-heal|p1a: Snorlax|100/100|[from] item: Leftovers
|upkeep
|turn|5
|
|t:|1728476300
|switch|p1a: Zapdos|Zapdos|31/100
|move|p2a: Skarmory|Spikes|p1a: Zapdos
|-sidestart|p1: triangles|Spikes
|
|-weather|Sandstorm|[upkeep]
|-damage|p1a: Zapdos|25/100|[from] Sandstorm
|-heal|p1a: Zapdos|31/100|[from] item: Leftovers
|-heal|p2a: Skarmory|68/100|[from] item: Leftovers
|upkeep
|turn|6
|
|t:|1728476309
|switch|p2a: Blissey|Blissey, F|100/100
|move|p1a: Zapdos|Rest|p1a: Zapdos
|-status|p1a: Zapdos|slp|[from] move: Rest
|-heal|p1a: Zapdos|100/100 slp|[silent]
|
|-weather|Sandstorm|[upkeep]
|-damage|p1a: Zapdos|94/100 slp|[from] Sandstorm
|-damage|p2a: Blissey|94/100|[from] Sandstorm
|-heal|p1a: Zapdos|100/100 slp|[from] item: Leftovers
|-heal|p2a: Blissey|100/100|[from] item: Leftovers
|upkeep
|turn|7
|inactive|LilBigBamSam has 270 seconds left.
|inactive|triangles has 270 seconds left.
|
|t:|1728476348
|switch|p1a: Jirachi|Jirachi|100/100
|-damage|p1a: Jirachi|88/100|[from] Spikes
|switch|p2a: Skarmory|Skarmory, F|68/100
|
|-weather|Sandstorm|[upkeep]
|-heal|p1a: Jirachi|94/100|[from] item: Leftovers
|-heal|p2a: Skarmory|74/100|[from] item: Leftovers
|upkeep
|turn|8
|inactive|LilBigBamSam has 270 seconds left.
|
|t:|1728476370
|move|p2a: Skarmory|Protect|p2a: Skarmory
|-singleturn|p2a: Skarmory|Protect
|move|p1a: Jirachi|Fire Punch|p2a: Skarmory
|-activate|p2a: Skarmory|Protect
|
|-weather|Sandstorm|[upkeep]
|-heal|p1a: Jirachi|100/100|[from] item: Leftovers
|-heal|p2a: Skarmory|80/100|[from] item: Leftovers
|upkeep
|turn|9
|
|t:|1728476380
|switch|p2a: Swampert|Swampert, M|100/100
|move|p1a: Jirachi|Fire Punch|p2a: Swampert
|-resisted|p2a: Swampert
|-damage|p2a: Swampert|95/100
|
|-weather|Sandstorm|[upkeep]
|-heal|p2a: Swampert|100/100|[from] item: Leftovers
|upkeep
|turn|10
|
|t:|1728476391
|move|p1a: Jirachi|Protect|p1a: Jirachi
|-singleturn|p1a: Jirachi|Protect
|move|p2a: Swampert|Curse|p2a: Swampert
|-unboost|p2a: Swampert|spe|1
|-boost|p2a: Swampert|atk|1
|-boost|p2a: Swampert|def|1
|
|-weather|Sandstorm|[upkeep]
|upkeep
|turn|11
|
|t:|1728476401
|switch|p1a: Zapdos|Zapdos|100/100 slp
|move|p2a: Swampert|Earthquake|p1a: Zapdos
|-immune|p1a: Zapdos
|
|-weather|Sandstorm|[upkeep]
|-damage|p1a: Zapdos|94/100 slp|[from] Sandstorm
|-heal|p1a: Zapdos|100/100 slp|[from] item: Leftovers
|upkeep
|turn|12
|
|t:|1728476409
|cant|p1a: Zapdos|slp
|move|p2a: Swampert|Rock Slide|p1a: Zapdos
|-supereffective|p1a: Zapdos
|-damage|p1a: Zapdos|41/100 slp
|
|-weather|Sandstorm|[upkeep]
|-damage|p1a: Zapdos|35/100 slp|[from] Sandstorm
|-heal|p1a: Zapdos|41/100 slp|[from] item: Leftovers
|upkeep
|turn|13
|inactive|LilBigBamSam has 270 seconds left.
|
|t:|1728476417
|switch|p1a: Claydol|Claydol, shiny|100/100
|move|p2a: Swampert|Rock Slide|p1a: Claydol
|-resisted|p1a: Claydol
|-damage|p1a: Claydol|88/100
|
|-weather|Sandstorm|[upkeep]
|-heal|p1a: Claydol|94/100|[from] item: Leftovers
|upkeep
|turn|14
|inactive|LilBigBamSam has 270 seconds left.
|
|t:|1728476440
|switch|p2a: Skarmory|Skarmory, F|80/100
|move|p1a: Claydol|Rapid Spin|p2a: Skarmory
|-resisted|p2a: Skarmory
|-damage|p2a: Skarmory|79/100
|-sideend|p1: triangles|Spikes|[from] move: Rapid Spin|[of] p1a: Claydol
|
|-weather|Sandstorm|[upkeep]
|-heal|p2a: Skarmory|85/100|[from] item: Leftovers
|-heal|p1a: Claydol|99/100|[from] item: Leftovers
|upkeep
|turn|15
|
|t:|1728476470
|switch|p1a: Zapdos|Zapdos|41/100 slp
|move|p2a: Skarmory|Spikes|p1a: Zapdos
|-sidestart|p1: triangles|Spikes
|
|-weather|Sandstorm|[upkeep]
|-damage|p1a: Zapdos|35/100 slp|[from] Sandstorm
|-heal|p1a: Zapdos|41/100 slp|[from] item: Leftovers
|-heal|p2a: Skarmory|91/100|[from] item: Leftovers
|upkeep
|turn|16
|
|t:|1728476487
|switch|p2a: Tyranitar|Tyranitar, F|100/100
|cant|p1a: Zapdos|slp
|move|p1a: Zapdos|Sleep Talk|p1a: Zapdos
|move|p1a: Zapdos|Roar|p2a: Tyranitar|[from]Sleep Talk
|drag|p2a: Swampert|Swampert, M|100/100
|
|-weather|Sandstorm|[upkeep]
|-damage|p1a: Zapdos|35/100 slp|[from] Sandstorm
|-heal|p1a: Zapdos|41/100 slp|[from] item: Leftovers
|upkeep
|turn|17
|inactive|LilBigBamSam has 240 seconds left.
|
|t:|1728476507
|-curestatus|p1a: Zapdos|slp|[msg]
|move|p1a: Zapdos|Rest|p1a: Zapdos
|-status|p1a: Zapdos|slp|[from] move: Rest
|-heal|p1a: Zapdos|100/100 slp|[silent]
|move|p2a: Swampert|Rock Slide|p1a: Zapdos
|-supereffective|p1a: Zapdos
|-damage|p1a: Zapdos|59/100 slp
|
|-weather|Sandstorm|[upkeep]
|-damage|p1a: Zapdos|53/100 slp|[from] Sandstorm
|-heal|p1a: Zapdos|59/100 slp|[from] item: Leftovers
|upkeep
|turn|18
|inactive|LilBigBamSam has 240 seconds left.
|
|t:|1728476522
|switch|p1a: Claydol|Claydol, shiny|99/100
|switch|p2a: Starmie|Starmie|100/100
|
|-weather|Sandstorm|[upkeep]
|-damage|p2a: Starmie|94/100|[from] Sandstorm
|-heal|p2a: Starmie|100/100|[from] item: Leftovers
|-heal|p1a: Claydol|100/100|[from] item: Leftovers
|upkeep
|turn|19
|
|t:|1728476541
|switch|p1a: Jirachi|Jirachi|100/100
|-damage|p1a: Jirachi|88/100|[from] Spikes
|move|p2a: Starmie|Surf|p1a: Jirachi
|-damage|p1a: Jirachi|60/100
|
|-weather|Sandstorm|[upkeep]
|-damage|p2a: Starmie|94/100|[from] Sandstorm
|-heal|p2a: Starmie|100/100|[from] item: Leftovers
|-heal|p1a: Jirachi|66/100|[from] item: Leftovers
|upkeep
|turn|20
|
|t:|1728476551
|move|p1a: Jirachi|Protect|p1a: Jirachi
|-singleturn|p1a: Jirachi|Protect
|move|p2a: Starmie|Thunder Wave|p1a: Jirachi
|-activate|p1a: Jirachi|Protect
|
|-weather|Sandstorm|[upkeep]
|-damage|p2a: Starmie|94/100|[from] Sandstorm
|-heal|p2a: Starmie|100/100|[from] item: Leftovers
|-heal|p1a: Jirachi|72/100|[from] item: Leftovers
|upkeep
|turn|21
|
|t:|1728476561
|switch|p1a: Zapdos|Zapdos|59/100 slp
|move|p2a: Starmie|Thunder Wave||[still]
|-fail|p2a: Starmie
|
|-weather|Sandstorm|[upkeep]
|-damage|p2a: Starmie|94/100|[from] Sandstorm
|-damage|p1a: Zapdos|53/100 slp|[from] Sandstorm
|-heal|p2a: Starmie|100/100|[from] item: Leftovers
|-heal|p1a: Zapdos|59/100 slp|[from] item: Leftovers
|upkeep
|turn|22
|
|t:|1728476569
|move|p2a: Starmie|Surf|p1a: Zapdos
|-damage|p1a: Zapdos|34/100 slp
|cant|p1a: Zapdos|slp
|
|-weather|Sandstorm|[upkeep]
|-damage|p2a: Starmie|94/100|[from] Sandstorm
|-damage|p1a: Zapdos|28/100 slp|[from] Sandstorm
|-heal|p2a: Starmie|100/100|[from] item: Leftovers
|-heal|p1a: Zapdos|34/100 slp|[from] item: Leftovers
|upkeep
|turn|23
|
|t:|1728476578
|move|p2a: Starmie|Surf|p1a: Zapdos
|-damage|p1a: Zapdos|11/100 slp
|cant|p1a: Zapdos|slp
|move|p1a: Zapdos|Sleep Talk|p1a: Zapdos
|move|p1a: Zapdos|Rest|p1a: Zapdos|[from]Sleep Talk
|
|-weather|Sandstorm|[upkeep]
|-damage|p2a: Starmie|94/100|[from] Sandstorm
|-damage|p1a: Zapdos|5/100 slp|[from] Sandstorm
|-heal|p2a: Starmie|100/100|[from] item: Leftovers
|-heal|p1a: Zapdos|11/100 slp|[from] item: Leftovers
|upkeep
|turn|24
|inactive|LilBigBamSam has 270 seconds left.
|
|t:|1728476597
|switch|p1a: Suicune|Suicune, shiny|100/100
|-damage|p1a: Suicune|88/100|[from] Spikes
|move|p2a: Starmie|Surf|p1a: Suicune
|-resisted|p1a: Suicune
|-damage|p1a: Suicune|76/100
|
|-weather|Sandstorm|[upkeep]
|-damage|p2a: Starmie|94/100|[from] Sandstorm
|-damage|p1a: Suicune|70/100|[from] Sandstorm
|-heal|p2a: Starmie|100/100|[from] item: Leftovers
|-heal|p1a: Suicune|76/100|[from] item: Leftovers
|upkeep
|turn|25
|inactive|LilBigBamSam has 270 seconds left.
|
|t:|1728476607
|move|p2a: Starmie|Thunder Wave|p1a: Suicune
|-status|p1a: Suicune|par
|cant|p1a: Suicune|par
|
|-weather|Sandstorm|[upkeep]
|-damage|p2a: Starmie|94/100|[from] Sandstorm
|-damage|p1a: Suicune|70/100 par|[from] Sandstorm
|-heal|p2a: Starmie|100/100|[from] item: Leftovers
|-heal|p1a: Suicune|76/100 par|[from] item: Leftovers
|upkeep
|turn|26
|inactive|LilBigBamSam has 270 seconds left.
|
|t:|1728476636
|switch|p2a: Skarmory|Skarmory, F|91/100
|move|p1a: Suicune|Rain Dance|p1a: Suicune
|-weather|RainDance
|
|-weather|RainDance|[upkeep]
|-heal|p2a: Skarmory|97/100|[from] item: Leftovers
|-heal|p1a: Suicune|82/100 par|[from] item: Leftovers
|upkeep
|turn|27
|
|t:|1728476644
|move|p1a: Suicune|Surf|p2a: Skarmory
|-damage|p2a: Skarmory|58/100
|move|p2a: Skarmory|Roar|p1a: Suicune
|drag|p1a: Zapdos|Zapdos|11/100 slp
|
|-weather|RainDance|[upkeep]
|-heal|p1a: Zapdos|17/100 slp|[from] item: Leftovers
|-heal|p2a: Skarmory|64/100|[from] item: Leftovers
|upkeep
|turn|28
|
|t:|1728476654
|switch|p2a: Tyranitar|Tyranitar, F|100/100
|-weather|Sandstorm|[from] ability: Sand Stream|[of] p2a: Tyranitar
|cant|p1a: Zapdos|slp
|move|p1a: Zapdos|Sleep Talk|p1a: Zapdos
|move|p1a: Zapdos|Thunderbolt|p2a: Tyranitar|[from]Sleep Talk
|-damage|p2a: Tyranitar|57/100
|
|-weather|Sandstorm|[upkeep]
|-damage|p1a: Zapdos|11/100 slp|[from] Sandstorm
|-heal|p1a: Zapdos|17/100 slp|[from] item: Leftovers
|upkeep
|turn|29
|
|t:|1728476671
|switch|p1a: Jirachi|Jirachi|72/100
|-damage|p1a: Jirachi|60/100|[from] Spikes
|move|p2a: Tyranitar|Ice Beam|p1a: Jirachi
|-resisted|p1a: Jirachi
|-damage|p1a: Jirachi|48/100
|
|-weather|Sandstorm|[upkeep]
|-heal|p1a: Jirachi|54/100|[from] item: Leftovers
|upkeep
|turn|30
|inactive|LilBigBamSam has 240 seconds left.
|
|t:|1728476704
|switch|p2a: Blissey|Blissey, F|100/100
|move|p1a: Jirachi|Wish|p1a: Jirachi
|
|-weather|Sandstorm|[upkeep]
|-damage|p2a: Blissey|94/100|[from] Sandstorm
|-heal|p1a: Jirachi|61/100|[from] item: Leftovers
|-heal|p2a: Blissey|100/100|[from] item: Leftovers
|upkeep
|turn|31
|
|t:|1728476716
|move|p1a: Jirachi|Protect|p1a: Jirachi
|-singleturn|p1a: Jirachi|Protect
|move|p2a: Blissey|Thunder Wave|p1a: Jirachi
|-activate|p1a: Jirachi|Protect
|
|-heal|p1a: Jirachi|100/100|[from] move: Wish|[wisher] Jirachi
|-weather|Sandstorm|[upkeep]
|-damage|p2a: Blissey|94/100|[from] Sandstorm
|-heal|p2a: Blissey|100/100|[from] item: Leftovers
|upkeep
|turn|32
|
|t:|1728476726
|switch|p1a: Claydol|Claydol, shiny|100/100
|move|p2a: Blissey|Fire Blast|p1a: Claydol
|-damage|p1a: Claydol|71/100
|
|-weather|Sandstorm|[upkeep]
|-damage|p2a: Blissey|94/100|[from] Sandstorm
|-heal|p1a: Claydol|77/100|[from] item: Leftovers
|-heal|p2a: Blissey|100/100|[from] item: Leftovers
|upkeep
|turn|33
|inactive|LilBigBamSam has 240 seconds left.
|
|t:|1728476737
|move|p1a: Claydol|Rapid Spin|p2a: Blissey
|-damage|p2a: Blissey|96/100
|-sideend|p1: triangles|Spikes|[from] move: Rapid Spin|[of] p1a: Claydol
|move|p2a: Blissey|Ice Beam|p1a: Claydol
|-supereffective|p1a: Claydol
|-damage|p1a: Claydol|33/100
|
|-weather|Sandstorm|[upkeep]
|-damage|p2a: Blissey|89/100|[from] Sandstorm
|-heal|p1a: Claydol|39/100|[from] item: Leftovers
|-heal|p2a: Blissey|96/100|[from] item: Leftovers
|upkeep
|turn|34
|inactive|LilBigBamSam has 240 seconds left.
|
|t:|1728476754
|switch|p1a: Jirachi|Jirachi|100/100
|switch|p2a: Starmie|Starmie|100/100
|
|-weather|Sandstorm|[upkeep]
|-damage|p2a: Starmie|94/100|[from] Sandstorm
|-heal|p2a: Starmie|100/100|[from] item: Leftovers
|upkeep
|turn|35
|
|t:|1728476761
|switch|p1a: Suicune|Suicune, shiny|82/100 par
|move|p2a: Starmie|Thunder Wave|p1a: Suicune
|-fail|p1a: Suicune|par
|
|-weather|Sandstorm|[upkeep]
|-damage|p2a: Starmie|94/100|[from] Sandstorm
|-damage|p1a: Suicune|76/100 par|[from] Sandstorm
|-heal|p2a: Starmie|100/100|[from] item: Leftovers
|-heal|p1a: Suicune|82/100 par|[from] item: Leftovers
|upkeep
|turn|36
|inactive|LilBigBamSam has 240 seconds left.
|
|t:|1728476796
|switch|p2a: Skarmory|Skarmory, F|64/100
|cant|p1a: Suicune|par
|
|-weather|Sandstorm|[upkeep]
|-damage|p1a: Suicune|76/100 par|[from] Sandstorm
|-heal|p2a: Skarmory|70/100|[from] item: Leftovers
|-heal|p1a: Suicune|82/100 par|[from] item: Leftovers
|upkeep
|turn|37
|
|t:|1728476806
|move|p1a: Suicune|Surf|p2a: Skarmory
|-damage|p2a: Skarmory|43/100
|move|p2a: Skarmory|Roar|p1a: Suicune
|drag|p1a: Zapdos|Zapdos|17/100 slp
|
|-weather|Sandstorm|[upkeep]
|-damage|p1a: Zapdos|11/100 slp|[from] Sandstorm
|-heal|p1a: Zapdos|17/100 slp|[from] item: Leftovers
|-heal|p2a: Skarmory|49/100|[from] item: Leftovers
|upkeep
|turn|38
|inactive|LilBigBamSam has 210 seconds left.
|
|t:|1728476824
|switch|p2a: Swampert|Swampert, M|100/100
|cant|p1a: Zapdos|slp
|move|p1a: Zapdos|Sleep Talk|p1a: Zapdos
|move|p1a: Zapdos|Roar|p2a: Swampert|[from]Sleep Talk
|drag|p2a: Skarmory|Skarmory, F|49/100
|
|-weather|Sandstorm|[upkeep]
|-damage|p1a: Zapdos|11/100 slp|[from] Sandstorm
|-heal|p1a: Zapdos|17/100 slp|[from] item: Leftovers
|-heal|p2a: Skarmory|55/100|[from] item: Leftovers
|upkeep
|turn|39
|inactive|LilBigBamSam has 210 seconds left.
|
|t:|1728476837
|switch|p2a: Swampert|Swampert, M|100/100
|-curestatus|p1a: Zapdos|slp|[msg]
|move|p1a: Zapdos|Rest|p1a: Zapdos
|-status|p1a: Zapdos|slp|[from] move: Rest
|-heal|p1a: Zapdos|100/100 slp|[silent]
|
|-weather|Sandstorm|[upkeep]
|-damage|p1a: Zapdos|94/100 slp|[from] Sandstorm
|-heal|p1a: Zapdos|100/100 slp|[from] item: Leftovers
|upkeep
|turn|40
|inactive|LilBigBamSam has 210 seconds left.
|
|t:|1728476850
|cant|p1a: Zapdos|slp
|move|p1a: Zapdos|Sleep Talk|p1a: Zapdos
|move|p1a: Zapdos|Rest|p1a: Zapdos|[from]Sleep Talk
|move|p2a: Swampert|Curse|p2a: Swampert
|-unboost|p2a: Swampert|spe|1
|-boost|p2a: Swampert|atk|1
|-boost|p2a: Swampert|def|1
|
|-weather|Sandstorm|[upkeep]
|-damage|p1a: Zapdos|94/100 slp|[from] Sandstorm
|-heal|p1a: Zapdos|100/100 slp|[from] item: Leftovers
|upkeep
|turn|41
|inactive|LilBigBamSam has 210 seconds left.
|
|t:|1728476870
|switch|p1a: Jirachi|Jirachi|100/100
|move|p2a: Swampert|Rock Slide|p1a: Jirachi
|-resisted|p1a: Jirachi
|-damage|p1a: Jirachi|92/100
|
|-weather|Sandstorm|[upkeep]
|-heal|p1a: Jirachi|98/100|[from] item: Leftovers
|upkeep
|turn|42
|
|t:|1728476878
|move|p1a: Jirachi|Wish|p1a: Jirachi
|move|p2a: Swampert|Earthquake|p1a: Jirachi
|-supereffective|p1a: Jirachi
|-damage|p1a: Jirachi|23/100
|
|-weather|Sandstorm|[upkeep]
|-heal|p1a: Jirachi|29/100|[from] item: Leftovers
|upkeep
|turn|43
|
|t:|1728476885
|switch|p1a: Claydol|Claydol, shiny|39/100
|move|p2a: Swampert|Curse|p2a: Swampert
|-unboost|p2a: Swampert|spe|1
|-boost|p2a: Swampert|atk|1
|-boost|p2a: Swampert|def|1
|
|-heal|p1a: Claydol|89/100|[from] move: Wish|[wisher] Jirachi
|-weather|Sandstorm|[upkeep]
|-heal|p1a: Claydol|95/100|[from] item: Leftovers
|upkeep
|turn|44
|
|t:|1728476901
|move|p1a: Claydol|Psychic|p2a: Swampert
|-damage|p2a: Swampert|84/100
|move|p2a: Swampert|Curse|p2a: Swampert
|-unboost|p2a: Swampert|spe|1
|-boost|p2a: Swampert|atk|1
|-boost|p2a: Swampert|def|1
|
|-weather|Sandstorm|[upkeep]
|-heal|p1a: Claydol|100/100|[from] item: Leftovers
|-heal|p2a: Swampert|90/100|[from] item: Leftovers
|upkeep
|turn|45
|
|t:|1728476910
|move|p1a: Claydol|Psychic|p2a: Swampert
|-damage|p2a: Swampert|73/100
|move|p2a: Swampert|Rock Slide|p1a: Claydol
|-resisted|p1a: Claydol
|-damage|p1a: Claydol|76/100
|
|-weather|Sandstorm|[upkeep]
|-heal|p1a: Claydol|82/100|[from] item: Leftovers
|-heal|p2a: Swampert|79/100|[from] item: Leftovers
|upkeep
|turn|46
|
|t:|1728476923
|switch|p2a: Blissey|Blissey, F|96/100
|move|p1a: Claydol|Psychic|p2a: Blissey
|-damage|p2a: Blissey|86/100
|
|-weather|Sandstorm|[upkeep]
|-damage|p2a: Blissey|80/100|[from] Sandstorm
|-heal|p1a: Claydol|88/100|[from] item: Leftovers
|-heal|p2a: Blissey|86/100|[from] item: Leftovers
|upkeep
|turn|47
|
|t:|1728476938
|move|p1a: Claydol|Earthquake|p2a: Blissey
|-damage|p2a: Blissey|50/100
|move|p2a: Blissey|Ice Beam|p1a: Claydol
|-supereffective|p1a: Claydol
|-damage|p1a: Claydol|45/100
|
|-weather|Sandstorm|[upkeep]
|-damage|p2a: Blissey|44/100|[from] Sandstorm
|-heal|p1a: Claydol|51/100|[from] item: Leftovers
|-heal|p2a: Blissey|50/100|[from] item: Leftovers
|upkeep
|turn|48
|inactive|LilBigBamSam has 210 seconds left.
|
|t:|1728476983
|switch|p1a: Jirachi|Jirachi|29/100
|switch|p2a: Gengar|Gengar, M|100/100
|
|-weather|Sandstorm|[upkeep]
|-damage|p2a: Gengar|94/100|[from] Sandstorm
|-heal|p2a: Gengar|100/100|[from] item: Leftovers
|-heal|p1a: Jirachi|35/100|[from] item: Leftovers
|upkeep
|turn|49
|inactive|LilBigBamSam has 180 seconds left.
|
|t:|1728476999
|move|p1a: Jirachi|Protect|p1a: Jirachi
|-singleturn|p1a: Jirachi|Protect
|move|p2a: Gengar|Will-O-Wisp|p1a: Jirachi
|-activate|p1a: Jirachi|Protect
|
|-weather|Sandstorm|[upkeep]
|-damage|p2a: Gengar|94/100|[from] Sandstorm
|-heal|p2a: Gengar|100/100|[from] item: Leftovers
|-heal|p1a: Jirachi|42/100|[from] item: Leftovers
|upkeep
|turn|50
|inactive|LilBigBamSam has 180 seconds left.
|
|t:|1728477010
|move|p2a: Gengar|Thunderbolt|p1a: Jirachi
|-damage|p1a: Jirachi|17/100
|move|p1a: Jirachi|Psychic|p2a: Gengar
|-supereffective|p2a: Gengar
|-damage|p2a: Gengar|27/100
|
|-weather|Sandstorm|[upkeep]
|-damage|p2a: Gengar|21/100|[from] Sandstorm
|-heal|p2a: Gengar|27/100|[from] item: Leftovers
|-heal|p1a: Jirachi|23/100|[from] item: Leftovers
|upkeep
|turn|51
|inactive|LilBigBamSam has 180 seconds left.
|
|t:|1728477039
|switch|p2a: Starmie|Starmie|100/100
|move|p1a: Jirachi|Protect||[still]
|-fail|p1a: Jirachi
|
|-weather|Sandstorm|[upkeep]
|-damage|p2a: Starmie|94/100|[from] Sandstorm
|-heal|p2a: Starmie|100/100|[from] item: Leftovers
|-heal|p1a: Jirachi|29/100|[from] item: Leftovers
|upkeep
|turn|52
|
|t:|1728477051
|move|p1a: Jirachi|Protect|p1a: Jirachi
|-singleturn|p1a: Jirachi|Protect
|move|p2a: Starmie|Surf|p1a: Jirachi
|-activate|p1a: Jirachi|Protect
|
|-weather|Sandstorm|[upkeep]
|-damage|p2a: Starmie|94/100|[from] Sandstorm
|-heal|p2a: Starmie|100/100|[from] item: Leftovers
|-heal|p1a: Jirachi|35/100|[from] item: Leftovers
|upkeep
|turn|53
|
|t:|1728477060
|switch|p1a: Suicune|Suicune, shiny|82/100 par
|move|p2a: Starmie|Surf|p1a: Suicune
|-resisted|p1a: Suicune
|-crit|p1a: Suicune
|-damage|p1a: Suicune|55/100 par
|
|-weather|Sandstorm|[upkeep]
|-damage|p2a: Starmie|94/100|[from] Sandstorm
|-damage|p1a: Suicune|49/100 par|[from] Sandstorm
|-heal|p2a: Starmie|100/100|[from] item: Leftovers
|-heal|p1a: Suicune|55/100 par|[from] item: Leftovers
|upkeep
|turn|54
|
|t:|1728477088
|switch|p2a: Skarmory|Skarmory, F|55/100
|move|p1a: Suicune|Rain Dance|p1a: Suicune
|-weather|RainDance
|
|-weather|RainDance|[upkeep]
|-heal|p2a: Skarmory|61/100|[from] item: Leftovers
|-heal|p1a: Suicune|61/100 par|[from] item: Leftovers
|upkeep
|turn|55
|
|t:|1728477096
|move|p1a: Suicune|Surf|p2a: Skarmory
|-damage|p2a: Skarmory|19/100
|move|p2a: Skarmory|Roar|p1a: Suicune
|drag|p1a: Claydol|Claydol, shiny|51/100
|
|-weather|RainDance|[upkeep]
|-heal|p2a: Skarmory|25/100|[from] item: Leftovers
|-heal|p1a: Claydol|58/100|[from] item: Leftovers
|upkeep
|turn|56
|
|t:|1728477105
|switch|p1a: Suicune|Suicune, shiny|61/100 par
|move|p2a: Skarmory|Toxic|p1a: Suicune|[miss]
|-miss|p2a: Skarmory|p1a: Suicune
|
|-weather|RainDance|[upkeep]
|-heal|p2a: Skarmory|31/100|[from] item: Leftovers
|-heal|p1a: Suicune|68/100 par|[from] item: Leftovers
|upkeep
|turn|57
|
|t:|1728477119
|switch|p2a: Blissey|Blissey, F|50/100
|move|p1a: Suicune|Surf|p2a: Blissey
|-damage|p2a: Blissey|33/100
|
|-weather|RainDance|[upkeep]
|-heal|p2a: Blissey|40/100|[from] item: Leftovers
|-heal|p1a: Suicune|74/100 par|[from] item: Leftovers
|upkeep
|turn|58
|
|t:|1728477127
|move|p2a: Blissey|Soft-Boiled|p2a: Blissey
|-heal|p2a: Blissey|89/100
|move|p1a: Suicune|Calm Mind|p1a: Suicune
|-boost|p1a: Suicune|spa|1
|-boost|p1a: Suicune|spd|1
|
|-weather|none
|-heal|p2a: Blissey|96/100|[from] item: Leftovers
|-heal|p1a: Suicune|80/100 par|[from] item: Leftovers
|upkeep
|turn|59
|
|t:|1728477154
|switch|p2a: Tyranitar|Tyranitar, F|57/100
|-weather|Sandstorm|[from] ability: Sand Stream|[of] p2a: Tyranitar
|move|p1a: Suicune|Surf|p2a: Tyranitar
|-supereffective|p2a: Tyranitar
|-damage|p2a: Tyranitar|0 fnt
|faint|p2a: Tyranitar
|inactive|LilBigBamSam has 150 seconds left.
|
|t:|1728477186
|switch|p2a: Gengar|Gengar, M|27/100
|
|-weather|Sandstorm|[upkeep]
|-damage|p2a: Gengar|21/100|[from] Sandstorm
|-damage|p1a: Suicune|74/100 par|[from] Sandstorm
|-heal|p2a: Gengar|27/100|[from] item: Leftovers
|-heal|p1a: Suicune|80/100 par|[from] item: Leftovers
|upkeep
|turn|60
|
|t:|1728477193
|switch|p1a: Claydol|Claydol, shiny|58/100
|move|p2a: Gengar|Giga Drain|p1a: Claydol
|-supereffective|p1a: Claydol
|-damage|p1a: Claydol|23/100
|-heal|p2a: Gengar|45/100|[from] drain|[of] p1a: Claydol
|
|-weather|Sandstorm|[upkeep]
|-damage|p2a: Gengar|39/100|[from] Sandstorm
|-heal|p2a: Gengar|45/100|[from] item: Leftovers
|-heal|p1a: Claydol|29/100|[from] item: Leftovers
|upkeep
|turn|61
|
|t:|1728477207
|switch|p1a: Zapdos|Zapdos|100/100 slp
|move|p2a: Gengar|Giga Drain|p1a: Zapdos
|-resisted|p1a: Zapdos
|-damage|p1a: Zapdos|95/100 slp
|-heal|p2a: Gengar|48/100|[from] drain|[of] p1a: Zapdos
|
|-weather|Sandstorm|[upkeep]
|-damage|p2a: Gengar|42/100|[from] Sandstorm
|-damage|p1a: Zapdos|89/100 slp|[from] Sandstorm
|-heal|p2a: Gengar|48/100|[from] item: Leftovers
|-heal|p1a: Zapdos|95/100 slp|[from] item: Leftovers
|upkeep
|turn|62
|
|t:|1728477226
|move|p2a: Gengar|Ice Punch|p1a: Zapdos
|-supereffective|p1a: Zapdos
|-damage|p1a: Zapdos|62/100 slp
|cant|p1a: Zapdos|slp
|move|p1a: Zapdos|Sleep Talk|p1a: Zapdos
|move|p1a: Zapdos|Roar|p2a: Gengar|[from]Sleep Talk
|drag|p2a: Starmie|Starmie|100/100
|
|-weather|Sandstorm|[upkeep]
|-damage|p2a: Starmie|94/100|[from] Sandstorm
|-damage|p1a: Zapdos|56/100 slp|[from] Sandstorm
|-heal|p2a: Starmie|100/100|[from] item: Leftovers
|-heal|p1a: Zapdos|62/100 slp|[from] item: Leftovers
|upkeep
|turn|63
|
|t:|1728477245
|move|p2a: Starmie|Surf|p1a: Zapdos
|-damage|p1a: Zapdos|39/100 slp
|cant|p1a: Zapdos|slp
|
|-weather|Sandstorm|[upkeep]
|-damage|p2a: Starmie|94/100|[from] Sandstorm
|-damage|p1a: Zapdos|32/100 slp|[from] Sandstorm
|-heal|p2a: Starmie|100/100|[from] item: Leftovers
|-heal|p1a: Zapdos|39/100 slp|[from] item: Leftovers
|upkeep
|turn|64
|
|t:|1728477256
|switch|p2a: Swampert|Swampert, M|79/100
|-curestatus|p1a: Zapdos|slp|[msg]
|move|p1a: Zapdos|Rest|p1a: Zapdos
|-status|p1a: Zapdos|slp|[from] move: Rest
|-heal|p1a: Zapdos|100/100 slp|[silent]
|
|-weather|Sandstorm|[upkeep]
|-damage|p1a: Zapdos|94/100 slp|[from] Sandstorm
|-heal|p1a: Zapdos|100/100 slp|[from] item: Leftovers
|-heal|p2a: Swampert|85/100|[from] item: Leftovers
|upkeep
|turn|65
|
|t:|1728477269
|cant|p1a: Zapdos|slp
|move|p1a: Zapdos|Sleep Talk|p1a: Zapdos
|move|p1a: Zapdos|Thunderbolt|p2a: Swampert|[from]Sleep Talk
|-immune|p2a: Swampert
|move|p2a: Swampert|Curse|p2a: Swampert
|-unboost|p2a: Swampert|spe|1
|-boost|p2a: Swampert|atk|1
|-boost|p2a: Swampert|def|1
|
|-weather|Sandstorm|[upkeep]
|-damage|p1a: Zapdos|94/100 slp|[from] Sandstorm
|-heal|p1a: Zapdos|100/100 slp|[from] item: Leftovers
|-heal|p2a: Swampert|91/100|[from] item: Leftovers
|upkeep
|turn|66
|
|t:|1728477281
|cant|p1a: Zapdos|slp
|move|p1a: Zapdos|Sleep Talk|p1a: Zapdos
|move|p1a: Zapdos|Roar|p2a: Swampert|[from]Sleep Talk
|drag|p2a: Starmie|Starmie|100/100
|
|-weather|Sandstorm|[upkeep]
|-damage|p2a: Starmie|94/100|[from] Sandstorm
|-damage|p1a: Zapdos|94/100 slp|[from] Sandstorm
|-heal|p2a: Starmie|100/100|[from] item: Leftovers
|-heal|p1a: Zapdos|100/100 slp|[from] item: Leftovers
|upkeep
|turn|67
|
|t:|1728477292
|switch|p2a: Swampert|Swampert, M|91/100
|-curestatus|p1a: Zapdos|slp|[msg]
|move|p1a: Zapdos|Thunderbolt|p2a: Swampert
|-immune|p2a: Swampert
|
|-weather|Sandstorm|[upkeep]
|-damage|p1a: Zapdos|94/100|[from] Sandstorm
|-heal|p1a: Zapdos|100/100|[from] item: Leftovers
|-heal|p2a: Swampert|98/100|[from] item: Leftovers
|upkeep
|turn|68
|
|t:|1728477307
|switch|p1a: Jirachi|Jirachi|35/100
|move|p2a: Swampert|Earthquake|p1a: Jirachi
|-supereffective|p1a: Jirachi
|-crit|p1a: Jirachi
|-damage|p1a: Jirachi|0 fnt
|faint|p1a: Jirachi
|
|t:|1728477312
|switch|p1a: Claydol|Claydol, shiny|29/100
|
|-weather|Sandstorm|[upkeep]
|-heal|p1a: Claydol|35/100|[from] item: Leftovers
|-heal|p2a: Swampert|100/100|[from] item: Leftovers
|upkeep
|turn|69
|
|t:|1728477324
|switch|p2a: Starmie|Starmie|100/100
|move|p1a: Claydol|Psychic|p2a: Starmie
|-resisted|p2a: Starmie
|-damage|p2a: Starmie|85/100
|
|-weather|Sandstorm|[upkeep]
|-damage|p2a: Starmie|79/100|[from] Sandstorm
|-heal|p2a: Starmie|85/100|[from] item: Leftovers
|-heal|p1a: Claydol|42/100|[from] item: Leftovers
|upkeep
|turn|70
|
|t:|1728477344
|switch|p2a: Skarmory|Skarmory, F|31/100
|move|p1a: Claydol|Psychic|p2a: Skarmory
|-resisted|p2a: Skarmory
|-damage|p2a: Skarmory|19/100
|-unboost|p2a: Skarmory|spd|1
|
|-weather|Sandstorm|[upkeep]
|-heal|p2a: Skarmory|25/100|[from] item: Leftovers
|-heal|p1a: Claydol|48/100|[from] item: Leftovers
|upkeep
|turn|71
|
|t:|1728477358
|move|p1a: Claydol|Psychic|p2a: Skarmory
|-resisted|p2a: Skarmory
|-damage|p2a: Skarmory|7/100
|move|p2a: Skarmory|Roar|p1a: Claydol
|drag|p1a: Zapdos|Zapdos|100/100
|
|-weather|Sandstorm|[upkeep]
|-damage|p1a: Zapdos|94/100|[from] Sandstorm
|-heal|p1a: Zapdos|100/100|[from] item: Leftovers
|-heal|p2a: Skarmory|13/100|[from] item: Leftovers
|upkeep
|turn|72
|
|t:|1728477368
|switch|p1a: Claydol|Claydol, shiny|48/100
|switch|p2a: Swampert|Swampert, M|100/100
|
|-weather|Sandstorm|[upkeep]
|-heal|p1a: Claydol|54/100|[from] item: Leftovers
|upkeep
|turn|73
|
|t:|1728477374
|switch|p2a: Starmie|Starmie|85/100
|move|p1a: Claydol|Psychic|p2a: Starmie
|-resisted|p2a: Starmie
|-crit|p2a: Starmie
|-damage|p2a: Starmie|58/100
|
|-weather|Sandstorm|[upkeep]
|-damage|p2a: Starmie|51/100|[from] Sandstorm
|-heal|p2a: Starmie|58/100|[from] item: Leftovers
|-heal|p1a: Claydol|60/100|[from] item: Leftovers
|upkeep
|turn|74
|
|t:|1728477384
|switch|p1a: Suicune|Suicune, shiny|80/100 par
|move|p2a: Starmie|Surf|p1a: Suicune
|-resisted|p1a: Suicune
|-damage|p1a: Suicune|68/100 par
|
|-weather|Sandstorm|[upkeep]
|-damage|p2a: Starmie|51/100|[from] Sandstorm
|-damage|p1a: Suicune|62/100 par|[from] Sandstorm
|-heal|p2a: Starmie|58/100|[from] item: Leftovers
|-heal|p1a: Suicune|68/100 par|[from] item: Leftovers
|upkeep
|turn|75
|
|t:|1728477394
|switch|p2a: Skarmory|Skarmory, F|13/100
|move|p1a: Suicune|Rain Dance|p1a: Suicune
|-weather|RainDance
|
|-weather|RainDance|[upkeep]
|-heal|p2a: Skarmory|19/100|[from] item: Leftovers
|-heal|p1a: Suicune|74/100 par|[from] item: Leftovers
|upkeep
|turn|76
|
|t:|1728477401
|move|p1a: Suicune|Surf|p2a: Skarmory
|-damage|p2a: Skarmory|0 fnt
|faint|p2a: Skarmory
|
|t:|1728477413
|switch|p2a: Gengar|Gengar, M|48/100
|
|-weather|RainDance|[upkeep]
|-heal|p2a: Gengar|54/100|[from] item: Leftovers
|-heal|p1a: Suicune|80/100 par|[from] item: Leftovers
|upkeep
|turn|77
|
|t:|1728477420
|switch|p1a: Zapdos|Zapdos|100/100
|move|p2a: Gengar|Giga Drain|p1a: Zapdos
|-resisted|p1a: Zapdos
|-damage|p1a: Zapdos|94/100
|-heal|p2a: Gengar|58/100|[from] drain|[of] p1a: Zapdos
|
|-weather|RainDance|[upkeep]
|-heal|p2a: Gengar|64/100|[from] item: Leftovers
|-heal|p1a: Zapdos|99/100|[from] item: Leftovers
|upkeep
|turn|78
|inactive|LilBigBamSam has 150 seconds left.
|inactive|LilBigBamSam has 120 seconds left.
|
|t:|1728477460
|move|p2a: Gengar|Giga Drain|p1a: Zapdos
|-resisted|p1a: Zapdos
|-damage|p1a: Zapdos|95/100
|-heal|p2a: Gengar|67/100|[from] drain|[of] p1a: Zapdos
|move|p1a: Zapdos|Thunderbolt|p2a: Gengar
|-damage|p2a: Gengar|21/100
|
|-weather|RainDance|[upkeep]
|-heal|p2a: Gengar|27/100|[from] item: Leftovers
|-heal|p1a: Zapdos|100/100|[from] item: Leftovers
|upkeep
|turn|79
|inactive|LilBigBamSam has 120 seconds left.
|
|t:|1728477471
|switch|p2a: Swampert|Swampert, M|100/100
|switch|p1a: Suicune|Suicune, shiny|80/100 par
|
|-weather|none
|-heal|p1a: Suicune|87/100 par|[from] item: Leftovers
|upkeep
|turn|80
|
|t:|1728477481
|switch|p1a: Claydol|Claydol, shiny|60/100
|move|p2a: Swampert|Curse|p2a: Swampert
|-unboost|p2a: Swampert|spe|1
|-boost|p2a: Swampert|atk|1
|-boost|p2a: Swampert|def|1
|
|-heal|p1a: Claydol|66/100|[from] item: Leftovers
|upkeep
|turn|81
|inactive|LilBigBamSam has 120 seconds left.
|
|t:|1728477505
|move|p1a: Claydol|Earthquake|p2a: Swampert
|-damage|p2a: Swampert|77/100
|move|p2a: Swampert|Rock Slide|p1a: Claydol
|-resisted|p1a: Claydol
|-damage|p1a: Claydol|51/100
|
|-heal|p1a: Claydol|57/100|[from] item: Leftovers
|-heal|p2a: Swampert|83/100|[from] item: Leftovers
|upkeep
|turn|82
|inactive|LilBigBamSam has 120 seconds left.
|
|t:|1728477517
|switch|p2a: Blissey|Blissey, F|96/100
|move|p1a: Claydol|Earthquake|p2a: Blissey
|-damage|p2a: Blissey|56/100
|
|-heal|p1a: Claydol|63/100|[from] item: Leftovers
|-heal|p2a: Blissey|62/100|[from] item: Leftovers
|upkeep
|turn|83
|inactive|LilBigBamSam has 120 seconds left.
|
|t:|1728477527
|switch|p1a: Suicune|Suicune, shiny|87/100 par
|move|p2a: Blissey|Ice Beam|p1a: Suicune
|-resisted|p1a: Suicune
|-damage|p1a: Suicune|77/100 par
|
|-heal|p2a: Blissey|68/100|[from] item: Leftovers
|-heal|p1a: Suicune|83/100 par|[from] item: Leftovers
|upkeep
|turn|84
|inactive|LilBigBamSam has 120 seconds left.
|
|t:|1728477543
|switch|p2a: Gengar|Gengar, M|27/100
|cant|p1a: Suicune|par
|
|-heal|p2a: Gengar|33/100|[from] item: Leftovers
|-heal|p1a: Suicune|90/100 par|[from] item: Leftovers
|upkeep
|turn|85
|inactive|LilBigBamSam has 120 seconds left.
|
|t:|1728477562
|switch|p1a: Zapdos|Zapdos|100/100
|move|p2a: Gengar|Giga Drain|p1a: Zapdos
|-resisted|p1a: Zapdos
|-damage|p1a: Zapdos|94/100
|-heal|p2a: Gengar|37/100|[from] drain|[of] p1a: Zapdos
|
|-heal|p2a: Gengar|43/100|[from] item: Leftovers
|-heal|p1a: Zapdos|99/100|[from] item: Leftovers
|upkeep
|turn|86
|
|t:|1728477588
|switch|p2a: Swampert|Swampert, M|83/100
|move|p1a: Zapdos|Thunderbolt|p2a: Swampert
|-immune|p2a: Swampert
|
|-heal|p1a: Zapdos|100/100|[from] item: Leftovers
|-heal|p2a: Swampert|89/100|[from] item: Leftovers
|upkeep
|turn|87
|inactive|LilBigBamSam has 90 seconds left.
|
|t:|1728477612
|switch|p2a: Blissey|Blissey, F|68/100
|move|p1a: Zapdos|Roar|p2a: Blissey
|drag|p2a: Starmie|Starmie|58/100
|
|-heal|p2a: Starmie|64/100|[from] item: Leftovers
|upkeep
|turn|88
|inactive|LilBigBamSam has 90 seconds left.
|
|t:|1728477620
|switch|p2a: Blissey|Blissey, F|68/100
|switch|p1a: Claydol|Claydol, shiny|63/100
|
|-heal|p1a: Claydol|70/100|[from] item: Leftovers
|-heal|p2a: Blissey|74/100|[from] item: Leftovers
|upkeep
|turn|89
|
|t:|1728477629
|switch|p1a: Snorlax|Snorlax, F, shiny|100/100
|move|p2a: Blissey|Ice Beam|p1a: Snorlax
|-damage|p1a: Snorlax|87/100
|-status|p1a: Snorlax|frz
|
|-heal|p2a: Blissey|80/100|[from] item: Leftovers
|-heal|p1a: Snorlax|93/100 frz|[from] item: Leftovers
|upkeep
|turn|90
|inactive|LilBigBamSam has 90 seconds left.
|
|t:|1728477664
|switch|p2a: Swampert|Swampert, M|89/100
|cant|p1a: Snorlax|frz
|
|-heal|p2a: Swampert|95/100|[from] item: Leftovers
|-heal|p1a: Snorlax|99/100 frz|[from] item: Leftovers
|upkeep
|turn|91
|
|t:|1728477674
|switch|p1a: Claydol|Claydol, shiny|70/100
|move|p2a: Swampert|Curse|p2a: Swampert
|-unboost|p2a: Swampert|spe|1
|-boost|p2a: Swampert|atk|1
|-boost|p2a: Swampert|def|1
|
|-heal|p1a: Claydol|76/100|[from] item: Leftovers
|-heal|p2a: Swampert|100/100|[from] item: Leftovers
|upkeep
|turn|92
|
|t:|1728477689
|switch|p2a: Starmie|Starmie|64/100
|move|p1a: Claydol|Earthquake|p2a: Starmie
|-damage|p2a: Starmie|17/100
|
|-heal|p2a: Starmie|24/100|[from] item: Leftovers
|-heal|p1a: Claydol|82/100|[from] item: Leftovers
|upkeep
|turn|93
|
|t:|1728477701
|switch|p1a: Snorlax|Snorlax, F, shiny|99/100 frz
|move|p2a: Starmie|Recover|p2a: Starmie
|-heal|p2a: Starmie|74/100
|
|-heal|p2a: Starmie|80/100|[from] item: Leftovers
|-heal|p1a: Snorlax|100/100 frz|[from] item: Leftovers
|upkeep
|turn|94
|
|t:|1728477719
|switch|p2a: Gengar|Gengar, M|43/100
|cant|p1a: Snorlax|frz
|
|-heal|p2a: Gengar|49/100|[from] item: Leftovers
|upkeep
|turn|95
|
|t:|1728477726
|move|p2a: Gengar|Thunderbolt|p1a: Snorlax
|-damage|p1a: Snorlax|85/100 frz
|cant|p1a: Snorlax|frz
|
|-heal|p2a: Gengar|55/100|[from] item: Leftovers
|-heal|p1a: Snorlax|92/100 frz|[from] item: Leftovers
|upkeep
|turn|96
|
|t:|1728477734
|move|p2a: Gengar|Thunderbolt|p1a: Snorlax
|-damage|p1a: Snorlax|78/100 frz
|cant|p1a: Snorlax|frz
|
|-heal|p2a: Gengar|61/100|[from] item: Leftovers
|-heal|p1a: Snorlax|84/100 frz|[from] item: Leftovers
|upkeep
|turn|97
|
|t:|1728477742
|move|p2a: Gengar|Thunderbolt|p1a: Snorlax
|-damage|p1a: Snorlax|70/100 frz
|cant|p1a: Snorlax|frz
|
|-heal|p2a: Gengar|68/100|[from] item: Leftovers
|-heal|p1a: Snorlax|77/100 frz|[from] item: Leftovers
|upkeep
|turn|98
|inactive|LilBigBamSam has 90 seconds left.
|
|t:|1728477755
|switch|p2a: Blissey|Blissey, F|80/100
|cant|p1a: Snorlax|frz
|
|-heal|p2a: Blissey|87/100|[from] item: Leftovers
|-heal|p1a: Snorlax|83/100 frz|[from] item: Leftovers
|upkeep
|turn|99
|inactive|LilBigBamSam has 90 seconds left.
|
|t:|1728477762
|move|p2a: Blissey|Fire Blast|p1a: Snorlax
|-damage|p1a: Snorlax|67/100 frz
|-curestatus|p1a: Snorlax|frz|[msg]
|move|p1a: Snorlax|Body Slam|p2a: Blissey
|-damage|p2a: Blissey|47/100
|
|-heal|p2a: Blissey|53/100|[from] item: Leftovers
|-heal|p1a: Snorlax|73/100|[from] item: Leftovers
|upkeep
|turn|100
|c|☆triangles|haha thanks
|
|t:|1728477773
|switch|p2a: Gengar|Gengar, M|68/100
|switch|p1a: Suicune|Suicune, shiny|90/100 par
|
|-heal|p2a: Gengar|74/100|[from] item: Leftovers
|-heal|p1a: Suicune|96/100 par|[from] item: Leftovers
|upkeep
|turn|101
|
|t:|1728477781
|switch|p1a: Zapdos|Zapdos|100/100
|move|p2a: Gengar|Ice Punch|p1a: Zapdos
|-supereffective|p1a: Zapdos
|-crit|p1a: Zapdos
|-damage|p1a: Zapdos|39/100
|
|-heal|p2a: Gengar|80/100|[from] item: Leftovers
|-heal|p1a: Zapdos|45/100|[from] item: Leftovers
|upkeep
|turn|102
|
|t:|1728477792
|move|p2a: Gengar|Ice Punch|p1a: Zapdos
|-supereffective|p1a: Zapdos
|-damage|p1a: Zapdos|12/100
|move|p1a: Zapdos|Rest|p1a: Zapdos
|-status|p1a: Zapdos|slp|[from] move: Rest
|-heal|p1a: Zapdos|100/100 slp|[silent]
|
|-heal|p2a: Gengar|86/100|[from] item: Leftovers
|upkeep
|turn|103
|
|t:|1728477812
|move|p2a: Gengar|Ice Punch|p1a: Zapdos
|-supereffective|p1a: Zapdos
|-damage|p1a: Zapdos|68/100 slp
|cant|p1a: Zapdos|slp
|move|p1a: Zapdos|Sleep Talk|p1a: Zapdos
|move|p1a: Zapdos|Thunderbolt|p2a: Gengar|[from]Sleep Talk
|-damage|p2a: Gengar|41/100
|
|-heal|p2a: Gengar|48/100|[from] item: Leftovers
|-heal|p1a: Zapdos|74/100 slp|[from] item: Leftovers
|upkeep
|turn|104
|
|t:|1728477825
|move|p2a: Gengar|Ice Punch|p1a: Zapdos
|-supereffective|p1a: Zapdos
|-damage|p1a: Zapdos|45/100 slp
|cant|p1a: Zapdos|slp
|move|p1a: Zapdos|Sleep Talk|p1a: Zapdos
|move|p1a: Zapdos|Roar|p2a: Gengar|[from]Sleep Talk
|drag|p2a: Starmie|Starmie|80/100
|
|-heal|p2a: Starmie|86/100|[from] item: Leftovers
|-heal|p1a: Zapdos|51/100 slp|[from] item: Leftovers
|upkeep
|turn|105
|
|t:|1728477838
|move|p2a: Starmie|Surf|p1a: Zapdos
|-damage|p1a: Zapdos|29/100 slp
|-curestatus|p1a: Zapdos|slp|[msg]
|move|p1a: Zapdos|Thunderbolt|p2a: Starmie
|-supereffective|p2a: Starmie
|-damage|p2a: Starmie|0 fnt
|faint|p2a: Starmie
|
|t:|1728477848
|switch|p2a: Gengar|Gengar, M|48/100
|
|-heal|p2a: Gengar|54/100|[from] item: Leftovers
|-heal|p1a: Zapdos|35/100|[from] item: Leftovers
|upkeep
|turn|106
|
|t:|1728477855
|switch|p1a: Snorlax|Snorlax, F, shiny|73/100
|move|p2a: Gengar|Ice Punch|p1a: Snorlax
|-damage|p1a: Snorlax|62/100
|
|-heal|p2a: Gengar|60/100|[from] item: Leftovers
|-heal|p1a: Snorlax|69/100|[from] item: Leftovers
|upkeep
|turn|107
|
|t:|1728477863
|move|p2a: Gengar|Will-O-Wisp|p1a: Snorlax|[miss]
|-miss|p2a: Gengar|p1a: Snorlax
|move|p1a: Snorlax|Curse|p1a: Snorlax
|-unboost|p1a: Snorlax|spe|1
|-boost|p1a: Snorlax|atk|1
|-boost|p1a: Snorlax|def|1
|
|-heal|p2a: Gengar|66/100|[from] item: Leftovers
|-heal|p1a: Snorlax|75/100|[from] item: Leftovers
|upkeep
|turn|108
|
|t:|1728477871
|move|p2a: Gengar|Will-O-Wisp|p1a: Snorlax
|-status|p1a: Snorlax|brn
|move|p1a: Snorlax|Curse|p1a: Snorlax
|-unboost|p1a: Snorlax|spe|1
|-boost|p1a: Snorlax|atk|1
|-boost|p1a: Snorlax|def|1
|
|-heal|p2a: Gengar|72/100|[from] item: Leftovers
|-heal|p1a: Snorlax|81/100 brn|[from] item: Leftovers
|-damage|p1a: Snorlax|69/100 brn|[from] brn
|upkeep
|turn|109
|
|t:|1728477889
|switch|p2a: Swampert|Swampert, M|100/100
|move|p1a: Snorlax|Rest|p1a: Snorlax
|-status|p1a: Snorlax|slp|[from] move: Rest
|-heal|p1a: Snorlax|100/100 slp|[silent]
|
|upkeep
|turn|110
|
|t:|1728477900
|switch|p1a: Zapdos|Zapdos|35/100
|move|p2a: Swampert|Curse|p2a: Swampert
|-unboost|p2a: Swampert|spe|1
|-boost|p2a: Swampert|atk|1
|-boost|p2a: Swampert|def|1
|
|-heal|p1a: Zapdos|42/100|[from] item: Leftovers
|upkeep
|turn|111
|
|t:|1728477910
|move|p1a: Zapdos|Rest|p1a: Zapdos
|-status|p1a: Zapdos|slp|[from] move: Rest
|-heal|p1a: Zapdos|100/100 slp|[silent]
|move|p2a: Swampert|Rock Slide|p1a: Zapdos
|-supereffective|p1a: Zapdos
|-damage|p1a: Zapdos|40/100 slp
|
|-heal|p1a: Zapdos|46/100 slp|[from] item: Leftovers
|upkeep
|turn|112
|
|t:|1728477926
|switch|p2a: Gengar|Gengar, M|72/100
|cant|p1a: Zapdos|slp
|move|p1a: Zapdos|Sleep Talk|p1a: Zapdos
|move|p1a: Zapdos|Roar|p2a: Gengar|[from]Sleep Talk
|drag|p2a: Blissey|Blissey, F|53/100
|
|-heal|p1a: Zapdos|52/100 slp|[from] item: Leftovers
|-heal|p2a: Blissey|59/100|[from] item: Leftovers
|upkeep
|turn|113
|
|t:|1728477939
|cant|p1a: Zapdos|slp
|move|p1a: Zapdos|Sleep Talk|p1a: Zapdos
|move|p1a: Zapdos|Rest|p1a: Zapdos|[from]Sleep Talk
|move|p2a: Blissey|Ice Beam|p1a: Zapdos
|-supereffective|p1a: Zapdos
|-damage|p1a: Zapdos|16/100 slp
|
|-heal|p1a: Zapdos|23/100 slp|[from] item: Leftovers
|-heal|p2a: Blissey|66/100|[from] item: Leftovers
|upkeep
|turn|114
|
|t:|1728477951
|-curestatus|p1a: Zapdos|slp|[msg]
|move|p1a: Zapdos|Rest|p1a: Zapdos
|-status|p1a: Zapdos|slp|[from] move: Rest
|-heal|p1a: Zapdos|100/100 slp|[silent]
|move|p2a: Blissey|Ice Beam|p1a: Zapdos
|-supereffective|p1a: Zapdos
|-damage|p1a: Zapdos|65/100 slp
|
|-heal|p1a: Zapdos|71/100 slp|[from] item: Leftovers
|-heal|p2a: Blissey|72/100|[from] item: Leftovers
|upkeep
|turn|115
|
|t:|1728477963
|switch|p1a: Snorlax|Snorlax, F, shiny|100/100 slp
|move|p2a: Blissey|Ice Beam|p1a: Snorlax
|-damage|p1a: Snorlax|88/100 slp
|
|-heal|p2a: Blissey|78/100|[from] item: Leftovers
|-heal|p1a: Snorlax|94/100 slp|[from] item: Leftovers
|upkeep
|turn|116
|
|t:|1728477986
|switch|p2a: Swampert|Swampert, M|100/100
|cant|p1a: Snorlax|slp
|
|-heal|p1a: Snorlax|99/100 slp|[from] item: Leftovers
|upkeep
|turn|117
|
|t:|1728477992
|switch|p1a: Claydol|Claydol, shiny|82/100
|move|p2a: Swampert|Curse|p2a: Swampert
|-unboost|p2a: Swampert|spe|1
|-boost|p2a: Swampert|atk|1
|-boost|p2a: Swampert|def|1
|
|-heal|p1a: Claydol|88/100|[from] item: Leftovers
|upkeep
|turn|118
|
|t:|1728478000
|move|p1a: Claydol|Earthquake|p2a: Swampert
|-damage|p2a: Swampert|79/100
|move|p2a: Swampert|Curse|p2a: Swampert
|-unboost|p2a: Swampert|spe|1
|-boost|p2a: Swampert|atk|1
|-boost|p2a: Swampert|def|1
|
|-heal|p1a: Claydol|94/100|[from] item: Leftovers
|-heal|p2a: Swampert|85/100|[from] item: Leftovers
|upkeep
|turn|119
|
|t:|1728478009
|move|p1a: Claydol|Psychic|p2a: Swampert
|-damage|p2a: Swampert|68/100
|move|p2a: Swampert|Curse|p2a: Swampert
|-unboost|p2a: Swampert|spe|1
|-boost|p2a: Swampert|atk|1
|-boost|p2a: Swampert|def|1
|
|-heal|p1a: Claydol|100/100|[from] item: Leftovers
|-heal|p2a: Swampert|74/100|[from] item: Leftovers
|upkeep
|turn|120
|inactive|LilBigBamSam has 120 seconds left.
|
|t:|1728478019
|move|p1a: Claydol|Psychic|p2a: Swampert
|-damage|p2a: Swampert|57/100
|move|p2a: Swampert|Curse|p2a: Swampert
|-unboost|p2a: Swampert|spe|1
|-boost|p2a: Swampert|atk|1
|-boost|p2a: Swampert|def|1
|
|-heal|p2a: Swampert|64/100|[from] item: Leftovers
|upkeep
|turn|121
|inactive|LilBigBamSam has 120 seconds left.
|
|t:|1728478031
|move|p1a: Claydol|Psychic|p2a: Swampert
|-damage|p2a: Swampert|46/100
|move|p2a: Swampert|Curse|p2a: Swampert
|-unboost|p2a: Swampert|spe|1
|-boost|p2a: Swampert|atk|1
|-boost|p2a: Swampert|def|1
|
|-heal|p2a: Swampert|52/100|[from] item: Leftovers
|upkeep
|turn|122
|
|t:|1728478039
|move|p1a: Claydol|Psychic|p2a: Swampert
|-damage|p2a: Swampert|35/100
|-unboost|p2a: Swampert|spd|1
|move|p2a: Swampert|Curse|p2a: Swampert
|-unboost|p2a: Swampert|spe|1
|-boost|p2a: Swampert|atk|1
|-boost|p2a: Swampert|def|1
|
|-heal|p2a: Swampert|41/100|[from] item: Leftovers
|upkeep
|turn|123
|
|t:|1728478050
|move|p1a: Claydol|Psychic|p2a: Swampert
|-damage|p2a: Swampert|14/100
|move|p2a: Swampert|Rock Slide|p1a: Claydol
|-resisted|p1a: Claydol
|-damage|p1a: Claydol|65/100
|
|-heal|p1a: Claydol|71/100|[from] item: Leftovers
|-heal|p2a: Swampert|20/100|[from] item: Leftovers
|upkeep
|turn|124
|c|☆LilBigBamSam|gg
|c|☆triangles|gg
|inactive|LilBigBamSam has 120 seconds left.
|c|☆LilBigBamSam|im forfeiting with honor
|-message|LilBigBamSam forfeited.
|
|win|triangles

</script>
<script type="application/json" class="data" id="replaydata-smogtours-gen3ou-796606">
{"id":"smogtours-gen3ou-796606","format":"[Gen 3] OU","players":["triangles","LilBigBamSam"],"uploadtime":1728478077,"views":114,"formatid":"gen3ou","rating":null,"private":0,"password":null}
</script>

<script defer src="js/replays.js?9d40a366"></script>
