<!DOCTYPE html>
<meta charset="utf-8" />
<meta name="viewport" content="width=device-width" />

<title>[Gen 3] OU: BRstelli vs. Svejk97 - Replays - Pok&eacute;mon Showdown!</title>

<meta name="description" content="Watch a replay of a Pok&eacute;mon battle between BRstelli and Svejk97! Format: [Gen 3] OU; Date: Oct 20, 2024" />
<!--

Hey, you! Looking in the source for the replay log?

You can find them in JSON format, just add `.json` at the end of a replay URL.

https://replay.pokemonshowdown.com/gen7randomdoublesbattle-865046831.json

Or, if you only need the log itself, add `.log` instead:

https://replay.pokemonshowdown.com/gen7randomdoublesbattle-865046831.log

-->

<link rel="stylesheet" href="//pokemonshowdown.com/style/global.css?0.767286132409787" />
<link rel="stylesheet" href="//play.pokemonshowdown.com/style/font-awesome.css?0.9266228007934947" />
<link rel="stylesheet" href="//play.pokemonshowdown.com/style/battle.css?0.7924700842790926" />
<link rel="stylesheet" href="//play.pokemonshowdown.com/style/utilichart.css?0.8777417872839479" />

<!-- Global site tag (gtag.js) - Google Analytics -->
<script async src="https://www.googletagmanager.com/gtag/js?id=UA-26211653-1"></script>
<script>
  window.dataLayer = window.dataLayer || [];
  function gtag(){dataLayer.push(arguments);}
  gtag('js', new Date());

  gtag('config', 'UA-26211653-1');
</script>
<!-- End Google Analytics -->
<!-- Venatus Ad Manager - Install in <HEAD> of page -->
	<script src="https://hb.vntsm.com/v3/live/ad-manager.min.js" type="text/javascript" data-site-id="642aba63ec9a7b11c3c9c1be" data-mode="scan" async></script>
<!-- / Venatus Ad Manager -->

<style>
	@media (max-width:820px) {
		.battle {
			margin: 0 auto;
		}
		.battle-log {
			margin: 7px auto 0;
			max-width: 640px;
			height: 300px;
			position: static;
		}
	}
	.optgroup {
		display: inline-block;
		line-height: 22px;
		font-size: 10pt;
	}
	.optgroup .button {
		height: 25px;
		padding-top: 0;
		padding-bottom: 0;
	}
	.optgroup button.button {
		padding-left: 12px;
		padding-right: 12px;
	}
	.linklist {
		list-style: none;
		margin: 0.5em 0;
		padding: 0;
	}
	.linklist li {
		padding: 2px 0;
	}
	.sidebar {
		float: left;
		width: 320px;
	}
	.bar-wrapper {
		max-width: 1100px;
		margin: 0 auto;
	}
	.bar-wrapper.has-sidebar {
		max-width: 1430px;
	}
	.mainbar {
		margin: 0;
		padding-right: 1px;
	}
	.mainbar.has-sidebar {
		margin-left: 330px;
	}
	@media (min-width: 1511px) {
		.sidebar {
			width: 400px;
		}
		.bar-wrapper.has-sidebar {
			max-width: 1510px;
		}
		.mainbar.has-sidebar {
			margin-left: 410px;
		}
	}
	.section.first-section {
		margin-top: 9px;
	}
	.blocklink small {
		white-space: normal;
	}
	.button {
		vertical-align: middle;
	}
	.replay-controls {
		padding-top: 10px;
	}
	.replay-controls h1 {
		font-size: 16pt;
		font-weight: normal;
		color: #CCC;
	}
	.pagelink {
		text-align: center;
	}
	.pagelink a {
		width: 150px;
	}
	.textbox, .button {
		font-size: 11pt;
		vertical-align: middle;
	}
	@media (max-width: 450px) {
		.button {
			font-size: 9pt;
		}
	}
</style>

<div>

	<header>
		<div class="nav-wrapper"><ul class="nav">
			<li><a class="button nav-first" href="//pokemonshowdown.com/"><img src="//pokemonshowdown.com/images/pokemonshowdownbeta.png" srcset="//pokemonshowdown.com/images/pokemonshowdownbeta.png 1x, //pokemonshowdown.com/images/pokemonshowdownbeta@2x.png 2x" alt="Pok&eacute;mon Showdown" width="146" height="44" /> Home</a></li>
			<li><a class="button" href="//pokemonshowdown.com/dex/">Pok&eacute;dex</a></li>
			<li><a class="button cur" href="/">Replays</a></li>
			<li><a class="button" href="//pokemonshowdown.com/ladder/">Ladder</a></li>
			<li><a class="button nav-last" href="//pokemonshowdown.com/forums/">Forum</a></li>
			<li><a class="button greenbutton nav-first nav-last" href="//play.pokemonshowdown.com/">Play</a></li>
		</ul></div>
	</header>

	<div class="main" id="main">

		<noscript><section class="section">You need to enable JavaScript to use this page; sorry!</section></noscript>

	</div>

</div>

<script defer nomodule src="//play.pokemonshowdown.com/js/lib/ps-polyfill.js"></script>
<script defer src="//play.pokemonshowdown.com/js/lib/preact.min.js"></script>

<script defer src="//play.pokemonshowdown.com/config/config.js?6dec07f6"></script>
<script defer src="//play.pokemonshowdown.com/js/lib/jquery-1.11.0.min.js"></script>
<script defer src="//play.pokemonshowdown.com/js/lib/html-sanitizer-minified.js"></script>
<script defer src="//play.pokemonshowdown.com/js/battle-sound.js"></script>
<script defer src="//play.pokemonshowdown.com/js/battledata.js?0.6315294753075389"></script>
<script defer src="//play.pokemonshowdown.com/data/pokedex-mini.js?0.7603743185311358"></script>
<script defer src="//play.pokemonshowdown.com/data/pokedex-mini-bw.js?0.030888842834281283"></script>
<script defer src="//play.pokemonshowdown.com/data/graphics.js?0.05593094747507488"></script>
<script defer src="//play.pokemonshowdown.com/data/pokedex.js?0.47064822249611904"></script>
<script defer src="//play.pokemonshowdown.com/data/moves.js?0.8583693120512459"></script>
<script defer src="//play.pokemonshowdown.com/data/abilities.js?0.16017181182386842"></script>
<script defer src="//play.pokemonshowdown.com/data/items.js?0.4163379185673943"></script>
<script defer src="//play.pokemonshowdown.com/data/teambuilder-tables.js?0.31075597372830477"></script>
<script defer src="//play.pokemonshowdown.com/js/battle-tooltips.js?0.6536193500708172"></script>
<script defer src="//play.pokemonshowdown.com/js/battle.js?0.1916591943277901"></script>

<script defer src="js/utils.js?e31f9a17"></script>
<script defer src="js/replays-battle.js?7008c182"></script>

<!-- don't scrape this data! just add .json or .log after the URL!
Full API docs: https://github.com/smogon/pokemon-showdown-client/blob/master/WEB-API.md -->
<script type="text/plain" class="log" id="replaylog-smogtours-gen3ou-800399">
|inactive|Battle timer is ON: inactive players will automatically lose when time's up.
|t:|1729436570
|gametype|singles
|player|p1|BRstelli|169|
|player|p2|Svejk97|hugh|
|teamsize|p1|6
|teamsize|p2|6
|gen|3
|tier|[Gen 3] OU
|rule|Sleep Clause Mod: Limit one foe put to sleep
|rule|Switch Priority Clause Mod: Faster Pokémon switch first
|rule|Species Clause: Limit one of each Pokémon
|rule|OHKO Clause: OHKO moves are banned
|rule|Evasion Items Clause: Evasion items are banned
|rule|Evasion Moves Clause: Evasion moves are banned
|rule|Endless Battle Clause: Forcing endless battles is banned
|rule|HP Percentage Mod: HP is shown in percentages
|rule|One Boost Passer Clause: Limit one Baton Passer that has a way to boost its stats
|rule|Freeze Clause Mod: Limit one foe frozen
|
|t:|1729436570
|start
|switch|p1a: Tyranitar|Tyranitar, F|100/100
|switch|p2a: Tyranitar|Tyranitar, M, shiny|100/100
|-weather|Sandstorm|[from] ability: Sand Stream|[of] p2a: Tyranitar
|turn|1
|
|t:|1729436580
|switch|p1a: Hariyama|Hariyama, F|100/100
|move|p2a: Tyranitar|Brick Break|p1a: Hariyama
|-damage|p1a: Hariyama|79/100
|
|-weather|Sandstorm|[upkeep]
|-damage|p1a: Hariyama|73/100|[from] Sandstorm
|-heal|p1a: Hariyama|79/100|[from] item: Leftovers
|upkeep
|turn|2
|
|t:|1729436590
|switch|p2a: M.V.P.|Mawile, F, shiny|100/100
|-ability|p2a: M.V.P.|Intimidate|boost
|-unboost|p1a: Hariyama|atk|1
|move|p1a: Hariyama|Knock Off|p2a: M.V.P.
|-resisted|p2a: M.V.P.
|-damage|p2a: M.V.P.|98/100
|-enditem|p2a: M.V.P.|Leftovers|[from] move: Knock Off|[of] p1a: Hariyama
|-hint|In Gens 3-4, Knock Off only makes the target's item unusable; it cannot obtain a new item.
|
|-weather|Sandstorm|[upkeep]
|-damage|p1a: Hariyama|73/100|[from] Sandstorm
|-heal|p1a: Hariyama|79/100|[from] item: Leftovers
|upkeep
|turn|3
|
|t:|1729436609
|move|p2a: M.V.P.|Toxic|p1a: Hariyama
|-status|p1a: Hariyama|tox
|move|p1a: Hariyama|Brick Break|p2a: M.V.P.
|-supereffective|p2a: M.V.P.
|-damage|p2a: M.V.P.|13/100
|
|-weather|Sandstorm|[upkeep]
|-damage|p1a: Hariyama|73/100 tox|[from] Sandstorm
|-heal|p1a: Hariyama|79/100 tox|[from] item: Leftovers
|-damage|p1a: Hariyama|73/100 tox|[from] psn
|upkeep
|turn|4
|
|t:|1729436625
|switch|p1a: Skarmory|Skarmory, F|100/100
|move|p2a: M.V.P.|Fake Tears|p1a: Skarmory
|-unboost|p1a: Skarmory|spd|2
|
|-weather|Sandstorm|[upkeep]
|upkeep
|turn|5
|
|t:|1729436639
|switch|p2a: Starmie|Starmie|100/100
|move|p1a: Skarmory|Spikes|p2a: Starmie
|-sidestart|p2: Svejk97|Spikes
|
|-weather|Sandstorm|[upkeep]
|-damage|p2a: Starmie|94/100|[from] Sandstorm
|-heal|p2a: Starmie|100/100|[from] item: Leftovers
|upkeep
|turn|6
|
|t:|1729436649
|switch|p1a: Blissey|Blissey, F|100/100
|move|p2a: Starmie|Thunderbolt|p1a: Blissey
|-damage|p1a: Blissey|92/100
|
|-weather|Sandstorm|[upkeep]
|-damage|p2a: Starmie|94/100|[from] Sandstorm
|-damage|p1a: Blissey|86/100|[from] Sandstorm
|-heal|p2a: Starmie|100/100|[from] item: Leftovers
|-heal|p1a: Blissey|92/100|[from] item: Leftovers
|upkeep
|turn|7
|
|t:|1729436664
|move|p2a: Starmie|Rapid Spin|p1a: Blissey
|-damage|p1a: Blissey|90/100
|-sideend|p2: Svejk97|Spikes|[from] move: Rapid Spin|[of] p2a: Starmie
|move|p1a: Blissey|Seismic Toss|p2a: Starmie
|-damage|p2a: Starmie|69/100
|
|-weather|Sandstorm|[upkeep]
|-damage|p2a: Starmie|63/100|[from] Sandstorm
|-damage|p1a: Blissey|84/100|[from] Sandstorm
|-heal|p2a: Starmie|69/100|[from] item: Leftovers
|-heal|p1a: Blissey|90/100|[from] item: Leftovers
|upkeep
|turn|8
|
|t:|1729436679
|move|p2a: Starmie|Ice Beam|p1a: Blissey
|-damage|p1a: Blissey|82/100
|-status|p1a: Blissey|frz
|cant|p1a: Blissey|frz
|
|-weather|Sandstorm|[upkeep]
|-damage|p2a: Starmie|63/100|[from] Sandstorm
|-damage|p1a: Blissey|76/100 frz|[from] Sandstorm
|-heal|p2a: Starmie|69/100|[from] item: Leftovers
|-heal|p1a: Blissey|82/100 frz|[from] item: Leftovers
|upkeep
|turn|9
|
|t:|1729436706
|-curestatus|p1a: Blissey|frz|[from] ability: Natural Cure
|switch|p1a: Skarmory|Skarmory, F|100/100
|move|p2a: Starmie|Thunderbolt|p1a: Skarmory
|-supereffective|p1a: Skarmory
|-damage|p1a: Skarmory|59/100
|-status|p1a: Skarmory|par
|
|-weather|Sandstorm|[upkeep]
|-damage|p2a: Starmie|63/100|[from] Sandstorm
|-heal|p2a: Starmie|69/100|[from] item: Leftovers
|-heal|p1a: Skarmory|65/100 par|[from] item: Leftovers
|upkeep
|turn|10
|
|t:|1729436719
|cant|p1a: Skarmory|par
|move|p2a: Starmie|Thunderbolt|p1a: Skarmory
|-supereffective|p1a: Skarmory
|-damage|p1a: Skarmory|20/100 par
|
|-weather|Sandstorm|[upkeep]
|-damage|p2a: Starmie|63/100|[from] Sandstorm
|-heal|p2a: Starmie|69/100|[from] item: Leftovers
|-heal|p1a: Skarmory|26/100 par|[from] item: Leftovers
|upkeep
|turn|11
|
|t:|1729436730
|switch|p1a: Blissey|Blissey, F|82/100
|move|p2a: Starmie|Thunderbolt|p1a: Blissey
|-damage|p1a: Blissey|74/100
|
|-weather|Sandstorm|[upkeep]
|-damage|p2a: Starmie|63/100|[from] Sandstorm
|-damage|p1a: Blissey|68/100|[from] Sandstorm
|-heal|p2a: Starmie|69/100|[from] item: Leftovers
|-heal|p1a: Blissey|74/100|[from] item: Leftovers
|upkeep
|turn|12
|
|t:|1729436741
|move|p2a: Starmie|Ice Beam|p1a: Blissey
|-damage|p1a: Blissey|65/100
|move|p1a: Blissey|Seismic Toss|p2a: Starmie
|-damage|p2a: Starmie|38/100
|
|-weather|Sandstorm|[upkeep]
|-damage|p2a: Starmie|32/100|[from] Sandstorm
|-damage|p1a: Blissey|59/100|[from] Sandstorm
|-heal|p2a: Starmie|38/100|[from] item: Leftovers
|-heal|p1a: Blissey|65/100|[from] item: Leftovers
|upkeep
|turn|13
|
|t:|1729436752
|move|p2a: Starmie|Recover|p2a: Starmie
|-heal|p2a: Starmie|88/100
|move|p1a: Blissey|Soft-Boiled|p1a: Blissey
|-heal|p1a: Blissey|100/100
|
|-weather|Sandstorm|[upkeep]
|-damage|p2a: Starmie|82/100|[from] Sandstorm
|-damage|p1a: Blissey|94/100|[from] Sandstorm
|-heal|p2a: Starmie|88/100|[from] item: Leftovers
|-heal|p1a: Blissey|100/100|[from] item: Leftovers
|upkeep
|turn|14
|
|t:|1729436763
|move|p2a: Starmie|Ice Beam|p1a: Blissey
|-damage|p1a: Blissey|92/100
|move|p1a: Blissey|Toxic|p2a: Starmie
|-status|p2a: Starmie|tox
|
|-weather|Sandstorm|[upkeep]
|-damage|p2a: Starmie|82/100 tox|[from] Sandstorm
|-damage|p1a: Blissey|86/100|[from] Sandstorm
|-heal|p2a: Starmie|88/100 tox|[from] item: Leftovers
|-damage|p2a: Starmie|82/100 tox|[from] psn
|-heal|p1a: Blissey|92/100|[from] item: Leftovers
|upkeep
|turn|15
|inactive|Svejk97 has 270 seconds left.
|
|t:|1729436782
|-curestatus|p2a: Starmie|tox|[from] ability: Natural Cure
|switch|p2a: Jirachi|Jirachi|100/100
|move|p1a: Blissey|Seismic Toss|p2a: Jirachi
|-damage|p2a: Jirachi|75/100
|
|-weather|Sandstorm|[upkeep]
|-damage|p1a: Blissey|86/100|[from] Sandstorm
|-heal|p2a: Jirachi|82/100|[from] item: Leftovers
|-heal|p1a: Blissey|92/100|[from] item: Leftovers
|upkeep
|turn|16
|inactive|Svejk97 has 270 seconds left.
|
|t:|1729436797
|move|p2a: Jirachi|Fire Punch|p1a: Blissey
|-damage|p1a: Blissey|86/100
|move|p1a: Blissey|Wish|p1a: Blissey
|
|-weather|Sandstorm|[upkeep]
|-damage|p1a: Blissey|80/100|[from] Sandstorm
|-heal|p2a: Jirachi|88/100|[from] item: Leftovers
|-heal|p1a: Blissey|86/100|[from] item: Leftovers
|upkeep
|turn|17
|
|t:|1729436806
|switch|p1a: Hariyama|Hariyama, F|73/100 tox
|move|p2a: Jirachi|Fire Punch|p1a: Hariyama
|-damage|p1a: Hariyama|58/100 tox
|
|-heal|p1a: Hariyama|100/100 tox|[from] move: Wish|[wisher] Blissey
|-weather|Sandstorm|[upkeep]
|-damage|p1a: Hariyama|94/100 tox|[from] Sandstorm
|-heal|p2a: Jirachi|94/100|[from] item: Leftovers
|-heal|p1a: Hariyama|100/100 tox|[from] item: Leftovers
|-damage|p1a: Hariyama|94/100 tox|[from] psn
|upkeep
|turn|18
|
|t:|1729436819
|move|p2a: Jirachi|Protect|p2a: Jirachi
|-singleturn|p2a: Jirachi|Protect
|move|p1a: Hariyama|Brick Break|p2a: Jirachi
|-activate|p2a: Jirachi|Protect
|
|-weather|Sandstorm|[upkeep]
|-damage|p1a: Hariyama|88/100 tox|[from] Sandstorm
|-heal|p2a: Jirachi|100/100|[from] item: Leftovers
|-heal|p1a: Hariyama|94/100 tox|[from] item: Leftovers
|-damage|p1a: Hariyama|82/100 tox|[from] psn
|upkeep
|turn|19
|
|t:|1729436831
|move|p2a: Jirachi|Wish|p2a: Jirachi
|move|p1a: Hariyama|Knock Off|p2a: Jirachi
|-damage|p2a: Jirachi|99/100
|-enditem|p2a: Jirachi|Leftovers|[from] move: Knock Off|[of] p1a: Hariyama
|
|-weather|Sandstorm|[upkeep]
|-damage|p1a: Hariyama|76/100 tox|[from] Sandstorm
|-heal|p1a: Hariyama|82/100 tox|[from] item: Leftovers
|-damage|p1a: Hariyama|64/100 tox|[from] psn
|upkeep
|turn|20
|
|t:|1729436844
|switch|p2a: M.V.P.|Mawile, F, shiny|13/100
|-ability|p2a: M.V.P.|Intimidate|boost
|-unboost|p1a: Hariyama|atk|1
|switch|p1a: Skarmory|Skarmory, F|26/100 par
|
|-heal|p2a: M.V.P.|63/100|[from] move: Wish|[wisher] Jirachi
|-weather|Sandstorm|[upkeep]
|-heal|p1a: Skarmory|32/100 par|[from] item: Leftovers
|upkeep
|turn|21
|inactive|Svejk97 has 270 seconds left.
|
|t:|1729436860
|switch|p2a: Starmie|Starmie|82/100
|move|p1a: Skarmory|Spikes|p2a: Starmie
|-sidestart|p2: Svejk97|Spikes
|
|-weather|Sandstorm|[upkeep]
|-damage|p2a: Starmie|76/100|[from] Sandstorm
|-heal|p2a: Starmie|82/100|[from] item: Leftovers
|-heal|p1a: Skarmory|38/100 par|[from] item: Leftovers
|upkeep
|turn|22
|inactive|Svejk97 has 270 seconds left.
|
|t:|1729436872
|switch|p1a: Blissey|Blissey, F|86/100
|move|p2a: Starmie|Thunderbolt|p1a: Blissey
|-damage|p1a: Blissey|78/100
|
|-weather|Sandstorm|[upkeep]
|-damage|p2a: Starmie|76/100|[from] Sandstorm
|-damage|p1a: Blissey|72/100|[from] Sandstorm
|-heal|p2a: Starmie|82/100|[from] item: Leftovers
|-heal|p1a: Blissey|78/100|[from] item: Leftovers
|upkeep
|turn|23
|inactive|Svejk97 has 270 seconds left.
|
|t:|1729436884
|move|p2a: Starmie|Rapid Spin|p1a: Blissey
|-damage|p1a: Blissey|76/100
|-sideend|p2: Svejk97|Spikes|[from] move: Rapid Spin|[of] p2a: Starmie
|move|p1a: Blissey|Wish|p1a: Blissey
|
|-weather|Sandstorm|[upkeep]
|-damage|p2a: Starmie|76/100|[from] Sandstorm
|-damage|p1a: Blissey|69/100|[from] Sandstorm
|-heal|p2a: Starmie|82/100|[from] item: Leftovers
|-heal|p1a: Blissey|76/100|[from] item: Leftovers
|upkeep
|turn|24
|inactive|Svejk97 has 270 seconds left.
|
|t:|1729436902
|switch|p1a: Hariyama|Hariyama, F|64/100 tox
|move|p2a: Starmie|Thunderbolt|p1a: Hariyama
|-damage|p1a: Hariyama|47/100 tox
|
|-heal|p1a: Hariyama|97/100 tox|[from] move: Wish|[wisher] Blissey
|-weather|Sandstorm|[upkeep]
|-damage|p2a: Starmie|76/100|[from] Sandstorm
|-damage|p1a: Hariyama|91/100 tox|[from] Sandstorm
|-heal|p2a: Starmie|82/100|[from] item: Leftovers
|-heal|p1a: Hariyama|97/100 tox|[from] item: Leftovers
|-damage|p1a: Hariyama|91/100 tox|[from] psn
|upkeep
|turn|25
|inactive|Svejk97 has 270 seconds left.
|
|t:|1729436916
|switch|p2a: M.V.P.|Mawile, F, shiny|63/100
|-ability|p2a: M.V.P.|Intimidate|boost
|-unboost|p1a: Hariyama|atk|1
|move|p1a: Hariyama|Brick Break|p2a: M.V.P.
|-supereffective|p2a: M.V.P.
|-damage|p2a: M.V.P.|0 fnt
|faint|p2a: M.V.P.
|
|t:|1729436928
|switch|p2a: Jirachi|Jirachi|99/100
|
|-weather|Sandstorm|[upkeep]
|-damage|p1a: Hariyama|85/100 tox|[from] Sandstorm
|-heal|p1a: Hariyama|91/100 tox|[from] item: Leftovers
|-damage|p1a: Hariyama|79/100 tox|[from] psn
|upkeep
|turn|26
|
|t:|1729436940
|switch|p1a: Blissey|Blissey, F|76/100
|move|p2a: Jirachi|Fire Punch|p1a: Blissey
|-crit|p1a: Blissey
|-damage|p1a: Blissey|62/100
|
|-weather|Sandstorm|[upkeep]
|-damage|p1a: Blissey|55/100|[from] Sandstorm
|-heal|p1a: Blissey|62/100|[from] item: Leftovers
|upkeep
|turn|27
|
|t:|1729436951
|move|p2a: Jirachi|Toxic|p1a: Blissey
|-status|p1a: Blissey|tox
|move|p1a: Blissey|Wish|p1a: Blissey
|
|-weather|Sandstorm|[upkeep]
|-damage|p1a: Blissey|55/100 tox|[from] Sandstorm
|-heal|p1a: Blissey|62/100 tox|[from] item: Leftovers
|-damage|p1a: Blissey|55/100 tox|[from] psn
|upkeep
|turn|28
|inactive|Svejk97 has 270 seconds left.
|
|t:|1729436963
|-curestatus|p1a: Blissey|tox|[from] ability: Natural Cure
|switch|p1a: Skarmory|Skarmory, F|38/100 par
|move|p2a: Jirachi|Fire Punch|p1a: Skarmory
|-supereffective|p1a: Skarmory
|-damage|p1a: Skarmory|4/100 par
|
|-heal|p1a: Skarmory|54/100 par|[from] move: Wish|[wisher] Blissey
|-weather|Sandstorm|[upkeep]
|-heal|p1a: Skarmory|60/100 par|[from] item: Leftovers
|upkeep
|turn|29
|inactive|Svejk97 has 270 seconds left.
|
|t:|1729436974
|move|p2a: Jirachi|Fire Punch|p1a: Skarmory
|-supereffective|p1a: Skarmory
|-damage|p1a: Skarmory|26/100 par
|cant|p1a: Skarmory|par
|
|-weather|Sandstorm|[upkeep]
|-heal|p1a: Skarmory|32/100 par|[from] item: Leftovers
|upkeep
|turn|30
|inactive|Svejk97 has 270 seconds left.
|
|t:|1729436994
|switch|p1a: Blissey|Blissey, F|55/100
|move|p2a: Jirachi|Fire Punch|p1a: Blissey
|-damage|p1a: Blissey|49/100
|
|-weather|Sandstorm|[upkeep]
|-damage|p1a: Blissey|43/100|[from] Sandstorm
|-heal|p1a: Blissey|49/100|[from] item: Leftovers
|upkeep
|turn|31
|
|t:|1729437003
|move|p2a: Jirachi|Toxic|p1a: Blissey
|-status|p1a: Blissey|tox
|move|p1a: Blissey|Soft-Boiled|p1a: Blissey
|-heal|p1a: Blissey|99/100 tox
|
|-weather|Sandstorm|[upkeep]
|-damage|p1a: Blissey|93/100 tox|[from] Sandstorm
|-heal|p1a: Blissey|99/100 tox|[from] item: Leftovers
|-damage|p1a: Blissey|93/100 tox|[from] psn
|upkeep
|turn|32
|inactive|Svejk97 has 270 seconds left.
|
|t:|1729437016
|move|p2a: Jirachi|Wish|p2a: Jirachi
|move|p1a: Blissey|Wish|p1a: Blissey
|
|-weather|Sandstorm|[upkeep]
|-damage|p1a: Blissey|87/100 tox|[from] Sandstorm
|-heal|p1a: Blissey|93/100 tox|[from] item: Leftovers
|-damage|p1a: Blissey|80/100 tox|[from] psn
|upkeep
|turn|33
|inactive|Svejk97 has 270 seconds left.
|
|t:|1729437025
|-curestatus|p1a: Blissey|tox|[from] ability: Natural Cure
|switch|p1a: Hariyama|Hariyama, F|79/100 tox
|move|p2a: Jirachi|Fire Punch|p1a: Hariyama
|-damage|p1a: Hariyama|64/100 tox
|
|-heal|p1a: Hariyama|100/100 tox|[from] move: Wish|[wisher] Blissey
|-heal|p2a: Jirachi|100/100|[from] move: Wish|[wisher] Jirachi
|-weather|Sandstorm|[upkeep]
|-damage|p1a: Hariyama|94/100 tox|[from] Sandstorm
|-heal|p1a: Hariyama|100/100 tox|[from] item: Leftovers
|-damage|p1a: Hariyama|94/100 tox|[from] psn
|upkeep
|turn|34
|inactive|Svejk97 has 270 seconds left.
|
|t:|1729437039
|move|p2a: Jirachi|Protect|p2a: Jirachi
|-singleturn|p2a: Jirachi|Protect
|move|p1a: Hariyama|Brick Break|p2a: Jirachi
|-activate|p2a: Jirachi|Protect
|
|-weather|Sandstorm|[upkeep]
|-damage|p1a: Hariyama|88/100 tox|[from] Sandstorm
|-heal|p1a: Hariyama|94/100 tox|[from] item: Leftovers
|-damage|p1a: Hariyama|82/100 tox|[from] psn
|upkeep
|turn|35
|inactive|Svejk97 has 270 seconds left.
|
|t:|1729437062
|move|p2a: Jirachi|Wish|p2a: Jirachi
|move|p1a: Hariyama|Brick Break|p2a: Jirachi
|-damage|p2a: Jirachi|68/100
|
|-weather|Sandstorm|[upkeep]
|-damage|p1a: Hariyama|76/100 tox|[from] Sandstorm
|-heal|p1a: Hariyama|82/100 tox|[from] item: Leftovers
|-damage|p1a: Hariyama|64/100 tox|[from] psn
|upkeep
|turn|36
|
|t:|1729437078
|switch|p1a: Blissey|Blissey, F|80/100
|move|p2a: Jirachi|Fire Punch|p1a: Blissey
|-crit|p1a: Blissey
|-damage|p1a: Blissey|68/100
|
|-heal|p2a: Jirachi|100/100|[from] move: Wish|[wisher] Jirachi
|-weather|Sandstorm|[upkeep]
|-damage|p1a: Blissey|62/100|[from] Sandstorm
|-heal|p1a: Blissey|68/100|[from] item: Leftovers
|upkeep
|turn|37
|inactive|Svejk97 has 270 seconds left.
|
|t:|1729437093
|move|p2a: Jirachi|Toxic|p1a: Blissey
|-status|p1a: Blissey|tox
|move|p1a: Blissey|Wish|p1a: Blissey
|
|-weather|Sandstorm|[upkeep]
|-damage|p1a: Blissey|62/100 tox|[from] Sandstorm
|-heal|p1a: Blissey|68/100 tox|[from] item: Leftovers
|-damage|p1a: Blissey|62/100 tox|[from] psn
|upkeep
|turn|38
|inactive|Svejk97 has 270 seconds left.
|
|t:|1729437102
|move|p2a: Jirachi|Fire Punch|p1a: Blissey
|-damage|p1a: Blissey|55/100 tox
|move|p1a: Blissey|Seismic Toss|p2a: Jirachi
|-damage|p2a: Jirachi|75/100
|
|-heal|p1a: Blissey|100/100 tox|[from] move: Wish|[wisher] Blissey
|-weather|Sandstorm|[upkeep]
|-damage|p1a: Blissey|94/100 tox|[from] Sandstorm
|-heal|p1a: Blissey|100/100 tox|[from] item: Leftovers
|-damage|p1a: Blissey|88/100 tox|[from] psn
|upkeep
|turn|39
|inactive|Svejk97 has 270 seconds left.
|
|t:|1729437115
|move|p2a: Jirachi|Wish|p2a: Jirachi
|move|p1a: Blissey|Wish|p1a: Blissey
|
|-weather|Sandstorm|[upkeep]
|-damage|p1a: Blissey|82/100 tox|[from] Sandstorm
|-heal|p1a: Blissey|88/100 tox|[from] item: Leftovers
|-damage|p1a: Blissey|70/100 tox|[from] psn
|upkeep
|turn|40
|inactive|BRstelli has 270 seconds left.
|
|t:|1729437152
|-curestatus|p1a: Blissey|tox|[from] ability: Natural Cure
|switch|p1a: Starmie|Starmie, shiny|100/100
|move|p2a: Jirachi|Fire Punch|p1a: Starmie
|-resisted|p1a: Starmie
|-damage|p1a: Starmie|90/100
|
|-heal|p2a: Jirachi|100/100|[from] move: Wish|[wisher] Jirachi
|-heal|p1a: Starmie|100/100|[from] move: Wish|[wisher] Blissey
|-weather|Sandstorm|[upkeep]
|-damage|p1a: Starmie|94/100|[from] Sandstorm
|-heal|p1a: Starmie|100/100|[from] item: Leftovers
|upkeep
|turn|41
|inactive|BRstelli has 270 seconds left.
|
|t:|1729437167
|move|p2a: Jirachi|Protect|p2a: Jirachi
|-singleturn|p2a: Jirachi|Protect
|move|p1a: Starmie|Thunder Wave|p2a: Jirachi
|-activate|p2a: Jirachi|Protect
|
|-weather|Sandstorm|[upkeep]
|-damage|p1a: Starmie|94/100|[from] Sandstorm
|-heal|p1a: Starmie|100/100|[from] item: Leftovers
|upkeep
|turn|42
|
|t:|1729437177
|switch|p2a: Celebi|Celebi|100/100
|move|p1a: Starmie|Surf|p2a: Celebi
|-resisted|p2a: Celebi
|-damage|p2a: Celebi|86/100
|
|-weather|Sandstorm|[upkeep]
|-damage|p2a: Celebi|80/100|[from] Sandstorm
|-damage|p1a: Starmie|94/100|[from] Sandstorm
|-heal|p2a: Celebi|86/100|[from] item: Leftovers
|-heal|p1a: Starmie|100/100|[from] item: Leftovers
|upkeep
|turn|43
|
|t:|1729437190
|switch|p1a: Tyranitar|Tyranitar, F|100/100
|move|p2a: Celebi|Leech Seed|p1a: Tyranitar
|-start|p1a: Tyranitar|move: Leech Seed
|
|-weather|Sandstorm|[upkeep]
|-damage|p2a: Celebi|80/100|[from] Sandstorm
|-heal|p2a: Celebi|86/100|[from] item: Leftovers
|-damage|p1a: Tyranitar|88/100|[from] Leech Seed|[of] p2a: Celebi
|-heal|p2a: Celebi|99/100|[silent]
|upkeep
|turn|44
|
|t:|1729437204
|switch|p1a: Skarmory|Skarmory, F|32/100 par
|move|p2a: Celebi|Hidden Power|p1a: Skarmory
|-resisted|p1a: Skarmory
|-damage|p1a: Skarmory|25/100 par
|
|-weather|Sandstorm|[upkeep]
|-damage|p2a: Celebi|93/100|[from] Sandstorm
|-heal|p2a: Celebi|99/100|[from] item: Leftovers
|-heal|p1a: Skarmory|31/100 par|[from] item: Leftovers
|upkeep
|turn|45
|inactive|Svejk97 has 270 seconds left.
|
|t:|1729437220
|move|p2a: Celebi|Leech Seed|p1a: Skarmory
|-start|p1a: Skarmory|move: Leech Seed
|cant|p1a: Skarmory|par
|
|-weather|Sandstorm|[upkeep]
|-damage|p2a: Celebi|93/100|[from] Sandstorm
|-heal|p2a: Celebi|99/100|[from] item: Leftovers
|-heal|p1a: Skarmory|37/100 par|[from] item: Leftovers
|-damage|p1a: Skarmory|25/100 par|[from] Leech Seed|[of] p2a: Celebi
|-heal|p2a: Celebi|100/100|[silent]
|upkeep
|turn|46
|inactive|Svejk97 has 270 seconds left.
|
|t:|1729437234
|switch|p2a: Starmie|Starmie|82/100
|switch|p1a: Tyranitar|Tyranitar, F|88/100
|
|-weather|Sandstorm|[upkeep]
|-damage|p2a: Starmie|76/100|[from] Sandstorm
|-heal|p2a: Starmie|82/100|[from] item: Leftovers
|-heal|p1a: Tyranitar|94/100|[from] item: Leftovers
|upkeep
|turn|47
|inactive|Svejk97 has 270 seconds left.
|
|t:|1729437246
|switch|p1a: Blissey|Blissey, F|70/100
|move|p2a: Starmie|Thunderbolt|p1a: Blissey
|-damage|p1a: Blissey|61/100
|
|-weather|Sandstorm|[upkeep]
|-damage|p2a: Starmie|76/100|[from] Sandstorm
|-damage|p1a: Blissey|55/100|[from] Sandstorm
|-heal|p2a: Starmie|82/100|[from] item: Leftovers
|-heal|p1a: Blissey|61/100|[from] item: Leftovers
|upkeep
|turn|48
|inactive|Svejk97 has 270 seconds left.
|
|t:|1729437265
|switch|p2a: Jirachi|Jirachi|100/100
|move|p1a: Blissey|Toxic|p2a: Jirachi
|-immune|p2a: Jirachi
|
|-weather|Sandstorm|[upkeep]
|-damage|p1a: Blissey|55/100|[from] Sandstorm
|-heal|p1a: Blissey|61/100|[from] item: Leftovers
|upkeep
|turn|49
|inactive|Svejk97 has 270 seconds left.
|
|t:|1729437277
|move|p2a: Jirachi|Toxic|p1a: Blissey
|-status|p1a: Blissey|tox
|move|p1a: Blissey|Seismic Toss|p2a: Jirachi
|-damage|p2a: Jirachi|75/100
|
|-weather|Sandstorm|[upkeep]
|-damage|p1a: Blissey|55/100 tox|[from] Sandstorm
|-heal|p1a: Blissey|61/100 tox|[from] item: Leftovers
|-damage|p1a: Blissey|55/100 tox|[from] psn
|upkeep
|turn|50
|inactive|Svejk97 has 270 seconds left.
|
|t:|1729437292
|move|p2a: Jirachi|Wish|p2a: Jirachi
|move|p1a: Blissey|Wish|p1a: Blissey
|
|-weather|Sandstorm|[upkeep]
|-damage|p1a: Blissey|49/100 tox|[from] Sandstorm
|-heal|p1a: Blissey|55/100 tox|[from] item: Leftovers
|-damage|p1a: Blissey|43/100 tox|[from] psn
|upkeep
|turn|51
|inactive|Svejk97 has 270 seconds left.
|
|t:|1729437308
|-curestatus|p1a: Blissey|tox|[from] ability: Natural Cure
|switch|p1a: Tyranitar|Tyranitar, F|94/100
|move|p2a: Jirachi|Fire Punch|p1a: Tyranitar
|-resisted|p1a: Tyranitar
|-damage|p1a: Tyranitar|87/100
|
|-heal|p1a: Tyranitar|100/100|[from] move: Wish|[wisher] Blissey
|-heal|p2a: Jirachi|100/100|[from] move: Wish|[wisher] Jirachi
|-weather|Sandstorm|[upkeep]
|upkeep
|turn|52
|
|t:|1729437321
|move|p2a: Jirachi|Protect|p2a: Jirachi
|-singleturn|p2a: Jirachi|Protect
|move|p1a: Tyranitar|Hidden Power|p2a: Jirachi
|-activate|p2a: Jirachi|Protect
|
|-weather|Sandstorm|[upkeep]
|upkeep
|turn|53
|
|t:|1729437330
|move|p2a: Jirachi|Toxic|p1a: Tyranitar
|-status|p1a: Tyranitar|tox
|move|p1a: Tyranitar|Earthquake|p2a: Jirachi
|-supereffective|p2a: Jirachi
|-damage|p2a: Jirachi|38/100
|
|-weather|Sandstorm|[upkeep]
|-damage|p1a: Tyranitar|94/100 tox|[from] psn
|upkeep
|turn|54
|inactive|Svejk97 has 270 seconds left.
|
|t:|1729437341
|switch|p2a: Celebi|Celebi|100/100
|switch|p1a: Blissey|Blissey, F|43/100
|
|-weather|Sandstorm|[upkeep]
|-damage|p2a: Celebi|94/100|[from] Sandstorm
|-damage|p1a: Blissey|37/100|[from] Sandstorm
|-heal|p2a: Celebi|100/100|[from] item: Leftovers
|-heal|p1a: Blissey|43/100|[from] item: Leftovers
|upkeep
|turn|55
|inactive|Svejk97 has 270 seconds left.
|
|t:|1729437353
|move|p2a: Celebi|Leech Seed|p1a: Blissey
|-start|p1a: Blissey|move: Leech Seed
|move|p1a: Blissey|Soft-Boiled|p1a: Blissey
|-heal|p1a: Blissey|93/100
|
|-weather|Sandstorm|[upkeep]
|-damage|p2a: Celebi|94/100|[from] Sandstorm
|-damage|p1a: Blissey|87/100|[from] Sandstorm
|-heal|p2a: Celebi|100/100|[from] item: Leftovers
|-heal|p1a: Blissey|93/100|[from] item: Leftovers
|-damage|p1a: Blissey|80/100|[from] Leech Seed|[of] p2a: Celebi
|upkeep
|turn|56
|inactive|Svejk97 has 270 seconds left.
|
|t:|1729437365
|switch|p2a: Jirachi|Jirachi|38/100
|switch|p1a: Skarmory|Skarmory, F|25/100 par
|
|-weather|Sandstorm|[upkeep]
|-heal|p1a: Skarmory|31/100 par|[from] item: Leftovers
|upkeep
|turn|57
|inactive|Svejk97 has 270 seconds left.
|
|t:|1729437377
|move|p2a: Jirachi|Wish|p2a: Jirachi
|move|p1a: Skarmory|Roar|p2a: Jirachi
|drag|p2a: Metagross|Metagross|100/100
|
|-weather|Sandstorm|[upkeep]
|-heal|p1a: Skarmory|37/100 par|[from] item: Leftovers
|upkeep
|turn|58
|inactive|Svejk97 has 270 seconds left.
|
|t:|1729437390
|move|p2a: Metagross|Hidden Power|p1a: Skarmory
|-supereffective|p1a: Skarmory
|-damage|p1a: Skarmory|5/100 par
|move|p1a: Skarmory|Roar|p2a: Metagross
|drag|p2a: Starmie|Starmie|82/100
|
|-heal|p2a: Starmie|100/100|[from] move: Wish|[wisher] Jirachi
|-weather|Sandstorm|[upkeep]
|-damage|p2a: Starmie|94/100|[from] Sandstorm
|-heal|p2a: Starmie|100/100|[from] item: Leftovers
|-heal|p1a: Skarmory|11/100 par|[from] item: Leftovers
|upkeep
|turn|59
|inactive|Svejk97 has 270 seconds left.
|
|t:|1729437408
|switch|p1a: Blissey|Blissey, F|80/100
|move|p2a: Starmie|Thunderbolt|p1a: Blissey
|-crit|p1a: Blissey
|-damage|p1a: Blissey|64/100
|
|-weather|Sandstorm|[upkeep]
|-damage|p2a: Starmie|94/100|[from] Sandstorm
|-damage|p1a: Blissey|58/100|[from] Sandstorm
|-heal|p2a: Starmie|100/100|[from] item: Leftovers
|-heal|p1a: Blissey|64/100|[from] item: Leftovers
|upkeep
|turn|60
|inactive|Svejk97 has 270 seconds left.
|
|t:|1729437429
|switch|p2a: Metagross|Metagross|100/100
|move|p1a: Blissey|Seismic Toss|p2a: Metagross
|-damage|p2a: Metagross|69/100
|
|-weather|Sandstorm|[upkeep]
|-damage|p1a: Blissey|58/100|[from] Sandstorm
|-heal|p2a: Metagross|75/100|[from] item: Leftovers
|-heal|p1a: Blissey|64/100|[from] item: Leftovers
|upkeep
|turn|61
|
|t:|1729437440
|switch|p1a: Swampert|Swampert, M|100/100
|move|p2a: Metagross|Agility|p2a: Metagross
|-boost|p2a: Metagross|spe|2
|
|-weather|Sandstorm|[upkeep]
|-heal|p2a: Metagross|82/100|[from] item: Leftovers
|upkeep
|turn|62
|
|t:|1729437455
|switch|p2a: Celebi|Celebi|100/100
|move|p1a: Swampert|Earthquake|p2a: Celebi
|-resisted|p2a: Celebi
|-damage|p2a: Celebi|84/100
|
|-weather|Sandstorm|[upkeep]
|-damage|p2a: Celebi|78/100|[from] Sandstorm
|-heal|p2a: Celebi|84/100|[from] item: Leftovers
|upkeep
|turn|63
|
|t:|1729437472
|switch|p1a: Blissey|Blissey, F|64/100
|move|p2a: Celebi|Leech Seed|p1a: Blissey
|-start|p1a: Blissey|move: Leech Seed
|
|-weather|Sandstorm|[upkeep]
|-damage|p2a: Celebi|78/100|[from] Sandstorm
|-damage|p1a: Blissey|58/100|[from] Sandstorm
|-heal|p2a: Celebi|84/100|[from] item: Leftovers
|-heal|p1a: Blissey|64/100|[from] item: Leftovers
|-damage|p1a: Blissey|51/100|[from] Leech Seed|[of] p2a: Celebi
|-heal|p2a: Celebi|100/100|[silent]
|upkeep
|turn|64
|
|t:|1729437490
|switch|p2a: Jirachi|Jirachi|38/100
|switch|p1a: Tyranitar|Tyranitar, F|94/100 tox
|
|-weather|Sandstorm|[upkeep]
|-heal|p1a: Tyranitar|100/100 tox|[from] item: Leftovers
|-damage|p1a: Tyranitar|94/100 tox|[from] psn
|upkeep
|turn|65
|
|t:|1729437499
|move|p2a: Jirachi|Protect|p2a: Jirachi
|-singleturn|p2a: Jirachi|Protect
|move|p1a: Tyranitar|Earthquake|p2a: Jirachi
|-activate|p2a: Jirachi|Protect
|
|-weather|Sandstorm|[upkeep]
|-heal|p1a: Tyranitar|100/100 tox|[from] item: Leftovers
|-damage|p1a: Tyranitar|88/100 tox|[from] psn
|upkeep
|turn|66
|
|t:|1729437511
|switch|p2a: Starmie|Starmie|100/100
|move|p1a: Tyranitar|Hidden Power|p2a: Starmie
|-supereffective|p2a: Starmie
|-damage|p2a: Starmie|34/100
|
|-weather|Sandstorm|[upkeep]
|-damage|p2a: Starmie|28/100|[from] Sandstorm
|-heal|p2a: Starmie|34/100|[from] item: Leftovers
|-heal|p1a: Tyranitar|94/100 tox|[from] item: Leftovers
|-damage|p1a: Tyranitar|76/100 tox|[from] psn
|upkeep
|turn|67
|
|t:|1729437523
|switch|p1a: Blissey|Blissey, F|51/100
|move|p2a: Starmie|Recover|p2a: Starmie
|-heal|p2a: Starmie|84/100
|
|-weather|Sandstorm|[upkeep]
|-damage|p2a: Starmie|78/100|[from] Sandstorm
|-damage|p1a: Blissey|45/100|[from] Sandstorm
|-heal|p2a: Starmie|84/100|[from] item: Leftovers
|-heal|p1a: Blissey|51/100|[from] item: Leftovers
|upkeep
|turn|68
|
|t:|1729437535
|switch|p2a: Jirachi|Jirachi|38/100
|move|p1a: Blissey|Soft-Boiled|p1a: Blissey
|-heal|p1a: Blissey|100/100
|
|-weather|Sandstorm|[upkeep]
|-damage|p1a: Blissey|94/100|[from] Sandstorm
|-heal|p1a: Blissey|100/100|[from] item: Leftovers
|upkeep
|turn|69
|
|t:|1729437552
|move|p2a: Jirachi|Wish|p2a: Jirachi
|move|p1a: Blissey|Wish|p1a: Blissey
|
|-weather|Sandstorm|[upkeep]
|-damage|p1a: Blissey|94/100|[from] Sandstorm
|-heal|p1a: Blissey|100/100|[from] item: Leftovers
|upkeep
|turn|70
|
|t:|1729437567
|switch|p1a: Tyranitar|Tyranitar, F|76/100 tox
|move|p2a: Jirachi|Fire Punch|p1a: Tyranitar
|-resisted|p1a: Tyranitar
|-damage|p1a: Tyranitar|68/100 tox
|
|-heal|p2a: Jirachi|88/100|[from] move: Wish|[wisher] Jirachi
|-heal|p1a: Tyranitar|100/100 tox|[from] move: Wish|[wisher] Blissey
|-weather|Sandstorm|[upkeep]
|-damage|p1a: Tyranitar|94/100 tox|[from] psn
|upkeep
|turn|71
|
|t:|1729437579
|move|p2a: Jirachi|Protect|p2a: Jirachi
|-singleturn|p2a: Jirachi|Protect
|move|p1a: Tyranitar|Hidden Power|p2a: Jirachi
|-activate|p2a: Jirachi|Protect
|
|-weather|Sandstorm|[upkeep]
|-heal|p1a: Tyranitar|100/100 tox|[from] item: Leftovers
|-damage|p1a: Tyranitar|88/100 tox|[from] psn
|upkeep
|turn|72
|
|t:|1729437595
|move|p2a: Jirachi|Wish|p2a: Jirachi
|move|p1a: Tyranitar|Hidden Power|p2a: Jirachi
|-damage|p2a: Jirachi|69/100
|
|-weather|Sandstorm|[upkeep]
|-heal|p1a: Tyranitar|94/100 tox|[from] item: Leftovers
|-damage|p1a: Tyranitar|76/100 tox|[from] psn
|upkeep
|turn|73
|
|t:|1729437605
|switch|p1a: Skarmory|Skarmory, F|11/100 par
|move|p2a: Jirachi|Protect||[still]
|-fail|p2a: Jirachi
|
|-heal|p2a: Jirachi|100/100|[from] move: Wish|[wisher] Jirachi
|-weather|Sandstorm|[upkeep]
|-heal|p1a: Skarmory|17/100 par|[from] item: Leftovers
|upkeep
|turn|74
|
|t:|1729437614
|cant|p1a: Skarmory|par
|move|p2a: Jirachi|Fire Punch|p1a: Skarmory
|-supereffective|p1a: Skarmory
|-crit|p1a: Skarmory
|-damage|p1a: Skarmory|0 fnt
|faint|p1a: Skarmory
|
|t:|1729437626
|switch|p1a: Starmie|Starmie, shiny|100/100
|
|-weather|Sandstorm|[upkeep]
|-damage|p1a: Starmie|94/100|[from] Sandstorm
|-heal|p1a: Starmie|100/100|[from] item: Leftovers
|upkeep
|turn|75
|
|t:|1729437635
|move|p2a: Jirachi|Protect|p2a: Jirachi
|-singleturn|p2a: Jirachi|Protect
|move|p1a: Starmie|Thunder Wave|p2a: Jirachi
|-activate|p2a: Jirachi|Protect
|
|-weather|Sandstorm|[upkeep]
|-damage|p1a: Starmie|94/100|[from] Sandstorm
|-heal|p1a: Starmie|100/100|[from] item: Leftovers
|upkeep
|turn|76
|inactive|Svejk97 has 270 seconds left.
|
|t:|1729437651
|switch|p2a: Starmie|Starmie|84/100
|move|p1a: Starmie|Thunder Wave|p2a: Starmie
|-status|p2a: Starmie|par
|
|-weather|Sandstorm|[upkeep]
|-damage|p1a: Starmie|94/100|[from] Sandstorm
|-damage|p2a: Starmie|78/100 par|[from] Sandstorm
|-heal|p1a: Starmie|100/100|[from] item: Leftovers
|-heal|p2a: Starmie|84/100 par|[from] item: Leftovers
|upkeep
|turn|77
|inactive|Svejk97 has 270 seconds left.
|
|t:|1729437672
|switch|p1a: Swampert|Swampert, M|100/100
|-curestatus|p2a: Starmie|par|[from] ability: Natural Cure
|switch|p2a: Celebi|Celebi|100/100
|
|-weather|Sandstorm|[upkeep]
|-damage|p2a: Celebi|94/100|[from] Sandstorm
|-heal|p2a: Celebi|100/100|[from] item: Leftovers
|upkeep
|turn|78
|inactive|Svejk97 has 270 seconds left.
|
|t:|1729437684
|switch|p1a: Blissey|Blissey, F|100/100
|move|p2a: Celebi|Leech Seed|p1a: Blissey
|-start|p1a: Blissey|move: Leech Seed
|
|-weather|Sandstorm|[upkeep]
|-damage|p2a: Celebi|94/100|[from] Sandstorm
|-damage|p1a: Blissey|94/100|[from] Sandstorm
|-heal|p2a: Celebi|100/100|[from] item: Leftovers
|-heal|p1a: Blissey|100/100|[from] item: Leftovers
|-damage|p1a: Blissey|88/100|[from] Leech Seed|[of] p2a: Celebi
|upkeep
|turn|79
|inactive|Svejk97 has 270 seconds left.
|
|t:|1729437704
|switch|p2a: Metagross|Metagross|82/100
|move|p1a: Blissey|Wish|p1a: Blissey
|
|-weather|Sandstorm|[upkeep]
|-damage|p1a: Blissey|82/100|[from] Sandstorm
|-heal|p2a: Metagross|88/100|[from] item: Leftovers
|-heal|p1a: Blissey|88/100|[from] item: Leftovers
|-damage|p1a: Blissey|76/100|[from] Leech Seed|[of] p2a: Metagross
|-heal|p2a: Metagross|100/100|[silent]
|upkeep
|turn|80
|
|t:|1729437715
|switch|p1a: Hariyama|Hariyama, F|64/100 tox
|move|p2a: Metagross|Earthquake|p1a: Hariyama
|-damage|p1a: Hariyama|29/100 tox
|
|-heal|p1a: Hariyama|79/100 tox|[from] move: Wish|[wisher] Blissey
|-weather|Sandstorm|[upkeep]
|-damage|p1a: Hariyama|73/100 tox|[from] Sandstorm
|-heal|p1a: Hariyama|79/100 tox|[from] item: Leftovers
|-damage|p1a: Hariyama|73/100 tox|[from] psn
|upkeep
|turn|81
|
|t:|1729437734
|move|p2a: Metagross|Earthquake|p1a: Hariyama
|-damage|p1a: Hariyama|41/100 tox
|move|p1a: Hariyama|Brick Break|p2a: Metagross
|-damage|p2a: Metagross|61/100
|
|-weather|Sandstorm|[upkeep]
|-damage|p1a: Hariyama|35/100 tox|[from] Sandstorm
|-heal|p2a: Metagross|68/100|[from] item: Leftovers
|-heal|p1a: Hariyama|41/100 tox|[from] item: Leftovers
|-damage|p1a: Hariyama|28/100 tox|[from] psn
|upkeep
|turn|82
|
|t:|1729437745
|switch|p1a: Swampert|Swampert, M|100/100
|move|p2a: Metagross|Earthquake|p1a: Swampert
|-damage|p1a: Swampert|74/100
|
|-weather|Sandstorm|[upkeep]
|-heal|p2a: Metagross|74/100|[from] item: Leftovers
|-heal|p1a: Swampert|80/100|[from] item: Leftovers
|upkeep
|turn|83
|
|t:|1729437756
|switch|p2a: Celebi|Celebi|100/100
|move|p1a: Swampert|Ice Beam|p2a: Celebi
|-supereffective|p2a: Celebi
|-damage|p2a: Celebi|69/100
|
|-weather|Sandstorm|[upkeep]
|-damage|p2a: Celebi|62/100|[from] Sandstorm
|-heal|p2a: Celebi|69/100|[from] item: Leftovers
|-heal|p1a: Swampert|86/100|[from] item: Leftovers
|upkeep
|turn|84
|
|t:|1729437768
|switch|p1a: Blissey|Blissey, F|76/100
|move|p2a: Celebi|Leech Seed|p1a: Blissey
|-start|p1a: Blissey|move: Leech Seed
|
|-weather|Sandstorm|[upkeep]
|-damage|p2a: Celebi|62/100|[from] Sandstorm
|-damage|p1a: Blissey|69/100|[from] Sandstorm
|-heal|p2a: Celebi|69/100|[from] item: Leftovers
|-heal|p1a: Blissey|76/100|[from] item: Leftovers
|-damage|p1a: Blissey|63/100|[from] Leech Seed|[of] p2a: Celebi
|-heal|p2a: Celebi|91/100|[silent]
|upkeep
|turn|85
|
|t:|1729437786
|switch|p2a: Metagross|Metagross|74/100
|move|p1a: Blissey|Wish|p1a: Blissey
|
|-weather|Sandstorm|[upkeep]
|-damage|p1a: Blissey|57/100|[from] Sandstorm
|-heal|p2a: Metagross|80/100|[from] item: Leftovers
|-heal|p1a: Blissey|63/100|[from] item: Leftovers
|-damage|p1a: Blissey|51/100|[from] Leech Seed|[of] p2a: Metagross
|-heal|p2a: Metagross|100/100|[silent]
|upkeep
|turn|86
|
|t:|1729437796
|switch|p1a: Swampert|Swampert, M|86/100
|move|p2a: Metagross|Meteor Mash|p1a: Swampert
|-resisted|p1a: Swampert
|-damage|p1a: Swampert|66/100
|
|-heal|p1a: Swampert|100/100|[from] move: Wish|[wisher] Blissey
|-weather|Sandstorm|[upkeep]
|upkeep
|turn|87
|
|t:|1729437807
|switch|p2a: Celebi|Celebi|91/100
|move|p1a: Swampert|Ice Beam|p2a: Celebi
|-supereffective|p2a: Celebi
|-damage|p2a: Celebi|60/100
|-status|p2a: Celebi|frz
|
|-weather|Sandstorm|[upkeep]
|-damage|p2a: Celebi|54/100 frz|[from] Sandstorm
|-heal|p2a: Celebi|60/100 frz|[from] item: Leftovers
|upkeep
|turn|88
|
|t:|1729437818
|-curestatus|p2a: Celebi|frz|[from] ability: Natural Cure
|switch|p2a: Starmie|Starmie|84/100
|move|p1a: Swampert|Earthquake|p2a: Starmie
|-damage|p2a: Starmie|42/100
|
|-weather|Sandstorm|[upkeep]
|-damage|p2a: Starmie|36/100|[from] Sandstorm
|-heal|p2a: Starmie|42/100|[from] item: Leftovers
|upkeep
|turn|89
|
|t:|1729437829
|move|p2a: Starmie|Recover|p2a: Starmie
|-heal|p2a: Starmie|92/100
|move|p1a: Swampert|Earthquake|p2a: Starmie
|-damage|p2a: Starmie|48/100
|
|-weather|Sandstorm|[upkeep]
|-damage|p2a: Starmie|41/100|[from] Sandstorm
|-heal|p2a: Starmie|48/100|[from] item: Leftovers
|upkeep
|turn|90
|
|t:|1729437839
|move|p2a: Starmie|Recover|p2a: Starmie
|-heal|p2a: Starmie|98/100
|move|p1a: Swampert|Earthquake|p2a: Starmie
|-damage|p2a: Starmie|52/100
|
|-weather|Sandstorm|[upkeep]
|-damage|p2a: Starmie|46/100|[from] Sandstorm
|-heal|p2a: Starmie|52/100|[from] item: Leftovers
|upkeep
|turn|91
|
|t:|1729437848
|move|p2a: Starmie|Recover|p2a: Starmie
|-heal|p2a: Starmie|100/100
|move|p1a: Swampert|Earthquake|p2a: Starmie
|-crit|p2a: Starmie
|-damage|p2a: Starmie|22/100
|
|-weather|Sandstorm|[upkeep]
|-damage|p2a: Starmie|16/100|[from] Sandstorm
|-heal|p2a: Starmie|22/100|[from] item: Leftovers
|upkeep
|turn|92
|
|t:|1729437858
|move|p2a: Starmie|Recover|p2a: Starmie
|-heal|p2a: Starmie|72/100
|move|p1a: Swampert|Earthquake|p2a: Starmie
|-damage|p2a: Starmie|33/100
|
|-weather|Sandstorm|[upkeep]
|-damage|p2a: Starmie|27/100|[from] Sandstorm
|-heal|p2a: Starmie|33/100|[from] item: Leftovers
|upkeep
|turn|93
|inactive|Svejk97 has 270 seconds left.
|
|t:|1729437869
|move|p2a: Starmie|Recover|p2a: Starmie
|-heal|p2a: Starmie|83/100
|move|p1a: Swampert|Earthquake|p2a: Starmie
|-damage|p2a: Starmie|41/100
|
|-weather|Sandstorm|[upkeep]
|-damage|p2a: Starmie|35/100|[from] Sandstorm
|-heal|p2a: Starmie|41/100|[from] item: Leftovers
|upkeep
|turn|94
|inactive|Svejk97 has 270 seconds left.
|
|t:|1729437879
|move|p2a: Starmie|Recover|p2a: Starmie
|-heal|p2a: Starmie|91/100
|move|p1a: Swampert|Earthquake|p2a: Starmie
|-damage|p2a: Starmie|50/100
|
|-weather|Sandstorm|[upkeep]
|-damage|p2a: Starmie|44/100|[from] Sandstorm
|-heal|p2a: Starmie|50/100|[from] item: Leftovers
|upkeep
|turn|95
|
|t:|1729437889
|move|p2a: Starmie|Recover|p2a: Starmie
|-heal|p2a: Starmie|100/100
|move|p1a: Swampert|Earthquake|p2a: Starmie
|-damage|p2a: Starmie|55/100
|
|-weather|Sandstorm|[upkeep]
|-damage|p2a: Starmie|49/100|[from] Sandstorm
|-heal|p2a: Starmie|55/100|[from] item: Leftovers
|upkeep
|turn|96
|
|t:|1729437899
|move|p2a: Starmie|Recover|p2a: Starmie
|-heal|p2a: Starmie|100/100
|move|p1a: Swampert|Ice Beam|p2a: Starmie
|-resisted|p2a: Starmie
|-damage|p2a: Starmie|91/100
|
|-weather|Sandstorm|[upkeep]
|-damage|p2a: Starmie|84/100|[from] Sandstorm
|-heal|p2a: Starmie|91/100|[from] item: Leftovers
|upkeep
|turn|97
|
|t:|1729437909
|switch|p1a: Blissey|Blissey, F|51/100
|move|p2a: Starmie|Ice Beam|p1a: Blissey
|-damage|p1a: Blissey|43/100
|
|-weather|Sandstorm|[upkeep]
|-damage|p2a: Starmie|84/100|[from] Sandstorm
|-damage|p1a: Blissey|37/100|[from] Sandstorm
|-heal|p2a: Starmie|91/100|[from] item: Leftovers
|-heal|p1a: Blissey|43/100|[from] item: Leftovers
|upkeep
|turn|98
|
|t:|1729437920
|switch|p2a: Celebi|Celebi|60/100
|move|p1a: Blissey|Soft-Boiled|p1a: Blissey
|-heal|p1a: Blissey|93/100
|
|-weather|Sandstorm|[upkeep]
|-damage|p2a: Celebi|54/100|[from] Sandstorm
|-damage|p1a: Blissey|87/100|[from] Sandstorm
|-heal|p2a: Celebi|60/100|[from] item: Leftovers
|-heal|p1a: Blissey|93/100|[from] item: Leftovers
|upkeep
|turn|99
|
|t:|1729437932
|move|p2a: Celebi|Recover|p2a: Celebi
|-heal|p2a: Celebi|100/100
|move|p1a: Blissey|Toxic|p2a: Celebi
|-status|p2a: Celebi|tox
|
|-weather|Sandstorm|[upkeep]
|-damage|p2a: Celebi|94/100 tox|[from] Sandstorm
|-damage|p1a: Blissey|87/100|[from] Sandstorm
|-heal|p2a: Celebi|100/100 tox|[from] item: Leftovers
|-damage|p2a: Celebi|94/100 tox|[from] psn
|-heal|p1a: Blissey|93/100|[from] item: Leftovers
|upkeep
|turn|100
|
|t:|1729437944
|move|p2a: Celebi|Leech Seed|p1a: Blissey
|-start|p1a: Blissey|move: Leech Seed
|move|p1a: Blissey|Seismic Toss|p2a: Celebi
|-damage|p2a: Celebi|69/100 tox
|
|-weather|Sandstorm|[upkeep]
|-damage|p2a: Celebi|63/100 tox|[from] Sandstorm
|-damage|p1a: Blissey|87/100|[from] Sandstorm
|-heal|p2a: Celebi|69/100 tox|[from] item: Leftovers
|-damage|p2a: Celebi|57/100 tox|[from] psn
|-heal|p1a: Blissey|93/100|[from] item: Leftovers
|-damage|p1a: Blissey|80/100|[from] Leech Seed|[of] p2a: Celebi
|-heal|p2a: Celebi|79/100 tox|[silent]
|upkeep
|turn|101
|
|t:|1729437959
|-curestatus|p2a: Celebi|tox|[from] ability: Natural Cure
|switch|p2a: Metagross|Metagross|100/100
|switch|p1a: Starmie|Starmie, shiny|100/100
|
|-weather|Sandstorm|[upkeep]
|-damage|p1a: Starmie|94/100|[from] Sandstorm
|-heal|p1a: Starmie|100/100|[from] item: Leftovers
|upkeep
|turn|102
|
|t:|1729437971
|move|p1a: Starmie|Thunder Wave|p2a: Metagross
|-status|p2a: Metagross|par
|move|p2a: Metagross|Earthquake|p1a: Starmie
|-damage|p1a: Starmie|66/100
|
|-weather|Sandstorm|[upkeep]
|-damage|p1a: Starmie|59/100|[from] Sandstorm
|-heal|p1a: Starmie|66/100|[from] item: Leftovers
|upkeep
|turn|103
|
|t:|1729437981
|switch|p2a: Celebi|Celebi|79/100
|move|p1a: Starmie|Surf|p2a: Celebi
|-resisted|p2a: Celebi
|-damage|p2a: Celebi|65/100
|
|-weather|Sandstorm|[upkeep]
|-damage|p2a: Celebi|59/100|[from] Sandstorm
|-damage|p1a: Starmie|59/100|[from] Sandstorm
|-heal|p2a: Celebi|65/100|[from] item: Leftovers
|-heal|p1a: Starmie|66/100|[from] item: Leftovers
|upkeep
|turn|104
|
|t:|1729437995
|move|p2a: Celebi|Heal Bell|p2a: Celebi
|-activate|p2a: Celebi|move: Heal Bell
|-curestatus|p2: Metagross|par|[silent]
|move|p1a: Starmie|Thunder Wave|p2a: Celebi
|-status|p2a: Celebi|par
|
|-weather|Sandstorm|[upkeep]
|-damage|p1a: Starmie|59/100|[from] Sandstorm
|-damage|p2a: Celebi|59/100 par|[from] Sandstorm
|-heal|p1a: Starmie|66/100|[from] item: Leftovers
|-heal|p2a: Celebi|65/100 par|[from] item: Leftovers
|upkeep
|turn|105
|
|t:|1729438007
|switch|p1a: Tyranitar|Tyranitar, F|76/100 tox
|move|p2a: Celebi|Leech Seed|p1a: Tyranitar
|-start|p1a: Tyranitar|move: Leech Seed
|
|-weather|Sandstorm|[upkeep]
|-damage|p2a: Celebi|59/100 par|[from] Sandstorm
|-heal|p1a: Tyranitar|82/100 tox|[from] item: Leftovers
|-damage|p1a: Tyranitar|69/100 tox|[from] Leech Seed|[of] p2a: Celebi
|-heal|p2a: Celebi|71/100 par|[silent]
|-damage|p1a: Tyranitar|63/100 tox|[from] psn
|-heal|p2a: Celebi|77/100 par|[from] item: Leftovers
|upkeep
|turn|106
|inactive|Svejk97 has 270 seconds left.
|
|t:|1729438030
|switch|p1a: Blissey|Blissey, F|80/100
|move|p2a: Celebi|Hidden Power|p1a: Blissey
|-damage|p1a: Blissey|71/100
|
|-weather|Sandstorm|[upkeep]
|-damage|p1a: Blissey|65/100|[from] Sandstorm
|-damage|p2a: Celebi|71/100 par|[from] Sandstorm
|-heal|p1a: Blissey|71/100|[from] item: Leftovers
|-heal|p2a: Celebi|77/100 par|[from] item: Leftovers
|upkeep
|turn|107
|inactive|Svejk97 has 270 seconds left.
|
|t:|1729438041
|move|p1a: Blissey|Wish|p1a: Blissey
|move|p2a: Celebi|Leech Seed|p1a: Blissey
|-start|p1a: Blissey|move: Leech Seed
|
|-weather|Sandstorm|[upkeep]
|-damage|p1a: Blissey|65/100|[from] Sandstorm
|-damage|p2a: Celebi|71/100 par|[from] Sandstorm
|-heal|p1a: Blissey|71/100|[from] item: Leftovers
|-damage|p1a: Blissey|58/100|[from] Leech Seed|[of] p2a: Celebi
|-heal|p2a: Celebi|93/100 par|[silent]
|-heal|p2a: Celebi|99/100 par|[from] item: Leftovers
|upkeep
|turn|108
|inactive|Svejk97 has 270 seconds left.
|
|t:|1729438052
|switch|p1a: Hariyama|Hariyama, F|28/100 tox
|move|p2a: Celebi|Heal Bell|p2a: Celebi
|-activate|p2a: Celebi|move: Heal Bell
|-curestatus|p2a: Celebi|par|[silent]
|
|-heal|p1a: Hariyama|78/100 tox|[from] move: Wish|[wisher] Blissey
|-weather|Sandstorm|[upkeep]
|-damage|p2a: Celebi|93/100|[from] Sandstorm
|-damage|p1a: Hariyama|72/100 tox|[from] Sandstorm
|-heal|p2a: Celebi|99/100|[from] item: Leftovers
|-heal|p1a: Hariyama|78/100 tox|[from] item: Leftovers
|-damage|p1a: Hariyama|72/100 tox|[from] psn
|upkeep
|turn|109
|inactive|Svejk97 has 270 seconds left.
|
|t:|1729438074
|switch|p2a: Jirachi|Jirachi|100/100
|switch|p1a: Starmie|Starmie, shiny|66/100
|
|-weather|Sandstorm|[upkeep]
|-damage|p1a: Starmie|59/100|[from] Sandstorm
|-heal|p1a: Starmie|66/100|[from] item: Leftovers
|upkeep
|turn|110
|
|t:|1729438088
|move|p2a: Jirachi|Protect|p2a: Jirachi
|-singleturn|p2a: Jirachi|Protect
|move|p1a: Starmie|Thunder Wave|p2a: Jirachi
|-activate|p2a: Jirachi|Protect
|
|-weather|Sandstorm|[upkeep]
|-damage|p1a: Starmie|59/100|[from] Sandstorm
|-heal|p1a: Starmie|66/100|[from] item: Leftovers
|upkeep
|turn|111
|
|t:|1729438097
|move|p1a: Starmie|Thunder Wave|p2a: Jirachi
|-status|p2a: Jirachi|par
|move|p2a: Jirachi|Toxic|p1a: Starmie|[miss]
|-miss|p2a: Jirachi|p1a: Starmie
|
|-weather|Sandstorm|[upkeep]
|-damage|p1a: Starmie|59/100|[from] Sandstorm
|-heal|p1a: Starmie|66/100|[from] item: Leftovers
|upkeep
|turn|112
|
|t:|1729438107
|move|p1a: Starmie|Surf|p2a: Jirachi
|-damage|p2a: Jirachi|72/100 par
|move|p2a: Jirachi|Toxic|p1a: Starmie|[miss]
|-miss|p2a: Jirachi|p1a: Starmie
|
|-weather|Sandstorm|[upkeep]
|-damage|p1a: Starmie|59/100|[from] Sandstorm
|-heal|p1a: Starmie|66/100|[from] item: Leftovers
|upkeep
|turn|113
|inactive|Svejk97 has 270 seconds left.
|
|t:|1729438117
|switch|p2a: Celebi|Celebi|99/100
|move|p1a: Starmie|Surf|p2a: Celebi
|-resisted|p2a: Celebi
|-damage|p2a: Celebi|85/100
|
|-weather|Sandstorm|[upkeep]
|-damage|p2a: Celebi|79/100|[from] Sandstorm
|-damage|p1a: Starmie|59/100|[from] Sandstorm
|-heal|p2a: Celebi|85/100|[from] item: Leftovers
|-heal|p1a: Starmie|66/100|[from] item: Leftovers
|upkeep
|turn|114
|inactive|Svejk97 has 270 seconds left.
|
|t:|1729438128
|move|p2a: Celebi|Heal Bell|p2a: Celebi
|-activate|p2a: Celebi|move: Heal Bell
|-curestatus|p2: Jirachi|par|[silent]
|move|p1a: Starmie|Thunder Wave|p2a: Celebi
|-status|p2a: Celebi|par
|
|-weather|Sandstorm|[upkeep]
|-damage|p1a: Starmie|59/100|[from] Sandstorm
|-damage|p2a: Celebi|79/100 par|[from] Sandstorm
|-heal|p1a: Starmie|66/100|[from] item: Leftovers
|-heal|p2a: Celebi|85/100 par|[from] item: Leftovers
|upkeep
|turn|115
|inactive|Svejk97 has 270 seconds left.
|
|t:|1729438140
|switch|p1a: Tyranitar|Tyranitar, F|63/100 tox
|move|p2a: Celebi|Heal Bell|p2a: Celebi
|-activate|p2a: Celebi|move: Heal Bell
|-curestatus|p2a: Celebi|par|[silent]
|
|-weather|Sandstorm|[upkeep]
|-damage|p2a: Celebi|79/100|[from] Sandstorm
|-heal|p2a: Celebi|85/100|[from] item: Leftovers
|-heal|p1a: Tyranitar|69/100 tox|[from] item: Leftovers
|-damage|p1a: Tyranitar|63/100 tox|[from] psn
|upkeep
|turn|116
|inactive|Svejk97 has 270 seconds left.
|
|t:|1729438161
|switch|p2a: Starmie|Starmie|91/100
|move|p1a: Tyranitar|Hidden Power|p2a: Starmie
|-supereffective|p2a: Starmie
|-damage|p2a: Starmie|30/100
|
|-weather|Sandstorm|[upkeep]
|-damage|p2a: Starmie|23/100|[from] Sandstorm
|-heal|p2a: Starmie|30/100|[from] item: Leftovers
|-heal|p1a: Tyranitar|69/100 tox|[from] item: Leftovers
|-damage|p1a: Tyranitar|57/100 tox|[from] psn
|upkeep
|turn|117
|
|t:|1729438173
|switch|p1a: Starmie|Starmie, shiny|66/100
|move|p2a: Starmie|Recover|p2a: Starmie
|-heal|p2a: Starmie|80/100
|
|-weather|Sandstorm|[upkeep]
|-damage|p2a: Starmie|73/100|[from] Sandstorm
|-damage|p1a: Starmie|59/100|[from] Sandstorm
|-heal|p2a: Starmie|80/100|[from] item: Leftovers
|-heal|p1a: Starmie|66/100|[from] item: Leftovers
|upkeep
|turn|118
|
|t:|1729438183
|move|p2a: Starmie|Thunderbolt|p1a: Starmie
|-supereffective|p1a: Starmie
|-damage|p1a: Starmie|11/100
|move|p1a: Starmie|Thunder Wave|p2a: Starmie
|-status|p2a: Starmie|par
|
|-weather|Sandstorm|[upkeep]
|-damage|p1a: Starmie|5/100|[from] Sandstorm
|-damage|p2a: Starmie|73/100 par|[from] Sandstorm
|-heal|p1a: Starmie|11/100|[from] item: Leftovers
|-heal|p2a: Starmie|80/100 par|[from] item: Leftovers
|upkeep
|turn|119
|
|t:|1729438196
|move|p1a: Starmie|Recover|p1a: Starmie
|-heal|p1a: Starmie|61/100
|move|p2a: Starmie|Ice Beam|p1a: Starmie
|-resisted|p1a: Starmie
|-damage|p1a: Starmie|48/100
|
|-weather|Sandstorm|[upkeep]
|-damage|p1a: Starmie|42/100|[from] Sandstorm
|-damage|p2a: Starmie|73/100 par|[from] Sandstorm
|-heal|p1a: Starmie|48/100|[from] item: Leftovers
|-heal|p2a: Starmie|80/100 par|[from] item: Leftovers
|upkeep
|turn|120
|
|t:|1729438207
|move|p1a: Starmie|Recover|p1a: Starmie
|-heal|p1a: Starmie|98/100
|move|p2a: Starmie|Thunderbolt|p1a: Starmie
|-supereffective|p1a: Starmie
|-damage|p1a: Starmie|46/100
|
|-weather|Sandstorm|[upkeep]
|-damage|p1a: Starmie|40/100|[from] Sandstorm
|-damage|p2a: Starmie|73/100 par|[from] Sandstorm
|-heal|p1a: Starmie|46/100|[from] item: Leftovers
|-heal|p2a: Starmie|80/100 par|[from] item: Leftovers
|upkeep
|turn|121
|
|t:|1729438218
|move|p1a: Starmie|Recover|p1a: Starmie
|-heal|p1a: Starmie|96/100
|cant|p2a: Starmie|par
|
|-weather|Sandstorm|[upkeep]
|-damage|p1a: Starmie|90/100|[from] Sandstorm
|-damage|p2a: Starmie|73/100 par|[from] Sandstorm
|-heal|p1a: Starmie|96/100|[from] item: Leftovers
|-heal|p2a: Starmie|80/100 par|[from] item: Leftovers
|upkeep
|turn|122
|
|t:|1729438230
|switch|p1a: Swampert|Swampert, M|100/100
|-curestatus|p2a: Starmie|par|[from] ability: Natural Cure
|switch|p2a: Celebi|Celebi|85/100
|
|-weather|Sandstorm|[upkeep]
|-damage|p2a: Celebi|79/100|[from] Sandstorm
|-heal|p2a: Celebi|85/100|[from] item: Leftovers
|upkeep
|turn|123
|
|t:|1729438241
|switch|p1a: Blissey|Blissey, F|58/100
|move|p2a: Celebi|Leech Seed|p1a: Blissey
|-start|p1a: Blissey|move: Leech Seed
|
|-weather|Sandstorm|[upkeep]
|-damage|p2a: Celebi|79/100|[from] Sandstorm
|-damage|p1a: Blissey|52/100|[from] Sandstorm
|-heal|p2a: Celebi|85/100|[from] item: Leftovers
|-heal|p1a: Blissey|58/100|[from] item: Leftovers
|-damage|p1a: Blissey|46/100|[from] Leech Seed|[of] p2a: Celebi
|-heal|p2a: Celebi|100/100|[silent]
|upkeep
|turn|124
|
|t:|1729438255
|switch|p2a: Metagross|Metagross|100/100
|move|p1a: Blissey|Soft-Boiled|p1a: Blissey
|-heal|p1a: Blissey|96/100
|
|-weather|Sandstorm|[upkeep]
|-damage|p1a: Blissey|90/100|[from] Sandstorm
|-heal|p1a: Blissey|96/100|[from] item: Leftovers
|-damage|p1a: Blissey|83/100|[from] Leech Seed|[of] p2a: Metagross
|upkeep
|turn|125
|
|t:|1729438265
|switch|p1a: Starmie|Starmie, shiny|96/100
|move|p2a: Metagross|Earthquake|p1a: Starmie
|-damage|p1a: Starmie|59/100
|
|-weather|Sandstorm|[upkeep]
|-damage|p1a: Starmie|53/100|[from] Sandstorm
|-heal|p1a: Starmie|59/100|[from] item: Leftovers
|upkeep
|turn|126
|
|t:|1729438275
|switch|p2a: Celebi|Celebi|100/100
|move|p1a: Starmie|Thunder Wave|p2a: Celebi
|-status|p2a: Celebi|par
|
|-weather|Sandstorm|[upkeep]
|-damage|p1a: Starmie|53/100|[from] Sandstorm
|-damage|p2a: Celebi|94/100 par|[from] Sandstorm
|-heal|p1a: Starmie|59/100|[from] item: Leftovers
|-heal|p2a: Celebi|100/100 par|[from] item: Leftovers
|upkeep
|turn|127
|
|t:|1729438287
|move|p1a: Starmie|Recover|p1a: Starmie
|-heal|p1a: Starmie|100/100
|move|p2a: Celebi|Hidden Power|p1a: Starmie
|-supereffective|p1a: Starmie
|-damage|p1a: Starmie|40/100
|
|-weather|Sandstorm|[upkeep]
|-damage|p1a: Starmie|34/100|[from] Sandstorm
|-damage|p2a: Celebi|94/100 par|[from] Sandstorm
|-heal|p1a: Starmie|40/100|[from] item: Leftovers
|-heal|p2a: Celebi|100/100 par|[from] item: Leftovers
|upkeep
|turn|128
|
|t:|1729438300
|move|p1a: Starmie|Recover|p1a: Starmie
|-heal|p1a: Starmie|90/100
|move|p2a: Celebi|Hidden Power|p1a: Starmie
|-supereffective|p1a: Starmie
|-damage|p1a: Starmie|22/100
|
|-weather|Sandstorm|[upkeep]
|-damage|p1a: Starmie|16/100|[from] Sandstorm
|-damage|p2a: Celebi|94/100 par|[from] Sandstorm
|-heal|p1a: Starmie|22/100|[from] item: Leftovers
|-heal|p2a: Celebi|100/100 par|[from] item: Leftovers
|upkeep
|turn|129
|
|t:|1729438311
|move|p1a: Starmie|Recover|p1a: Starmie
|-heal|p1a: Starmie|72/100
|move|p2a: Celebi|Hidden Power|p1a: Starmie
|-supereffective|p1a: Starmie
|-damage|p1a: Starmie|12/100
|
|-weather|Sandstorm|[upkeep]
|-damage|p1a: Starmie|5/100|[from] Sandstorm
|-damage|p2a: Celebi|94/100 par|[from] Sandstorm
|-heal|p1a: Starmie|12/100|[from] item: Leftovers
|-heal|p2a: Celebi|100/100 par|[from] item: Leftovers
|upkeep
|turn|130
|
|t:|1729438323
|move|p1a: Starmie|Recover|p1a: Starmie
|-heal|p1a: Starmie|62/100
|move|p2a: Celebi|Hidden Power|p1a: Starmie
|-supereffective|p1a: Starmie
|-damage|p1a: Starmie|0 fnt
|faint|p1a: Starmie
|
|t:|1729438332
|switch|p1a: Tyranitar|Tyranitar, F|57/100 tox
|
|-weather|Sandstorm|[upkeep]
|-damage|p2a: Celebi|94/100 par|[from] Sandstorm
|-heal|p1a: Tyranitar|63/100 tox|[from] item: Leftovers
|-damage|p1a: Tyranitar|57/100 tox|[from] psn
|-heal|p2a: Celebi|100/100 par|[from] item: Leftovers
|upkeep
|turn|131
|inactive|Svejk97 has 270 seconds left.
|
|t:|1729438347
|-curestatus|p2a: Celebi|par|[from] ability: Natural Cure
|switch|p2a: Starmie|Starmie|80/100
|move|p1a: Tyranitar|Earthquake|p2a: Starmie
|-damage|p2a: Starmie|32/100
|
|-weather|Sandstorm|[upkeep]
|-damage|p2a: Starmie|26/100|[from] Sandstorm
|-heal|p2a: Starmie|32/100|[from] item: Leftovers
|-heal|p1a: Tyranitar|63/100 tox|[from] item: Leftovers
|-damage|p1a: Tyranitar|51/100 tox|[from] psn
|upkeep
|turn|132
|inactive|Svejk97 has 270 seconds left.
|
|t:|1729438359
|move|p2a: Starmie|Recover|p2a: Starmie
|-heal|p2a: Starmie|82/100
|move|p1a: Tyranitar|Hidden Power|p2a: Starmie
|-supereffective|p2a: Starmie
|-damage|p2a: Starmie|25/100
|
|-weather|Sandstorm|[upkeep]
|-damage|p2a: Starmie|19/100|[from] Sandstorm
|-heal|p2a: Starmie|25/100|[from] item: Leftovers
|-heal|p1a: Tyranitar|57/100 tox|[from] item: Leftovers
|-damage|p1a: Tyranitar|38/100 tox|[from] psn
|upkeep
|turn|133
|inactive|Svejk97 has 270 seconds left.
|c|☆BRstelli|gg
|-message|BRstelli forfeited.
|
|win|Svejk97
|player|p1|
|c|☆Svejk97|Gg
|player|p2|
|player|p1|BRstelli|169|

</script>
<script type="application/json" class="data" id="replaydata-smogtours-gen3ou-800399">
{"id":"smogtours-gen3ou-800399","format":"[Gen 3] OU","players":["BRstelli","Svejk97"],"uploadtime":1729438368,"views":114,"formatid":"gen3ou","rating":null,"private":0,"password":null}
</script>

<script defer src="js/replays.js?9d40a366"></script>
