<!DOCTYPE html>
<meta charset="utf-8" />
<meta name="viewport" content="width=device-width" />

<title>[Gen 3] OU: 3 blades vs. no more bad dreams - Replays - Pok&eacute;mon Showdown!</title>

<meta name="description" content="Watch a replay of a Pok&eacute;mon battle between 3 blades and no more bad dreams! Format: [Gen 3] OU; Date: Oct 24, 2024" />
<!--

Hey, you! Looking in the source for the replay log?

You can find them in JSON format, just add `.json` at the end of a replay URL.

https://replay.pokemonshowdown.com/gen7randomdoublesbattle-865046831.json

Or, if you only need the log itself, add `.log` instead:

https://replay.pokemonshowdown.com/gen7randomdoublesbattle-865046831.log

-->

<link rel="stylesheet" href="//pokemonshowdown.com/style/global.css?0.767286132409787" />
<link rel="stylesheet" href="//play.pokemonshowdown.com/style/font-awesome.css?0.9266228007934947" />
<link rel="stylesheet" href="//play.pokemonshowdown.com/style/battle.css?0.7924700842790926" />
<link rel="stylesheet" href="//play.pokemonshowdown.com/style/utilichart.css?0.8777417872839479" />

<!-- Global site tag (gtag.js) - Google Analytics -->
<script async src="https://www.googletagmanager.com/gtag/js?id=UA-26211653-1"></script>
<script>
  window.dataLayer = window.dataLayer || [];
  function gtag(){dataLayer.push(arguments);}
  gtag('js', new Date());

  gtag('config', 'UA-26211653-1');
</script>
<!-- End Google Analytics -->
<!-- Venatus Ad Manager - Install in <HEAD> of page -->
	<script src="https://hb.vntsm.com/v3/live/ad-manager.min.js" type="text/javascript" data-site-id="642aba63ec9a7b11c3c9c1be" data-mode="scan" async></script>
<!-- / Venatus Ad Manager -->

<style>
	@media (max-width:820px) {
		.battle {
			margin: 0 auto;
		}
		.battle-log {
			margin: 7px auto 0;
			max-width: 640px;
			height: 300px;
			position: static;
		}
	}
	.optgroup {
		display: inline-block;
		line-height: 22px;
		font-size: 10pt;
	}
	.optgroup .button {
		height: 25px;
		padding-top: 0;
		padding-bottom: 0;
	}
	.optgroup button.button {
		padding-left: 12px;
		padding-right: 12px;
	}
	.linklist {
		list-style: none;
		margin: 0.5em 0;
		padding: 0;
	}
	.linklist li {
		padding: 2px 0;
	}
	.sidebar {
		float: left;
		width: 320px;
	}
	.bar-wrapper {
		max-width: 1100px;
		margin: 0 auto;
	}
	.bar-wrapper.has-sidebar {
		max-width: 1430px;
	}
	.mainbar {
		margin: 0;
		padding-right: 1px;
	}
	.mainbar.has-sidebar {
		margin-left: 330px;
	}
	@media (min-width: 1511px) {
		.sidebar {
			width: 400px;
		}
		.bar-wrapper.has-sidebar {
			max-width: 1510px;
		}
		.mainbar.has-sidebar {
			margin-left: 410px;
		}
	}
	.section.first-section {
		margin-top: 9px;
	}
	.blocklink small {
		white-space: normal;
	}
	.button {
		vertical-align: middle;
	}
	.replay-controls {
		padding-top: 10px;
	}
	.replay-controls h1 {
		font-size: 16pt;
		font-weight: normal;
		color: #CCC;
	}
	.pagelink {
		text-align: center;
	}
	.pagelink a {
		width: 150px;
	}
	.textbox, .button {
		font-size: 11pt;
		vertical-align: middle;
	}
	@media (max-width: 450px) {
		.button {
			font-size: 9pt;
		}
	}
</style>

<div>

	<header>
		<div class="nav-wrapper"><ul class="nav">
			<li><a class="button nav-first" href="//pokemonshowdown.com/"><img src="//pokemonshowdown.com/images/pokemonshowdownbeta.png" srcset="//pokemonshowdown.com/images/pokemonshowdownbeta.png 1x, //pokemonshowdown.com/images/pokemonshowdownbeta@2x.png 2x" alt="Pok&eacute;mon Showdown" width="146" height="44" /> Home</a></li>
			<li><a class="button" href="//pokemonshowdown.com/dex/">Pok&eacute;dex</a></li>
			<li><a class="button cur" href="/">Replays</a></li>
			<li><a class="button" href="//pokemonshowdown.com/ladder/">Ladder</a></li>
			<li><a class="button nav-last" href="//pokemonshowdown.com/forums/">Forum</a></li>
			<li><a class="button greenbutton nav-first nav-last" href="//play.pokemonshowdown.com/">Play</a></li>
		</ul></div>
	</header>

	<div class="main" id="main">

		<noscript><section class="section">You need to enable JavaScript to use this page; sorry!</section></noscript>

	</div>

</div>

<script defer nomodule src="//play.pokemonshowdown.com/js/lib/ps-polyfill.js"></script>
<script defer src="//play.pokemonshowdown.com/js/lib/preact.min.js"></script>

<script defer src="//play.pokemonshowdown.com/config/config.js?6dec07f6"></script>
<script defer src="//play.pokemonshowdown.com/js/lib/jquery-1.11.0.min.js"></script>
<script defer src="//play.pokemonshowdown.com/js/lib/html-sanitizer-minified.js"></script>
<script defer src="//play.pokemonshowdown.com/js/battle-sound.js"></script>
<script defer src="//play.pokemonshowdown.com/js/battledata.js?0.6315294753075389"></script>
<script defer src="//play.pokemonshowdown.com/data/pokedex-mini.js?0.7603743185311358"></script>
<script defer src="//play.pokemonshowdown.com/data/pokedex-mini-bw.js?0.030888842834281283"></script>
<script defer src="//play.pokemonshowdown.com/data/graphics.js?0.05593094747507488"></script>
<script defer src="//play.pokemonshowdown.com/data/pokedex.js?0.47064822249611904"></script>
<script defer src="//play.pokemonshowdown.com/data/moves.js?0.8583693120512459"></script>
<script defer src="//play.pokemonshowdown.com/data/abilities.js?0.16017181182386842"></script>
<script defer src="//play.pokemonshowdown.com/data/items.js?0.4163379185673943"></script>
<script defer src="//play.pokemonshowdown.com/data/teambuilder-tables.js?0.31075597372830477"></script>
<script defer src="//play.pokemonshowdown.com/js/battle-tooltips.js?0.6536193500708172"></script>
<script defer src="//play.pokemonshowdown.com/js/battle.js?0.1916591943277901"></script>

<script defer src="js/utils.js?e31f9a17"></script>
<script defer src="js/replays-battle.js?7008c182"></script>

<!-- don't scrape this data! just add .json or .log after the URL!
Full API docs: https://github.com/smogon/pokemon-showdown-client/blob/master/WEB-API.md -->
<script type="text/plain" class="log" id="replaylog-smogtours-gen3ou-801609">
|inactive|Battle timer is ON: inactive players will automatically lose when time's up.
|t:|1729798123
|gametype|singles
|player|p1|3 blades|guzma|
|player|p2|no more bad dreams|169|
|teamsize|p1|6
|teamsize|p2|6
|gen|3
|tier|[Gen 3] OU
|rule|Sleep Clause Mod: Limit one foe put to sleep
|rule|Switch Priority Clause Mod: Faster Pokémon switch first
|rule|Species Clause: Limit one of each Pokémon
|rule|OHKO Clause: OHKO moves are banned
|rule|Evasion Items Clause: Evasion items are banned
|rule|Evasion Moves Clause: Evasion moves are banned
|rule|Endless Battle Clause: Forcing endless battles is banned
|rule|HP Percentage Mod: HP is shown in percentages
|rule|One Boost Passer Clause: Limit one Baton Passer that has a way to boost its stats
|rule|Freeze Clause Mod: Limit one foe frozen
|
|t:|1729798123
|start
|switch|p1a: HERMIT PURPLE|Metagross|100/100
|switch|p2a: Tyranitar|Tyranitar, F, shiny|100/100
|-weather|Sandstorm|[from] ability: Sand Stream|[of] p2a: Tyranitar
|turn|1
|c|☆no more bad dreams|glhf
|c|☆3 blades|u2
|
|t:|1729798141
|switch|p2a: Swampert|Swampert, F|100/100
|move|p1a: HERMIT PURPLE|Meteor Mash|p2a: Swampert|[miss]
|-miss|p1a: HERMIT PURPLE|p2a: Swampert
|
|-weather|Sandstorm|[upkeep]
|upkeep
|turn|2
|
|t:|1729798145
|switch|p1a: STONE FREE|Celebi|100/100
|move|p2a: Swampert|Surf|p1a: STONE FREE
|-resisted|p1a: STONE FREE
|-crit|p1a: STONE FREE
|-damage|p1a: STONE FREE|77/100
|
|-weather|Sandstorm|[upkeep]
|-damage|p1a: STONE FREE|70/100|[from] Sandstorm
|-heal|p1a: STONE FREE|77/100|[from] item: Leftovers
|upkeep
|turn|3
|
|t:|1729798149
|switch|p2a: Tyranitar|Tyranitar, F, shiny|100/100
|move|p1a: STONE FREE|Leech Seed|p2a: Tyranitar
|-start|p2a: Tyranitar|move: Leech Seed
|
|-weather|Sandstorm|[upkeep]
|-damage|p1a: STONE FREE|70/100|[from] Sandstorm
|-heal|p1a: STONE FREE|77/100|[from] item: Leftovers
|-damage|p2a: Tyranitar|88/100|[from] Leech Seed|[of] p1a: STONE FREE
|-heal|p1a: STONE FREE|89/100|[silent]
|upkeep
|turn|4
|
|t:|1729798154
|switch|p1a: STAR PLATINUM|Swampert, F|100/100
|switch|p2a: Skarmory|Skarmory, M|100/100
|
|-weather|Sandstorm|[upkeep]
|upkeep
|turn|5
|
|t:|1729798156
|switch|p1a: FUN FUN FUN|Magneton|100/100
|move|p2a: Skarmory|Spikes|p1a: FUN FUN FUN
|-sidestart|p1: 3 blades|Spikes
|
|-weather|Sandstorm|[upkeep]
|upkeep
|turn|6
|
|t:|1729798157
|move|p1a: FUN FUN FUN|Thunderbolt|p2a: Skarmory
|-supereffective|p2a: Skarmory
|-damage|p2a: Skarmory|0 fnt
|faint|p2a: Skarmory
|
|t:|1729798161
|switch|p2a: Claydol|Claydol|100/100
|
|-weather|Sandstorm|[upkeep]
|upkeep
|turn|7
|
|t:|1729798164
|move|p1a: FUN FUN FUN|Protect|p1a: FUN FUN FUN
|-singleturn|p1a: FUN FUN FUN|Protect
|move|p2a: Claydol|Earthquake|p1a: FUN FUN FUN
|-activate|p1a: FUN FUN FUN|Protect
|
|-weather|Sandstorm|[upkeep]
|upkeep
|turn|8
|
|t:|1729798167
|switch|p1a: KILLER QUEEN|Salamence, M|100/100
|-ability|p1a: KILLER QUEEN|Intimidate|boost
|-unboost|p2a: Claydol|atk|1
|move|p2a: Claydol|Earthquake|p1a: KILLER QUEEN
|-immune|p1a: KILLER QUEEN
|
|-weather|Sandstorm|[upkeep]
|-damage|p1a: KILLER QUEEN|94/100|[from] Sandstorm
|-heal|p1a: KILLER QUEEN|100/100|[from] item: Leftovers
|upkeep
|turn|9
|
|t:|1729798170
|switch|p1a: STONE FREE|Celebi|89/100
|-damage|p1a: STONE FREE|77/100|[from] Spikes
|move|p2a: Claydol|Explosion|p1a: STONE FREE
|-damage|p1a: STONE FREE|5/100
|faint|p2a: Claydol
|
|t:|1729798175
|switch|p2a: Swampert|Swampert, F|100/100
|
|-weather|Sandstorm|[upkeep]
|-damage|p1a: STONE FREE|0 fnt|[from] Sandstorm
|faint|p1a: STONE FREE
|upkeep
|
|t:|1729798179
|switch|p1a: FUN FUN FUN|Magneton|100/100
|-damage|p1a: FUN FUN FUN|88/100|[from] Spikes
|turn|10
|
|t:|1729798181
|switch|p2a: Blissey|Blissey, F|100/100
|move|p1a: FUN FUN FUN|Toxic|p2a: Blissey
|-status|p2a: Blissey|tox
|
|-weather|Sandstorm|[upkeep]
|-damage|p2a: Blissey|94/100 tox|[from] Sandstorm
|-heal|p2a: Blissey|100/100 tox|[from] item: Leftovers
|-damage|p2a: Blissey|94/100 tox|[from] psn
|upkeep
|turn|11
|
|t:|1729798185
|-curestatus|p2a: Blissey|tox|[from] ability: Natural Cure
|switch|p2a: Swampert|Swampert, F|100/100
|move|p1a: FUN FUN FUN|Protect||[still]
|-fail|p1a: FUN FUN FUN
|
|-weather|Sandstorm|[upkeep]
|upkeep
|turn|12
|
|t:|1729798188
|move|p1a: FUN FUN FUN|Toxic|p2a: Swampert
|-status|p2a: Swampert|tox
|move|p2a: Swampert|Surf|p1a: FUN FUN FUN
|-damage|p1a: FUN FUN FUN|34/100
|
|-weather|Sandstorm|[upkeep]
|-damage|p2a: Swampert|94/100 tox|[from] psn
|upkeep
|turn|13
|
|t:|1729798200
|switch|p1a: HERMIT PURPLE|Metagross|100/100
|-damage|p1a: HERMIT PURPLE|88/100|[from] Spikes
|move|p2a: Swampert|Refresh|p2a: Swampert
|-curestatus|p2a: Swampert|tox|[msg]
|
|-weather|Sandstorm|[upkeep]
|-heal|p1a: HERMIT PURPLE|94/100|[from] item: Leftovers
|-heal|p2a: Swampert|100/100|[from] item: Leftovers
|upkeep
|turn|14
|
|t:|1729798206
|move|p2a: Swampert|Protect|p2a: Swampert
|-singleturn|p2a: Swampert|Protect
|move|p1a: HERMIT PURPLE|Earthquake|p2a: Swampert
|-activate|p2a: Swampert|Protect
|
|-weather|Sandstorm|[upkeep]
|-heal|p1a: HERMIT PURPLE|99/100|[from] item: Leftovers
|upkeep
|turn|15
|
|t:|1729798209
|move|p1a: HERMIT PURPLE|Earthquake|p2a: Swampert
|-damage|p2a: Swampert|74/100
|move|p2a: Swampert|Surf|p1a: HERMIT PURPLE
|-damage|p1a: HERMIT PURPLE|70/100
|
|-weather|Sandstorm|[upkeep]
|-heal|p1a: HERMIT PURPLE|76/100|[from] item: Leftovers
|-heal|p2a: Swampert|81/100|[from] item: Leftovers
|upkeep
|turn|16
|
|t:|1729798212
|move|p2a: Swampert|Protect|p2a: Swampert
|-singleturn|p2a: Swampert|Protect
|move|p1a: HERMIT PURPLE|Earthquake|p2a: Swampert
|-activate|p2a: Swampert|Protect
|
|-weather|Sandstorm|[upkeep]
|-heal|p1a: HERMIT PURPLE|82/100|[from] item: Leftovers
|-heal|p2a: Swampert|87/100|[from] item: Leftovers
|upkeep
|turn|17
|
|t:|1729798214
|switch|p2a: Gengar|Gengar, M|100/100
|move|p1a: HERMIT PURPLE|Explosion|p2a: Gengar
|-immune|p2a: Gengar
|faint|p1a: HERMIT PURPLE
|
|t:|1729798224
|switch|p1a: FUN FUN FUN|Magneton|34/100
|-damage|p1a: FUN FUN FUN|22/100|[from] Spikes
|
|-weather|Sandstorm|[upkeep]
|-damage|p2a: Gengar|95/100|[from] Sandstorm
|-heal|p2a: Gengar|100/100|[from] item: Leftovers
|upkeep
|turn|18
|
|t:|1729798229
|switch|p2a: Swampert|Swampert, F|87/100
|move|p1a: FUN FUN FUN|Thunderbolt|p2a: Swampert
|-immune|p2a: Swampert
|
|-weather|Sandstorm|[upkeep]
|-heal|p2a: Swampert|93/100|[from] item: Leftovers
|upkeep
|turn|19
|
|t:|1729798231
|move|p1a: FUN FUN FUN|Toxic|p2a: Swampert
|-status|p2a: Swampert|tox
|move|p2a: Swampert|Surf|p1a: FUN FUN FUN
|-damage|p1a: FUN FUN FUN|0 fnt
|faint|p1a: FUN FUN FUN
|
|t:|1729798232
|switch|p1a: THE WORLD|Snorlax, M|100/100
|-damage|p1a: THE WORLD|88/100|[from] Spikes
|
|-weather|Sandstorm|[upkeep]
|-damage|p1a: THE WORLD|82/100|[from] Sandstorm
|-heal|p2a: Swampert|99/100 tox|[from] item: Leftovers
|-damage|p2a: Swampert|93/100 tox|[from] psn
|-heal|p1a: THE WORLD|88/100|[from] item: Leftovers
|upkeep
|turn|20
|
|t:|1729798235
|move|p2a: Swampert|Refresh|p2a: Swampert
|-curestatus|p2a: Swampert|tox|[msg]
|move|p1a: THE WORLD|Earthquake|p2a: Swampert
|-damage|p2a: Swampert|73/100
|
|-weather|Sandstorm|[upkeep]
|-damage|p1a: THE WORLD|82/100|[from] Sandstorm
|-heal|p2a: Swampert|79/100|[from] item: Leftovers
|-heal|p1a: THE WORLD|88/100|[from] item: Leftovers
|upkeep
|turn|21
|
|t:|1729798237
|switch|p2a: Tyranitar|Tyranitar, F, shiny|88/100
|move|p1a: THE WORLD|Body Slam|p2a: Tyranitar
|-resisted|p2a: Tyranitar
|-crit|p2a: Tyranitar
|-damage|p2a: Tyranitar|55/100
|
|-weather|Sandstorm|[upkeep]
|-damage|p1a: THE WORLD|82/100|[from] Sandstorm
|-heal|p1a: THE WORLD|88/100|[from] item: Leftovers
|upkeep
|turn|22
|
|t:|1729798241
|-singleturn|p2a: Tyranitar|move: Focus Punch
|switch|p1a: STAR PLATINUM|Swampert, F|100/100
|-damage|p1a: STAR PLATINUM|88/100|[from] Spikes
|move|p2a: Tyranitar|Focus Punch|p1a: STAR PLATINUM
|-damage|p1a: STAR PLATINUM|50/100
|
|-weather|Sandstorm|[upkeep]
|-heal|p1a: STAR PLATINUM|56/100|[from] item: Leftovers
|upkeep
|turn|23
|
|t:|1729798245
|switch|p2a: Swampert|Swampert, F|79/100
|move|p1a: STAR PLATINUM|Ice Beam|p2a: Swampert
|-damage|p2a: Swampert|63/100
|
|-weather|Sandstorm|[upkeep]
|-heal|p2a: Swampert|69/100|[from] item: Leftovers
|-heal|p1a: STAR PLATINUM|62/100|[from] item: Leftovers
|upkeep
|turn|24
|
|t:|1729798249
|move|p2a: Swampert|Surf|p1a: STAR PLATINUM
|-damage|p1a: STAR PLATINUM|38/100
|move|p1a: STAR PLATINUM|Curse|p1a: STAR PLATINUM
|-unboost|p1a: STAR PLATINUM|spe|1
|-boost|p1a: STAR PLATINUM|atk|1
|-boost|p1a: STAR PLATINUM|def|1
|
|-weather|Sandstorm|[upkeep]
|-heal|p2a: Swampert|76/100|[from] item: Leftovers
|-heal|p1a: STAR PLATINUM|44/100|[from] item: Leftovers
|upkeep
|turn|25
|
|t:|1729798252
|move|p2a: Swampert|Surf|p1a: STAR PLATINUM
|-damage|p1a: STAR PLATINUM|23/100
|move|p1a: STAR PLATINUM|Ice Beam|p2a: Swampert
|-damage|p2a: Swampert|60/100
|
|-weather|Sandstorm|[upkeep]
|-heal|p2a: Swampert|66/100|[from] item: Leftovers
|-heal|p1a: STAR PLATINUM|29/100|[from] item: Leftovers
|upkeep
|turn|26
|
|t:|1729798254
|move|p2a: Swampert|Surf|p1a: STAR PLATINUM
|-damage|p1a: STAR PLATINUM|4/100
|move|p1a: STAR PLATINUM|Earthquake|p2a: Swampert
|-damage|p2a: Swampert|26/100
|
|-weather|Sandstorm|[upkeep]
|-heal|p2a: Swampert|32/100|[from] item: Leftovers
|-heal|p1a: STAR PLATINUM|10/100|[from] item: Leftovers
|upkeep
|turn|27
|
|t:|1729798264
|move|p2a: Swampert|Surf|p1a: STAR PLATINUM
|-crit|p1a: STAR PLATINUM
|-damage|p1a: STAR PLATINUM|0 fnt
|faint|p1a: STAR PLATINUM
|
|t:|1729798265
|switch|p1a: THE WORLD|Snorlax, M|88/100
|-damage|p1a: THE WORLD|76/100|[from] Spikes
|
|-weather|Sandstorm|[upkeep]
|-damage|p1a: THE WORLD|70/100|[from] Sandstorm
|-heal|p2a: Swampert|38/100|[from] item: Leftovers
|-heal|p1a: THE WORLD|76/100|[from] item: Leftovers
|upkeep
|turn|28
|
|t:|1729798268
|switch|p2a: Gengar|Gengar, M|100/100
|move|p1a: THE WORLD|Body Slam|p2a: Gengar
|-immune|p2a: Gengar
|
|-weather|Sandstorm|[upkeep]
|-damage|p2a: Gengar|95/100|[from] Sandstorm
|-damage|p1a: THE WORLD|70/100|[from] Sandstorm
|-heal|p2a: Gengar|100/100|[from] item: Leftovers
|-heal|p1a: THE WORLD|76/100|[from] item: Leftovers
|upkeep
|turn|29
|
|t:|1729798272
|move|p2a: Gengar|Destiny Bond|p2a: Gengar
|-singlemove|p2a: Gengar|Destiny Bond
|move|p1a: THE WORLD|Shadow Ball|p2a: Gengar
|-supereffective|p2a: Gengar
|-damage|p2a: Gengar|0 fnt
|faint|p2a: Gengar
|-activate|p2a: Gengar|move: Destiny Bond
|faint|p1a: THE WORLD
|
|t:|1729798277
|switch|p2a: Blissey|Blissey, F|94/100
|switch|p1a: KILLER QUEEN|Salamence, M|100/100
|-ability|p1a: KILLER QUEEN|Intimidate|boost
|-unboost|p2a: Blissey|atk|1
|
|-weather|Sandstorm|[upkeep]
|-damage|p1a: KILLER QUEEN|94/100|[from] Sandstorm
|-damage|p2a: Blissey|88/100|[from] Sandstorm
|-heal|p1a: KILLER QUEEN|100/100|[from] item: Leftovers
|-heal|p2a: Blissey|94/100|[from] item: Leftovers
|upkeep
|turn|30
|
|t:|1729798283
|move|p1a: KILLER QUEEN|Brick Break|p2a: Blissey
|-supereffective|p2a: Blissey
|-crit|p2a: Blissey
|-damage|p2a: Blissey|0 fnt
|faint|p2a: Blissey
|
|t:|1729798286
|switch|p2a: Swampert|Swampert, F|38/100
|
|-weather|Sandstorm|[upkeep]
|-damage|p1a: KILLER QUEEN|94/100|[from] Sandstorm
|-heal|p1a: KILLER QUEEN|100/100|[from] item: Leftovers
|-heal|p2a: Swampert|44/100|[from] item: Leftovers
|upkeep
|turn|31
|
|t:|1729798288
|move|p1a: KILLER QUEEN|Hidden Power|p2a: Swampert
|-damage|p2a: Swampert|14/100
|move|p2a: Swampert|Toxic|p1a: KILLER QUEEN
|-status|p1a: KILLER QUEEN|tox
|
|-weather|Sandstorm|[upkeep]
|-damage|p1a: KILLER QUEEN|94/100 tox|[from] Sandstorm
|-heal|p1a: KILLER QUEEN|100/100 tox|[from] item: Leftovers
|-damage|p1a: KILLER QUEEN|94/100 tox|[from] psn
|-heal|p2a: Swampert|21/100|[from] item: Leftovers
|upkeep
|turn|32
|
|t:|1729798293
|move|p1a: KILLER QUEEN|Hidden Power|p2a: Swampert
|-damage|p2a: Swampert|0 fnt
|faint|p2a: Swampert
|
|t:|1729798297
|switch|p2a: Tyranitar|Tyranitar, F, shiny|55/100
|
|-weather|Sandstorm|[upkeep]
|-damage|p1a: KILLER QUEEN|88/100 tox|[from] Sandstorm
|-heal|p1a: KILLER QUEEN|94/100 tox|[from] item: Leftovers
|-damage|p1a: KILLER QUEEN|82/100 tox|[from] psn
|upkeep
|turn|33
|
|t:|1729798299
|move|p1a: KILLER QUEEN|Brick Break|p2a: Tyranitar
|-supereffective|p2a: Tyranitar
|-damage|p2a: Tyranitar|0 fnt
|faint|p2a: Tyranitar
|
|win|3 blades
|c|☆3 blades|sry
|c|☆3 blades|gg
|c|☆no more bad dreams|gg

</script>
<script type="application/json" class="data" id="replaydata-smogtours-gen3ou-801609">
{"id":"smogtours-gen3ou-801609","format":"[Gen 3] OU","players":["3 blades","no more bad dreams"],"uploadtime":1729798299,"views":114,"formatid":"gen3ou","rating":null,"private":0,"password":null}
</script>

<script defer src="js/replays.js?9d40a366"></script>
