<!DOCTYPE html>
<meta charset="utf-8" />
<meta name="viewport" content="width=device-width" />

<title>[Gen 3] OU: wiilink100 vs. venik777 - Replays - Pok&eacute;mon Showdown!</title>

<meta name="description" content="Watch a replay of a Pok&eacute;mon battle between wiilink100 and venik777! Format: [Gen 3] OU; Date: Oct 10, 2024" />
<!--

Hey, you! Looking in the source for the replay log?

You can find them in JSON format, just add `.json` at the end of a replay URL.

https://replay.pokemonshowdown.com/gen7randomdoublesbattle-865046831.json

Or, if you only need the log itself, add `.log` instead:

https://replay.pokemonshowdown.com/gen7randomdoublesbattle-865046831.log

-->

<link rel="stylesheet" href="//pokemonshowdown.com/style/global.css?0.023195364461161105" />
<link rel="stylesheet" href="//play.pokemonshowdown.com/style/font-awesome.css?0.13261647063804238" />
<link rel="stylesheet" href="//play.pokemonshowdown.com/style/battle.css?0.8753245789963631" />
<link rel="stylesheet" href="//play.pokemonshowdown.com/style/utilichart.css?0.8627959624976733" />

<!-- Global site tag (gtag.js) - Google Analytics -->
<script async src="https://www.googletagmanager.com/gtag/js?id=UA-26211653-1"></script>
<script>
  window.dataLayer = window.dataLayer || [];
  function gtag(){dataLayer.push(arguments);}
  gtag('js', new Date());

  gtag('config', 'UA-26211653-1');
</script>
<!-- End Google Analytics -->
<!-- Venatus Ad Manager - Install in <HEAD> of page -->
	<script src="https://hb.vntsm.com/v3/live/ad-manager.min.js" type="text/javascript" data-site-id="642aba63ec9a7b11c3c9c1be" data-mode="scan" async></script>
<!-- / Venatus Ad Manager -->

<style>
	@media (max-width:820px) {
		.battle {
			margin: 0 auto;
		}
		.battle-log {
			margin: 7px auto 0;
			max-width: 640px;
			height: 300px;
			position: static;
		}
	}
	.optgroup {
		display: inline-block;
		line-height: 22px;
		font-size: 10pt;
	}
	.optgroup .button {
		height: 25px;
		padding-top: 0;
		padding-bottom: 0;
	}
	.optgroup button.button {
		padding-left: 12px;
		padding-right: 12px;
	}
	.linklist {
		list-style: none;
		margin: 0.5em 0;
		padding: 0;
	}
	.linklist li {
		padding: 2px 0;
	}
	.sidebar {
		float: left;
		width: 320px;
	}
	.bar-wrapper {
		max-width: 1100px;
		margin: 0 auto;
	}
	.bar-wrapper.has-sidebar {
		max-width: 1430px;
	}
	.mainbar {
		margin: 0;
		padding-right: 1px;
	}
	.mainbar.has-sidebar {
		margin-left: 330px;
	}
	@media (min-width: 1511px) {
		.sidebar {
			width: 400px;
		}
		.bar-wrapper.has-sidebar {
			max-width: 1510px;
		}
		.mainbar.has-sidebar {
			margin-left: 410px;
		}
	}
	.section.first-section {
		margin-top: 9px;
	}
	.blocklink small {
		white-space: normal;
	}
	.button {
		vertical-align: middle;
	}
	.replay-controls {
		padding-top: 10px;
	}
	.replay-controls h1 {
		font-size: 16pt;
		font-weight: normal;
		color: #CCC;
	}
	.pagelink {
		text-align: center;
	}
	.pagelink a {
		width: 150px;
	}
	.textbox, .button {
		font-size: 11pt;
		vertical-align: middle;
	}
	@media (max-width: 450px) {
		.button {
			font-size: 9pt;
		}
	}
</style>

<div>

	<header>
		<div class="nav-wrapper"><ul class="nav">
			<li><a class="button nav-first" href="//pokemonshowdown.com/"><img src="//pokemonshowdown.com/images/pokemonshowdownbeta.png" srcset="//pokemonshowdown.com/images/pokemonshowdownbeta.png 1x, //pokemonshowdown.com/images/pokemonshowdownbeta@2x.png 2x" alt="Pok&eacute;mon Showdown" width="146" height="44" /> Home</a></li>
			<li><a class="button" href="//pokemonshowdown.com/dex/">Pok&eacute;dex</a></li>
			<li><a class="button cur" href="/">Replays</a></li>
			<li><a class="button" href="//pokemonshowdown.com/ladder/">Ladder</a></li>
			<li><a class="button nav-last" href="//pokemonshowdown.com/forums/">Forum</a></li>
			<li><a class="button greenbutton nav-first nav-last" href="//play.pokemonshowdown.com/">Play</a></li>
		</ul></div>
	</header>

	<div class="main" id="main">

		<noscript><section class="section">You need to enable JavaScript to use this page; sorry!</section></noscript>

	</div>

</div>

<script defer nomodule src="//play.pokemonshowdown.com/js/lib/ps-polyfill.js"></script>
<script defer src="//play.pokemonshowdown.com/js/lib/preact.min.js"></script>

<script defer src="//play.pokemonshowdown.com/config/config.js?2bddbc15"></script>
<script defer src="//play.pokemonshowdown.com/js/lib/jquery-1.11.0.min.js"></script>
<script defer src="//play.pokemonshowdown.com/js/lib/html-sanitizer-minified.js"></script>
<script defer src="//play.pokemonshowdown.com/js/battle-sound.js"></script>
<script defer src="//play.pokemonshowdown.com/js/battledata.js?0.7209276989879541"></script>
<script defer src="//play.pokemonshowdown.com/data/pokedex-mini.js?0.6111056340867951"></script>
<script defer src="//play.pokemonshowdown.com/data/pokedex-mini-bw.js?0.3532142036491459"></script>
<script defer src="//play.pokemonshowdown.com/data/graphics.js?0.24223875632456182"></script>
<script defer src="//play.pokemonshowdown.com/data/pokedex.js?0.38839984266356864"></script>
<script defer src="//play.pokemonshowdown.com/data/moves.js?0.21866028504024015"></script>
<script defer src="//play.pokemonshowdown.com/data/abilities.js?0.2005157953846628"></script>
<script defer src="//play.pokemonshowdown.com/data/items.js?0.9894211263848525"></script>
<script defer src="//play.pokemonshowdown.com/data/teambuilder-tables.js?0.6008791140282215"></script>
<script defer src="//play.pokemonshowdown.com/js/battle-tooltips.js?0.7580118955022959"></script>
<script defer src="//play.pokemonshowdown.com/js/battle.js?0.6057722274234274"></script>

<script defer src="js/utils.js?e31f9a17"></script>
<script defer src="js/replays-battle.js?7008c182"></script>

<!-- don't scrape this data! just add .json or .log after the URL!
Full API docs: https://github.com/smogon/pokemon-showdown-client/blob/master/WEB-API.md -->
<script type="text/plain" class="log" id="replaylog-smogtours-gen3ou-796924">
|inactive|Battle timer is ON: inactive players will automatically lose when time's up.
|t:|1728580437
|gametype|singles
|player|p1|wiilink100|265|
|player|p2|venik777|1|
|teamsize|p1|6
|teamsize|p2|6
|gen|3
|tier|[Gen 3] OU
|rule|Sleep Clause Mod: Limit one foe put to sleep
|rule|Switch Priority Clause Mod: Faster Pokémon switch first
|rule|Species Clause: Limit one of each Pokémon
|rule|OHKO Clause: OHKO moves are banned
|rule|Evasion Items Clause: Evasion items are banned
|rule|Evasion Moves Clause: Evasion moves are banned
|rule|Endless Battle Clause: Forcing endless battles is banned
|rule|HP Percentage Mod: HP is shown in percentages
|rule|One Boost Passer Clause: Limit one Baton Passer that has a way to boost its stats
|rule|Freeze Clause Mod: Limit one foe frozen
|
|t:|1728580437
|start
|switch|p1a: Tyranitar|Tyranitar, F|100/100
|switch|p2a: Zapdos|Zapdos|100/100
|-weather|Sandstorm|[from] ability: Sand Stream|[of] p1a: Tyranitar
|turn|1
|inactive|venik777 has 270 seconds left.
|
|t:|1728580475
|switch|p2a: Dugtrio|Dugtrio, F, shiny|100/100
|move|p1a: Tyranitar|Rock Slide|p2a: Dugtrio
|-resisted|p2a: Dugtrio
|-damage|p2a: Dugtrio|42/100
|
|-weather|Sandstorm|[upkeep]
|upkeep
|turn|2
|c|☆wiilink100|gl hf
|c|☆venik777|glhf
|
|t:|1728580487
|move|p2a: Dugtrio|Earthquake|p1a: Tyranitar
|-supereffective|p1a: Tyranitar
|-damage|p1a: Tyranitar|19/100
|move|p1a: Tyranitar|Earthquake|p2a: Dugtrio
|-damage|p2a: Dugtrio|0 fnt
|faint|p2a: Dugtrio
|
|t:|1728580507
|switch|p2a: Aerodactyl|Aerodactyl, F|100/100
|
|-weather|Sandstorm|[upkeep]
|-heal|p1a: Tyranitar|25/100|[from] item: Leftovers
|upkeep
|turn|3
|
|t:|1728580519
|switch|p1a: Skarmory|Skarmory, M|100/100
|move|p2a: Aerodactyl|Rock Slide|p1a: Skarmory
|-damage|p1a: Skarmory|59/100
|
|-weather|Sandstorm|[upkeep]
|-heal|p1a: Skarmory|65/100|[from] item: Leftovers
|upkeep
|turn|4
|inactive|venik777 has 270 seconds left.
|
|t:|1728580556
|move|p2a: Aerodactyl|Rock Slide|p1a: Skarmory
|-damage|p1a: Skarmory|25/100
|move|p1a: Skarmory|Toxic|p2a: Aerodactyl
|-status|p2a: Aerodactyl|tox
|
|-weather|Sandstorm|[upkeep]
|-damage|p2a: Aerodactyl|95/100 tox|[from] psn
|-heal|p1a: Skarmory|31/100|[from] item: Leftovers
|upkeep
|turn|5
|
|t:|1728580564
|switch|p2a: Zapdos|Zapdos|100/100
|switch|p1a: Claydol|Claydol|100/100
|
|-weather|Sandstorm|[upkeep]
|-damage|p2a: Zapdos|94/100|[from] Sandstorm
|-heal|p2a: Zapdos|100/100|[from] item: Leftovers
|upkeep
|turn|6
|inactive|venik777 has 240 seconds left.
|inactive|venik777 has 210 seconds left.
|
|t:|1728580645
|switch|p2a: Swampert|Swampert, F|100/100
|switch|p1a: Blissey|Blissey, F|100/100
|
|-weather|Sandstorm|[upkeep]
|-damage|p1a: Blissey|94/100|[from] Sandstorm
|-heal|p1a: Blissey|100/100|[from] item: Leftovers
|upkeep
|turn|7
|
|t:|1728580654
|switch|p1a: Milotic|Milotic, F|100/100
|move|p2a: Swampert|Toxic|p1a: Milotic
|-status|p1a: Milotic|tox
|
|-weather|Sandstorm|[upkeep]
|-damage|p1a: Milotic|94/100 tox|[from] Sandstorm
|-heal|p1a: Milotic|100/100 tox|[from] item: Leftovers
|-damage|p1a: Milotic|94/100 tox|[from] psn
|upkeep
|turn|8
|inactive|venik777 has 180 seconds left.
|
|t:|1728580701
|move|p2a: Swampert|Protect|p2a: Swampert
|-singleturn|p2a: Swampert|Protect
|move|p1a: Milotic|Refresh|p1a: Milotic
|-curestatus|p1a: Milotic|tox|[msg]
|
|-weather|Sandstorm|[upkeep]
|-damage|p1a: Milotic|88/100|[from] Sandstorm
|-heal|p1a: Milotic|94/100|[from] item: Leftovers
|upkeep
|turn|9
|
|t:|1728580706
|move|p1a: Milotic|Toxic|p2a: Swampert|[miss]
|-miss|p1a: Milotic|p2a: Swampert
|move|p2a: Swampert|Refresh||[still]
|-fail|p2a: Swampert
|
|-weather|Sandstorm|[upkeep]
|-damage|p1a: Milotic|88/100|[from] Sandstorm
|-heal|p1a: Milotic|94/100|[from] item: Leftovers
|upkeep
|turn|10
|
|t:|1728580716
|move|p1a: Milotic|Surf|p2a: Swampert
|-damage|p2a: Swampert|68/100
|move|p2a: Swampert|Toxic|p1a: Milotic
|-status|p1a: Milotic|tox
|
|-weather|Sandstorm|[upkeep]
|-damage|p1a: Milotic|88/100 tox|[from] Sandstorm
|-heal|p1a: Milotic|94/100 tox|[from] item: Leftovers
|-damage|p1a: Milotic|88/100 tox|[from] psn
|-heal|p2a: Swampert|74/100|[from] item: Leftovers
|upkeep
|turn|11
|inactive|venik777 has 180 seconds left.
|
|t:|1728580725
|switch|p2a: Zapdos|Zapdos|100/100
|move|p1a: Milotic|Refresh|p1a: Milotic
|-curestatus|p1a: Milotic|tox|[msg]
|
|-weather|Sandstorm|[upkeep]
|-damage|p2a: Zapdos|94/100|[from] Sandstorm
|-damage|p1a: Milotic|82/100|[from] Sandstorm
|-heal|p2a: Zapdos|100/100|[from] item: Leftovers
|-heal|p1a: Milotic|88/100|[from] item: Leftovers
|upkeep
|turn|12
|inactive|venik777 has 180 seconds left.
|
|t:|1728580758
|switch|p1a: Blissey|Blissey, F|100/100
|move|p2a: Zapdos|Hidden Power|p1a: Blissey
|-damage|p1a: Blissey|92/100
|
|-weather|Sandstorm|[upkeep]
|-damage|p2a: Zapdos|94/100|[from] Sandstorm
|-damage|p1a: Blissey|86/100|[from] Sandstorm
|-heal|p2a: Zapdos|100/100|[from] item: Leftovers
|-heal|p1a: Blissey|92/100|[from] item: Leftovers
|upkeep
|turn|13
|
|t:|1728580769
|move|p2a: Zapdos|Toxic|p1a: Blissey
|-status|p1a: Blissey|tox
|move|p1a: Blissey|Thunder Wave|p2a: Zapdos
|-status|p2a: Zapdos|par
|
|-weather|Sandstorm|[upkeep]
|-damage|p1a: Blissey|86/100 tox|[from] Sandstorm
|-damage|p2a: Zapdos|94/100 par|[from] Sandstorm
|-heal|p1a: Blissey|92/100 tox|[from] item: Leftovers
|-damage|p1a: Blissey|86/100 tox|[from] psn
|-heal|p2a: Zapdos|100/100 par|[from] item: Leftovers
|upkeep
|turn|14
|
|t:|1728580795
|-curestatus|p1a: Blissey|tox|[from] ability: Natural Cure
|switch|p1a: Claydol|Claydol|100/100
|move|p2a: Zapdos|Hidden Power|p1a: Claydol
|-supereffective|p1a: Claydol
|-damage|p1a: Claydol|67/100
|
|-weather|Sandstorm|[upkeep]
|-damage|p2a: Zapdos|94/100 par|[from] Sandstorm
|-heal|p1a: Claydol|73/100|[from] item: Leftovers
|-heal|p2a: Zapdos|100/100 par|[from] item: Leftovers
|upkeep
|turn|15
|inactive|venik777 has 150 seconds left.
|
|t:|1728580828
|switch|p2a: Swampert|Swampert, F|74/100
|move|p1a: Claydol|Psychic|p2a: Swampert
|-damage|p2a: Swampert|54/100
|
|-weather|Sandstorm|[upkeep]
|-heal|p1a: Claydol|79/100|[from] item: Leftovers
|-heal|p2a: Swampert|60/100|[from] item: Leftovers
|upkeep
|turn|16
|inactive|venik777 has 150 seconds left.
|
|t:|1728580835
|switch|p1a: Milotic|Milotic, F|88/100
|move|p2a: Swampert|Toxic|p1a: Milotic
|-status|p1a: Milotic|tox
|
|-weather|Sandstorm|[upkeep]
|-damage|p1a: Milotic|82/100 tox|[from] Sandstorm
|-heal|p1a: Milotic|88/100 tox|[from] item: Leftovers
|-damage|p1a: Milotic|82/100 tox|[from] psn
|-heal|p2a: Swampert|66/100|[from] item: Leftovers
|upkeep
|turn|17
|inactive|venik777 has 150 seconds left.
|
|t:|1728580849
|switch|p2a: Zapdos|Zapdos|100/100 par
|move|p1a: Milotic|Refresh|p1a: Milotic
|-curestatus|p1a: Milotic|tox|[msg]
|
|-weather|Sandstorm|[upkeep]
|-damage|p1a: Milotic|76/100|[from] Sandstorm
|-damage|p2a: Zapdos|94/100 par|[from] Sandstorm
|-heal|p1a: Milotic|82/100|[from] item: Leftovers
|-heal|p2a: Zapdos|100/100 par|[from] item: Leftovers
|upkeep
|turn|18
|
|t:|1728580860
|switch|p1a: Blissey|Blissey, F|86/100
|move|p2a: Zapdos|Toxic|p1a: Blissey
|-status|p1a: Blissey|tox
|
|-weather|Sandstorm|[upkeep]
|-damage|p1a: Blissey|80/100 tox|[from] Sandstorm
|-damage|p2a: Zapdos|94/100 par|[from] Sandstorm
|-heal|p1a: Blissey|86/100 tox|[from] item: Leftovers
|-damage|p1a: Blissey|80/100 tox|[from] psn
|-heal|p2a: Zapdos|100/100 par|[from] item: Leftovers
|upkeep
|turn|19
|inactive|venik777 has 150 seconds left.
|
|t:|1728580884
|-curestatus|p1a: Blissey|tox|[from] ability: Natural Cure
|switch|p1a: Skarmory|Skarmory, M|31/100
|switch|p2a: Heracross|Heracross, F|100/100
|
|-weather|Sandstorm|[upkeep]
|-damage|p2a: Heracross|94/100|[from] Sandstorm
|-heal|p2a: Heracross|100/100|[from] item: Leftovers
|-heal|p1a: Skarmory|37/100|[from] item: Leftovers
|upkeep
|turn|20
|inactive|venik777 has 150 seconds left.
|inactive|venik777 has 120 seconds left.
|inactive|venik777 has 90 seconds left.
|
|t:|1728580952
|switch|p2a: Zapdos|Zapdos|100/100 par
|move|p1a: Skarmory|Drill Peck|p2a: Zapdos
|-resisted|p2a: Zapdos
|-damage|p2a: Zapdos|89/100 par
|
|-weather|Sandstorm|[upkeep]
|-damage|p2a: Zapdos|82/100 par|[from] Sandstorm
|-heal|p1a: Skarmory|43/100|[from] item: Leftovers
|-heal|p2a: Zapdos|89/100 par|[from] item: Leftovers
|upkeep
|turn|21
|inactive|venik777 has 90 seconds left.
|inactive|wiilink100 has 270 seconds left.
|
|t:|1728580988
|move|p1a: Skarmory|Spikes|p2a: Zapdos
|-sidestart|p2: venik777|Spikes
|move|p2a: Zapdos|Toxic|p1a: Skarmory
|-immune|p1a: Skarmory
|
|-weather|Sandstorm|[upkeep]
|-damage|p2a: Zapdos|82/100 par|[from] Sandstorm
|-heal|p1a: Skarmory|49/100|[from] item: Leftovers
|-heal|p2a: Zapdos|89/100 par|[from] item: Leftovers
|upkeep
|turn|22
|inactive|wiilink100 has 270 seconds left.
|
|t:|1728580997
|switch|p1a: Claydol|Claydol|79/100
|move|p2a: Zapdos|Thunderbolt|p1a: Claydol
|-immune|p1a: Claydol
|
|-weather|Sandstorm|[upkeep]
|-damage|p2a: Zapdos|82/100 par|[from] Sandstorm
|-heal|p1a: Claydol|85/100|[from] item: Leftovers
|-heal|p2a: Zapdos|89/100 par|[from] item: Leftovers
|upkeep
|turn|23
|inactive|venik777 has 90 seconds left.
|
|t:|1728581031
|switch|p2a: Swampert|Swampert, F|66/100
|-damage|p2a: Swampert|54/100|[from] Spikes
|move|p1a: Claydol|Psychic|p2a: Swampert
|-damage|p2a: Swampert|35/100
|
|-weather|Sandstorm|[upkeep]
|-heal|p1a: Claydol|91/100|[from] item: Leftovers
|-heal|p2a: Swampert|41/100|[from] item: Leftovers
|upkeep
|turn|24
|
|t:|1728581044
|switch|p1a: Milotic|Milotic, F|82/100
|move|p2a: Swampert|Toxic|p1a: Milotic
|-status|p1a: Milotic|tox
|
|-weather|Sandstorm|[upkeep]
|-damage|p1a: Milotic|76/100 tox|[from] Sandstorm
|-heal|p1a: Milotic|82/100 tox|[from] item: Leftovers
|-damage|p1a: Milotic|76/100 tox|[from] psn
|-heal|p2a: Swampert|47/100|[from] item: Leftovers
|upkeep
|turn|25
|
|t:|1728581067
|move|p1a: Milotic|Refresh|p1a: Milotic
|-curestatus|p1a: Milotic|tox|[msg]
|move|p2a: Swampert|Toxic|p1a: Milotic
|-status|p1a: Milotic|tox
|
|-weather|Sandstorm|[upkeep]
|-damage|p1a: Milotic|70/100 tox|[from] Sandstorm
|-heal|p1a: Milotic|76/100 tox|[from] item: Leftovers
|-damage|p1a: Milotic|70/100 tox|[from] psn
|-heal|p2a: Swampert|53/100|[from] item: Leftovers
|upkeep
|turn|26
|inactive|venik777 has 60 seconds left.
|
|t:|1728581090
|switch|p1a: Skarmory|Skarmory, M|49/100
|move|p2a: Swampert|Protect||[still]
|-fail|p2a: Swampert
|
|-weather|Sandstorm|[upkeep]
|-heal|p1a: Skarmory|55/100|[from] item: Leftovers
|-heal|p2a: Swampert|59/100|[from] item: Leftovers
|upkeep
|turn|27
|inactive|venik777 has 60 seconds left.
|
|t:|1728581097
|move|p1a: Skarmory|Spikes|p2a: Swampert
|-sidestart|p2: venik777|Spikes
|move|p2a: Swampert|Surf|p1a: Skarmory
|-damage|p1a: Skarmory|27/100
|
|-weather|Sandstorm|[upkeep]
|-heal|p1a: Skarmory|33/100|[from] item: Leftovers
|-heal|p2a: Swampert|66/100|[from] item: Leftovers
|upkeep
|turn|28
|
|t:|1728581111
|switch|p1a: Blissey|Blissey, F|80/100
|move|p2a: Swampert|Surf|p1a: Blissey
|-damage|p1a: Blissey|68/100
|
|-weather|Sandstorm|[upkeep]
|-damage|p1a: Blissey|61/100|[from] Sandstorm
|-heal|p2a: Swampert|72/100|[from] item: Leftovers
|-heal|p1a: Blissey|68/100|[from] item: Leftovers
|upkeep
|turn|29
|
|t:|1728581125
|move|p2a: Swampert|Toxic|p1a: Blissey
|-status|p1a: Blissey|tox
|move|p1a: Blissey|Soft-Boiled|p1a: Blissey
|-heal|p1a: Blissey|100/100 tox
|
|-weather|Sandstorm|[upkeep]
|-damage|p1a: Blissey|94/100 tox|[from] Sandstorm
|-heal|p2a: Swampert|78/100|[from] item: Leftovers
|-heal|p1a: Blissey|100/100 tox|[from] item: Leftovers
|-damage|p1a: Blissey|94/100 tox|[from] psn
|upkeep
|turn|30
|inactive|venik777 has 60 seconds left.
|
|t:|1728581145
|-curestatus|p1a: Blissey|tox|[from] ability: Natural Cure
|switch|p1a: Milotic|Milotic, F|70/100 tox
|move|p2a: Swampert|Surf|p1a: Milotic
|-resisted|p1a: Milotic
|-damage|p1a: Milotic|60/100 tox
|
|-weather|Sandstorm|[upkeep]
|-damage|p1a: Milotic|53/100 tox|[from] Sandstorm
|-heal|p1a: Milotic|60/100 tox|[from] item: Leftovers
|-damage|p1a: Milotic|53/100 tox|[from] psn
|-heal|p2a: Swampert|84/100|[from] item: Leftovers
|upkeep
|turn|31
|inactive|venik777 has 60 seconds left.
|
|t:|1728581175
|switch|p2a: Heracross|Heracross, F|100/100
|-damage|p2a: Heracross|84/100|[from] Spikes
|move|p1a: Milotic|Recover|p1a: Milotic
|-heal|p1a: Milotic|100/100 tox
|
|-weather|Sandstorm|[upkeep]
|-damage|p2a: Heracross|78/100|[from] Sandstorm
|-damage|p1a: Milotic|94/100 tox|[from] Sandstorm
|-heal|p2a: Heracross|84/100|[from] item: Leftovers
|-heal|p1a: Milotic|100/100 tox|[from] item: Leftovers
|-damage|p1a: Milotic|88/100 tox|[from] psn
|upkeep
|turn|32
|inactive|venik777 has 30 seconds left.
|
|t:|1728581200
|switch|p1a: Tyranitar|Tyranitar, F|25/100
|move|p2a: Heracross|Swords Dance|p2a: Heracross
|-boost|p2a: Heracross|atk|2
|
|-weather|Sandstorm|[upkeep]
|-damage|p2a: Heracross|78/100|[from] Sandstorm
|-heal|p2a: Heracross|84/100|[from] item: Leftovers
|-heal|p1a: Tyranitar|32/100|[from] item: Leftovers
|upkeep
|turn|33
|inactive|venik777 has 30 seconds left.
|inactive|wiilink100 has 270 seconds left.
|
|t:|1728581242
|move|p2a: Heracross|Rock Slide|p1a: Tyranitar
|-damage|p1a: Tyranitar|0 fnt
|faint|p1a: Tyranitar
|
|t:|1728581245
|switch|p1a: Dugtrio|Dugtrio, F|100/100
|
|-weather|Sandstorm|[upkeep]
|-damage|p2a: Heracross|78/100|[from] Sandstorm
|-heal|p2a: Heracross|84/100|[from] item: Leftovers
|upkeep
|turn|34
|
|t:|1728581252
|move|p1a: Dugtrio|Aerial Ace|p2a: Heracross
|-supereffective|p2a: Heracross
|-damage|p2a: Heracross|0 fnt
|faint|p2a: Heracross
|inactive|venik777 has 30 seconds left.
|
|t:|1728581271
|switch|p2a: Aerodactyl|Aerodactyl, F|95/100 tox
|
|-weather|Sandstorm|[upkeep]
|-damage|p2a: Aerodactyl|89/100 tox|[from] psn
|upkeep
|turn|35
|
|t:|1728581277
|switch|p1a: Claydol|Claydol|91/100
|move|p2a: Aerodactyl|Double-Edge|p1a: Claydol
|-damage|p1a: Claydol|39/100
|
|-weather|Sandstorm|[upkeep]
|-damage|p2a: Aerodactyl|77/100 tox|[from] psn
|-heal|p1a: Claydol|45/100|[from] item: Leftovers
|upkeep
|turn|36
|
|t:|1728581289
|switch|p1a: Skarmory|Skarmory, M|33/100
|move|p2a: Aerodactyl|Double-Edge|p1a: Skarmory
|-resisted|p1a: Skarmory
|-damage|p1a: Skarmory|14/100
|
|-weather|Sandstorm|[upkeep]
|-damage|p2a: Aerodactyl|59/100 tox|[from] psn
|-heal|p1a: Skarmory|20/100|[from] item: Leftovers
|upkeep
|turn|37
|
|t:|1728581294
|switch|p2a: Zapdos|Zapdos|89/100 par
|move|p1a: Skarmory|Spikes|p2a: Zapdos
|-sidestart|p2: venik777|Spikes
|
|-weather|Sandstorm|[upkeep]
|-damage|p2a: Zapdos|82/100 par|[from] Sandstorm
|-heal|p1a: Skarmory|26/100|[from] item: Leftovers
|-heal|p2a: Zapdos|89/100 par|[from] item: Leftovers
|upkeep
|turn|38
|
|t:|1728581299
|switch|p1a: Blissey|Blissey, F|94/100
|cant|p2a: Zapdos|par
|
|-weather|Sandstorm|[upkeep]
|-damage|p1a: Blissey|88/100|[from] Sandstorm
|-damage|p2a: Zapdos|82/100 par|[from] Sandstorm
|-heal|p1a: Blissey|94/100|[from] item: Leftovers
|-heal|p2a: Zapdos|89/100 par|[from] item: Leftovers
|upkeep
|turn|39
|
|t:|1728581303
|move|p1a: Blissey|Seismic Toss|p2a: Zapdos
|-damage|p2a: Zapdos|62/100 par
|move|p2a: Zapdos|Toxic|p1a: Blissey
|-status|p1a: Blissey|tox
|
|-weather|Sandstorm|[upkeep]
|-damage|p1a: Blissey|88/100 tox|[from] Sandstorm
|-damage|p2a: Zapdos|56/100 par|[from] Sandstorm
|-heal|p1a: Blissey|94/100 tox|[from] item: Leftovers
|-damage|p1a: Blissey|88/100 tox|[from] psn
|-heal|p2a: Zapdos|62/100 par|[from] item: Leftovers
|upkeep
|turn|40
|
|t:|1728581312
|move|p1a: Blissey|Seismic Toss|p2a: Zapdos
|-damage|p2a: Zapdos|36/100 par
|move|p2a: Zapdos|Rest|p2a: Zapdos
|-status|p2a: Zapdos|slp|[from] move: Rest
|-heal|p2a: Zapdos|100/100 slp|[silent]
|
|-weather|Sandstorm|[upkeep]
|-damage|p2a: Zapdos|94/100 slp|[from] Sandstorm
|-damage|p1a: Blissey|82/100 tox|[from] Sandstorm
|-heal|p2a: Zapdos|100/100 slp|[from] item: Leftovers
|-heal|p1a: Blissey|88/100 tox|[from] item: Leftovers
|-damage|p1a: Blissey|76/100 tox|[from] psn
|upkeep
|turn|41
|
|t:|1728581317
|-curestatus|p1a: Blissey|tox|[from] ability: Natural Cure
|switch|p1a: Milotic|Milotic, F|88/100 tox
|cant|p2a: Zapdos|slp
|
|-weather|Sandstorm|[upkeep]
|-damage|p2a: Zapdos|94/100 slp|[from] Sandstorm
|-damage|p1a: Milotic|82/100 tox|[from] Sandstorm
|-heal|p2a: Zapdos|100/100 slp|[from] item: Leftovers
|-heal|p1a: Milotic|88/100 tox|[from] item: Leftovers
|-damage|p1a: Milotic|82/100 tox|[from] psn
|upkeep
|turn|42
|
|t:|1728581320
|cant|p2a: Zapdos|slp
|move|p1a: Milotic|Refresh|p1a: Milotic
|-curestatus|p1a: Milotic|tox|[msg]
|
|-weather|Sandstorm|[upkeep]
|-damage|p2a: Zapdos|94/100 slp|[from] Sandstorm
|-damage|p1a: Milotic|76/100|[from] Sandstorm
|-heal|p2a: Zapdos|100/100 slp|[from] item: Leftovers
|-heal|p1a: Milotic|82/100|[from] item: Leftovers
|upkeep
|turn|43
|
|t:|1728581325
|switch|p1a: Blissey|Blissey, F|76/100
|-curestatus|p2a: Zapdos|slp|[msg]
|move|p2a: Zapdos|Thunderbolt|p1a: Blissey
|-damage|p1a: Blissey|60/100
|
|-weather|Sandstorm|[upkeep]
|-damage|p2a: Zapdos|94/100|[from] Sandstorm
|-damage|p1a: Blissey|54/100|[from] Sandstorm
|-heal|p2a: Zapdos|100/100|[from] item: Leftovers
|-heal|p1a: Blissey|60/100|[from] item: Leftovers
|upkeep
|turn|44
|
|t:|1728581331
|move|p2a: Zapdos|Toxic|p1a: Blissey
|-status|p1a: Blissey|tox
|move|p1a: Blissey|Soft-Boiled|p1a: Blissey
|-heal|p1a: Blissey|100/100 tox
|
|-weather|Sandstorm|[upkeep]
|-damage|p2a: Zapdos|94/100|[from] Sandstorm
|-damage|p1a: Blissey|94/100 tox|[from] Sandstorm
|-heal|p2a: Zapdos|100/100|[from] item: Leftovers
|-heal|p1a: Blissey|100/100 tox|[from] item: Leftovers
|-damage|p1a: Blissey|94/100 tox|[from] psn
|upkeep
|turn|45
|
|t:|1728581344
|move|p2a: Zapdos|Thunderbolt|p1a: Blissey
|-damage|p1a: Blissey|79/100 tox
|move|p1a: Blissey|Seismic Toss|p2a: Zapdos
|-damage|p2a: Zapdos|74/100
|
|-weather|Sandstorm|[upkeep]
|-damage|p2a: Zapdos|68/100|[from] Sandstorm
|-damage|p1a: Blissey|73/100 tox|[from] Sandstorm
|-heal|p2a: Zapdos|74/100|[from] item: Leftovers
|-heal|p1a: Blissey|79/100 tox|[from] item: Leftovers
|-damage|p1a: Blissey|66/100 tox|[from] psn
|upkeep
|turn|46
|
|t:|1728581367
|move|p2a: Zapdos|Hidden Power|p1a: Blissey
|-damage|p1a: Blissey|59/100 tox
|move|p1a: Blissey|Thunder Wave|p2a: Zapdos
|-status|p2a: Zapdos|par
|
|-weather|Sandstorm|[upkeep]
|-damage|p1a: Blissey|53/100 tox|[from] Sandstorm
|-damage|p2a: Zapdos|68/100 par|[from] Sandstorm
|-heal|p1a: Blissey|59/100 tox|[from] item: Leftovers
|-damage|p1a: Blissey|40/100 tox|[from] psn
|-heal|p2a: Zapdos|74/100 par|[from] item: Leftovers
|upkeep
|turn|47
|inactive|venik777 has 90 seconds left.
|
|t:|1728581406
|-curestatus|p1a: Blissey|tox|[from] ability: Natural Cure
|switch|p1a: Skarmory|Skarmory, M|26/100
|switch|p2a: Swampert|Swampert, F|84/100
|-damage|p2a: Swampert|59/100|[from] Spikes
|
|-weather|Sandstorm|[upkeep]
|-heal|p1a: Skarmory|32/100|[from] item: Leftovers
|-heal|p2a: Swampert|65/100|[from] item: Leftovers
|upkeep
|turn|48
|
|t:|1728581430
|switch|p1a: Blissey|Blissey, F|40/100
|move|p2a: Swampert|Toxic|p1a: Blissey
|-status|p1a: Blissey|tox
|
|-weather|Sandstorm|[upkeep]
|-damage|p1a: Blissey|34/100 tox|[from] Sandstorm
|-heal|p2a: Swampert|72/100|[from] item: Leftovers
|-heal|p1a: Blissey|40/100 tox|[from] item: Leftovers
|-damage|p1a: Blissey|34/100 tox|[from] psn
|upkeep
|turn|49
|
|t:|1728581455
|switch|p2a: Tyranitar|Tyranitar, M|100/100
|-damage|p2a: Tyranitar|76/100|[from] Spikes
|move|p1a: Blissey|Soft-Boiled|p1a: Blissey
|-heal|p1a: Blissey|84/100 tox
|
|-weather|Sandstorm|[upkeep]
|-damage|p1a: Blissey|78/100 tox|[from] Sandstorm
|-heal|p1a: Blissey|84/100 tox|[from] item: Leftovers
|-damage|p1a: Blissey|72/100 tox|[from] psn
|upkeep
|turn|50
|
|t:|1728581465
|-singleturn|p2a: Tyranitar|move: Focus Punch
|-curestatus|p1a: Blissey|tox|[from] ability: Natural Cure
|switch|p1a: Claydol|Claydol|45/100
|move|p2a: Tyranitar|Focus Punch|p1a: Claydol
|-resisted|p1a: Claydol
|-damage|p1a: Claydol|2/100
|
|-weather|Sandstorm|[upkeep]
|-heal|p1a: Claydol|8/100|[from] item: Leftovers
|upkeep
|turn|51
|
|t:|1728581481
|switch|p2a: Zapdos|Zapdos|74/100 par
|move|p1a: Claydol|Earthquake|p2a: Zapdos
|-immune|p2a: Zapdos
|
|-weather|Sandstorm|[upkeep]
|-damage|p2a: Zapdos|68/100 par|[from] Sandstorm
|-heal|p1a: Claydol|14/100|[from] item: Leftovers
|-heal|p2a: Zapdos|74/100 par|[from] item: Leftovers
|upkeep
|turn|52
|
|t:|1728581488
|move|p1a: Claydol|Psychic|p2a: Zapdos
|-damage|p2a: Zapdos|60/100 par
|cant|p2a: Zapdos|par
|
|-weather|Sandstorm|[upkeep]
|-damage|p2a: Zapdos|53/100 par|[from] Sandstorm
|-heal|p1a: Claydol|20/100|[from] item: Leftovers
|-heal|p2a: Zapdos|60/100 par|[from] item: Leftovers
|upkeep
|turn|53
|
|t:|1728581494
|move|p1a: Claydol|Psychic|p2a: Zapdos
|-crit|p2a: Zapdos
|-damage|p2a: Zapdos|28/100 par
|cant|p2a: Zapdos|par
|
|-weather|Sandstorm|[upkeep]
|-damage|p2a: Zapdos|22/100 par|[from] Sandstorm
|-heal|p1a: Claydol|26/100|[from] item: Leftovers
|-heal|p2a: Zapdos|28/100 par|[from] item: Leftovers
|upkeep
|turn|54
|
|t:|1728581511
|switch|p1a: Dugtrio|Dugtrio, F|100/100
|move|p2a: Zapdos|Rest|p2a: Zapdos
|-status|p2a: Zapdos|slp|[from] move: Rest
|-heal|p2a: Zapdos|100/100 slp|[silent]
|
|-weather|Sandstorm|[upkeep]
|-damage|p2a: Zapdos|94/100 slp|[from] Sandstorm
|-heal|p2a: Zapdos|100/100 slp|[from] item: Leftovers
|upkeep
|turn|55
|inactive|venik777 has 90 seconds left.
|
|t:|1728581531
|switch|p2a: Swampert|Swampert, F|72/100
|-damage|p2a: Swampert|47/100|[from] Spikes
|move|p1a: Dugtrio|Rock Slide|p2a: Swampert
|-resisted|p2a: Swampert
|-damage|p2a: Swampert|37/100
|
|-weather|Sandstorm|[upkeep]
|-heal|p2a: Swampert|43/100|[from] item: Leftovers
|upkeep
|turn|56
|
|t:|1728581538
|switch|p1a: Milotic|Milotic, F|82/100
|move|p2a: Swampert|Toxic|p1a: Milotic
|-status|p1a: Milotic|tox
|
|-weather|Sandstorm|[upkeep]
|-damage|p1a: Milotic|76/100 tox|[from] Sandstorm
|-heal|p1a: Milotic|82/100 tox|[from] item: Leftovers
|-damage|p1a: Milotic|76/100 tox|[from] psn
|-heal|p2a: Swampert|50/100|[from] item: Leftovers
|upkeep
|turn|57
|inactive|venik777 has 90 seconds left.
|
|t:|1728581544
|switch|p2a: Zapdos|Zapdos|100/100 slp
|move|p1a: Milotic|Recover|p1a: Milotic
|-heal|p1a: Milotic|100/100 tox
|
|-weather|Sandstorm|[upkeep]
|-damage|p2a: Zapdos|94/100 slp|[from] Sandstorm
|-damage|p1a: Milotic|94/100 tox|[from] Sandstorm
|-heal|p2a: Zapdos|100/100 slp|[from] item: Leftovers
|-heal|p1a: Milotic|100/100 tox|[from] item: Leftovers
|-damage|p1a: Milotic|88/100 tox|[from] psn
|upkeep
|turn|58
|inactive|venik777 has 90 seconds left.
|
|t:|1728581554
|switch|p1a: Dugtrio|Dugtrio, F|100/100
|cant|p2a: Zapdos|slp
|
|-weather|Sandstorm|[upkeep]
|-damage|p2a: Zapdos|94/100 slp|[from] Sandstorm
|-heal|p2a: Zapdos|100/100 slp|[from] item: Leftovers
|upkeep
|turn|59
|inactive|venik777 has 90 seconds left.
|
|t:|1728581569
|switch|p2a: Swampert|Swampert, F|50/100
|-damage|p2a: Swampert|25/100|[from] Spikes
|move|p1a: Dugtrio|Rock Slide|p2a: Swampert
|-resisted|p2a: Swampert
|-damage|p2a: Swampert|15/100
|
|-weather|Sandstorm|[upkeep]
|-heal|p2a: Swampert|21/100|[from] item: Leftovers
|upkeep
|turn|60
|inactive|venik777 has 90 seconds left.
|
|t:|1728581579
|switch|p1a: Blissey|Blissey, F|72/100
|move|p2a: Swampert|Surf|p1a: Blissey
|-damage|p1a: Blissey|54/100
|
|-weather|Sandstorm|[upkeep]
|-damage|p1a: Blissey|48/100|[from] Sandstorm
|-heal|p2a: Swampert|27/100|[from] item: Leftovers
|-heal|p1a: Blissey|54/100|[from] item: Leftovers
|upkeep
|turn|61
|
|t:|1728581586
|move|p2a: Swampert|Toxic|p1a: Blissey
|-status|p1a: Blissey|tox
|move|p1a: Blissey|Soft-Boiled|p1a: Blissey
|-heal|p1a: Blissey|100/100 tox
|
|-weather|Sandstorm|[upkeep]
|-damage|p1a: Blissey|94/100 tox|[from] Sandstorm
|-heal|p2a: Swampert|33/100|[from] item: Leftovers
|-heal|p1a: Blissey|100/100 tox|[from] item: Leftovers
|-damage|p1a: Blissey|94/100 tox|[from] psn
|upkeep
|turn|62
|
|t:|1728581599
|-curestatus|p1a: Blissey|tox|[from] ability: Natural Cure
|switch|p1a: Milotic|Milotic, F|88/100 tox
|move|p2a: Swampert|Surf|p1a: Milotic
|-resisted|p1a: Milotic
|-damage|p1a: Milotic|72/100 tox
|
|-weather|Sandstorm|[upkeep]
|-damage|p1a: Milotic|66/100 tox|[from] Sandstorm
|-heal|p1a: Milotic|72/100 tox|[from] item: Leftovers
|-damage|p1a: Milotic|66/100 tox|[from] psn
|-heal|p2a: Swampert|39/100|[from] item: Leftovers
|upkeep
|turn|63
|
|t:|1728581612
|move|p1a: Milotic|Surf|p2a: Swampert
|-damage|p2a: Swampert|11/100
|move|p2a: Swampert|Toxic|p1a: Milotic
|-fail|p1a: Milotic|tox
|
|-weather|Sandstorm|[upkeep]
|-damage|p1a: Milotic|60/100 tox|[from] Sandstorm
|-heal|p1a: Milotic|66/100 tox|[from] item: Leftovers
|-damage|p1a: Milotic|54/100 tox|[from] psn
|-heal|p2a: Swampert|18/100|[from] item: Leftovers
|upkeep
|turn|64
|
|t:|1728581616
|switch|p1a: Skarmory|Skarmory, M|32/100
|move|p2a: Swampert|Toxic|p1a: Skarmory
|-immune|p1a: Skarmory
|
|-weather|Sandstorm|[upkeep]
|-heal|p1a: Skarmory|38/100|[from] item: Leftovers
|-heal|p2a: Swampert|24/100|[from] item: Leftovers
|upkeep
|turn|65
|
|t:|1728581621
|move|p2a: Swampert|Surf|p1a: Skarmory
|-damage|p1a: Skarmory|0 fnt
|faint|p1a: Skarmory
|
|t:|1728581624
|switch|p1a: Dugtrio|Dugtrio, F|100/100
|
|-weather|Sandstorm|[upkeep]
|-heal|p2a: Swampert|30/100|[from] item: Leftovers
|upkeep
|turn|66
|
|t:|1728581627
|move|p1a: Dugtrio|Earthquake|p2a: Swampert
|-damage|p2a: Swampert|0 fnt
|faint|p2a: Swampert
|inactive|venik777 has 120 seconds left.
|
|t:|1728581642
|switch|p2a: Aerodactyl|Aerodactyl, F|59/100 tox
|
|-weather|Sandstorm|[upkeep]
|-damage|p2a: Aerodactyl|53/100 tox|[from] psn
|upkeep
|turn|67
|inactive|venik777 has 120 seconds left.
|
|t:|1728581656
|switch|p1a: Claydol|Claydol|26/100
|move|p2a: Aerodactyl|Double-Edge|p1a: Claydol
|-damage|p1a: Claydol|0 fnt
|faint|p1a: Claydol
|
|t:|1728581664
|switch|p1a: Blissey|Blissey, F|94/100
|
|-weather|Sandstorm|[upkeep]
|-damage|p1a: Blissey|88/100|[from] Sandstorm
|-damage|p2a: Aerodactyl|41/100 tox|[from] psn
|-heal|p1a: Blissey|94/100|[from] item: Leftovers
|upkeep
|turn|68
|inactive|venik777 has 120 seconds left.
|
|t:|1728581682
|switch|p2a: Tyranitar|Tyranitar, M|76/100
|-damage|p2a: Tyranitar|51/100|[from] Spikes
|move|p1a: Blissey|Soft-Boiled|p1a: Blissey
|-heal|p1a: Blissey|100/100
|
|-weather|Sandstorm|[upkeep]
|-damage|p1a: Blissey|94/100|[from] Sandstorm
|-heal|p1a: Blissey|100/100|[from] item: Leftovers
|upkeep
|turn|69
|
|t:|1728581689
|-singleturn|p2a: Tyranitar|move: Focus Punch
|move|p1a: Blissey|Seismic Toss|p2a: Tyranitar
|-damage|p2a: Tyranitar|26/100
|move|p2a: Tyranitar|Focus Punch||[still]
|cant|p2a: Tyranitar|Focus Punch|Focus Punch
|
|-weather|Sandstorm|[upkeep]
|-damage|p1a: Blissey|94/100|[from] Sandstorm
|-heal|p1a: Blissey|100/100|[from] item: Leftovers
|upkeep
|turn|70
|
|t:|1728581702
|-singleturn|p2a: Tyranitar|move: Focus Punch
|move|p1a: Blissey|Seismic Toss|p2a: Tyranitar
|-damage|p2a: Tyranitar|1/100
|move|p2a: Tyranitar|Focus Punch||[still]
|cant|p2a: Tyranitar|Focus Punch|Focus Punch
|
|-weather|Sandstorm|[upkeep]
|-damage|p1a: Blissey|94/100|[from] Sandstorm
|-heal|p1a: Blissey|100/100|[from] item: Leftovers
|upkeep
|turn|71
|
|t:|1728581708
|switch|p2a: Zapdos|Zapdos|100/100 slp
|move|p1a: Blissey|Seismic Toss|p2a: Zapdos
|-damage|p2a: Zapdos|74/100 slp
|
|-weather|Sandstorm|[upkeep]
|-damage|p2a: Zapdos|68/100 slp|[from] Sandstorm
|-damage|p1a: Blissey|94/100|[from] Sandstorm
|-heal|p2a: Zapdos|74/100 slp|[from] item: Leftovers
|-heal|p1a: Blissey|100/100|[from] item: Leftovers
|upkeep
|turn|72
|
|t:|1728581716
|switch|p1a: Dugtrio|Dugtrio, F|100/100
|cant|p2a: Zapdos|slp
|
|-weather|Sandstorm|[upkeep]
|-damage|p2a: Zapdos|68/100 slp|[from] Sandstorm
|-heal|p2a: Zapdos|74/100 slp|[from] item: Leftovers
|upkeep
|turn|73
|
|t:|1728581718
|move|p1a: Dugtrio|Rock Slide|p2a: Zapdos
|-supereffective|p2a: Zapdos
|-damage|p2a: Zapdos|16/100 slp
|-curestatus|p2a: Zapdos|slp|[msg]
|move|p2a: Zapdos|Hidden Power|p1a: Dugtrio
|-supereffective|p1a: Dugtrio
|-damage|p1a: Dugtrio|12/100
|
|-weather|Sandstorm|[upkeep]
|-damage|p2a: Zapdos|10/100|[from] Sandstorm
|-heal|p2a: Zapdos|16/100|[from] item: Leftovers
|upkeep
|turn|74
|inactive|venik777 has 150 seconds left.
|
|t:|1728581731
|switch|p2a: Tyranitar|Tyranitar, M|1/100
|-damage|p2a: Tyranitar|0 fnt|[from] Spikes
|faint|p2a: Tyranitar
|inactive|venik777 has 150 seconds left.
|
|t:|1728581740
|switch|p2a: Zapdos|Zapdos|16/100
|
|-weather|Sandstorm|[upkeep]
|-damage|p2a: Zapdos|10/100|[from] Sandstorm
|-heal|p2a: Zapdos|16/100|[from] item: Leftovers
|upkeep
|turn|75
|
|t:|1728581746
|move|p1a: Dugtrio|Rock Slide|p2a: Zapdos
|-supereffective|p2a: Zapdos
|-damage|p2a: Zapdos|0 fnt
|faint|p2a: Zapdos
|
|t:|1728581749
|switch|p2a: Aerodactyl|Aerodactyl, F|41/100 tox
|
|-weather|Sandstorm|[upkeep]
|-damage|p2a: Aerodactyl|35/100 tox|[from] psn
|upkeep
|turn|76
|
|t:|1728581752
|move|p2a: Aerodactyl|Double-Edge|p1a: Dugtrio
|-damage|p1a: Dugtrio|0 fnt
|faint|p1a: Dugtrio
|
|t:|1728581758
|switch|p1a: Milotic|Milotic, F|54/100 tox
|
|-weather|Sandstorm|[upkeep]
|-damage|p1a: Milotic|48/100 tox|[from] Sandstorm
|-damage|p2a: Aerodactyl|23/100 tox|[from] psn
|-heal|p1a: Milotic|54/100 tox|[from] item: Leftovers
|-damage|p1a: Milotic|48/100 tox|[from] psn
|upkeep
|turn|77
|
|t:|1728581761
|move|p2a: Aerodactyl|Double-Edge|p1a: Milotic
|-damage|p1a: Milotic|19/100 tox
|move|p1a: Milotic|Recover|p1a: Milotic
|-heal|p1a: Milotic|69/100 tox
|
|-weather|Sandstorm|[upkeep]
|-damage|p1a: Milotic|63/100 tox|[from] Sandstorm
|-damage|p2a: Aerodactyl|5/100 tox|[from] psn
|-heal|p1a: Milotic|69/100 tox|[from] item: Leftovers
|-damage|p1a: Milotic|57/100 tox|[from] psn
|upkeep
|turn|78
|c|☆wiilink100|gg wp
|
|t:|1728581768
|move|p2a: Aerodactyl|Double-Edge|p1a: Milotic
|-damage|p1a: Milotic|32/100 tox
|move|p1a: Milotic|Recover|p1a: Milotic
|-heal|p1a: Milotic|81/100 tox
|
|-weather|Sandstorm|[upkeep]
|-damage|p1a: Milotic|75/100 tox|[from] Sandstorm
|-damage|p2a: Aerodactyl|0 fnt|[from] psn
|faint|p2a: Aerodactyl
|
|win|wiilink100
|upkeep
|c|☆venik777|wp

</script>
<script type="application/json" class="data" id="replaydata-smogtours-gen3ou-796924">
{"id":"smogtours-gen3ou-796924","format":"[Gen 3] OU","players":["wiilink100","venik777"],"uploadtime":1728581768,"views":114,"formatid":"gen3ou","rating":null,"private":0,"password":null}
</script>

<script defer src="js/replays.js?9d40a366"></script>
