<!DOCTYPE html>
<meta charset="utf-8" />
<meta name="viewport" content="width=device-width" />

<title>[Gen 3] OU: salto vs. Calm Stiege - Replays - Pok&eacute;mon Showdown!</title>

<meta name="description" content="Watch a replay of a Pok&eacute;mon battle between salto and Calm Stiege! Format: [Gen 3] OU; Date: Oct 17, 2024" />
<!--

Hey, you! Looking in the source for the replay log?

You can find them in JSON format, just add `.json` at the end of a replay URL.

https://replay.pokemonshowdown.com/gen7randomdoublesbattle-865046831.json

Or, if you only need the log itself, add `.log` instead:

https://replay.pokemonshowdown.com/gen7randomdoublesbattle-865046831.log

-->

<link rel="stylesheet" href="//pokemonshowdown.com/style/global.css?0.023195364461161105" />
<link rel="stylesheet" href="//play.pokemonshowdown.com/style/font-awesome.css?0.13261647063804238" />
<link rel="stylesheet" href="//play.pokemonshowdown.com/style/battle.css?0.8753245789963631" />
<link rel="stylesheet" href="//play.pokemonshowdown.com/style/utilichart.css?0.8627959624976733" />

<!-- Global site tag (gtag.js) - Google Analytics -->
<script async src="https://www.googletagmanager.com/gtag/js?id=UA-26211653-1"></script>
<script>
  window.dataLayer = window.dataLayer || [];
  function gtag(){dataLayer.push(arguments);}
  gtag('js', new Date());

  gtag('config', 'UA-26211653-1');
</script>
<!-- End Google Analytics -->
<!-- Venatus Ad Manager - Install in <HEAD> of page -->
	<script src="https://hb.vntsm.com/v3/live/ad-manager.min.js" type="text/javascript" data-site-id="642aba63ec9a7b11c3c9c1be" data-mode="scan" async></script>
<!-- / Venatus Ad Manager -->

<style>
	@media (max-width:820px) {
		.battle {
			margin: 0 auto;
		}
		.battle-log {
			margin: 7px auto 0;
			max-width: 640px;
			height: 300px;
			position: static;
		}
	}
	.optgroup {
		display: inline-block;
		line-height: 22px;
		font-size: 10pt;
	}
	.optgroup .button {
		height: 25px;
		padding-top: 0;
		padding-bottom: 0;
	}
	.optgroup button.button {
		padding-left: 12px;
		padding-right: 12px;
	}
	.linklist {
		list-style: none;
		margin: 0.5em 0;
		padding: 0;
	}
	.linklist li {
		padding: 2px 0;
	}
	.sidebar {
		float: left;
		width: 320px;
	}
	.bar-wrapper {
		max-width: 1100px;
		margin: 0 auto;
	}
	.bar-wrapper.has-sidebar {
		max-width: 1430px;
	}
	.mainbar {
		margin: 0;
		padding-right: 1px;
	}
	.mainbar.has-sidebar {
		margin-left: 330px;
	}
	@media (min-width: 1511px) {
		.sidebar {
			width: 400px;
		}
		.bar-wrapper.has-sidebar {
			max-width: 1510px;
		}
		.mainbar.has-sidebar {
			margin-left: 410px;
		}
	}
	.section.first-section {
		margin-top: 9px;
	}
	.blocklink small {
		white-space: normal;
	}
	.button {
		vertical-align: middle;
	}
	.replay-controls {
		padding-top: 10px;
	}
	.replay-controls h1 {
		font-size: 16pt;
		font-weight: normal;
		color: #CCC;
	}
	.pagelink {
		text-align: center;
	}
	.pagelink a {
		width: 150px;
	}
	.textbox, .button {
		font-size: 11pt;
		vertical-align: middle;
	}
	@media (max-width: 450px) {
		.button {
			font-size: 9pt;
		}
	}
</style>

<div>

	<header>
		<div class="nav-wrapper"><ul class="nav">
			<li><a class="button nav-first" href="//pokemonshowdown.com/"><img src="//pokemonshowdown.com/images/pokemonshowdownbeta.png" srcset="//pokemonshowdown.com/images/pokemonshowdownbeta.png 1x, //pokemonshowdown.com/images/pokemonshowdownbeta@2x.png 2x" alt="Pok&eacute;mon Showdown" width="146" height="44" /> Home</a></li>
			<li><a class="button" href="//pokemonshowdown.com/dex/">Pok&eacute;dex</a></li>
			<li><a class="button cur" href="/">Replays</a></li>
			<li><a class="button" href="//pokemonshowdown.com/ladder/">Ladder</a></li>
			<li><a class="button nav-last" href="//pokemonshowdown.com/forums/">Forum</a></li>
			<li><a class="button greenbutton nav-first nav-last" href="//play.pokemonshowdown.com/">Play</a></li>
		</ul></div>
	</header>

	<div class="main" id="main">

		<noscript><section class="section">You need to enable JavaScript to use this page; sorry!</section></noscript>

	</div>

</div>

<script defer nomodule src="//play.pokemonshowdown.com/js/lib/ps-polyfill.js"></script>
<script defer src="//play.pokemonshowdown.com/js/lib/preact.min.js"></script>

<script defer src="//play.pokemonshowdown.com/config/config.js?2bddbc15"></script>
<script defer src="//play.pokemonshowdown.com/js/lib/jquery-1.11.0.min.js"></script>
<script defer src="//play.pokemonshowdown.com/js/lib/html-sanitizer-minified.js"></script>
<script defer src="//play.pokemonshowdown.com/js/battle-sound.js"></script>
<script defer src="//play.pokemonshowdown.com/js/battledata.js?0.7209276989879541"></script>
<script defer src="//play.pokemonshowdown.com/data/pokedex-mini.js?0.6111056340867951"></script>
<script defer src="//play.pokemonshowdown.com/data/pokedex-mini-bw.js?0.3532142036491459"></script>
<script defer src="//play.pokemonshowdown.com/data/graphics.js?0.24223875632456182"></script>
<script defer src="//play.pokemonshowdown.com/data/pokedex.js?0.38839984266356864"></script>
<script defer src="//play.pokemonshowdown.com/data/moves.js?0.21866028504024015"></script>
<script defer src="//play.pokemonshowdown.com/data/abilities.js?0.2005157953846628"></script>
<script defer src="//play.pokemonshowdown.com/data/items.js?0.9894211263848525"></script>
<script defer src="//play.pokemonshowdown.com/data/teambuilder-tables.js?0.6008791140282215"></script>
<script defer src="//play.pokemonshowdown.com/js/battle-tooltips.js?0.7580118955022959"></script>
<script defer src="//play.pokemonshowdown.com/js/battle.js?0.6057722274234274"></script>

<script defer src="js/utils.js?e31f9a17"></script>
<script defer src="js/replays-battle.js?7008c182"></script>

<!-- don't scrape this data! just add .json or .log after the URL!
Full API docs: https://github.com/smogon/pokemon-showdown-client/blob/master/WEB-API.md -->
<script type="text/plain" class="log" id="replaylog-smogtours-gen3ou-799267">
|inactive|Battle timer is ON: inactive players will automatically lose when time's up.
|t:|1729177089
|gametype|singles
|player|p1|salto|grimsley|
|player|p2|Calm Stiege|266|
|teamsize|p1|6
|teamsize|p2|6
|gen|3
|tier|[Gen 3] OU
|rule|Sleep Clause Mod: Limit one foe put to sleep
|rule|Switch Priority Clause Mod: Faster Pokémon switch first
|rule|Species Clause: Limit one of each Pokémon
|rule|OHKO Clause: OHKO moves are banned
|rule|Evasion Items Clause: Evasion items are banned
|rule|Evasion Moves Clause: Evasion moves are banned
|rule|Endless Battle Clause: Forcing endless battles is banned
|rule|HP Percentage Mod: HP is shown in percentages
|rule|One Boost Passer Clause: Limit one Baton Passer that has a way to boost its stats
|rule|Freeze Clause Mod: Limit one foe frozen
|
|t:|1729177089
|start
|switch|p1a: Metagross|Metagross|100/100
|switch|p2a: crikey|Salamence, F|100/100
|-ability|p2a: crikey|Intimidate|boost
|-fail|p1a: Metagross|unboost|[from] ability: Clear Body|[of] p1a: Metagross
|turn|1
|c|☆Calm Stiege|hfgl
|c|☆salto|glhf
|
|t:|1729177105
|switch|p2a: restricted|Claydol|100/100
|move|p1a: Metagross|Meteor Mash|p2a: restricted|[miss]
|-miss|p1a: Metagross|p2a: restricted
|
|upkeep
|turn|2
|
|t:|1729177110
|switch|p2a: star boy|Jirachi|100/100
|switch|p1a: Celebi|Celebi|100/100
|
|upkeep
|turn|3
|
|t:|1729177115
|move|p1a: Celebi|Substitute|p1a: Celebi
|-start|p1a: Celebi|Substitute
|-damage|p1a: Celebi|75/100
|move|p2a: star boy|Fire Punch|p1a: Celebi
|-supereffective|p1a: Celebi
|-end|p1a: Celebi|Substitute
|
|-heal|p1a: Celebi|82/100|[from] item: Leftovers
|upkeep
|turn|4
|
|t:|1729177117
|move|p1a: Celebi|Baton Pass|p1a: Celebi
|
|t:|1729177123
|switch|p1a: Lapras|Lapras, M|100/100|[from] Baton Pass
|move|p2a: star boy|Fire Punch|p1a: Lapras
|-crit|p1a: Lapras
|-damage|p1a: Lapras|75/100
|
|-heal|p1a: Lapras|81/100|[from] item: Leftovers
|upkeep
|turn|5
|
|t:|1729177129
|move|p2a: star boy|Toxic|p1a: Lapras
|-status|p1a: Lapras|tox
|move|p1a: Lapras|Perish Song|p1a: Lapras
|-start|p1a: Lapras|perish3|[silent]
|-start|p2a: star boy|perish3|[silent]
|-fieldactivate|move: Perish Song
|
|-heal|p1a: Lapras|87/100 tox|[from] item: Leftovers
|-damage|p1a: Lapras|81/100 tox|[from] psn
|-start|p2a: star boy|perish3
|-start|p1a: Lapras|perish3
|upkeep
|turn|6
|
|t:|1729177135
|switch|p2a: giz a 5er|Hariyama, M|100/100
|move|p1a: Lapras|Heal Bell|p1a: Lapras
|-activate|p1a: Lapras|move: Heal Bell
|-curestatus|p1a: Lapras|tox|[silent]
|
|-heal|p1a: Lapras|87/100|[from] item: Leftovers
|-start|p1a: Lapras|perish2
|upkeep
|turn|7
|
|t:|1729177145
|switch|p1a: Metagross|Metagross|100/100
|move|p2a: giz a 5er|Knock Off|p1a: Metagross
|-damage|p1a: Metagross|98/100
|-enditem|p1a: Metagross|Lum Berry|[from] move: Knock Off|[of] p2a: giz a 5er
|-hint|In Gens 3-4, Knock Off only makes the target's item unusable; it cannot obtain a new item.
|
|upkeep
|turn|8
|
|t:|1729177153
|switch|p2a: star boy|Jirachi|100/100
|move|p1a: Metagross|Meteor Mash|p2a: star boy
|-resisted|p2a: star boy
|-damage|p2a: star boy|83/100
|
|-heal|p2a: star boy|89/100|[from] item: Leftovers
|upkeep
|turn|9
|
|t:|1729177155
|move|p2a: star boy|Fire Punch|p1a: Metagross
|-supereffective|p1a: Metagross
|-damage|p1a: Metagross|59/100
|move|p1a: Metagross|Earthquake|p2a: star boy
|-supereffective|p2a: star boy
|-crit|p2a: star boy
|-damage|p2a: star boy|0 fnt
|faint|p2a: star boy
|
|t:|1729177160
|switch|p2a: crikey|Salamence, F|100/100
|-ability|p2a: crikey|Intimidate|boost
|-fail|p1a: Metagross|unboost|[from] ability: Clear Body|[of] p1a: Metagross
|
|upkeep
|turn|10
|
|t:|1729177175
|switch|p1a: Claydol|Claydol|100/100
|move|p2a: crikey|Earthquake|p1a: Claydol
|-immune|p1a: Claydol
|
|upkeep
|turn|11
|
|t:|1729177183
|switch|p2a: giz a 5er|Hariyama, M|100/100
|move|p1a: Claydol|Psychic|p2a: giz a 5er
|-supereffective|p2a: giz a 5er
|-damage|p2a: giz a 5er|56/100
|
|-heal|p2a: giz a 5er|62/100|[from] item: Leftovers
|upkeep
|turn|12
|
|t:|1729177185
|move|p1a: Claydol|Psychic|p2a: giz a 5er
|-supereffective|p2a: giz a 5er
|-damage|p2a: giz a 5er|19/100
|move|p2a: giz a 5er|Hidden Power|p1a: Claydol
|-supereffective|p1a: Claydol
|-damage|p1a: Claydol|56/100
|
|-heal|p1a: Claydol|62/100|[from] item: Leftovers
|-heal|p2a: giz a 5er|25/100|[from] item: Leftovers
|upkeep
|turn|13
|
|t:|1729177189
|switch|p2a: restricted|Claydol|100/100
|move|p1a: Claydol|Psychic|p2a: restricted
|-resisted|p2a: restricted
|-damage|p2a: restricted|90/100
|-unboost|p2a: restricted|spd|1
|
|-heal|p2a: restricted|96/100|[from] item: Leftovers
|-heal|p1a: Claydol|68/100|[from] item: Leftovers
|upkeep
|turn|14
|
|t:|1729177198
|switch|p1a: Lapras|Lapras, M|87/100
|move|p2a: restricted|Shadow Ball|p1a: Lapras
|-damage|p1a: Lapras|74/100
|
|-heal|p2a: restricted|100/100|[from] item: Leftovers
|-heal|p1a: Lapras|80/100|[from] item: Leftovers
|upkeep
|turn|15
|
|t:|1729177202
|switch|p2a: mr burns|Blissey, F|100/100
|move|p1a: Lapras|Ice Beam|p2a: mr burns
|-damage|p2a: mr burns|88/100
|
|-heal|p1a: Lapras|86/100|[from] item: Leftovers
|-heal|p2a: mr burns|94/100|[from] item: Leftovers
|upkeep
|turn|16
|
|t:|1729177205
|move|p1a: Lapras|Perish Song|p1a: Lapras
|-start|p1a: Lapras|perish3|[silent]
|-start|p2a: mr burns|perish3|[silent]
|-fieldactivate|move: Perish Song
|move|p2a: mr burns|Thunderbolt|p1a: Lapras
|-supereffective|p1a: Lapras
|-damage|p1a: Lapras|48/100
|
|-heal|p1a: Lapras|54/100|[from] item: Leftovers
|-heal|p2a: mr burns|100/100|[from] item: Leftovers
|-start|p1a: Lapras|perish3
|-start|p2a: mr burns|perish3
|upkeep
|turn|17
|
|t:|1729177209
|switch|p1a: Celebi|Celebi|82/100
|switch|p2a: giz a 5er|Hariyama, M|25/100
|
|-heal|p1a: Celebi|88/100|[from] item: Leftovers
|-heal|p2a: giz a 5er|31/100|[from] item: Leftovers
|upkeep
|turn|18
|
|t:|1729177224
|switch|p1a: Metagross|Metagross|59/100
|switch|p2a: crikey|Salamence, F|100/100
|-ability|p2a: crikey|Intimidate|boost
|-fail|p1a: Metagross|unboost|[from] ability: Clear Body|[of] p1a: Metagross
|
|upkeep
|turn|19
|
|t:|1729177229
|switch|p1a: Lapras|Lapras, M|54/100
|move|p2a: crikey|Earthquake|p1a: Lapras
|-damage|p1a: Lapras|16/100
|
|-heal|p1a: Lapras|22/100|[from] item: Leftovers
|upkeep
|turn|20
|
|t:|1729177234
|move|p2a: crikey|Earthquake|p1a: Lapras
|-damage|p1a: Lapras|0 fnt
|faint|p1a: Lapras
|
|t:|1729177238
|switch|p1a: Claydol|Claydol|68/100
|
|-heal|p1a: Claydol|74/100|[from] item: Leftovers
|upkeep
|turn|21
|
|t:|1729177241
|switch|p2a: restricted|Claydol|100/100
|move|p1a: Claydol|Explosion|p2a: restricted
|-damage|p2a: restricted|0 fnt
|faint|p1a: Claydol
|faint|p2a: restricted
|
|t:|1729177251
|switch|p2a: giz a 5er|Hariyama, M|31/100
|switch|p1a: Celebi|Celebi|88/100
|
|-heal|p1a: Celebi|94/100|[from] item: Leftovers
|-heal|p2a: giz a 5er|37/100|[from] item: Leftovers
|upkeep
|turn|22
|
|t:|1729177257
|switch|p2a: crikey|Salamence, F|100/100
|-ability|p2a: crikey|Intimidate|boost
|-unboost|p1a: Celebi|atk|1
|move|p1a: Celebi|Giga Drain|p2a: crikey
|-resisted|p2a: crikey
|-damage|p2a: crikey|93/100
|-heal|p1a: Celebi|97/100|[from] drain|[of] p2a: crikey
|
|-heal|p1a: Celebi|100/100|[from] item: Leftovers
|upkeep
|turn|23
|
|t:|1729177264
|switch|p1a: Zapdos|Zapdos|100/100
|move|p2a: crikey|Hidden Power|p1a: Zapdos
|-resisted|p1a: Zapdos
|-damage|p1a: Zapdos|67/100
|
|-heal|p1a: Zapdos|73/100|[from] item: Leftovers
|upkeep
|turn|24
|
|t:|1729177269
|switch|p2a: mr burns|Blissey, F|100/100
|move|p1a: Zapdos|Thunderbolt|p2a: mr burns
|-damage|p2a: mr burns|78/100
|
|-heal|p1a: Zapdos|80/100|[from] item: Leftovers
|-heal|p2a: mr burns|84/100|[from] item: Leftovers
|upkeep
|turn|25
|
|t:|1729177274
|move|p1a: Zapdos|Agility|p1a: Zapdos
|-boost|p1a: Zapdos|spe|2
|move|p2a: mr burns|Ice Beam|p1a: Zapdos
|-supereffective|p1a: Zapdos
|-damage|p1a: Zapdos|24/100
|
|-heal|p1a: Zapdos|30/100|[from] item: Leftovers
|-heal|p2a: mr burns|90/100|[from] item: Leftovers
|upkeep
|turn|26
|
|t:|1729177281
|switch|p2a: goodest|Suicune|100/100
|move|p1a: Zapdos|Baton Pass|p1a: Zapdos
|
|t:|1729177298
|switch|p1a: Medicham|Medicham, M|100/100|[from] Baton Pass
|
|upkeep
|turn|27
|
|t:|1729177302
|switch|p2a: crikey|Salamence, F|93/100
|-ability|p2a: crikey|Intimidate|boost
|-unboost|p1a: Medicham|atk|1
|move|p1a: Medicham|Brick Break|p2a: crikey
|-resisted|p2a: crikey
|-damage|p2a: crikey|71/100
|
|upkeep
|turn|28
|
|t:|1729177309
|switch|p1a: Zapdos|Zapdos|30/100
|switch|p2a: goodest|Suicune|100/100
|
|-heal|p1a: Zapdos|36/100|[from] item: Leftovers
|upkeep
|turn|29
|
|t:|1729177321
|switch|p2a: mr burns|Blissey, F|90/100
|move|p1a: Zapdos|Baton Pass|p1a: Zapdos
|
|t:|1729177325
|switch|p1a: Metagross|Metagross|59/100|[from] Baton Pass
|
|-heal|p2a: mr burns|97/100|[from] item: Leftovers
|upkeep
|turn|30
|
|t:|1729177329
|move|p1a: Metagross|Meteor Mash|p2a: mr burns
|-damage|p2a: mr burns|40/100
|move|p2a: mr burns|Thunderbolt|p1a: Metagross
|-damage|p1a: Metagross|30/100
|
|-heal|p2a: mr burns|47/100|[from] item: Leftovers
|upkeep
|turn|31
|
|t:|1729177336
|switch|p2a: goodest|Suicune|100/100
|move|p1a: Metagross|Meteor Mash|p2a: goodest
|-resisted|p2a: goodest
|-damage|p2a: goodest|84/100
|
|-heal|p2a: goodest|90/100|[from] item: Leftovers
|upkeep
|turn|32
|
|t:|1729177341
|switch|p2a: giz a 5er|Hariyama, M|37/100
|move|p1a: Metagross|Explosion|p2a: giz a 5er
|-damage|p2a: giz a 5er|0 fnt
|faint|p1a: Metagross
|faint|p2a: giz a 5er
|
|t:|1729177348
|switch|p1a: Celebi|Celebi|100/100
|switch|p2a: crikey|Salamence, F|71/100
|-ability|p2a: crikey|Intimidate|boost
|-unboost|p1a: Celebi|atk|1
|
|upkeep
|turn|33
|
|t:|1729177354
|move|p2a: crikey|Hidden Power|p1a: Celebi
|-supereffective|p1a: Celebi
|-damage|p1a: Celebi|2/100
|move|p1a: Celebi|Hidden Power|p2a: crikey
|-resisted|p2a: crikey
|-damage|p2a: crikey|60/100
|
|-heal|p1a: Celebi|8/100|[from] item: Leftovers
|upkeep
|turn|34
|
|t:|1729177358
|move|p2a: crikey|Hidden Power|p1a: Celebi
|-supereffective|p1a: Celebi
|-damage|p1a: Celebi|0 fnt
|faint|p1a: Celebi
|
|t:|1729177359
|switch|p1a: Zapdos|Zapdos|36/100
|
|-heal|p1a: Zapdos|42/100|[from] item: Leftovers
|upkeep
|turn|35
|
|t:|1729177365
|switch|p2a: goodest|Suicune|90/100
|move|p1a: Zapdos|Thunderbolt|p2a: goodest
|-supereffective|p2a: goodest
|-damage|p2a: goodest|17/100
|
|-heal|p1a: Zapdos|48/100|[from] item: Leftovers
|-heal|p2a: goodest|23/100|[from] item: Leftovers
|upkeep
|turn|36
|
|t:|1729177369
|move|p1a: Zapdos|Thunderbolt|p2a: goodest
|-supereffective|p2a: goodest
|-damage|p2a: goodest|0 fnt
|faint|p2a: goodest
|
|t:|1729177371
|switch|p2a: mr burns|Blissey, F|47/100
|
|-heal|p1a: Zapdos|55/100|[from] item: Leftovers
|-heal|p2a: mr burns|53/100|[from] item: Leftovers
|upkeep
|turn|37
|
|t:|1729177374
|move|p1a: Zapdos|Agility|p1a: Zapdos
|-boost|p1a: Zapdos|spe|2
|move|p2a: mr burns|Ice Beam|p1a: Zapdos
|-supereffective|p1a: Zapdos
|-crit|p1a: Zapdos
|-damage|p1a: Zapdos|0 fnt
|faint|p1a: Zapdos
|
|t:|1729177376
|switch|p1a: Medicham|Medicham, M|100/100
|
|-heal|p2a: mr burns|59/100|[from] item: Leftovers
|upkeep
|turn|38
|
|t:|1729177379
|move|p1a: Medicham|Bulk Up|p1a: Medicham
|-boost|p1a: Medicham|atk|1
|-boost|p1a: Medicham|def|1
|move|p2a: mr burns|Ice Beam|p1a: Medicham
|-damage|p1a: Medicham|59/100
|
|-heal|p1a: Medicham|65/100|[from] item: Leftovers
|-heal|p2a: mr burns|65/100|[from] item: Leftovers
|upkeep
|turn|39
|
|t:|1729177381
|move|p1a: Medicham|Brick Break|p2a: mr burns
|-supereffective|p2a: mr burns
|-damage|p2a: mr burns|0 fnt
|faint|p2a: mr burns
|
|t:|1729177384
|switch|p2a: crikey|Salamence, F|60/100
|-ability|p2a: crikey|Intimidate|boost
|-unboost|p1a: Medicham|atk|1
|
|-heal|p1a: Medicham|71/100|[from] item: Leftovers
|upkeep
|turn|40
|
|t:|1729177389
|move|p2a: crikey|Hidden Power|p1a: Medicham
|-supereffective|p1a: Medicham
|-damage|p1a: Medicham|0 fnt
|faint|p1a: Medicham
|
|win|Calm Stiege
|c|☆Calm Stiege|gg
|c|☆salto|gg
|player|p1|
|player|p1|salto|grimsley|

</script>
<script type="application/json" class="data" id="replaydata-smogtours-gen3ou-799267">
{"id":"smogtours-gen3ou-799267","format":"[Gen 3] OU","players":["salto","Calm Stiege"],"uploadtime":1729177389,"views":85,"formatid":"gen3ou","rating":null,"private":0,"password":null}
</script>

<script defer src="js/replays.js?9d40a366"></script>
