<!DOCTYPE html>
<meta charset="utf-8" />
<meta name="viewport" content="width=device-width" />

<title>[Gen 3] OU: cremozar vs. Ramsus776 - Replays - Pok&eacute;mon Showdown!</title>

<meta name="description" content="Watch a replay of a Pok&eacute;mon battle between cremozar and Ramsus776! Format: [Gen 3] OU; Date: Oct 3, 2024" />
<!--

Hey, you! Looking in the source for the replay log?

You can find them in JSON format, just add `.json` at the end of a replay URL.

https://replay.pokemonshowdown.com/gen7randomdoublesbattle-865046831.json

Or, if you only need the log itself, add `.log` instead:

https://replay.pokemonshowdown.com/gen7randomdoublesbattle-865046831.log

-->

<link rel="stylesheet" href="//pokemonshowdown.com/style/global.css?0.023195364461161105" />
<link rel="stylesheet" href="//play.pokemonshowdown.com/style/font-awesome.css?0.13261647063804238" />
<link rel="stylesheet" href="//play.pokemonshowdown.com/style/battle.css?0.8753245789963631" />
<link rel="stylesheet" href="//play.pokemonshowdown.com/style/utilichart.css?0.8627959624976733" />

<!-- Global site tag (gtag.js) - Google Analytics -->
<script async src="https://www.googletagmanager.com/gtag/js?id=UA-26211653-1"></script>
<script>
  window.dataLayer = window.dataLayer || [];
  function gtag(){dataLayer.push(arguments);}
  gtag('js', new Date());

  gtag('config', 'UA-26211653-1');
</script>
<!-- End Google Analytics -->
<!-- Venatus Ad Manager - Install in <HEAD> of page -->
	<script src="https://hb.vntsm.com/v3/live/ad-manager.min.js" type="text/javascript" data-site-id="642aba63ec9a7b11c3c9c1be" data-mode="scan" async></script>
<!-- / Venatus Ad Manager -->

<style>
	@media (max-width:820px) {
		.battle {
			margin: 0 auto;
		}
		.battle-log {
			margin: 7px auto 0;
			max-width: 640px;
			height: 300px;
			position: static;
		}
	}
	.optgroup {
		display: inline-block;
		line-height: 22px;
		font-size: 10pt;
	}
	.optgroup .button {
		height: 25px;
		padding-top: 0;
		padding-bottom: 0;
	}
	.optgroup button.button {
		padding-left: 12px;
		padding-right: 12px;
	}
	.linklist {
		list-style: none;
		margin: 0.5em 0;
		padding: 0;
	}
	.linklist li {
		padding: 2px 0;
	}
	.sidebar {
		float: left;
		width: 320px;
	}
	.bar-wrapper {
		max-width: 1100px;
		margin: 0 auto;
	}
	.bar-wrapper.has-sidebar {
		max-width: 1430px;
	}
	.mainbar {
		margin: 0;
		padding-right: 1px;
	}
	.mainbar.has-sidebar {
		margin-left: 330px;
	}
	@media (min-width: 1511px) {
		.sidebar {
			width: 400px;
		}
		.bar-wrapper.has-sidebar {
			max-width: 1510px;
		}
		.mainbar.has-sidebar {
			margin-left: 410px;
		}
	}
	.section.first-section {
		margin-top: 9px;
	}
	.blocklink small {
		white-space: normal;
	}
	.button {
		vertical-align: middle;
	}
	.replay-controls {
		padding-top: 10px;
	}
	.replay-controls h1 {
		font-size: 16pt;
		font-weight: normal;
		color: #CCC;
	}
	.pagelink {
		text-align: center;
	}
	.pagelink a {
		width: 150px;
	}
	.textbox, .button {
		font-size: 11pt;
		vertical-align: middle;
	}
	@media (max-width: 450px) {
		.button {
			font-size: 9pt;
		}
	}
</style>

<div>

	<header>
		<div class="nav-wrapper"><ul class="nav">
			<li><a class="button nav-first" href="//pokemonshowdown.com/"><img src="//pokemonshowdown.com/images/pokemonshowdownbeta.png" srcset="//pokemonshowdown.com/images/pokemonshowdownbeta.png 1x, //pokemonshowdown.com/images/pokemonshowdownbeta@2x.png 2x" alt="Pok&eacute;mon Showdown" width="146" height="44" /> Home</a></li>
			<li><a class="button" href="//pokemonshowdown.com/dex/">Pok&eacute;dex</a></li>
			<li><a class="button cur" href="/">Replays</a></li>
			<li><a class="button" href="//pokemonshowdown.com/ladder/">Ladder</a></li>
			<li><a class="button nav-last" href="//pokemonshowdown.com/forums/">Forum</a></li>
			<li><a class="button greenbutton nav-first nav-last" href="//play.pokemonshowdown.com/">Play</a></li>
		</ul></div>
	</header>

	<div class="main" id="main">

		<noscript><section class="section">You need to enable JavaScript to use this page; sorry!</section></noscript>

	</div>

</div>

<script defer nomodule src="//play.pokemonshowdown.com/js/lib/ps-polyfill.js"></script>
<script defer src="//play.pokemonshowdown.com/js/lib/preact.min.js"></script>

<script defer src="//play.pokemonshowdown.com/config/config.js?2bddbc15"></script>
<script defer src="//play.pokemonshowdown.com/js/lib/jquery-1.11.0.min.js"></script>
<script defer src="//play.pokemonshowdown.com/js/lib/html-sanitizer-minified.js"></script>
<script defer src="//play.pokemonshowdown.com/js/battle-sound.js"></script>
<script defer src="//play.pokemonshowdown.com/js/battledata.js?0.7209276989879541"></script>
<script defer src="//play.pokemonshowdown.com/data/pokedex-mini.js?0.6111056340867951"></script>
<script defer src="//play.pokemonshowdown.com/data/pokedex-mini-bw.js?0.3532142036491459"></script>
<script defer src="//play.pokemonshowdown.com/data/graphics.js?0.24223875632456182"></script>
<script defer src="//play.pokemonshowdown.com/data/pokedex.js?0.38839984266356864"></script>
<script defer src="//play.pokemonshowdown.com/data/moves.js?0.21866028504024015"></script>
<script defer src="//play.pokemonshowdown.com/data/abilities.js?0.2005157953846628"></script>
<script defer src="//play.pokemonshowdown.com/data/items.js?0.9894211263848525"></script>
<script defer src="//play.pokemonshowdown.com/data/teambuilder-tables.js?0.6008791140282215"></script>
<script defer src="//play.pokemonshowdown.com/js/battle-tooltips.js?0.7580118955022959"></script>
<script defer src="//play.pokemonshowdown.com/js/battle.js?0.6057722274234274"></script>

<script defer src="js/utils.js?e31f9a17"></script>
<script defer src="js/replays-battle.js?7008c182"></script>

<!-- don't scrape this data! just add .json or .log after the URL!
Full API docs: https://github.com/smogon/pokemon-showdown-client/blob/master/WEB-API.md -->
<script type="text/plain" class="log" id="replaylog-smogtours-gen3ou-794239">
|inactive|Battle timer is ON: inactive players will automatically lose when time's up.
|t:|1727973255
|gametype|singles
|player|p1|cremozar|169|
|player|p2|Ramsus776|170|
|teamsize|p1|6
|teamsize|p2|6
|gen|3
|tier|[Gen 3] OU
|rule|Sleep Clause Mod: Limit one foe put to sleep
|rule|Switch Priority Clause Mod: Faster Pokémon switch first
|rule|Species Clause: Limit one of each Pokémon
|rule|OHKO Clause: OHKO moves are banned
|rule|Evasion Items Clause: Evasion items are banned
|rule|Evasion Moves Clause: Evasion moves are banned
|rule|Endless Battle Clause: Forcing endless battles is banned
|rule|HP Percentage Mod: HP is shown in percentages
|rule|One Boost Passer Clause: Limit one Baton Passer that has a way to boost its stats
|rule|Freeze Clause Mod: Limit one foe frozen
|
|t:|1727973255
|start
|switch|p1a: Tyranitar|Tyranitar, F|100/100
|switch|p2a: Tar don't cook|Hariyama, F|100/100
|-weather|Sandstorm|[from] ability: Sand Stream|[of] p1a: Tyranitar
|turn|1
|
|t:|1727973272
|switch|p1a: Skarmory|Skarmory, M|100/100
|move|p2a: Tar don't cook|Knock Off|p1a: Skarmory
|-resisted|p1a: Skarmory
|-damage|p1a: Skarmory|99/100
|-enditem|p1a: Skarmory|Leftovers|[from] move: Knock Off|[of] p2a: Tar don't cook
|-hint|In Gens 3-4, Knock Off only makes the target's item unusable; it cannot obtain a new item.
|
|-weather|Sandstorm|[upkeep]
|-damage|p2a: Tar don't cook|94/100|[from] Sandstorm
|-heal|p2a: Tar don't cook|100/100|[from] item: Leftovers
|upkeep
|turn|2
|
|t:|1727973288
|switch|p2a: Spinny funny|Forretress, F|100/100
|move|p1a: Skarmory|Spikes|p2a: Spinny funny
|-sidestart|p2: Ramsus776|Spikes
|
|-weather|Sandstorm|[upkeep]
|upkeep
|turn|3
|
|t:|1727973297
|switch|p1a: Gengar|Gengar, F|100/100
|move|p2a: Spinny funny|Spikes|p1a: Gengar
|-sidestart|p1: cremozar|Spikes
|
|-weather|Sandstorm|[upkeep]
|-damage|p1a: Gengar|95/100|[from] Sandstorm
|-heal|p1a: Gengar|100/100|[from] item: Leftovers
|upkeep
|turn|4
|
|t:|1727973303
|switch|p2a: Alcachofa|Tyranitar, F|100/100
|-damage|p2a: Alcachofa|88/100|[from] Spikes
|move|p1a: Gengar|Hidden Power|p2a: Alcachofa
|-supereffective|p2a: Alcachofa
|-damage|p2a: Alcachofa|48/100
|
|-weather|Sandstorm|[upkeep]
|-damage|p1a: Gengar|95/100|[from] Sandstorm
|-heal|p1a: Gengar|100/100|[from] item: Leftovers
|-heal|p2a: Alcachofa|54/100|[from] item: Leftovers
|upkeep
|turn|5
|
|t:|1727973328
|move|p1a: Gengar|Hidden Power|p2a: Alcachofa
|-supereffective|p2a: Alcachofa
|-damage|p2a: Alcachofa|13/100
|move|p2a: Alcachofa|Pursuit|p1a: Gengar
|-supereffective|p1a: Gengar
|-damage|p1a: Gengar|39/100
|
|-weather|Sandstorm|[upkeep]
|-damage|p1a: Gengar|33/100|[from] Sandstorm
|-heal|p1a: Gengar|39/100|[from] item: Leftovers
|-heal|p2a: Alcachofa|19/100|[from] item: Leftovers
|upkeep
|turn|6
|
|t:|1727973338
|move|p1a: Gengar|Hidden Power|p2a: Alcachofa
|-supereffective|p2a: Alcachofa
|-damage|p2a: Alcachofa|0 fnt
|faint|p2a: Alcachofa
|inactive|Ramsus776 has 270 seconds left.
|
|t:|1727973366
|switch|p2a: Please?|Jirachi|100/100
|-damage|p2a: Please?|88/100|[from] Spikes
|
|-weather|Sandstorm|[upkeep]
|-damage|p1a: Gengar|33/100|[from] Sandstorm
|-heal|p1a: Gengar|39/100|[from] item: Leftovers
|-heal|p2a: Please?|94/100|[from] item: Leftovers
|upkeep
|turn|7
|
|t:|1727973376
|switch|p1a: Tyranitar|Tyranitar, F|100/100
|-damage|p1a: Tyranitar|88/100|[from] Spikes
|move|p2a: Please?|Calm Mind|p2a: Please?
|-boost|p2a: Please?|spa|1
|-boost|p2a: Please?|spd|1
|
|-weather|Sandstorm|[upkeep]
|-heal|p2a: Please?|100/100|[from] item: Leftovers
|-heal|p1a: Tyranitar|94/100|[from] item: Leftovers
|upkeep
|turn|8
|inactive|Ramsus776 has 270 seconds left.
|
|t:|1727973408
|move|p2a: Please?|Thunder|p1a: Tyranitar|[miss]
|-miss|p2a: Please?|p1a: Tyranitar
|move|p1a: Tyranitar|Earthquake|p2a: Please?
|-supereffective|p2a: Please?
|-damage|p2a: Please?|53/100
|
|-weather|Sandstorm|[upkeep]
|-heal|p2a: Please?|59/100|[from] item: Leftovers
|-heal|p1a: Tyranitar|100/100|[from] item: Leftovers
|upkeep
|turn|9
|
|t:|1727973421
|switch|p1a: Jolteon|Jolteon, F|100/100
|-damage|p1a: Jolteon|88/100|[from] Spikes
|move|p2a: Please?|Thunder|p1a: Jolteon
|-heal|p1a: Jolteon|100/100|[from] ability: Volt Absorb|[of] p2a: Please?
|
|-weather|Sandstorm|[upkeep]
|-damage|p1a: Jolteon|94/100|[from] Sandstorm
|-heal|p1a: Jolteon|100/100|[from] item: Leftovers
|-heal|p2a: Please?|65/100|[from] item: Leftovers
|upkeep
|turn|10
|
|t:|1727973426
|move|p1a: Jolteon|Thunder Wave|p2a: Please?
|-status|p2a: Please?|par
|move|p2a: Please?|Wish|p2a: Please?
|
|-weather|Sandstorm|[upkeep]
|-damage|p1a: Jolteon|94/100|[from] Sandstorm
|-heal|p1a: Jolteon|100/100|[from] item: Leftovers
|-heal|p2a: Please?|71/100 par|[from] item: Leftovers
|upkeep
|turn|11
|inactive|Ramsus776 has 270 seconds left.
|
|t:|1727973439
|switch|p1a: Metagross|Metagross|100/100
|-damage|p1a: Metagross|88/100|[from] Spikes
|move|p2a: Please?|Ice Punch|p1a: Metagross
|-resisted|p1a: Metagross
|-crit|p1a: Metagross
|-damage|p1a: Metagross|57/100
|-status|p1a: Metagross|frz
|
|-heal|p2a: Please?|100/100 par|[from] move: Wish|[wisher] Please?
|-weather|Sandstorm|[upkeep]
|upkeep
|turn|12
|inactive|Ramsus776 has 270 seconds left.
|
|t:|1727973460
|switch|p2a: Spinny funny|Forretress, F|100/100
|-damage|p2a: Spinny funny|88/100|[from] Spikes
|-curestatus|p1a: Metagross|frz|[msg]
|move|p1a: Metagross|Earthquake|p2a: Spinny funny
|-damage|p2a: Spinny funny|49/100
|
|-weather|Sandstorm|[upkeep]
|-heal|p2a: Spinny funny|55/100|[from] item: Leftovers
|upkeep
|turn|13
|inactive|Ramsus776 has 270 seconds left.
|
|t:|1727973481
|move|p1a: Metagross|Earthquake|p2a: Spinny funny
|-crit|p2a: Spinny funny
|-damage|p2a: Spinny funny|0 fnt
|faint|p2a: Spinny funny
|
|t:|1727973491
|switch|p2a: Sand in my eyes|Milotic, F|100/100
|-damage|p2a: Sand in my eyes|88/100|[from] Spikes
|
|-weather|Sandstorm|[upkeep]
|-damage|p2a: Sand in my eyes|82/100|[from] Sandstorm
|-heal|p2a: Sand in my eyes|88/100|[from] item: Leftovers
|upkeep
|turn|14
|
|t:|1727973511
|switch|p1a: Jolteon|Jolteon, F|100/100
|-damage|p1a: Jolteon|88/100|[from] Spikes
|move|p2a: Sand in my eyes|Surf|p1a: Jolteon
|-damage|p1a: Jolteon|46/100
|
|-weather|Sandstorm|[upkeep]
|-damage|p1a: Jolteon|40/100|[from] Sandstorm
|-damage|p2a: Sand in my eyes|82/100|[from] Sandstorm
|-heal|p1a: Jolteon|46/100|[from] item: Leftovers
|-heal|p2a: Sand in my eyes|88/100|[from] item: Leftovers
|upkeep
|turn|15
|
|t:|1727973517
|switch|p2a: Tu mom|Blissey, F|100/100
|-damage|p2a: Tu mom|88/100|[from] Spikes
|move|p1a: Jolteon|Thunderbolt|p2a: Tu mom
|-damage|p2a: Tu mom|73/100
|
|-weather|Sandstorm|[upkeep]
|-damage|p1a: Jolteon|40/100|[from] Sandstorm
|-damage|p2a: Tu mom|67/100|[from] Sandstorm
|-heal|p1a: Jolteon|46/100|[from] item: Leftovers
|-heal|p2a: Tu mom|73/100|[from] item: Leftovers
|upkeep
|turn|16
|inactive|Ramsus776 has 270 seconds left.
|
|t:|1727973531
|move|p1a: Jolteon|Baton Pass|p1a: Jolteon
|
|t:|1727973542
|switch|p1a: Skarmory|Skarmory, M|99/100|[from] Baton Pass
|move|p2a: Tu mom|Aromatherapy|p2a: Tu mom
|-cureteam|p2a: Tu mom|[from] move: Aromatherapy
|
|-weather|Sandstorm|[upkeep]
|-damage|p2a: Tu mom|67/100|[from] Sandstorm
|-heal|p2a: Tu mom|73/100|[from] item: Leftovers
|upkeep
|turn|17
|inactive|Ramsus776 has 270 seconds left.
|
|t:|1727973563
|switch|p2a: Please?|Jirachi|100/100
|-damage|p2a: Please?|88/100|[from] Spikes
|move|p1a: Skarmory|Spikes|p2a: Please?
|-sidestart|p2: Ramsus776|Spikes
|
|-weather|Sandstorm|[upkeep]
|-heal|p2a: Please?|94/100|[from] item: Leftovers
|upkeep
|turn|18
|
|t:|1727973568
|move|p2a: Please?|Thunder|p1a: Skarmory
|-supereffective|p1a: Skarmory
|-damage|p1a: Skarmory|46/100
|-status|p1a: Skarmory|par
|move|p1a: Skarmory|Roar|p2a: Please?
|drag|p2a: Tar don't cook|Hariyama, F|100/100
|-damage|p2a: Tar don't cook|84/100|[from] Spikes
|
|-weather|Sandstorm|[upkeep]
|-damage|p2a: Tar don't cook|78/100|[from] Sandstorm
|-heal|p2a: Tar don't cook|84/100|[from] item: Leftovers
|upkeep
|turn|19
|inactive|Ramsus776 has 270 seconds left.
|
|t:|1727973586
|move|p1a: Skarmory|Spikes|p2a: Tar don't cook
|-sidestart|p2: Ramsus776|Spikes
|move|p2a: Tar don't cook|Whirlwind|p1a: Skarmory
|drag|p1a: Gengar|Gengar, F|39/100
|
|-weather|Sandstorm|[upkeep]
|-damage|p1a: Gengar|33/100|[from] Sandstorm
|-damage|p2a: Tar don't cook|78/100|[from] Sandstorm
|-heal|p1a: Gengar|39/100|[from] item: Leftovers
|-heal|p2a: Tar don't cook|84/100|[from] item: Leftovers
|upkeep
|turn|20
|
|t:|1727973596
|switch|p1a: Skarmory|Skarmory, M|46/100 par
|move|p2a: Tar don't cook|Knock Off|p1a: Skarmory
|-resisted|p1a: Skarmory
|-damage|p1a: Skarmory|45/100 par
|
|-weather|Sandstorm|[upkeep]
|-damage|p2a: Tar don't cook|78/100|[from] Sandstorm
|-heal|p2a: Tar don't cook|84/100|[from] item: Leftovers
|upkeep
|turn|21
|
|t:|1727973600
|move|p2a: Tar don't cook|Brick Break|p1a: Skarmory
|-damage|p1a: Skarmory|23/100 par
|move|p1a: Skarmory|Roar|p2a: Tar don't cook
|drag|p2a: Please?|Jirachi|94/100
|-damage|p2a: Please?|69/100|[from] Spikes
|
|-weather|Sandstorm|[upkeep]
|-heal|p2a: Please?|75/100|[from] item: Leftovers
|upkeep
|turn|22
|
|t:|1727973607
|move|p2a: Please?|Wish|p2a: Please?
|move|p1a: Skarmory|Roar|p2a: Please?
|drag|p2a: Tar don't cook|Hariyama, F|84/100
|-damage|p2a: Tar don't cook|59/100|[from] Spikes
|
|-weather|Sandstorm|[upkeep]
|-damage|p2a: Tar don't cook|53/100|[from] Sandstorm
|-heal|p2a: Tar don't cook|59/100|[from] item: Leftovers
|upkeep
|turn|23
|
|t:|1727973619
|move|p2a: Tar don't cook|Knock Off|p1a: Skarmory
|-resisted|p1a: Skarmory
|-damage|p1a: Skarmory|22/100 par
|move|p1a: Skarmory|Toxic|p2a: Tar don't cook
|-status|p2a: Tar don't cook|tox
|
|-heal|p2a: Tar don't cook|100/100 tox|[from] move: Wish|[wisher] Please?
|-weather|Sandstorm|[upkeep]
|-damage|p2a: Tar don't cook|94/100 tox|[from] Sandstorm
|-heal|p2a: Tar don't cook|100/100 tox|[from] item: Leftovers
|-damage|p2a: Tar don't cook|94/100 tox|[from] psn
|upkeep
|turn|24
|
|t:|1727973626
|switch|p1a: Gengar|Gengar, F|39/100
|move|p2a: Tar don't cook|Brick Break|p1a: Gengar
|-immune|p1a: Gengar
|
|-weather|Sandstorm|[upkeep]
|-damage|p1a: Gengar|33/100|[from] Sandstorm
|-damage|p2a: Tar don't cook|88/100 tox|[from] Sandstorm
|-heal|p1a: Gengar|39/100|[from] item: Leftovers
|-heal|p2a: Tar don't cook|94/100 tox|[from] item: Leftovers
|-damage|p2a: Tar don't cook|82/100 tox|[from] psn
|upkeep
|turn|25
|
|t:|1727973633
|switch|p1a: Skarmory|Skarmory, M|22/100 par
|move|p2a: Tar don't cook|Knock Off|p1a: Skarmory
|-resisted|p1a: Skarmory
|-damage|p1a: Skarmory|21/100 par
|
|-weather|Sandstorm|[upkeep]
|-damage|p2a: Tar don't cook|76/100 tox|[from] Sandstorm
|-heal|p2a: Tar don't cook|82/100 tox|[from] item: Leftovers
|-damage|p2a: Tar don't cook|64/100 tox|[from] psn
|upkeep
|turn|26
|
|t:|1727973647
|move|p2a: Tar don't cook|Rest|p2a: Tar don't cook
|-status|p2a: Tar don't cook|slp|[from] move: Rest
|-heal|p2a: Tar don't cook|100/100 slp|[silent]
|move|p1a: Skarmory|Roar|p2a: Tar don't cook
|drag|p2a: Tu mom|Blissey, F|73/100
|-damage|p2a: Tu mom|48/100|[from] Spikes
|
|-weather|Sandstorm|[upkeep]
|-damage|p2a: Tu mom|42/100|[from] Sandstorm
|-heal|p2a: Tu mom|48/100|[from] item: Leftovers
|upkeep
|turn|27
|
|t:|1727973654
|switch|p1a: Metagross|Metagross|57/100
|-damage|p1a: Metagross|45/100|[from] Spikes
|move|p2a: Tu mom|Soft-Boiled|p2a: Tu mom
|-heal|p2a: Tu mom|98/100
|
|-weather|Sandstorm|[upkeep]
|-damage|p2a: Tu mom|92/100|[from] Sandstorm
|-heal|p2a: Tu mom|98/100|[from] item: Leftovers
|upkeep
|turn|28
|
|t:|1727973663
|move|p1a: Metagross|Earthquake|p2a: Tu mom
|-damage|p2a: Tu mom|51/100
|move|p2a: Tu mom|Counter|p1a: Metagross
|-damage|p1a: Metagross|0 fnt
|faint|p1a: Metagross
|
|t:|1727973677
|switch|p1a: Tyranitar|Tyranitar, F|100/100
|-damage|p1a: Tyranitar|88/100|[from] Spikes
|
|-weather|Sandstorm|[upkeep]
|-damage|p2a: Tu mom|45/100|[from] Sandstorm
|-heal|p1a: Tyranitar|94/100|[from] item: Leftovers
|-heal|p2a: Tu mom|51/100|[from] item: Leftovers
|upkeep
|turn|29
|inactive|Ramsus776 has 270 seconds left.
|
|t:|1727973718
|-singleturn|p1a: Tyranitar|move: Focus Punch
|switch|p2a: Please?|Jirachi|75/100
|-damage|p2a: Please?|50/100|[from] Spikes
|move|p1a: Tyranitar|Focus Punch|p2a: Please?
|-damage|p2a: Please?|15/100
|
|-weather|Sandstorm|[upkeep]
|-heal|p2a: Please?|21/100|[from] item: Leftovers
|-heal|p1a: Tyranitar|100/100|[from] item: Leftovers
|upkeep
|turn|30
|
|t:|1727973726
|move|p2a: Please?|Ice Punch|p1a: Tyranitar
|-damage|p1a: Tyranitar|86/100
|move|p1a: Tyranitar|Earthquake|p2a: Please?
|-supereffective|p2a: Please?
|-damage|p2a: Please?|0 fnt
|faint|p2a: Please?
|
|t:|1727973732
|switch|p2a: Sand in my eyes|Milotic, F|88/100
|-damage|p2a: Sand in my eyes|63/100|[from] Spikes
|
|-weather|Sandstorm|[upkeep]
|-damage|p2a: Sand in my eyes|57/100|[from] Sandstorm
|-heal|p2a: Sand in my eyes|63/100|[from] item: Leftovers
|-heal|p1a: Tyranitar|93/100|[from] item: Leftovers
|upkeep
|turn|31
|inactive|Ramsus776 has 270 seconds left.
|
|t:|1727973741
|switch|p1a: Skarmory|Skarmory, M|21/100 par
|move|p2a: Sand in my eyes|Surf|p1a: Skarmory
|-damage|p1a: Skarmory|0 fnt
|faint|p1a: Skarmory
|inactive|cremozar has 270 seconds left.
|inactive|cremozar has 240 seconds left.
|inactive|cremozar has 210 seconds left.
|
|t:|1727973849
|switch|p1a: Gengar|Gengar, F|39/100
|
|-weather|Sandstorm|[upkeep]
|-damage|p1a: Gengar|33/100|[from] Sandstorm
|-damage|p2a: Sand in my eyes|57/100|[from] Sandstorm
|-heal|p1a: Gengar|39/100|[from] item: Leftovers
|-heal|p2a: Sand in my eyes|63/100|[from] item: Leftovers
|upkeep
|turn|32
|inactive|Ramsus776 has 270 seconds left.
|
|t:|1727973875
|move|p1a: Gengar|Explosion|p2a: Sand in my eyes
|-damage|p2a: Sand in my eyes|2/100
|faint|p1a: Gengar
|
|t:|1727973885
|switch|p1a: Tyranitar|Tyranitar, F|93/100
|-damage|p1a: Tyranitar|80/100|[from] Spikes
|
|-weather|Sandstorm|[upkeep]
|-damage|p2a: Sand in my eyes|0 fnt|[from] Sandstorm
|faint|p2a: Sand in my eyes
|-heal|p1a: Tyranitar|86/100|[from] item: Leftovers
|upkeep
|
|t:|1727973899
|switch|p2a: Tu mom|Blissey, F|51/100
|-damage|p2a: Tu mom|26/100|[from] Spikes
|turn|33
|inactive|cremozar has 210 seconds left.
|inactive|cremozar has 180 seconds left.
|
|t:|1727973949
|move|p1a: Tyranitar|Earthquake|p2a: Tu mom
|-damage|p2a: Tu mom|0 fnt
|faint|p2a: Tu mom
|
|t:|1727973952
|switch|p2a: Tar don't cook|Hariyama, F|100/100 slp
|-damage|p2a: Tar don't cook|76/100 slp|[from] Spikes
|
|-weather|Sandstorm|[upkeep]
|-damage|p2a: Tar don't cook|70/100 slp|[from] Sandstorm
|-heal|p1a: Tyranitar|93/100|[from] item: Leftovers
|-heal|p2a: Tar don't cook|76/100 slp|[from] item: Leftovers
|upkeep
|turn|34
|
|t:|1727973954
|move|p1a: Tyranitar|Earthquake|p2a: Tar don't cook
|-damage|p2a: Tar don't cook|46/100 slp
|cant|p2a: Tar don't cook|slp
|
|-weather|Sandstorm|[upkeep]
|-damage|p2a: Tar don't cook|40/100 slp|[from] Sandstorm
|-heal|p1a: Tyranitar|99/100|[from] item: Leftovers
|-heal|p2a: Tar don't cook|46/100 slp|[from] item: Leftovers
|upkeep
|turn|35
|
|t:|1727973967
|-singleturn|p1a: Tyranitar|move: Focus Punch
|cant|p2a: Tar don't cook|slp
|move|p1a: Tyranitar|Focus Punch|p2a: Tar don't cook
|-damage|p2a: Tar don't cook|4/100 slp
|
|-weather|Sandstorm|[upkeep]
|-damage|p2a: Tar don't cook|0 fnt|[from] Sandstorm
|faint|p2a: Tar don't cook
|
|win|cremozar
|upkeep
|c|☆cremozar|gg
|player|p1|
|player|p2|
|player|p1|cremozar|169|
|player|p1|
|player|p1|cremozar|169|

</script>
<script type="application/json" class="data" id="replaydata-smogtours-gen3ou-794239">
{"id":"smogtours-gen3ou-794239","format":"[Gen 3] OU","players":["cremozar","Ramsus776"],"uploadtime":1727973967,"views":86,"formatid":"gen3ou","rating":null,"private":0,"password":null}
</script>

<script defer src="js/replays.js?9d40a366"></script>
