<!DOCTYPE html>
<meta charset="utf-8" />
<meta name="viewport" content="width=device-width" />

<title>[Gen 3] OU: VZR vs. Gen 1 for eva - Replays - Pok&eacute;mon Showdown!</title>

<meta name="description" content="Watch a replay of a Pok&eacute;mon battle between VZR and Gen 1 for eva! Format: [Gen 3] OU; Date: Oct 8, 2024" />
<!--

Hey, you! Looking in the source for the replay log?

You can find them in JSON format, just add `.json` at the end of a replay URL.

https://replay.pokemonshowdown.com/gen7randomdoublesbattle-865046831.json

Or, if you only need the log itself, add `.log` instead:

https://replay.pokemonshowdown.com/gen7randomdoublesbattle-865046831.log

-->

<link rel="stylesheet" href="//pokemonshowdown.com/style/global.css?0.023195364461161105" />
<link rel="stylesheet" href="//play.pokemonshowdown.com/style/font-awesome.css?0.13261647063804238" />
<link rel="stylesheet" href="//play.pokemonshowdown.com/style/battle.css?0.8753245789963631" />
<link rel="stylesheet" href="//play.pokemonshowdown.com/style/utilichart.css?0.8627959624976733" />

<!-- Global site tag (gtag.js) - Google Analytics -->
<script async src="https://www.googletagmanager.com/gtag/js?id=UA-26211653-1"></script>
<script>
  window.dataLayer = window.dataLayer || [];
  function gtag(){dataLayer.push(arguments);}
  gtag('js', new Date());

  gtag('config', 'UA-26211653-1');
</script>
<!-- End Google Analytics -->
<!-- Venatus Ad Manager - Install in <HEAD> of page -->
	<script src="https://hb.vntsm.com/v3/live/ad-manager.min.js" type="text/javascript" data-site-id="642aba63ec9a7b11c3c9c1be" data-mode="scan" async></script>
<!-- / Venatus Ad Manager -->

<style>
	@media (max-width:820px) {
		.battle {
			margin: 0 auto;
		}
		.battle-log {
			margin: 7px auto 0;
			max-width: 640px;
			height: 300px;
			position: static;
		}
	}
	.optgroup {
		display: inline-block;
		line-height: 22px;
		font-size: 10pt;
	}
	.optgroup .button {
		height: 25px;
		padding-top: 0;
		padding-bottom: 0;
	}
	.optgroup button.button {
		padding-left: 12px;
		padding-right: 12px;
	}
	.linklist {
		list-style: none;
		margin: 0.5em 0;
		padding: 0;
	}
	.linklist li {
		padding: 2px 0;
	}
	.sidebar {
		float: left;
		width: 320px;
	}
	.bar-wrapper {
		max-width: 1100px;
		margin: 0 auto;
	}
	.bar-wrapper.has-sidebar {
		max-width: 1430px;
	}
	.mainbar {
		margin: 0;
		padding-right: 1px;
	}
	.mainbar.has-sidebar {
		margin-left: 330px;
	}
	@media (min-width: 1511px) {
		.sidebar {
			width: 400px;
		}
		.bar-wrapper.has-sidebar {
			max-width: 1510px;
		}
		.mainbar.has-sidebar {
			margin-left: 410px;
		}
	}
	.section.first-section {
		margin-top: 9px;
	}
	.blocklink small {
		white-space: normal;
	}
	.button {
		vertical-align: middle;
	}
	.replay-controls {
		padding-top: 10px;
	}
	.replay-controls h1 {
		font-size: 16pt;
		font-weight: normal;
		color: #CCC;
	}
	.pagelink {
		text-align: center;
	}
	.pagelink a {
		width: 150px;
	}
	.textbox, .button {
		font-size: 11pt;
		vertical-align: middle;
	}
	@media (max-width: 450px) {
		.button {
			font-size: 9pt;
		}
	}
</style>

<div>

	<header>
		<div class="nav-wrapper"><ul class="nav">
			<li><a class="button nav-first" href="//pokemonshowdown.com/"><img src="//pokemonshowdown.com/images/pokemonshowdownbeta.png" srcset="//pokemonshowdown.com/images/pokemonshowdownbeta.png 1x, //pokemonshowdown.com/images/pokemonshowdownbeta@2x.png 2x" alt="Pok&eacute;mon Showdown" width="146" height="44" /> Home</a></li>
			<li><a class="button" href="//pokemonshowdown.com/dex/">Pok&eacute;dex</a></li>
			<li><a class="button cur" href="/">Replays</a></li>
			<li><a class="button" href="//pokemonshowdown.com/ladder/">Ladder</a></li>
			<li><a class="button nav-last" href="//pokemonshowdown.com/forums/">Forum</a></li>
			<li><a class="button greenbutton nav-first nav-last" href="//play.pokemonshowdown.com/">Play</a></li>
		</ul></div>
	</header>

	<div class="main" id="main">

		<noscript><section class="section">You need to enable JavaScript to use this page; sorry!</section></noscript>

	</div>

</div>

<script defer nomodule src="//play.pokemonshowdown.com/js/lib/ps-polyfill.js"></script>
<script defer src="//play.pokemonshowdown.com/js/lib/preact.min.js"></script>

<script defer src="//play.pokemonshowdown.com/config/config.js?2bddbc15"></script>
<script defer src="//play.pokemonshowdown.com/js/lib/jquery-1.11.0.min.js"></script>
<script defer src="//play.pokemonshowdown.com/js/lib/html-sanitizer-minified.js"></script>
<script defer src="//play.pokemonshowdown.com/js/battle-sound.js"></script>
<script defer src="//play.pokemonshowdown.com/js/battledata.js?0.7209276989879541"></script>
<script defer src="//play.pokemonshowdown.com/data/pokedex-mini.js?0.6111056340867951"></script>
<script defer src="//play.pokemonshowdown.com/data/pokedex-mini-bw.js?0.3532142036491459"></script>
<script defer src="//play.pokemonshowdown.com/data/graphics.js?0.24223875632456182"></script>
<script defer src="//play.pokemonshowdown.com/data/pokedex.js?0.38839984266356864"></script>
<script defer src="//play.pokemonshowdown.com/data/moves.js?0.21866028504024015"></script>
<script defer src="//play.pokemonshowdown.com/data/abilities.js?0.2005157953846628"></script>
<script defer src="//play.pokemonshowdown.com/data/items.js?0.9894211263848525"></script>
<script defer src="//play.pokemonshowdown.com/data/teambuilder-tables.js?0.6008791140282215"></script>
<script defer src="//play.pokemonshowdown.com/js/battle-tooltips.js?0.7580118955022959"></script>
<script defer src="//play.pokemonshowdown.com/js/battle.js?0.6057722274234274"></script>

<script defer src="js/utils.js?e31f9a17"></script>
<script defer src="js/replays-battle.js?7008c182"></script>

<!-- don't scrape this data! just add .json or .log after the URL!
Full API docs: https://github.com/smogon/pokemon-showdown-client/blob/master/WEB-API.md -->
<script type="text/plain" class="log" id="replaylog-smogtours-gen3ou-796325">
|inactive|Battle timer is ON: inactive players will automatically lose when time's up.
|t:|1728357714
|gametype|singles
|player|p1|VZR|2|
|player|p2|Gen 1 for eva|169|
|teamsize|p1|6
|teamsize|p2|6
|gen|3
|tier|[Gen 3] OU
|rule|Sleep Clause Mod: Limit one foe put to sleep
|rule|Switch Priority Clause Mod: Faster Pokémon switch first
|rule|Species Clause: Limit one of each Pokémon
|rule|OHKO Clause: OHKO moves are banned
|rule|Evasion Items Clause: Evasion items are banned
|rule|Evasion Moves Clause: Evasion moves are banned
|rule|Endless Battle Clause: Forcing endless battles is banned
|rule|HP Percentage Mod: HP is shown in percentages
|rule|One Boost Passer Clause: Limit one Baton Passer that has a way to boost its stats
|rule|Freeze Clause Mod: Limit one foe frozen
|
|t:|1728357714
|start
|switch|p1a: 썬더|Zapdos|100/100
|switch|p2a: Salamence|Salamence, F|100/100
|-ability|p2a: Salamence|Intimidate|boost
|-unboost|p1a: 썬더|atk|1
|turn|1
|c|☆VZR|hf
|c|☆Gen 1 for eva|Glhf 
|inactive|VZR has 270 seconds left.
|inactive|Gen 1 for eva has 270 seconds left.
|
|t:|1728357765
|switch|p1a: 대짱이|Swampert, F|100/100
|move|p2a: Salamence|Dragon Claw|p1a: 대짱이
|-damage|p1a: 대짱이|64/100
|
|-heal|p1a: 대짱이|70/100|[from] item: Leftovers
|upkeep
|turn|2
|inactive|VZR has 270 seconds left.
|
|t:|1728357796
|switch|p2a: Forretress|Forretress, F|100/100
|move|p1a: 대짱이|Protect||[still]
|-fail|p1a: 대짱이
|
|-heal|p1a: 대짱이|76/100|[from] item: Leftovers
|upkeep
|turn|3
|
|t:|1728357806
|move|p1a: 대짱이|Hydro Pump|p2a: Forretress
|-damage|p2a: Forretress|50/100
|move|p2a: Forretress|Spikes|p1a: 대짱이
|-sidestart|p1: VZR|Spikes
|
|-heal|p1a: 대짱이|83/100|[from] item: Leftovers
|-heal|p2a: Forretress|56/100|[from] item: Leftovers
|upkeep
|turn|4
|inactive|VZR has 270 seconds left.
|inactive|Gen 1 for eva has 270 seconds left.
|
|t:|1728357833
|move|p1a: 대짱이|Protect|p1a: 대짱이
|-singleturn|p1a: 대짱이|Protect
|move|p2a: Forretress|Earthquake|p1a: 대짱이
|-activate|p1a: 대짱이|Protect
|
|-heal|p1a: 대짱이|89/100|[from] item: Leftovers
|-heal|p2a: Forretress|62/100|[from] item: Leftovers
|upkeep
|turn|5
|inactive|Gen 1 for eva has 270 seconds left.
|
|t:|1728357847
|move|p1a: 대짱이|Hydro Pump|p2a: Forretress
|-damage|p2a: Forretress|17/100
|move|p2a: Forretress|Earthquake|p1a: 대짱이
|-damage|p1a: 대짱이|68/100
|
|-heal|p1a: 대짱이|75/100|[from] item: Leftovers
|-heal|p2a: Forretress|24/100|[from] item: Leftovers
|upkeep
|turn|6
|inactive|Gen 1 for eva has 270 seconds left.
|
|t:|1728357862
|switch|p2a: Gengar|Gengar, M|100/100
|move|p1a: 대짱이|Earthquake|p2a: Gengar
|-immune|p2a: Gengar
|
|-heal|p1a: 대짱이|81/100|[from] item: Leftovers
|upkeep
|turn|7
|inactive|Gen 1 for eva has 270 seconds left.
|
|t:|1728357870
|move|p1a: 대짱이|Protect|p1a: 대짱이
|-singleturn|p1a: 대짱이|Protect
|move|p2a: Gengar|Hidden Power|p1a: 대짱이
|-activate|p1a: 대짱이|Protect
|
|-heal|p1a: 대짱이|87/100|[from] item: Leftovers
|upkeep
|turn|8
|
|t:|1728357878
|switch|p1a: 해피너스|Blissey, F, shiny|100/100
|-damage|p1a: 해피너스|88/100|[from] Spikes
|move|p2a: Gengar|Ice Punch|p1a: 해피너스
|-damage|p1a: 해피너스|78/100
|
|-heal|p1a: 해피너스|84/100|[from] item: Leftovers
|upkeep
|turn|9
|
|t:|1728357908
|switch|p2a: Tyranitar|Tyranitar, F|100/100
|-weather|Sandstorm|[from] ability: Sand Stream|[of] p2a: Tyranitar
|move|p1a: 해피너스|Ice Beam|p2a: Tyranitar
|-crit|p2a: Tyranitar
|-damage|p2a: Tyranitar|60/100
|-status|p2a: Tyranitar|frz
|
|-weather|Sandstorm|[upkeep]
|-damage|p1a: 해피너스|78/100|[from] Sandstorm
|-heal|p2a: Tyranitar|67/100 frz|[from] item: Leftovers
|-heal|p1a: 해피너스|84/100|[from] item: Leftovers
|upkeep
|turn|10
|c|☆VZR|mb bro
|inactive|VZR has 270 seconds left.
|c|☆Gen 1 for eva|Sall g 
|
|t:|1728357946
|switch|p1a: 무장조|Skarmory, F|100/100
|cant|p2a: Tyranitar|frz
|
|-weather|Sandstorm|[upkeep]
|-heal|p2a: Tyranitar|73/100 frz|[from] item: Leftovers
|upkeep
|turn|11
|
|t:|1728357953
|move|p1a: 무장조|Spikes|p2a: Tyranitar
|-sidestart|p2: Gen 1 for eva|Spikes
|-curestatus|p2a: Tyranitar|frz|[msg]
|move|p2a: Tyranitar|Crunch|p1a: 무장조
|-resisted|p1a: 무장조
|-damage|p1a: 무장조|83/100
|
|-weather|Sandstorm|[upkeep]
|-heal|p1a: 무장조|89/100|[from] item: Leftovers
|-heal|p2a: Tyranitar|79/100|[from] item: Leftovers
|upkeep
|turn|12
|
|t:|1728357961
|switch|p2a: Forretress|Forretress, F|24/100
|-damage|p2a: Forretress|11/100|[from] Spikes
|move|p1a: 무장조|Spikes|p2a: Forretress
|-sidestart|p2: Gen 1 for eva|Spikes
|
|-weather|Sandstorm|[upkeep]
|-heal|p1a: 무장조|95/100|[from] item: Leftovers
|-heal|p2a: Forretress|17/100|[from] item: Leftovers
|upkeep
|turn|13
|
|t:|1728357968
|move|p1a: 무장조|Drill Peck|p2a: Forretress
|-damage|p2a: Forretress|1/100
|move|p2a: Forretress|Zap Cannon|p1a: 무장조|[miss]
|-miss|p2a: Forretress|p1a: 무장조
|
|-weather|Sandstorm|[upkeep]
|-heal|p1a: 무장조|100/100|[from] item: Leftovers
|-heal|p2a: Forretress|7/100|[from] item: Leftovers
|upkeep
|turn|14
|
|t:|1728357976
|move|p1a: 무장조|Drill Peck|p2a: Forretress
|-damage|p2a: Forretress|0 fnt
|faint|p2a: Forretress
|
|t:|1728357982
|switch|p2a: Claydol|Claydol|100/100
|
|-weather|Sandstorm|[upkeep]
|upkeep
|turn|15
|
|t:|1728357989
|move|p2a: Claydol|Rapid Spin|p1a: 무장조
|-resisted|p1a: 무장조
|-damage|p1a: 무장조|99/100
|-sideend|p2: Gen 1 for eva|Spikes|[from] move: Rapid Spin|[of] p2a: Claydol
|move|p1a: 무장조|Drill Peck|p2a: Claydol
|-crit|p2a: Claydol
|-damage|p2a: Claydol|64/100
|
|-weather|Sandstorm|[upkeep]
|-heal|p2a: Claydol|70/100|[from] item: Leftovers
|-heal|p1a: 무장조|100/100|[from] item: Leftovers
|upkeep
|turn|16
|
|t:|1728358002
|switch|p2a: Salamence|Salamence, F|100/100
|-ability|p2a: Salamence|Intimidate|boost
|-unboost|p1a: 무장조|atk|1
|move|p1a: 무장조|Spikes|p2a: Salamence
|-sidestart|p2: Gen 1 for eva|Spikes
|
|-weather|Sandstorm|[upkeep]
|-damage|p2a: Salamence|94/100|[from] Sandstorm
|-heal|p2a: Salamence|100/100|[from] item: Leftovers
|upkeep
|turn|17
|
|t:|1728358021
|move|p1a: 무장조|Protect|p1a: 무장조
|-singleturn|p1a: 무장조|Protect
|move|p2a: Salamence|Brick Break|p1a: 무장조
|-activate|p1a: 무장조|Protect
|
|-weather|Sandstorm|[upkeep]
|-damage|p2a: Salamence|94/100|[from] Sandstorm
|-heal|p2a: Salamence|100/100|[from] item: Leftovers
|upkeep
|turn|18
|inactive|VZR has 270 seconds left.
|
|t:|1728358050
|switch|p1a: 아쿠스타|Starmie|100/100
|-damage|p1a: 아쿠스타|88/100|[from] Spikes
|move|p2a: Salamence|Flamethrower|p1a: 아쿠스타
|-resisted|p1a: 아쿠스타
|-damage|p1a: 아쿠스타|69/100
|
|-weather|Sandstorm|[upkeep]
|-damage|p1a: 아쿠스타|63/100|[from] Sandstorm
|-damage|p2a: Salamence|94/100|[from] Sandstorm
|-heal|p1a: 아쿠스타|69/100|[from] item: Leftovers
|-heal|p2a: Salamence|100/100|[from] item: Leftovers
|upkeep
|turn|19
|inactive|Gen 1 for eva has 270 seconds left.
|
|t:|1728358092
|switch|p2a: Aerodactyl|Aerodactyl, M|100/100
|move|p1a: 아쿠스타|Thunder Wave|p2a: Aerodactyl
|-status|p2a: Aerodactyl|par
|
|-weather|Sandstorm|[upkeep]
|-damage|p1a: 아쿠스타|63/100|[from] Sandstorm
|-heal|p1a: 아쿠스타|69/100|[from] item: Leftovers
|upkeep
|turn|20
|
|t:|1728358103
|switch|p1a: 무장조|Skarmory, F|100/100
|move|p2a: Aerodactyl|Hidden Power|p1a: 무장조
|-resisted|p1a: 무장조
|-damage|p1a: 무장조|95/100
|
|-weather|Sandstorm|[upkeep]
|-heal|p1a: 무장조|100/100|[from] item: Leftovers
|upkeep
|turn|21
|
|t:|1728358111
|switch|p2a: Salamence|Salamence, F|100/100
|-ability|p2a: Salamence|Intimidate|boost
|-unboost|p1a: 무장조|atk|1
|move|p1a: 무장조|Spikes|p2a: Salamence
|-sidestart|p2: Gen 1 for eva|Spikes
|
|-weather|Sandstorm|[upkeep]
|-damage|p2a: Salamence|94/100|[from] Sandstorm
|-heal|p2a: Salamence|100/100|[from] item: Leftovers
|upkeep
|turn|22
|
|t:|1728358122
|move|p2a: Salamence|Dragon Claw|p1a: 무장조
|-resisted|p1a: 무장조
|-damage|p1a: 무장조|83/100
|move|p1a: 무장조|Spikes|p2a: Salamence
|-sidestart|p2: Gen 1 for eva|Spikes
|
|-weather|Sandstorm|[upkeep]
|-damage|p2a: Salamence|94/100|[from] Sandstorm
|-heal|p2a: Salamence|100/100|[from] item: Leftovers
|-heal|p1a: 무장조|89/100|[from] item: Leftovers
|upkeep
|turn|23
|
|t:|1728358129
|move|p1a: 무장조|Protect|p1a: 무장조
|-singleturn|p1a: 무장조|Protect
|move|p2a: Salamence|Dragon Claw|p1a: 무장조
|-activate|p1a: 무장조|Protect
|
|-weather|Sandstorm|[upkeep]
|-damage|p2a: Salamence|94/100|[from] Sandstorm
|-heal|p2a: Salamence|100/100|[from] item: Leftovers
|-heal|p1a: 무장조|95/100|[from] item: Leftovers
|upkeep
|turn|24
|
|t:|1728358136
|switch|p1a: 해피너스|Blissey, F, shiny|84/100
|-damage|p1a: 해피너스|71/100|[from] Spikes
|move|p2a: Salamence|Dragon Claw|p1a: 해피너스
|-damage|p1a: 해피너스|57/100
|
|-weather|Sandstorm|[upkeep]
|-damage|p2a: Salamence|94/100|[from] Sandstorm
|-damage|p1a: 해피너스|51/100|[from] Sandstorm
|-heal|p2a: Salamence|100/100|[from] item: Leftovers
|-heal|p1a: 해피너스|57/100|[from] item: Leftovers
|upkeep
|turn|25
|
|t:|1728358151
|switch|p2a: Gengar|Gengar, M|100/100
|move|p1a: 해피너스|Ice Beam|p2a: Gengar
|-damage|p2a: Gengar|64/100
|
|-weather|Sandstorm|[upkeep]
|-damage|p2a: Gengar|58/100|[from] Sandstorm
|-damage|p1a: 해피너스|51/100|[from] Sandstorm
|-heal|p2a: Gengar|64/100|[from] item: Leftovers
|-heal|p1a: 해피너스|57/100|[from] item: Leftovers
|upkeep
|turn|26
|inactive|VZR has 270 seconds left.
|
|t:|1728358200
|switch|p1a: 마기라스|Tyranitar, F|100/100
|-damage|p1a: 마기라스|88/100|[from] Spikes
|move|p2a: Gengar|Explosion|p1a: 마기라스
|-resisted|p1a: 마기라스
|-damage|p1a: 마기라스|60/100
|faint|p2a: Gengar
|
|t:|1728358218
|switch|p2a: Salamence|Salamence, F|100/100
|-ability|p2a: Salamence|Intimidate|boost
|-unboost|p1a: 마기라스|atk|1
|
|-weather|Sandstorm|[upkeep]
|-damage|p2a: Salamence|94/100|[from] Sandstorm
|-heal|p2a: Salamence|100/100|[from] item: Leftovers
|-heal|p1a: 마기라스|66/100|[from] item: Leftovers
|upkeep
|turn|27
|
|t:|1728358223
|move|p2a: Salamence|Brick Break|p1a: 마기라스
|-supereffective|p1a: 마기라스
|-damage|p1a: 마기라스|0 fnt
|faint|p1a: 마기라스
|
|t:|1728358230
|switch|p1a: 해피너스|Blissey, F, shiny|57/100
|-damage|p1a: 해피너스|44/100|[from] Spikes
|
|-weather|Sandstorm|[upkeep]
|-damage|p2a: Salamence|94/100|[from] Sandstorm
|-damage|p1a: 해피너스|38/100|[from] Sandstorm
|-heal|p2a: Salamence|100/100|[from] item: Leftovers
|-heal|p1a: 해피너스|44/100|[from] item: Leftovers
|upkeep
|turn|28
|
|t:|1728358234
|move|p2a: Salamence|Brick Break|p1a: 해피너스
|-supereffective|p1a: 해피너스
|-damage|p1a: 해피너스|4/100
|move|p1a: 해피너스|Ice Beam|p2a: Salamence
|-supereffective|p2a: Salamence
|-damage|p2a: Salamence|0 fnt
|faint|p2a: Salamence
|
|t:|1728358243
|switch|p2a: Aerodactyl|Aerodactyl, M|100/100 par
|
|-weather|Sandstorm|[upkeep]
|-damage|p1a: 해피너스|0 fnt|[from] Sandstorm
|faint|p1a: 해피너스
|upkeep
|
|t:|1728358256
|switch|p1a: 썬더|Zapdos|100/100
|turn|29
|
|t:|1728358263
|switch|p2a: Claydol|Claydol|70/100
|move|p1a: 썬더|Thunderbolt|p2a: Claydol
|-immune|p2a: Claydol
|
|-weather|Sandstorm|[upkeep]
|-damage|p1a: 썬더|94/100|[from] Sandstorm
|-heal|p1a: 썬더|100/100|[from] item: Leftovers
|-heal|p2a: Claydol|76/100|[from] item: Leftovers
|upkeep
|turn|30
|
|t:|1728358273
|move|p1a: 썬더|Toxic|p2a: Claydol
|-status|p2a: Claydol|tox
|move|p2a: Claydol|Psychic|p1a: 썬더
|-damage|p1a: 썬더|76/100
|
|-weather|Sandstorm|[upkeep]
|-damage|p1a: 썬더|70/100|[from] Sandstorm
|-heal|p1a: 썬더|76/100|[from] item: Leftovers
|-heal|p2a: Claydol|83/100 tox|[from] item: Leftovers
|-damage|p2a: Claydol|76/100 tox|[from] psn
|upkeep
|turn|31
|
|t:|1728358281
|switch|p1a: 무장조|Skarmory, F|95/100
|move|p2a: Claydol|Rapid Spin|p1a: 무장조
|-resisted|p1a: 무장조
|-damage|p1a: 무장조|93/100
|-sideend|p2: Gen 1 for eva|Spikes|[from] move: Rapid Spin|[of] p2a: Claydol
|
|-weather|Sandstorm|[upkeep]
|-heal|p2a: Claydol|83/100 tox|[from] item: Leftovers
|-damage|p2a: Claydol|70/100 tox|[from] psn
|-heal|p1a: 무장조|99/100|[from] item: Leftovers
|upkeep
|turn|32
|
|t:|1728358288
|switch|p2a: Tyranitar|Tyranitar, F|79/100
|move|p1a: 무장조|Spikes|p2a: Tyranitar
|-sidestart|p2: Gen 1 for eva|Spikes
|
|-weather|Sandstorm|[upkeep]
|-heal|p1a: 무장조|100/100|[from] item: Leftovers
|-heal|p2a: Tyranitar|85/100|[from] item: Leftovers
|upkeep
|turn|33
|
|t:|1728358301
|move|p2a: Tyranitar|Ice Beam|p1a: 무장조
|-damage|p1a: 무장조|72/100
|move|p1a: 무장조|Roar|p2a: Tyranitar
|drag|p2a: Claydol|Claydol|70/100 tox
|
|-weather|Sandstorm|[upkeep]
|-heal|p2a: Claydol|76/100 tox|[from] item: Leftovers
|-damage|p2a: Claydol|70/100 tox|[from] psn
|-heal|p1a: 무장조|78/100|[from] item: Leftovers
|upkeep
|turn|34
|
|t:|1728358314
|switch|p2a: Aerodactyl|Aerodactyl, M|100/100 par
|move|p1a: 무장조|Drill Peck|p2a: Aerodactyl
|-resisted|p2a: Aerodactyl
|-damage|p2a: Aerodactyl|81/100 par
|
|-weather|Sandstorm|[upkeep]
|-heal|p1a: 무장조|84/100|[from] item: Leftovers
|upkeep
|turn|35
|
|t:|1728358322
|move|p1a: 무장조|Drill Peck|p2a: Aerodactyl
|-resisted|p2a: Aerodactyl
|-damage|p2a: Aerodactyl|63/100 par
|move|p2a: Aerodactyl|Rock Slide|p1a: 무장조
|-damage|p1a: 무장조|45/100
|
|-weather|Sandstorm|[upkeep]
|-heal|p1a: 무장조|51/100|[from] item: Leftovers
|upkeep
|turn|36
|
|t:|1728358332
|switch|p1a: 대짱이|Swampert, F|87/100
|-damage|p1a: 대짱이|75/100|[from] Spikes
|move|p2a: Aerodactyl|Rock Slide|p1a: 대짱이
|-resisted|p1a: 대짱이
|-damage|p1a: 대짱이|53/100
|
|-weather|Sandstorm|[upkeep]
|-heal|p1a: 대짱이|59/100|[from] item: Leftovers
|upkeep
|turn|37
|
|t:|1728358341
|switch|p2a: Claydol|Claydol|70/100 tox
|move|p1a: 대짱이|Ice Beam|p2a: Claydol
|-supereffective|p2a: Claydol
|-damage|p2a: Claydol|26/100 tox
|
|-weather|Sandstorm|[upkeep]
|-heal|p2a: Claydol|32/100 tox|[from] item: Leftovers
|-damage|p2a: Claydol|26/100 tox|[from] psn
|-heal|p1a: 대짱이|66/100|[from] item: Leftovers
|upkeep
|turn|38
|
|t:|1728358350
|move|p1a: 대짱이|Protect|p1a: 대짱이
|-singleturn|p1a: 대짱이|Protect
|move|p2a: Claydol|Explosion|p1a: 대짱이
|-activate|p1a: 대짱이|Protect
|faint|p2a: Claydol
|
|t:|1728358356
|switch|p2a: Aerodactyl|Aerodactyl, M|63/100 par
|
|-weather|Sandstorm|[upkeep]
|-heal|p1a: 대짱이|72/100|[from] item: Leftovers
|upkeep
|turn|39
|
|t:|1728358364
|switch|p1a: 무장조|Skarmory, F|51/100
|cant|p2a: Aerodactyl|par
|
|-weather|Sandstorm|[upkeep]
|-heal|p1a: 무장조|57/100|[from] item: Leftovers
|upkeep
|turn|40
|
|t:|1728358372
|move|p1a: 무장조|Spikes|p2a: Aerodactyl
|-sidestart|p2: Gen 1 for eva|Spikes
|move|p2a: Aerodactyl|Rock Slide|p1a: 무장조|[miss]
|-miss|p2a: Aerodactyl|p1a: 무장조
|
|-weather|Sandstorm|[upkeep]
|-heal|p1a: 무장조|63/100|[from] item: Leftovers
|upkeep
|turn|41
|
|t:|1728358382
|move|p1a: 무장조|Spikes|p2a: Aerodactyl
|-sidestart|p2: Gen 1 for eva|Spikes
|move|p2a: Aerodactyl|Rock Slide|p1a: 무장조
|-damage|p1a: 무장조|22/100
|
|-weather|Sandstorm|[upkeep]
|-heal|p1a: 무장조|28/100|[from] item: Leftovers
|upkeep
|turn|42
|
|t:|1728358387
|move|p1a: 무장조|Drill Peck|p2a: Aerodactyl
|-resisted|p2a: Aerodactyl
|-damage|p2a: Aerodactyl|47/100 par
|move|p2a: Aerodactyl|Rock Slide|p1a: 무장조
|-damage|p1a: 무장조|0 fnt
|faint|p1a: 무장조
|
|t:|1728358397
|switch|p1a: 아쿠스타|Starmie|69/100
|-damage|p1a: 아쿠스타|57/100|[from] Spikes
|
|-weather|Sandstorm|[upkeep]
|-damage|p1a: 아쿠스타|51/100|[from] Sandstorm
|-heal|p1a: 아쿠스타|57/100|[from] item: Leftovers
|upkeep
|turn|43
|
|t:|1728358401
|move|p1a: 아쿠스타|Surf|p2a: Aerodactyl
|-supereffective|p2a: Aerodactyl
|-damage|p2a: Aerodactyl|0 fnt
|faint|p2a: Aerodactyl
|
|t:|1728358403
|switch|p2a: Tyranitar|Tyranitar, F|85/100
|-damage|p2a: Tyranitar|60/100|[from] Spikes
|
|-weather|Sandstorm|[upkeep]
|-damage|p1a: 아쿠스타|51/100|[from] Sandstorm
|-heal|p1a: 아쿠스타|57/100|[from] item: Leftovers
|-heal|p2a: Tyranitar|66/100|[from] item: Leftovers
|upkeep
|turn|44
|
|t:|1728358410
|move|p1a: 아쿠스타|Surf|p2a: Tyranitar
|-supereffective|p2a: Tyranitar
|-damage|p2a: Tyranitar|7/100
|move|p2a: Tyranitar|Crunch|p1a: 아쿠스타
|-supereffective|p1a: 아쿠스타
|-crit|p1a: 아쿠스타
|-damage|p1a: 아쿠스타|0 fnt
|faint|p1a: 아쿠스타
|
|t:|1728358415
|switch|p1a: 썬더|Zapdos|76/100
|
|-weather|Sandstorm|[upkeep]
|-damage|p1a: 썬더|70/100|[from] Sandstorm
|-heal|p1a: 썬더|76/100|[from] item: Leftovers
|-heal|p2a: Tyranitar|13/100|[from] item: Leftovers
|upkeep
|turn|45
|
|t:|1728358418
|move|p1a: 썬더|Thunderbolt|p2a: Tyranitar
|-damage|p2a: Tyranitar|0 fnt
|faint|p2a: Tyranitar
|
|win|VZR
|c|☆VZR|gg!
|c|☆Gen 1 for eva|Gg 
|player|p1|
|player|p1|VZR|veteran|
|player|p2|

</script>
<script type="application/json" class="data" id="replaydata-smogtours-gen3ou-796325">
{"id":"smogtours-gen3ou-796325","format":"[Gen 3] OU","players":["VZR","Gen 1 for eva"],"uploadtime":1728358418,"views":108,"formatid":"gen3ou","rating":null,"private":0,"password":null}
</script>

<script defer src="js/replays.js?9d40a366"></script>
