<!DOCTYPE html>
<meta charset="utf-8" />
<meta name="viewport" content="width=device-width" />

<title>[Gen 3] OU: KingWafl vs. RBVengeance - Replays - Pok&eacute;mon Showdown!</title>

<meta name="description" content="Watch a replay of a Pok&eacute;mon battle between KingWafl and RBVengeance! Format: [Gen 3] OU; Date: Oct 17, 2024" />
<!--

Hey, you! Looking in the source for the replay log?

You can find them in JSON format, just add `.json` at the end of a replay URL.

https://replay.pokemonshowdown.com/gen7randomdoublesbattle-865046831.json

Or, if you only need the log itself, add `.log` instead:

https://replay.pokemonshowdown.com/gen7randomdoublesbattle-865046831.log

-->

<link rel="stylesheet" href="//pokemonshowdown.com/style/global.css?0.023195364461161105" />
<link rel="stylesheet" href="//play.pokemonshowdown.com/style/font-awesome.css?0.13261647063804238" />
<link rel="stylesheet" href="//play.pokemonshowdown.com/style/battle.css?0.8753245789963631" />
<link rel="stylesheet" href="//play.pokemonshowdown.com/style/utilichart.css?0.8627959624976733" />

<!-- Global site tag (gtag.js) - Google Analytics -->
<script async src="https://www.googletagmanager.com/gtag/js?id=UA-26211653-1"></script>
<script>
  window.dataLayer = window.dataLayer || [];
  function gtag(){dataLayer.push(arguments);}
  gtag('js', new Date());

  gtag('config', 'UA-26211653-1');
</script>
<!-- End Google Analytics -->
<!-- Venatus Ad Manager - Install in <HEAD> of page -->
	<script src="https://hb.vntsm.com/v3/live/ad-manager.min.js" type="text/javascript" data-site-id="642aba63ec9a7b11c3c9c1be" data-mode="scan" async></script>
<!-- / Venatus Ad Manager -->

<style>
	@media (max-width:820px) {
		.battle {
			margin: 0 auto;
		}
		.battle-log {
			margin: 7px auto 0;
			max-width: 640px;
			height: 300px;
			position: static;
		}
	}
	.optgroup {
		display: inline-block;
		line-height: 22px;
		font-size: 10pt;
	}
	.optgroup .button {
		height: 25px;
		padding-top: 0;
		padding-bottom: 0;
	}
	.optgroup button.button {
		padding-left: 12px;
		padding-right: 12px;
	}
	.linklist {
		list-style: none;
		margin: 0.5em 0;
		padding: 0;
	}
	.linklist li {
		padding: 2px 0;
	}
	.sidebar {
		float: left;
		width: 320px;
	}
	.bar-wrapper {
		max-width: 1100px;
		margin: 0 auto;
	}
	.bar-wrapper.has-sidebar {
		max-width: 1430px;
	}
	.mainbar {
		margin: 0;
		padding-right: 1px;
	}
	.mainbar.has-sidebar {
		margin-left: 330px;
	}
	@media (min-width: 1511px) {
		.sidebar {
			width: 400px;
		}
		.bar-wrapper.has-sidebar {
			max-width: 1510px;
		}
		.mainbar.has-sidebar {
			margin-left: 410px;
		}
	}
	.section.first-section {
		margin-top: 9px;
	}
	.blocklink small {
		white-space: normal;
	}
	.button {
		vertical-align: middle;
	}
	.replay-controls {
		padding-top: 10px;
	}
	.replay-controls h1 {
		font-size: 16pt;
		font-weight: normal;
		color: #CCC;
	}
	.pagelink {
		text-align: center;
	}
	.pagelink a {
		width: 150px;
	}
	.textbox, .button {
		font-size: 11pt;
		vertical-align: middle;
	}
	@media (max-width: 450px) {
		.button {
			font-size: 9pt;
		}
	}
</style>

<div>

	<header>
		<div class="nav-wrapper"><ul class="nav">
			<li><a class="button nav-first" href="//pokemonshowdown.com/"><img src="//pokemonshowdown.com/images/pokemonshowdownbeta.png" srcset="//pokemonshowdown.com/images/pokemonshowdownbeta.png 1x, //pokemonshowdown.com/images/pokemonshowdownbeta@2x.png 2x" alt="Pok&eacute;mon Showdown" width="146" height="44" /> Home</a></li>
			<li><a class="button" href="//pokemonshowdown.com/dex/">Pok&eacute;dex</a></li>
			<li><a class="button cur" href="/">Replays</a></li>
			<li><a class="button" href="//pokemonshowdown.com/ladder/">Ladder</a></li>
			<li><a class="button nav-last" href="//pokemonshowdown.com/forums/">Forum</a></li>
			<li><a class="button greenbutton nav-first nav-last" href="//play.pokemonshowdown.com/">Play</a></li>
		</ul></div>
	</header>

	<div class="main" id="main">

		<noscript><section class="section">You need to enable JavaScript to use this page; sorry!</section></noscript>

	</div>

</div>

<script defer nomodule src="//play.pokemonshowdown.com/js/lib/ps-polyfill.js"></script>
<script defer src="//play.pokemonshowdown.com/js/lib/preact.min.js"></script>

<script defer src="//play.pokemonshowdown.com/config/config.js?2bddbc15"></script>
<script defer src="//play.pokemonshowdown.com/js/lib/jquery-1.11.0.min.js"></script>
<script defer src="//play.pokemonshowdown.com/js/lib/html-sanitizer-minified.js"></script>
<script defer src="//play.pokemonshowdown.com/js/battle-sound.js"></script>
<script defer src="//play.pokemonshowdown.com/js/battledata.js?0.7209276989879541"></script>
<script defer src="//play.pokemonshowdown.com/data/pokedex-mini.js?0.6111056340867951"></script>
<script defer src="//play.pokemonshowdown.com/data/pokedex-mini-bw.js?0.3532142036491459"></script>
<script defer src="//play.pokemonshowdown.com/data/graphics.js?0.24223875632456182"></script>
<script defer src="//play.pokemonshowdown.com/data/pokedex.js?0.38839984266356864"></script>
<script defer src="//play.pokemonshowdown.com/data/moves.js?0.21866028504024015"></script>
<script defer src="//play.pokemonshowdown.com/data/abilities.js?0.2005157953846628"></script>
<script defer src="//play.pokemonshowdown.com/data/items.js?0.9894211263848525"></script>
<script defer src="//play.pokemonshowdown.com/data/teambuilder-tables.js?0.6008791140282215"></script>
<script defer src="//play.pokemonshowdown.com/js/battle-tooltips.js?0.7580118955022959"></script>
<script defer src="//play.pokemonshowdown.com/js/battle.js?0.6057722274234274"></script>

<script defer src="js/utils.js?e31f9a17"></script>
<script defer src="js/replays-battle.js?7008c182"></script>

<!-- don't scrape this data! just add .json or .log after the URL!
Full API docs: https://github.com/smogon/pokemon-showdown-client/blob/master/WEB-API.md -->
<script type="text/plain" class="log" id="replaylog-smogtours-gen3ou-799394">
|inactive|Battle timer is ON: inactive players will automatically lose when time's up.
|t:|1729201147
|gametype|singles
|player|p1|KingWafl|265|
|player|p2|RBVengeance|leaf-masters2|
|teamsize|p1|6
|teamsize|p2|6
|gen|3
|tier|[Gen 3] OU
|rule|Sleep Clause Mod: Limit one foe put to sleep
|rule|Switch Priority Clause Mod: Faster Pokémon switch first
|rule|Species Clause: Limit one of each Pokémon
|rule|OHKO Clause: OHKO moves are banned
|rule|Evasion Items Clause: Evasion items are banned
|rule|Evasion Moves Clause: Evasion moves are banned
|rule|Endless Battle Clause: Forcing endless battles is banned
|rule|HP Percentage Mod: HP is shown in percentages
|rule|One Boost Passer Clause: Limit one Baton Passer that has a way to boost its stats
|rule|Freeze Clause Mod: Limit one foe frozen
|
|t:|1729201147
|start
|switch|p1a: Tyranitar|Tyranitar, F|100/100
|switch|p2a: Ayra|Jirachi|100/100
|-weather|Sandstorm|[from] ability: Sand Stream|[of] p1a: Tyranitar
|turn|1
|
|t:|1729201165
|move|p2a: Ayra|Hidden Power|p1a: Tyranitar
|-supereffective|p1a: Tyranitar
|-damage|p1a: Tyranitar|0 fnt
|faint|p1a: Tyranitar
|
|t:|1729201174
|switch|p1a: Gengar|Gengar, M|100/100
|
|-weather|Sandstorm|[upkeep]
|-damage|p1a: Gengar|94/100|[from] Sandstorm
|-heal|p1a: Gengar|100/100|[from] item: Leftovers
|upkeep
|turn|2
|
|t:|1729201189
|switch|p2a: Hubert|Swampert, M|100/100
|move|p1a: Gengar|Will-O-Wisp|p2a: Hubert
|-status|p2a: Hubert|brn
|
|-weather|Sandstorm|[upkeep]
|-damage|p1a: Gengar|94/100|[from] Sandstorm
|-heal|p1a: Gengar|100/100|[from] item: Leftovers
|-damage|p2a: Hubert|88/100 brn|[from] brn
|upkeep
|turn|3
|
|t:|1729201200
|move|p1a: Gengar|Giga Drain|p2a: Hubert
|-supereffective|p2a: Hubert
|-damage|p2a: Hubert|22/100 brn
|move|p2a: Hubert|Ice Beam|p1a: Gengar
|-damage|p1a: Gengar|66/100
|
|-weather|Sandstorm|[upkeep]
|-damage|p1a: Gengar|60/100|[from] Sandstorm
|-heal|p1a: Gengar|66/100|[from] item: Leftovers
|-heal|p2a: Hubert|28/100 brn|[from] item: Leftovers
|-damage|p2a: Hubert|16/100 brn|[from] brn
|upkeep
|turn|4
|
|t:|1729201215
|switch|p2a: Ross Shady|Zapdos|100/100
|move|p1a: Gengar|Ice Punch|p2a: Ross Shady
|-supereffective|p2a: Ross Shady
|-damage|p2a: Ross Shady|46/100
|
|-weather|Sandstorm|[upkeep]
|-damage|p1a: Gengar|60/100|[from] Sandstorm
|-damage|p2a: Ross Shady|40/100|[from] Sandstorm
|-heal|p1a: Gengar|66/100|[from] item: Leftovers
|-heal|p2a: Ross Shady|46/100|[from] item: Leftovers
|upkeep
|turn|5
|
|t:|1729201237
|switch|p2a: Alec|Forretress, M|100/100
|move|p1a: Gengar|Ice Punch|p2a: Alec
|-resisted|p2a: Alec
|-damage|p2a: Alec|89/100
|
|-weather|Sandstorm|[upkeep]
|-damage|p1a: Gengar|60/100|[from] Sandstorm
|-heal|p1a: Gengar|66/100|[from] item: Leftovers
|-heal|p2a: Alec|95/100|[from] item: Leftovers
|upkeep
|turn|6
|
|t:|1729201251
|move|p1a: Gengar|Will-O-Wisp|p2a: Alec
|-status|p2a: Alec|brn
|move|p2a: Alec|Spikes|p1a: Gengar
|-sidestart|p1: KingWafl|Spikes
|
|-weather|Sandstorm|[upkeep]
|-damage|p1a: Gengar|60/100|[from] Sandstorm
|-heal|p1a: Gengar|66/100|[from] item: Leftovers
|-heal|p2a: Alec|100/100 brn|[from] item: Leftovers
|-damage|p2a: Alec|88/100 brn|[from] brn
|upkeep
|turn|7
|
|t:|1729201261
|switch|p1a: Skarmory|Skarmory, F|100/100
|move|p2a: Alec|Spikes|p1a: Skarmory
|-sidestart|p1: KingWafl|Spikes
|
|-weather|Sandstorm|[upkeep]
|-heal|p2a: Alec|94/100 brn|[from] item: Leftovers
|-damage|p2a: Alec|82/100 brn|[from] brn
|upkeep
|turn|8
|
|t:|1729201269
|move|p1a: Skarmory|Spikes|p2a: Alec
|-sidestart|p2: RBVengeance|Spikes
|move|p2a: Alec|Spikes|p1a: Skarmory
|-sidestart|p1: KingWafl|Spikes
|
|-weather|Sandstorm|[upkeep]
|-heal|p2a: Alec|88/100 brn|[from] item: Leftovers
|-damage|p2a: Alec|76/100 brn|[from] brn
|upkeep
|turn|9
|
|t:|1729201277
|move|p1a: Skarmory|Protect|p1a: Skarmory
|-singleturn|p1a: Skarmory|Protect
|move|p2a: Alec|Rapid Spin|p1a: Skarmory
|-activate|p1a: Skarmory|Protect
|
|-weather|Sandstorm|[upkeep]
|-heal|p2a: Alec|82/100 brn|[from] item: Leftovers
|-damage|p2a: Alec|69/100 brn|[from] brn
|upkeep
|turn|10
|
|t:|1729201284
|move|p1a: Skarmory|Spikes|p2a: Alec
|-sidestart|p2: RBVengeance|Spikes
|move|p2a: Alec|Rapid Spin|p1a: Skarmory
|-resisted|p1a: Skarmory
|-damage|p1a: Skarmory|99/100
|-sideend|p2: RBVengeance|Spikes|[from] move: Rapid Spin|[of] p2a: Alec
|
|-weather|Sandstorm|[upkeep]
|-heal|p1a: Skarmory|100/100|[from] item: Leftovers
|-heal|p2a: Alec|76/100 brn|[from] item: Leftovers
|-damage|p2a: Alec|63/100 brn|[from] brn
|upkeep
|turn|11
|
|t:|1729201294
|switch|p2a: Ross Shady|Zapdos|46/100
|move|p1a: Skarmory|Spikes|p2a: Ross Shady
|-sidestart|p2: RBVengeance|Spikes
|
|-weather|Sandstorm|[upkeep]
|-damage|p2a: Ross Shady|40/100|[from] Sandstorm
|-heal|p2a: Ross Shady|46/100|[from] item: Leftovers
|upkeep
|turn|12
|
|t:|1729201301
|switch|p1a: Blissey|Blissey, F|100/100
|-damage|p1a: Blissey|76/100|[from] Spikes
|move|p2a: Ross Shady|Thunder Wave|p1a: Blissey
|-status|p1a: Blissey|par
|
|-weather|Sandstorm|[upkeep]
|-damage|p2a: Ross Shady|40/100|[from] Sandstorm
|-damage|p1a: Blissey|69/100 par|[from] Sandstorm
|-heal|p2a: Ross Shady|46/100|[from] item: Leftovers
|-heal|p1a: Blissey|76/100 par|[from] item: Leftovers
|upkeep
|turn|13
|
|t:|1729201315
|switch|p2a: Ayra|Jirachi|100/100
|-damage|p2a: Ayra|88/100|[from] Spikes
|move|p1a: Blissey|Ice Beam|p2a: Ayra
|-resisted|p2a: Ayra
|-damage|p2a: Ayra|76/100
|
|-weather|Sandstorm|[upkeep]
|-damage|p1a: Blissey|69/100 par|[from] Sandstorm
|-heal|p1a: Blissey|76/100 par|[from] item: Leftovers
|upkeep
|turn|14
|
|t:|1729201332
|-curestatus|p1a: Blissey|par|[from] ability: Natural Cure
|switch|p1a: Skarmory|Skarmory, F|100/100
|move|p2a: Ayra|Doom Desire|p1a: Skarmory
|-start|p2a: Ayra|Doom Desire
|
|-weather|Sandstorm|[upkeep]
|upkeep
|turn|15
|
|t:|1729201352
|switch|p2a: Ross Shady|Zapdos|46/100
|move|p1a: Skarmory|Spikes|p2a: Ross Shady
|-sidestart|p2: RBVengeance|Spikes
|
|-weather|Sandstorm|[upkeep]
|-damage|p2a: Ross Shady|40/100|[from] Sandstorm
|-heal|p2a: Ross Shady|46/100|[from] item: Leftovers
|upkeep
|turn|16
|
|t:|1729201361
|move|p1a: Skarmory|Protect|p1a: Skarmory
|-singleturn|p1a: Skarmory|Protect
|move|p2a: Ross Shady|Thunderbolt|p1a: Skarmory
|-activate|p1a: Skarmory|Protect
|
|-weather|Sandstorm|[upkeep]
|-damage|p2a: Ross Shady|40/100|[from] Sandstorm
|-heal|p2a: Ross Shady|46/100|[from] item: Leftovers
|-end|p1a: Skarmory|move: Doom Desire
|-damage|p1a: Skarmory|60/100
|upkeep
|turn|17
|
|t:|1729201380
|switch|p1a: Blissey|Blissey, F|76/100
|-damage|p1a: Blissey|51/100|[from] Spikes
|move|p2a: Ross Shady|Thunder Wave|p1a: Blissey
|-status|p1a: Blissey|par
|
|-weather|Sandstorm|[upkeep]
|-damage|p2a: Ross Shady|40/100|[from] Sandstorm
|-damage|p1a: Blissey|45/100 par|[from] Sandstorm
|-heal|p2a: Ross Shady|46/100|[from] item: Leftovers
|-heal|p1a: Blissey|51/100 par|[from] item: Leftovers
|upkeep
|turn|18
|
|t:|1729201391
|switch|p2a: Alec|Forretress, M|63/100 brn
|-damage|p2a: Alec|47/100 brn|[from] Spikes
|move|p1a: Blissey|Soft-Boiled|p1a: Blissey
|-heal|p1a: Blissey|100/100 par
|
|-weather|Sandstorm|[upkeep]
|-damage|p1a: Blissey|94/100 par|[from] Sandstorm
|-heal|p2a: Alec|53/100 brn|[from] item: Leftovers
|-damage|p2a: Alec|40/100 brn|[from] brn
|-heal|p1a: Blissey|100/100 par|[from] item: Leftovers
|upkeep
|turn|19
|
|t:|1729201401
|-curestatus|p1a: Blissey|par|[from] ability: Natural Cure
|switch|p1a: Gengar|Gengar, M|66/100
|move|p2a: Alec|Hidden Power|p1a: Gengar
|-supereffective|p1a: Gengar
|-damage|p1a: Gengar|33/100
|
|-weather|Sandstorm|[upkeep]
|-damage|p1a: Gengar|27/100|[from] Sandstorm
|-heal|p1a: Gengar|33/100|[from] item: Leftovers
|-heal|p2a: Alec|47/100 brn|[from] item: Leftovers
|-damage|p2a: Alec|34/100 brn|[from] brn
|upkeep
|turn|20
|inactive|RBVengeance has 270 seconds left.
|
|t:|1729201432
|switch|p1a: Skarmory|Skarmory, F|60/100
|switch|p2a: Hubert|Swampert, M|16/100 brn
|-damage|p2a: Hubert|0 fnt|[from] Spikes
|faint|p2a: Hubert
|inactive|RBVengeance has 270 seconds left.
|
|t:|1729201441
|switch|p2a: Ross Shady|Zapdos|46/100
|
|-weather|Sandstorm|[upkeep]
|-damage|p2a: Ross Shady|40/100|[from] Sandstorm
|-heal|p2a: Ross Shady|46/100|[from] item: Leftovers
|-heal|p1a: Skarmory|66/100|[from] item: Leftovers
|upkeep
|turn|21
|
|t:|1729201449
|move|p1a: Skarmory|Protect|p1a: Skarmory
|-singleturn|p1a: Skarmory|Protect
|move|p2a: Ross Shady|Thunderbolt|p1a: Skarmory
|-activate|p1a: Skarmory|Protect
|
|-weather|Sandstorm|[upkeep]
|-damage|p2a: Ross Shady|40/100|[from] Sandstorm
|-heal|p2a: Ross Shady|46/100|[from] item: Leftovers
|-heal|p1a: Skarmory|72/100|[from] item: Leftovers
|upkeep
|turn|22
|
|t:|1729201462
|switch|p1a: Blissey|Blissey, F|100/100
|-damage|p1a: Blissey|76/100|[from] Spikes
|move|p2a: Ross Shady|Baton Pass|p2a: Ross Shady
|inactive|RBVengeance has 270 seconds left.
|
|t:|1729201476
|switch|p2a: Ayra|Jirachi|76/100|[from] Baton Pass
|-damage|p2a: Ayra|59/100|[from] Spikes
|
|-weather|Sandstorm|[upkeep]
|-damage|p1a: Blissey|69/100|[from] Sandstorm
|-heal|p1a: Blissey|76/100|[from] item: Leftovers
|upkeep
|turn|23
|inactive|RBVengeance has 270 seconds left.
|
|t:|1729201501
|switch|p1a: Skarmory|Skarmory, F|72/100
|move|p2a: Ayra|Doom Desire|p1a: Skarmory
|-start|p2a: Ayra|Doom Desire
|
|-weather|Sandstorm|[upkeep]
|-heal|p1a: Skarmory|78/100|[from] item: Leftovers
|upkeep
|turn|24
|inactive|RBVengeance has 270 seconds left.
|
|t:|1729201510
|switch|p2a: Alec|Forretress, M|34/100 brn
|-damage|p2a: Alec|17/100 brn|[from] Spikes
|switch|p1a: Blissey|Blissey, F|76/100
|-damage|p1a: Blissey|51/100|[from] Spikes
|
|-weather|Sandstorm|[upkeep]
|-damage|p1a: Blissey|45/100|[from] Sandstorm
|-heal|p1a: Blissey|51/100|[from] item: Leftovers
|-heal|p2a: Alec|24/100 brn|[from] item: Leftovers
|-damage|p2a: Alec|11/100 brn|[from] brn
|upkeep
|turn|25
|inactive|RBVengeance has 270 seconds left.
|
|t:|1729201529
|move|p1a: Blissey|Soft-Boiled|p1a: Blissey
|-heal|p1a: Blissey|100/100
|move|p2a: Alec|Explosion|p1a: Blissey
|-damage|p1a: Blissey|44/100
|faint|p2a: Alec
|
|t:|1729201535
|switch|p2a: Dakota|Aerodactyl, M|100/100
|
|-weather|Sandstorm|[upkeep]
|-damage|p1a: Blissey|38/100|[from] Sandstorm
|-heal|p1a: Blissey|44/100|[from] item: Leftovers
|-end|p1a: Blissey|move: Doom Desire
|-damage|p1a: Blissey|22/100
|upkeep
|turn|26
|inactive|RBVengeance has 270 seconds left.
|inactive|KingWafl has 270 seconds left.
|
|t:|1729201579
|move|p2a: Dakota|Rock Slide|p1a: Blissey
|-damage|p1a: Blissey|0 fnt
|faint|p1a: Blissey
|
|t:|1729201581
|switch|p1a: Swampert|Swampert, M|100/100
|-damage|p1a: Swampert|76/100|[from] Spikes
|
|-weather|Sandstorm|[upkeep]
|-heal|p1a: Swampert|82/100|[from] item: Leftovers
|upkeep
|turn|27
|inactive|KingWafl has 270 seconds left.
|
|t:|1729201589
|switch|p2a: Ceres|Celebi|100/100
|-damage|p2a: Ceres|84/100|[from] Spikes
|move|p1a: Swampert|Ice Beam|p2a: Ceres
|-supereffective|p2a: Ceres
|-damage|p2a: Ceres|57/100
|
|-weather|Sandstorm|[upkeep]
|-damage|p2a: Ceres|51/100|[from] Sandstorm
|-heal|p2a: Ceres|57/100|[from] item: Leftovers
|-heal|p1a: Swampert|88/100|[from] item: Leftovers
|upkeep
|turn|28
|inactive|KingWafl has 270 seconds left.
|
|t:|1729201605
|switch|p1a: Skarmory|Skarmory, F|78/100
|move|p2a: Ceres|Leech Seed|p1a: Skarmory
|-start|p1a: Skarmory|move: Leech Seed
|
|-weather|Sandstorm|[upkeep]
|-damage|p2a: Ceres|51/100|[from] Sandstorm
|-heal|p2a: Ceres|57/100|[from] item: Leftovers
|-heal|p1a: Skarmory|84/100|[from] item: Leftovers
|-damage|p1a: Skarmory|72/100|[from] Leech Seed|[of] p2a: Ceres
|-heal|p2a: Ceres|67/100|[silent]
|upkeep
|turn|29
|inactive|KingWafl has 270 seconds left.
|
|t:|1729201614
|move|p2a: Ceres|Recover|p2a: Ceres
|-heal|p2a: Ceres|100/100
|move|p1a: Skarmory|Roar|p2a: Ceres
|drag|p2a: Dakota|Aerodactyl, M|100/100
|
|-weather|Sandstorm|[upkeep]
|-heal|p1a: Skarmory|78/100|[from] item: Leftovers
|-damage|p1a: Skarmory|66/100|[from] Leech Seed|[of] p2a: Dakota
|upkeep
|turn|30
|
|t:|1729201626
|move|p2a: Dakota|Rock Slide|p1a: Skarmory
|-damage|p1a: Skarmory|26/100
|cant|p1a: Skarmory|flinch
|
|-weather|Sandstorm|[upkeep]
|-heal|p1a: Skarmory|32/100|[from] item: Leftovers
|-damage|p1a: Skarmory|19/100|[from] Leech Seed|[of] p2a: Dakota
|upkeep
|turn|31
|
|t:|1729201634
|switch|p1a: Swampert|Swampert, M|88/100
|-damage|p1a: Swampert|63/100|[from] Spikes
|move|p2a: Dakota|Rock Slide|p1a: Swampert
|-resisted|p1a: Swampert
|-damage|p1a: Swampert|45/100
|
|-weather|Sandstorm|[upkeep]
|-heal|p1a: Swampert|52/100|[from] item: Leftovers
|upkeep
|turn|32
|
|t:|1729201648
|switch|p2a: Ceres|Celebi|100/100
|-damage|p2a: Ceres|84/100|[from] Spikes
|move|p1a: Swampert|Ice Beam|p2a: Ceres
|-supereffective|p2a: Ceres
|-damage|p2a: Ceres|59/100
|-status|p2a: Ceres|frz
|
|-weather|Sandstorm|[upkeep]
|-damage|p2a: Ceres|52/100 frz|[from] Sandstorm
|-heal|p2a: Ceres|59/100 frz|[from] item: Leftovers
|-heal|p1a: Swampert|58/100|[from] item: Leftovers
|upkeep
|turn|33
|inactive|RBVengeance has 270 seconds left.
|inactive|KingWafl has 270 seconds left.
|
|t:|1729201687
|-curestatus|p2a: Ceres|frz|[from] ability: Natural Cure
|switch|p2a: Ross Shady|Zapdos|46/100
|move|p1a: Swampert|Earthquake|p2a: Ross Shady
|-immune|p2a: Ross Shady
|
|-weather|Sandstorm|[upkeep]
|-damage|p2a: Ross Shady|40/100|[from] Sandstorm
|-heal|p2a: Ross Shady|46/100|[from] item: Leftovers
|-heal|p1a: Swampert|64/100|[from] item: Leftovers
|upkeep
|turn|34
|
|t:|1729201699
|move|p1a: Swampert|Protect|p1a: Swampert
|-singleturn|p1a: Swampert|Protect
|move|p2a: Ross Shady|Hidden Power|p1a: Swampert
|-activate|p1a: Swampert|Protect
|
|-weather|Sandstorm|[upkeep]
|-damage|p2a: Ross Shady|40/100|[from] Sandstorm
|-heal|p2a: Ross Shady|46/100|[from] item: Leftovers
|-heal|p1a: Swampert|70/100|[from] item: Leftovers
|upkeep
|turn|35
|
|t:|1729201708
|move|p2a: Ross Shady|Hidden Power|p1a: Swampert
|-damage|p1a: Swampert|45/100
|move|p1a: Swampert|Ice Beam|p2a: Ross Shady
|-supereffective|p2a: Ross Shady
|-damage|p2a: Ross Shady|10/100
|
|-weather|Sandstorm|[upkeep]
|-damage|p2a: Ross Shady|4/100|[from] Sandstorm
|-heal|p2a: Ross Shady|10/100|[from] item: Leftovers
|-heal|p1a: Swampert|51/100|[from] item: Leftovers
|upkeep
|turn|36
|inactive|RBVengeance has 270 seconds left.
|
|t:|1729201718
|move|p1a: Swampert|Protect|p1a: Swampert
|-singleturn|p1a: Swampert|Protect
|move|p2a: Ross Shady|Thunder Wave|p1a: Swampert
|-activate|p1a: Swampert|Protect
|
|-weather|Sandstorm|[upkeep]
|-damage|p2a: Ross Shady|4/100|[from] Sandstorm
|-heal|p2a: Ross Shady|10/100|[from] item: Leftovers
|-heal|p1a: Swampert|58/100|[from] item: Leftovers
|upkeep
|turn|37
|inactive|RBVengeance has 270 seconds left.
|
|t:|1729201727
|move|p2a: Ross Shady|Hidden Power|p1a: Swampert
|-damage|p1a: Swampert|33/100
|move|p1a: Swampert|Ice Beam|p2a: Ross Shady
|-supereffective|p2a: Ross Shady
|-damage|p2a: Ross Shady|0 fnt
|faint|p2a: Ross Shady
|inactive|RBVengeance has 270 seconds left.
|inactive|RBVengeance has 240 seconds left.
|
|t:|1729201769
|switch|p2a: Ayra|Jirachi|59/100
|-damage|p2a: Ayra|43/100|[from] Spikes
|
|-weather|Sandstorm|[upkeep]
|-heal|p1a: Swampert|39/100|[from] item: Leftovers
|upkeep
|turn|38
|inactive|RBVengeance has 240 seconds left.
|
|t:|1729201781
|move|p2a: Ayra|Shadow Ball|p1a: Swampert
|-damage|p1a: Swampert|13/100
|move|p1a: Swampert|Earthquake|p2a: Ayra
|-supereffective|p2a: Ayra
|-damage|p2a: Ayra|0 fnt
|faint|p2a: Ayra
|
|t:|1729201787
|switch|p2a: Dakota|Aerodactyl, M|100/100
|
|-weather|Sandstorm|[upkeep]
|-heal|p1a: Swampert|19/100|[from] item: Leftovers
|upkeep
|turn|39
|
|t:|1729201792
|move|p1a: Swampert|Protect|p1a: Swampert
|-singleturn|p1a: Swampert|Protect
|move|p2a: Dakota|Rock Slide|p1a: Swampert|[miss]
|-miss|p2a: Dakota|p1a: Swampert
|
|-weather|Sandstorm|[upkeep]
|-heal|p1a: Swampert|25/100|[from] item: Leftovers
|upkeep
|turn|40
|inactive|KingWafl has 270 seconds left.
|
|t:|1729201845
|move|p2a: Dakota|Rock Slide|p1a: Swampert|[miss]
|-miss|p2a: Dakota|p1a: Swampert
|move|p1a: Swampert|Hydro Pump|p2a: Dakota
|-supereffective|p2a: Dakota
|-damage|p2a: Dakota|0 fnt
|faint|p2a: Dakota
|c|☆RBVengeance|sigh
|c|☆RBVengeance|gg
|c|☆KingWafl|gg
|
|t:|1729201855
|switch|p2a: Ceres|Celebi|59/100
|-damage|p2a: Ceres|42/100|[from] Spikes
|
|-weather|Sandstorm|[upkeep]
|-damage|p2a: Ceres|36/100|[from] Sandstorm
|-heal|p2a: Ceres|42/100|[from] item: Leftovers
|-heal|p1a: Swampert|32/100|[from] item: Leftovers
|upkeep
|turn|41
|
|t:|1729201862
|move|p2a: Ceres|Hidden Power|p1a: Swampert
|-supereffective|p1a: Swampert
|-damage|p1a: Swampert|0 fnt
|faint|p1a: Swampert
|
|t:|1729201864
|switch|p1a: Gengar|Gengar, M|33/100
|
|-weather|Sandstorm|[upkeep]
|-damage|p1a: Gengar|27/100|[from] Sandstorm
|-damage|p2a: Ceres|36/100|[from] Sandstorm
|-heal|p1a: Gengar|33/100|[from] item: Leftovers
|-heal|p2a: Ceres|42/100|[from] item: Leftovers
|upkeep
|turn|42
|
|t:|1729201872
|move|p1a: Gengar|Explosion|p2a: Ceres
|-damage|p2a: Ceres|0 fnt
|faint|p1a: Gengar
|faint|p2a: Ceres
|
|win|KingWafl

</script>
<script type="application/json" class="data" id="replaydata-smogtours-gen3ou-799394">
{"id":"smogtours-gen3ou-799394","format":"[Gen 3] OU","players":["KingWafl","RBVengeance"],"uploadtime":1729201872,"views":84,"formatid":"gen3ou","rating":null,"private":0,"password":null}
</script>

<script defer src="js/replays.js?9d40a366"></script>
