<!DOCTYPE html>
<meta charset="utf-8" />
<meta name="viewport" content="width=device-width" />

<title>[Gen 3] OU: yt-cyber-dj vs. stinkyaccountant - Replays - Pok&eacute;mon Showdown!</title>

<meta name="description" content="Watch a replay of a Pok&eacute;mon battle between yt-cyber-dj and stinkyaccountant! Format: [Gen 3] OU; Date: Oct 27, 2024" />
<!--

Hey, you! Looking in the source for the replay log?

You can find them in JSON format, just add `.json` at the end of a replay URL.

https://replay.pokemonshowdown.com/gen7randomdoublesbattle-865046831.json

Or, if you only need the log itself, add `.log` instead:

https://replay.pokemonshowdown.com/gen7randomdoublesbattle-865046831.log

-->

<link rel="stylesheet" href="//pokemonshowdown.com/style/global.css?0.023195364461161105" />
<link rel="stylesheet" href="//play.pokemonshowdown.com/style/font-awesome.css?0.13261647063804238" />
<link rel="stylesheet" href="//play.pokemonshowdown.com/style/battle.css?0.8753245789963631" />
<link rel="stylesheet" href="//play.pokemonshowdown.com/style/utilichart.css?0.8627959624976733" />

<!-- Global site tag (gtag.js) - Google Analytics -->
<script async src="https://www.googletagmanager.com/gtag/js?id=UA-26211653-1"></script>
<script>
  window.dataLayer = window.dataLayer || [];
  function gtag(){dataLayer.push(arguments);}
  gtag('js', new Date());

  gtag('config', 'UA-26211653-1');
</script>
<!-- End Google Analytics -->
<!-- Venatus Ad Manager - Install in <HEAD> of page -->
	<script src="https://hb.vntsm.com/v3/live/ad-manager.min.js" type="text/javascript" data-site-id="642aba63ec9a7b11c3c9c1be" data-mode="scan" async></script>
<!-- / Venatus Ad Manager -->

<style>
	@media (max-width:820px) {
		.battle {
			margin: 0 auto;
		}
		.battle-log {
			margin: 7px auto 0;
			max-width: 640px;
			height: 300px;
			position: static;
		}
	}
	.optgroup {
		display: inline-block;
		line-height: 22px;
		font-size: 10pt;
	}
	.optgroup .button {
		height: 25px;
		padding-top: 0;
		padding-bottom: 0;
	}
	.optgroup button.button {
		padding-left: 12px;
		padding-right: 12px;
	}
	.linklist {
		list-style: none;
		margin: 0.5em 0;
		padding: 0;
	}
	.linklist li {
		padding: 2px 0;
	}
	.sidebar {
		float: left;
		width: 320px;
	}
	.bar-wrapper {
		max-width: 1100px;
		margin: 0 auto;
	}
	.bar-wrapper.has-sidebar {
		max-width: 1430px;
	}
	.mainbar {
		margin: 0;
		padding-right: 1px;
	}
	.mainbar.has-sidebar {
		margin-left: 330px;
	}
	@media (min-width: 1511px) {
		.sidebar {
			width: 400px;
		}
		.bar-wrapper.has-sidebar {
			max-width: 1510px;
		}
		.mainbar.has-sidebar {
			margin-left: 410px;
		}
	}
	.section.first-section {
		margin-top: 9px;
	}
	.blocklink small {
		white-space: normal;
	}
	.button {
		vertical-align: middle;
	}
	.replay-controls {
		padding-top: 10px;
	}
	.replay-controls h1 {
		font-size: 16pt;
		font-weight: normal;
		color: #CCC;
	}
	.pagelink {
		text-align: center;
	}
	.pagelink a {
		width: 150px;
	}
	.textbox, .button {
		font-size: 11pt;
		vertical-align: middle;
	}
	@media (max-width: 450px) {
		.button {
			font-size: 9pt;
		}
	}
</style>

<div>

	<header>
		<div class="nav-wrapper"><ul class="nav">
			<li><a class="button nav-first" href="//pokemonshowdown.com/"><img src="//pokemonshowdown.com/images/pokemonshowdownbeta.png" srcset="//pokemonshowdown.com/images/pokemonshowdownbeta.png 1x, //pokemonshowdown.com/images/pokemonshowdownbeta@2x.png 2x" alt="Pok&eacute;mon Showdown" width="146" height="44" /> Home</a></li>
			<li><a class="button" href="//pokemonshowdown.com/dex/">Pok&eacute;dex</a></li>
			<li><a class="button cur" href="/">Replays</a></li>
			<li><a class="button" href="//pokemonshowdown.com/ladder/">Ladder</a></li>
			<li><a class="button nav-last" href="//pokemonshowdown.com/forums/">Forum</a></li>
			<li><a class="button greenbutton nav-first nav-last" href="//play.pokemonshowdown.com/">Play</a></li>
		</ul></div>
	</header>

	<div class="main" id="main">

		<noscript><section class="section">You need to enable JavaScript to use this page; sorry!</section></noscript>

	</div>

</div>

<script defer nomodule src="//play.pokemonshowdown.com/js/lib/ps-polyfill.js"></script>
<script defer src="//play.pokemonshowdown.com/js/lib/preact.min.js"></script>

<script defer src="//play.pokemonshowdown.com/config/config.js?2bddbc15"></script>
<script defer src="//play.pokemonshowdown.com/js/lib/jquery-1.11.0.min.js"></script>
<script defer src="//play.pokemonshowdown.com/js/lib/html-sanitizer-minified.js"></script>
<script defer src="//play.pokemonshowdown.com/js/battle-sound.js"></script>
<script defer src="//play.pokemonshowdown.com/js/battledata.js?0.7209276989879541"></script>
<script defer src="//play.pokemonshowdown.com/data/pokedex-mini.js?0.6111056340867951"></script>
<script defer src="//play.pokemonshowdown.com/data/pokedex-mini-bw.js?0.3532142036491459"></script>
<script defer src="//play.pokemonshowdown.com/data/graphics.js?0.24223875632456182"></script>
<script defer src="//play.pokemonshowdown.com/data/pokedex.js?0.38839984266356864"></script>
<script defer src="//play.pokemonshowdown.com/data/moves.js?0.21866028504024015"></script>
<script defer src="//play.pokemonshowdown.com/data/abilities.js?0.2005157953846628"></script>
<script defer src="//play.pokemonshowdown.com/data/items.js?0.9894211263848525"></script>
<script defer src="//play.pokemonshowdown.com/data/teambuilder-tables.js?0.6008791140282215"></script>
<script defer src="//play.pokemonshowdown.com/js/battle-tooltips.js?0.7580118955022959"></script>
<script defer src="//play.pokemonshowdown.com/js/battle.js?0.6057722274234274"></script>

<script defer src="js/utils.js?e31f9a17"></script>
<script defer src="js/replays-battle.js?7008c182"></script>

<!-- don't scrape this data! just add .json or .log after the URL!
Full API docs: https://github.com/smogon/pokemon-showdown-client/blob/master/WEB-API.md -->
<script type="text/plain" class="log" id="replaylog-smogtours-gen3ou-802958">
|inactive|Battle timer is ON: inactive players will automatically lose when time's up.
|t:|1730072217
|gametype|singles
|player|p1|yt-cyber-dj|gambler|
|player|p2|stinkyaccountant|169|
|teamsize|p1|6
|teamsize|p2|6
|gen|3
|tier|[Gen 3] OU
|rule|Sleep Clause Mod: Limit one foe put to sleep
|rule|Switch Priority Clause Mod: Faster Pokémon switch first
|rule|Species Clause: Limit one of each Pokémon
|rule|OHKO Clause: OHKO moves are banned
|rule|Evasion Items Clause: Evasion items are banned
|rule|Evasion Moves Clause: Evasion moves are banned
|rule|Endless Battle Clause: Forcing endless battles is banned
|rule|HP Percentage Mod: HP is shown in percentages
|rule|One Boost Passer Clause: Limit one Baton Passer that has a way to boost its stats
|rule|Freeze Clause Mod: Limit one foe frozen
|
|t:|1730072217
|start
|switch|p1a: Skarmory|Skarmory, F|100/100
|switch|p2a: Forretress|Forretress, M|100/100
|turn|1
|
|t:|1730072237
|move|p2a: Forretress|Spikes|p1a: Skarmory
|-sidestart|p1: yt-cyber-dj|Spikes
|move|p1a: Skarmory|Roar|p2a: Forretress
|drag|p2a: Swampert|Swampert, F|100/100
|
|upkeep
|turn|2
|
|t:|1730072249
|switch|p2a: Forretress|Forretress, M|100/100
|move|p1a: Skarmory|Spikes|p2a: Forretress
|-sidestart|p2: stinkyaccountant|Spikes
|
|upkeep
|turn|3
|
|t:|1730072255
|switch|p1a: Gengar|Gengar, F|100/100
|move|p2a: Forretress|Spikes|p1a: Gengar
|-sidestart|p1: yt-cyber-dj|Spikes
|
|upkeep
|turn|4
|
|t:|1730072267
|switch|p1a: Skarmory|Skarmory, F|100/100
|switch|p2a: Blissey|Blissey, F|100/100
|-damage|p2a: Blissey|88/100|[from] Spikes
|
|-heal|p2a: Blissey|94/100|[from] item: Leftovers
|upkeep
|turn|5
|
|t:|1730072275
|move|p1a: Skarmory|Spikes|p2a: Blissey
|-sidestart|p2: stinkyaccountant|Spikes
|move|p2a: Blissey|Thunder Wave|p1a: Skarmory
|-status|p1a: Skarmory|par
|
|-heal|p2a: Blissey|99/100|[from] item: Leftovers
|upkeep
|turn|6
|
|t:|1730072296
|switch|p2a: Forretress|Forretress, M|100/100
|-damage|p2a: Forretress|84/100|[from] Spikes
|move|p1a: Skarmory|Spikes|p2a: Forretress
|-sidestart|p2: stinkyaccountant|Spikes
|
|-heal|p2a: Forretress|90/100|[from] item: Leftovers
|upkeep
|turn|7
|
|t:|1730072306
|move|p1a: Skarmory|Protect|p1a: Skarmory
|-singleturn|p1a: Skarmory|Protect
|move|p2a: Forretress|Rapid Spin|p1a: Skarmory
|-activate|p1a: Skarmory|Protect
|
|-heal|p2a: Forretress|97/100|[from] item: Leftovers
|upkeep
|turn|8
|
|t:|1730072312
|switch|p1a: Gengar|Gengar, F|100/100
|move|p2a: Forretress|Rapid Spin|p1a: Gengar
|-immune|p1a: Gengar
|
|-heal|p2a: Forretress|100/100|[from] item: Leftovers
|upkeep
|turn|9
|
|t:|1730072328
|switch|p1a: Skarmory|Skarmory, F|100/100 par
|switch|p2a: Blissey|Blissey, F|99/100
|-damage|p2a: Blissey|75/100|[from] Spikes
|
|-heal|p2a: Blissey|82/100|[from] item: Leftovers
|upkeep
|turn|10
|
|t:|1730072335
|move|p2a: Blissey|Seismic Toss|p1a: Skarmory
|-damage|p1a: Skarmory|71/100 par
|move|p1a: Skarmory|Roar|p2a: Blissey
|drag|p2a: Tyranitar|Tyranitar, F|100/100
|-damage|p2a: Tyranitar|75/100|[from] Spikes
|-weather|Sandstorm|[from] ability: Sand Stream|[of] p2a: Tyranitar
|
|-weather|Sandstorm|[upkeep]
|-heal|p2a: Tyranitar|82/100|[from] item: Leftovers
|-heal|p1a: Skarmory|77/100 par|[from] item: Leftovers
|upkeep
|turn|11
|
|t:|1730072356
|move|p2a: Tyranitar|Flamethrower|p1a: Skarmory
|-supereffective|p1a: Skarmory
|-damage|p1a: Skarmory|22/100 par
|move|p1a: Skarmory|Toxic|p2a: Tyranitar|[miss]
|-miss|p1a: Skarmory|p2a: Tyranitar
|
|-weather|Sandstorm|[upkeep]
|-heal|p2a: Tyranitar|88/100|[from] item: Leftovers
|-heal|p1a: Skarmory|28/100 par|[from] item: Leftovers
|upkeep
|turn|12
|
|t:|1730072371
|switch|p1a: Tyranitar|Tyranitar, M|100/100
|-damage|p1a: Tyranitar|84/100|[from] Spikes
|move|p2a: Tyranitar|Flamethrower|p1a: Tyranitar
|-resisted|p1a: Tyranitar
|-damage|p1a: Tyranitar|71/100
|
|-weather|Sandstorm|[upkeep]
|-heal|p2a: Tyranitar|94/100|[from] item: Leftovers
|-heal|p1a: Tyranitar|78/100|[from] item: Leftovers
|upkeep
|turn|13
|inactive|stinkyaccountant has 270 seconds left.
|
|t:|1730072400
|-singleturn|p1a: Tyranitar|move: Focus Punch
|switch|p2a: Zapdos|Zapdos, shiny|100/100
|move|p1a: Tyranitar|Focus Punch|p2a: Zapdos
|-resisted|p2a: Zapdos
|-damage|p2a: Zapdos|73/100
|
|-weather|Sandstorm|[upkeep]
|-damage|p2a: Zapdos|67/100|[from] Sandstorm
|-heal|p2a: Zapdos|73/100|[from] item: Leftovers
|-heal|p1a: Tyranitar|84/100|[from] item: Leftovers
|upkeep
|turn|14
|inactive|stinkyaccountant has 270 seconds left.
|
|t:|1730072432
|switch|p2a: Forretress|Forretress, M|100/100
|-damage|p2a: Forretress|76/100|[from] Spikes
|switch|p1a: Blissey|Blissey, F|100/100
|-damage|p1a: Blissey|84/100|[from] Spikes
|
|-weather|Sandstorm|[upkeep]
|-damage|p1a: Blissey|78/100|[from] Sandstorm
|-heal|p1a: Blissey|84/100|[from] item: Leftovers
|-heal|p2a: Forretress|82/100|[from] item: Leftovers
|upkeep
|turn|15
|
|t:|1730072443
|switch|p2a: Tyranitar|Tyranitar, F|94/100
|-damage|p2a: Tyranitar|69/100|[from] Spikes
|move|p1a: Blissey|Fire Blast|p2a: Tyranitar
|-resisted|p2a: Tyranitar
|-damage|p2a: Tyranitar|56/100
|
|-weather|Sandstorm|[upkeep]
|-damage|p1a: Blissey|78/100|[from] Sandstorm
|-heal|p2a: Tyranitar|62/100|[from] item: Leftovers
|-heal|p1a: Blissey|84/100|[from] item: Leftovers
|upkeep
|turn|16
|
|t:|1730072461
|switch|p2a: Blissey|Blissey, F|82/100
|-damage|p2a: Blissey|57/100|[from] Spikes
|move|p1a: Blissey|Toxic|p2a: Blissey|[miss]
|-miss|p1a: Blissey|p2a: Blissey
|
|-weather|Sandstorm|[upkeep]
|-damage|p2a: Blissey|50/100|[from] Sandstorm
|-damage|p1a: Blissey|78/100|[from] Sandstorm
|-heal|p2a: Blissey|57/100|[from] item: Leftovers
|-heal|p1a: Blissey|84/100|[from] item: Leftovers
|upkeep
|turn|17
|
|t:|1730072473
|move|p2a: Blissey|Soft-Boiled|p2a: Blissey
|-heal|p2a: Blissey|100/100
|move|p1a: Blissey|Toxic|p2a: Blissey|[miss]
|-miss|p1a: Blissey|p2a: Blissey
|
|-weather|Sandstorm|[upkeep]
|-damage|p2a: Blissey|94/100|[from] Sandstorm
|-damage|p1a: Blissey|78/100|[from] Sandstorm
|-heal|p2a: Blissey|100/100|[from] item: Leftovers
|-heal|p1a: Blissey|84/100|[from] item: Leftovers
|upkeep
|turn|18
|inactive|stinkyaccountant has 240 seconds left.
|inactive|yt-cyber-dj has 270 seconds left.
|
|t:|1730072523
|move|p2a: Blissey|Thunder Wave|p1a: Blissey
|-status|p1a: Blissey|par
|move|p1a: Blissey|Fire Blast|p2a: Blissey
|-damage|p2a: Blissey|89/100
|
|-weather|Sandstorm|[upkeep]
|-damage|p2a: Blissey|83/100|[from] Sandstorm
|-damage|p1a: Blissey|78/100 par|[from] Sandstorm
|-heal|p2a: Blissey|89/100|[from] item: Leftovers
|-heal|p1a: Blissey|84/100 par|[from] item: Leftovers
|upkeep
|turn|19
|inactive|stinkyaccountant has 210 seconds left.
|
|t:|1730072543
|-curestatus|p1a: Blissey|par|[from] ability: Natural Cure
|switch|p1a: Gengar|Gengar, F|100/100
|move|p2a: Blissey|Seismic Toss|p1a: Gengar
|-immune|p1a: Gengar
|
|-weather|Sandstorm|[upkeep]
|-damage|p1a: Gengar|95/100|[from] Sandstorm
|-damage|p2a: Blissey|83/100|[from] Sandstorm
|-heal|p1a: Gengar|100/100|[from] item: Leftovers
|-heal|p2a: Blissey|89/100|[from] item: Leftovers
|upkeep
|turn|20
|inactive|yt-cyber-dj has 270 seconds left.
|inactive|stinkyaccountant has 210 seconds left.
|
|t:|1730072557
|switch|p1a: Skarmory|Skarmory, F|28/100 par
|move|p2a: Blissey|Thunder Wave|p1a: Skarmory
|-fail|p1a: Skarmory|par
|
|-weather|Sandstorm|[upkeep]
|-damage|p2a: Blissey|83/100|[from] Sandstorm
|-heal|p2a: Blissey|89/100|[from] item: Leftovers
|-heal|p1a: Skarmory|34/100 par|[from] item: Leftovers
|upkeep
|turn|21
|
|t:|1730072563
|move|p1a: Skarmory|Protect|p1a: Skarmory
|-singleturn|p1a: Skarmory|Protect
|move|p2a: Blissey|Seismic Toss|p1a: Skarmory
|-activate|p1a: Skarmory|Protect
|
|-weather|Sandstorm|[upkeep]
|-damage|p2a: Blissey|83/100|[from] Sandstorm
|-heal|p2a: Blissey|89/100|[from] item: Leftovers
|-heal|p1a: Skarmory|40/100 par|[from] item: Leftovers
|upkeep
|turn|22
|
|t:|1730072574
|switch|p1a: Starmie|Starmie|100/100
|-damage|p1a: Starmie|84/100|[from] Spikes
|move|p2a: Blissey|Wish|p2a: Blissey
|
|-weather|Sandstorm|[upkeep]
|-damage|p1a: Starmie|78/100|[from] Sandstorm
|-damage|p2a: Blissey|83/100|[from] Sandstorm
|-heal|p1a: Starmie|84/100|[from] item: Leftovers
|-heal|p2a: Blissey|89/100|[from] item: Leftovers
|upkeep
|turn|23
|
|t:|1730072591
|switch|p2a: Zapdos|Zapdos, shiny|73/100
|move|p1a: Starmie|Rapid Spin|p2a: Zapdos
|-damage|p2a: Zapdos|70/100
|-sideend|p1: yt-cyber-dj|Spikes|[from] move: Rapid Spin|[of] p1a: Starmie
|
|-heal|p2a: Zapdos|100/100|[from] move: Wish|[wisher] Blissey
|-weather|Sandstorm|[upkeep]
|-damage|p1a: Starmie|78/100|[from] Sandstorm
|-damage|p2a: Zapdos|94/100|[from] Sandstorm
|-heal|p1a: Starmie|84/100|[from] item: Leftovers
|-heal|p2a: Zapdos|100/100|[from] item: Leftovers
|upkeep
|turn|24
|
|t:|1730072606
|switch|p1a: Blissey|Blissey, F|84/100
|move|p2a: Zapdos|Thunderbolt|p1a: Blissey
|-damage|p1a: Blissey|69/100
|
|-weather|Sandstorm|[upkeep]
|-damage|p2a: Zapdos|94/100|[from] Sandstorm
|-damage|p1a: Blissey|63/100|[from] Sandstorm
|-heal|p2a: Zapdos|100/100|[from] item: Leftovers
|-heal|p1a: Blissey|69/100|[from] item: Leftovers
|upkeep
|turn|25
|inactive|stinkyaccountant has 210 seconds left.
|
|t:|1730072630
|switch|p2a: Blissey|Blissey, F|89/100
|-damage|p2a: Blissey|64/100|[from] Spikes
|move|p1a: Blissey|Soft-Boiled|p1a: Blissey
|-heal|p1a: Blissey|100/100
|
|-weather|Sandstorm|[upkeep]
|-damage|p2a: Blissey|58/100|[from] Sandstorm
|-damage|p1a: Blissey|94/100|[from] Sandstorm
|-heal|p2a: Blissey|64/100|[from] item: Leftovers
|-heal|p1a: Blissey|100/100|[from] item: Leftovers
|upkeep
|turn|26
|inactive|stinkyaccountant has 210 seconds left.
|
|t:|1730072648
|switch|p1a: Skarmory|Skarmory, F|40/100 par
|move|p2a: Blissey|Thunder Wave|p1a: Skarmory
|-fail|p1a: Skarmory|par
|
|-weather|Sandstorm|[upkeep]
|-damage|p2a: Blissey|58/100|[from] Sandstorm
|-heal|p2a: Blissey|64/100|[from] item: Leftovers
|-heal|p1a: Skarmory|46/100 par|[from] item: Leftovers
|upkeep
|turn|27
|
|t:|1730072657
|switch|p1a: Tyranitar|Tyranitar, M|84/100
|move|p2a: Blissey|Soft-Boiled|p2a: Blissey
|-heal|p2a: Blissey|100/100
|
|-weather|Sandstorm|[upkeep]
|-damage|p2a: Blissey|94/100|[from] Sandstorm
|-heal|p2a: Blissey|100/100|[from] item: Leftovers
|-heal|p1a: Tyranitar|90/100|[from] item: Leftovers
|upkeep
|turn|28
|inactive|stinkyaccountant has 210 seconds left.
|
|t:|1730072665
|switch|p1a: Blissey|Blissey, F|100/100
|move|p2a: Blissey|Seismic Toss|p1a: Blissey
|-damage|p1a: Blissey|85/100
|
|-weather|Sandstorm|[upkeep]
|-damage|p2a: Blissey|94/100|[from] Sandstorm
|-damage|p1a: Blissey|79/100|[from] Sandstorm
|-heal|p2a: Blissey|100/100|[from] item: Leftovers
|-heal|p1a: Blissey|85/100|[from] item: Leftovers
|upkeep
|turn|29
|
|t:|1730072672
|move|p2a: Blissey|Thunder Wave|p1a: Blissey
|-status|p1a: Blissey|par
|move|p1a: Blissey|Toxic|p2a: Blissey
|-status|p2a: Blissey|tox
|
|-weather|Sandstorm|[upkeep]
|-damage|p2a: Blissey|94/100 tox|[from] Sandstorm
|-damage|p1a: Blissey|79/100 par|[from] Sandstorm
|-heal|p2a: Blissey|100/100 tox|[from] item: Leftovers
|-damage|p2a: Blissey|94/100 tox|[from] psn
|-heal|p1a: Blissey|85/100 par|[from] item: Leftovers
|upkeep
|turn|30
|inactive|stinkyaccountant has 210 seconds left.
|
|t:|1730072692
|move|p2a: Blissey|Wish|p2a: Blissey
|cant|p1a: Blissey|par
|
|-weather|Sandstorm|[upkeep]
|-damage|p2a: Blissey|88/100 tox|[from] Sandstorm
|-damage|p1a: Blissey|79/100 par|[from] Sandstorm
|-heal|p2a: Blissey|94/100 tox|[from] item: Leftovers
|-damage|p2a: Blissey|82/100 tox|[from] psn
|-heal|p1a: Blissey|85/100 par|[from] item: Leftovers
|upkeep
|turn|31
|inactive|stinkyaccountant has 210 seconds left.
|
|t:|1730072726
|-curestatus|p2a: Blissey|tox|[from] ability: Natural Cure
|switch|p2a: Forretress|Forretress, M|82/100
|-damage|p2a: Forretress|57/100|[from] Spikes
|-curestatus|p1a: Blissey|par|[from] ability: Natural Cure
|switch|p1a: Tyranitar|Tyranitar, M|90/100
|
|-heal|p2a: Forretress|100/100|[from] move: Wish|[wisher] Blissey
|-weather|Sandstorm|[upkeep]
|-heal|p1a: Tyranitar|96/100|[from] item: Leftovers
|upkeep
|turn|32
|inactive|stinkyaccountant has 180 seconds left.
|
|t:|1730072751
|switch|p1a: Gengar|Gengar, F|100/100
|switch|p2a: Swampert|Swampert, F|100/100
|-damage|p2a: Swampert|76/100|[from] Spikes
|
|-weather|Sandstorm|[upkeep]
|-damage|p1a: Gengar|95/100|[from] Sandstorm
|-heal|p1a: Gengar|100/100|[from] item: Leftovers
|-heal|p2a: Swampert|82/100|[from] item: Leftovers
|upkeep
|turn|33
|inactive|stinkyaccountant has 180 seconds left.
|
|t:|1730072784
|move|p2a: Swampert|Protect|p2a: Swampert
|-singleturn|p2a: Swampert|Protect
|move|p1a: Gengar|Will-O-Wisp|p2a: Swampert
|-activate|p2a: Swampert|Protect
|
|-weather|Sandstorm|[upkeep]
|-damage|p1a: Gengar|95/100|[from] Sandstorm
|-heal|p1a: Gengar|100/100|[from] item: Leftovers
|-heal|p2a: Swampert|88/100|[from] item: Leftovers
|upkeep
|turn|34
|inactive|stinkyaccountant has 150 seconds left.
|
|t:|1730072814
|switch|p2a: Blissey|Blissey, F|82/100
|-damage|p2a: Blissey|57/100|[from] Spikes
|move|p1a: Gengar|Will-O-Wisp|p2a: Blissey
|-status|p2a: Blissey|brn
|
|-weather|Sandstorm|[upkeep]
|-damage|p1a: Gengar|95/100|[from] Sandstorm
|-damage|p2a: Blissey|51/100 brn|[from] Sandstorm
|-heal|p1a: Gengar|100/100|[from] item: Leftovers
|-heal|p2a: Blissey|57/100 brn|[from] item: Leftovers
|-damage|p2a: Blissey|45/100 brn|[from] brn
|upkeep
|turn|35
|
|t:|1730072826
|switch|p1a: Skarmory|Skarmory, F|46/100 par
|-curestatus|p2a: Blissey|brn|[from] ability: Natural Cure
|switch|p2a: Forretress|Forretress, M|100/100
|-damage|p2a: Forretress|76/100|[from] Spikes
|
|-weather|Sandstorm|[upkeep]
|-heal|p2a: Forretress|82/100|[from] item: Leftovers
|-heal|p1a: Skarmory|52/100 par|[from] item: Leftovers
|upkeep
|turn|36
|
|t:|1730072835
|switch|p2a: Zapdos|Zapdos, shiny|100/100
|switch|p1a: Gengar|Gengar, F|100/100
|
|-weather|Sandstorm|[upkeep]
|-damage|p1a: Gengar|95/100|[from] Sandstorm
|-damage|p2a: Zapdos|94/100|[from] Sandstorm
|-heal|p1a: Gengar|100/100|[from] item: Leftovers
|-heal|p2a: Zapdos|100/100|[from] item: Leftovers
|upkeep
|turn|37
|inactive|stinkyaccountant has 150 seconds left.
|
|t:|1730072852
|switch|p1a: Tyranitar|Tyranitar, M|96/100
|move|p2a: Zapdos|Thunderbolt|p1a: Tyranitar
|-damage|p1a: Tyranitar|62/100
|
|-weather|Sandstorm|[upkeep]
|-damage|p2a: Zapdos|94/100|[from] Sandstorm
|-heal|p2a: Zapdos|100/100|[from] item: Leftovers
|-heal|p1a: Tyranitar|68/100|[from] item: Leftovers
|upkeep
|turn|38
|
|t:|1730072860
|move|p2a: Zapdos|Thunderbolt|p1a: Tyranitar
|-damage|p1a: Tyranitar|39/100
|move|p1a: Tyranitar|Rock Slide|p2a: Zapdos
|-supereffective|p2a: Zapdos
|-damage|p2a: Zapdos|7/100
|
|-weather|Sandstorm|[upkeep]
|-damage|p2a: Zapdos|0 fnt|[from] Sandstorm
|faint|p2a: Zapdos
|-heal|p1a: Tyranitar|45/100|[from] item: Leftovers
|upkeep
|inactive|stinkyaccountant has 120 seconds left.
|inactive|stinkyaccountant has 90 seconds left.
|
|t:|1730072920
|switch|p2a: Swampert|Swampert, F|88/100
|-damage|p2a: Swampert|63/100|[from] Spikes
|turn|39
|
|t:|1730072927
|switch|p1a: Starmie|Starmie|84/100
|move|p2a: Swampert|Toxic|p1a: Starmie
|-status|p1a: Starmie|tox
|
|-weather|Sandstorm|[upkeep]
|-damage|p1a: Starmie|78/100 tox|[from] Sandstorm
|-heal|p1a: Starmie|84/100 tox|[from] item: Leftovers
|-damage|p1a: Starmie|78/100 tox|[from] psn
|-heal|p2a: Swampert|69/100|[from] item: Leftovers
|upkeep
|turn|40
|inactive|stinkyaccountant has 90 seconds left.
|
|t:|1730072947
|-curestatus|p1a: Starmie|tox|[from] ability: Natural Cure
|switch|p1a: Blissey|Blissey, F|85/100
|move|p2a: Swampert|Toxic|p1a: Blissey
|-status|p1a: Blissey|tox
|
|-weather|Sandstorm|[upkeep]
|-damage|p1a: Blissey|79/100 tox|[from] Sandstorm
|-heal|p2a: Swampert|76/100|[from] item: Leftovers
|-heal|p1a: Blissey|85/100 tox|[from] item: Leftovers
|-damage|p1a: Blissey|79/100 tox|[from] psn
|upkeep
|turn|41
|
|t:|1730072958
|switch|p2a: Forretress|Forretress, M|82/100
|-damage|p2a: Forretress|57/100|[from] Spikes
|-curestatus|p1a: Blissey|tox|[from] ability: Natural Cure
|switch|p1a: Gengar|Gengar, F|100/100
|
|-weather|Sandstorm|[upkeep]
|-damage|p1a: Gengar|95/100|[from] Sandstorm
|-heal|p1a: Gengar|100/100|[from] item: Leftovers
|-heal|p2a: Forretress|63/100|[from] item: Leftovers
|upkeep
|turn|42
|inactive|stinkyaccountant has 90 seconds left.
|
|t:|1730072976
|move|p1a: Gengar|Thunderbolt|p2a: Forretress
|-damage|p2a: Forretress|39/100
|move|p2a: Forretress|Spikes|p1a: Gengar
|-sidestart|p1: yt-cyber-dj|Spikes
|
|-weather|Sandstorm|[upkeep]
|-damage|p1a: Gengar|95/100|[from] Sandstorm
|-heal|p1a: Gengar|100/100|[from] item: Leftovers
|-heal|p2a: Forretress|45/100|[from] item: Leftovers
|upkeep
|turn|43
|inactive|stinkyaccountant has 90 seconds left.
|
|t:|1730073001
|switch|p2a: Swampert|Swampert, F|76/100
|-damage|p2a: Swampert|51/100|[from] Spikes
|move|p1a: Gengar|Will-O-Wisp|p2a: Swampert
|-status|p2a: Swampert|brn
|
|-weather|Sandstorm|[upkeep]
|-damage|p1a: Gengar|95/100|[from] Sandstorm
|-heal|p1a: Gengar|100/100|[from] item: Leftovers
|-heal|p2a: Swampert|57/100 brn|[from] item: Leftovers
|-damage|p2a: Swampert|45/100 brn|[from] brn
|upkeep
|turn|44
|
|t:|1730073014
|switch|p1a: Blissey|Blissey, F|79/100
|-damage|p1a: Blissey|67/100|[from] Spikes
|move|p2a: Swampert|Roar|p1a: Blissey
|drag|p1a: Starmie|Starmie|78/100
|-damage|p1a: Starmie|66/100|[from] Spikes
|
|-weather|Sandstorm|[upkeep]
|-damage|p1a: Starmie|60/100|[from] Sandstorm
|-heal|p1a: Starmie|66/100|[from] item: Leftovers
|-heal|p2a: Swampert|51/100 brn|[from] item: Leftovers
|-damage|p2a: Swampert|38/100 brn|[from] brn
|upkeep
|turn|45
|
|t:|1730073035
|switch|p2a: Aerodactyl|Aerodactyl, M|100/100
|move|p1a: Starmie|Rapid Spin|p2a: Aerodactyl
|-resisted|p2a: Aerodactyl
|-damage|p2a: Aerodactyl|98/100
|-sideend|p1: yt-cyber-dj|Spikes|[from] move: Rapid Spin|[of] p1a: Starmie
|
|-weather|Sandstorm|[upkeep]
|-damage|p1a: Starmie|60/100|[from] Sandstorm
|-heal|p1a: Starmie|66/100|[from] item: Leftovers
|upkeep
|turn|46
|
|t:|1730073046
|switch|p1a: Swampert|Swampert, F|100/100
|move|p2a: Aerodactyl|Rock Slide|p1a: Swampert
|-resisted|p1a: Swampert
|-damage|p1a: Swampert|84/100
|
|-weather|Sandstorm|[upkeep]
|-heal|p1a: Swampert|90/100|[from] item: Leftovers
|upkeep
|turn|47
|inactive|stinkyaccountant has 60 seconds left.
|
|t:|1730073077
|switch|p2a: Forretress|Forretress, M|45/100
|-damage|p2a: Forretress|20/100|[from] Spikes
|move|p1a: Swampert|Hydro Pump|p2a: Forretress
|-damage|p2a: Forretress|0 fnt
|faint|p2a: Forretress
|
|t:|1730073094
|switch|p2a: Blissey|Blissey, F|45/100
|-damage|p2a: Blissey|20/100|[from] Spikes
|
|-weather|Sandstorm|[upkeep]
|-damage|p2a: Blissey|14/100|[from] Sandstorm
|-heal|p2a: Blissey|20/100|[from] item: Leftovers
|-heal|p1a: Swampert|96/100|[from] item: Leftovers
|upkeep
|turn|48
|
|t:|1730073098
|move|p2a: Blissey|Soft-Boiled|p2a: Blissey
|-heal|p2a: Blissey|70/100
|move|p1a: Swampert|Earthquake|p2a: Blissey
|-damage|p2a: Blissey|35/100
|
|-weather|Sandstorm|[upkeep]
|-damage|p2a: Blissey|29/100|[from] Sandstorm
|-heal|p2a: Blissey|35/100|[from] item: Leftovers
|-heal|p1a: Swampert|100/100|[from] item: Leftovers
|upkeep
|turn|49
|
|t:|1730073108
|switch|p1a: Skarmory|Skarmory, F|52/100 par
|move|p2a: Blissey|Soft-Boiled|p2a: Blissey
|-heal|p2a: Blissey|85/100
|
|-weather|Sandstorm|[upkeep]
|-damage|p2a: Blissey|79/100|[from] Sandstorm
|-heal|p2a: Blissey|85/100|[from] item: Leftovers
|-heal|p1a: Skarmory|58/100 par|[from] item: Leftovers
|upkeep
|turn|50
|
|t:|1730073121
|switch|p1a: Blissey|Blissey, F|67/100
|move|p2a: Blissey|Wish|p2a: Blissey
|
|-weather|Sandstorm|[upkeep]
|-damage|p2a: Blissey|79/100|[from] Sandstorm
|-damage|p1a: Blissey|60/100|[from] Sandstorm
|-heal|p2a: Blissey|85/100|[from] item: Leftovers
|-heal|p1a: Blissey|67/100|[from] item: Leftovers
|upkeep
|turn|51
|
|t:|1730073132
|switch|p1a: Skarmory|Skarmory, F|58/100 par
|move|p2a: Blissey|Thunder Wave|p1a: Skarmory
|-fail|p1a: Skarmory|par
|
|-heal|p2a: Blissey|100/100|[from] move: Wish|[wisher] Blissey
|-weather|Sandstorm|[upkeep]
|-damage|p2a: Blissey|94/100|[from] Sandstorm
|-heal|p2a: Blissey|100/100|[from] item: Leftovers
|-heal|p1a: Skarmory|64/100 par|[from] item: Leftovers
|upkeep
|turn|52
|
|t:|1730073150
|move|p2a: Blissey|Wish|p2a: Blissey
|move|p1a: Skarmory|Roar|p2a: Blissey
|drag|p2a: Swampert|Swampert, F|38/100 brn
|-damage|p2a: Swampert|14/100 brn|[from] Spikes
|
|-weather|Sandstorm|[upkeep]
|-heal|p2a: Swampert|20/100 brn|[from] item: Leftovers
|-damage|p2a: Swampert|7/100 brn|[from] brn
|-heal|p1a: Skarmory|70/100 par|[from] item: Leftovers
|upkeep
|turn|53
|
|t:|1730073164
|switch|p1a: Blissey|Blissey, F|67/100
|move|p2a: Swampert|Surf|p1a: Blissey
|-damage|p1a: Blissey|51/100
|
|-heal|p2a: Swampert|57/100 brn|[from] move: Wish|[wisher] Blissey
|-weather|Sandstorm|[upkeep]
|-damage|p1a: Blissey|44/100|[from] Sandstorm
|-heal|p2a: Swampert|64/100 brn|[from] item: Leftovers
|-damage|p2a: Swampert|51/100 brn|[from] brn
|-heal|p1a: Blissey|51/100|[from] item: Leftovers
|upkeep
|turn|54
|
|t:|1730073178
|move|p2a: Swampert|Surf|p1a: Blissey
|-damage|p1a: Blissey|39/100
|move|p1a: Blissey|Soft-Boiled|p1a: Blissey
|-heal|p1a: Blissey|89/100
|
|-weather|Sandstorm|[upkeep]
|-damage|p1a: Blissey|83/100|[from] Sandstorm
|-heal|p2a: Swampert|57/100 brn|[from] item: Leftovers
|-damage|p2a: Swampert|45/100 brn|[from] brn
|-heal|p1a: Blissey|89/100|[from] item: Leftovers
|upkeep
|turn|55
|
|t:|1730073191
|move|p2a: Swampert|Toxic|p1a: Blissey
|-status|p1a: Blissey|tox
|move|p1a: Blissey|Ice Beam|p2a: Swampert
|-damage|p2a: Swampert|23/100 brn
|
|-weather|Sandstorm|[upkeep]
|-damage|p1a: Blissey|83/100 tox|[from] Sandstorm
|-heal|p2a: Swampert|29/100 brn|[from] item: Leftovers
|-damage|p2a: Swampert|17/100 brn|[from] brn
|-heal|p1a: Blissey|89/100 tox|[from] item: Leftovers
|-damage|p1a: Blissey|83/100 tox|[from] psn
|upkeep
|turn|56
|
|t:|1730073201
|move|p2a: Swampert|Surf|p1a: Blissey
|-damage|p1a: Blissey|64/100 tox
|move|p1a: Blissey|Ice Beam|p2a: Swampert
|-damage|p2a: Swampert|0 fnt
|faint|p2a: Swampert
|inactive|stinkyaccountant has 30 seconds left.
|inactive|stinkyaccountant has 20 seconds left.
|
|t:|1730073232
|switch|p2a: Aerodactyl|Aerodactyl, M|98/100
|
|-weather|Sandstorm|[upkeep]
|-damage|p1a: Blissey|58/100 tox|[from] Sandstorm
|-heal|p1a: Blissey|64/100 tox|[from] item: Leftovers
|-damage|p1a: Blissey|52/100 tox|[from] psn
|upkeep
|turn|57
|inactive|stinkyaccountant has 30 seconds left this turn.
|
|t:|1730073242
|switch|p2a: Tyranitar|Tyranitar, F|62/100
|-damage|p2a: Tyranitar|37/100|[from] Spikes
|-curestatus|p1a: Blissey|tox|[from] ability: Natural Cure
|switch|p1a: Skarmory|Skarmory, F|70/100 par
|
|-weather|Sandstorm|[upkeep]
|-heal|p2a: Tyranitar|43/100|[from] item: Leftovers
|-heal|p1a: Skarmory|76/100 par|[from] item: Leftovers
|upkeep
|turn|58
|
|t:|1730073250
|switch|p1a: Starmie|Starmie|66/100
|move|p2a: Tyranitar|Flamethrower|p1a: Starmie
|-resisted|p1a: Starmie
|-damage|p1a: Starmie|42/100
|
|-weather|Sandstorm|[upkeep]
|-damage|p1a: Starmie|36/100|[from] Sandstorm
|-heal|p1a: Starmie|42/100|[from] item: Leftovers
|-heal|p2a: Tyranitar|50/100|[from] item: Leftovers
|upkeep
|turn|59
|
|t:|1730073260
|switch|p2a: Blissey|Blissey, F|100/100
|-damage|p2a: Blissey|76/100|[from] Spikes
|move|p1a: Starmie|Hydro Pump|p2a: Blissey|[miss]
|-miss|p1a: Starmie|p2a: Blissey
|
|-weather|Sandstorm|[upkeep]
|-damage|p1a: Starmie|36/100|[from] Sandstorm
|-damage|p2a: Blissey|69/100|[from] Sandstorm
|-heal|p1a: Starmie|42/100|[from] item: Leftovers
|-heal|p2a: Blissey|76/100|[from] item: Leftovers
|upkeep
|turn|60
|
|t:|1730073269
|switch|p1a: Swampert|Swampert, F|100/100
|move|p2a: Blissey|Seismic Toss|p1a: Swampert
|-damage|p1a: Swampert|76/100
|
|-weather|Sandstorm|[upkeep]
|-damage|p2a: Blissey|69/100|[from] Sandstorm
|-heal|p2a: Blissey|76/100|[from] item: Leftovers
|-heal|p1a: Swampert|82/100|[from] item: Leftovers
|upkeep
|turn|61
|
|t:|1730073276
|move|p2a: Blissey|Wish|p2a: Blissey
|move|p1a: Swampert|Earthquake|p2a: Blissey
|-damage|p2a: Blissey|41/100
|
|-weather|Sandstorm|[upkeep]
|-damage|p2a: Blissey|35/100|[from] Sandstorm
|-heal|p2a: Blissey|41/100|[from] item: Leftovers
|-heal|p1a: Swampert|88/100|[from] item: Leftovers
|upkeep
|turn|62
|
|t:|1730073285
|move|p2a: Blissey|Seismic Toss|p1a: Swampert
|-damage|p1a: Swampert|63/100
|move|p1a: Swampert|Hydro Pump|p2a: Blissey
|-damage|p2a: Blissey|28/100
|
|-heal|p2a: Blissey|78/100|[from] move: Wish|[wisher] Blissey
|-weather|Sandstorm|[upkeep]
|-damage|p2a: Blissey|72/100|[from] Sandstorm
|-heal|p2a: Blissey|78/100|[from] item: Leftovers
|-heal|p1a: Swampert|69/100|[from] item: Leftovers
|upkeep
|turn|63
|inactive|stinkyaccountant has 60 seconds left.
|
|t:|1730073296
|move|p1a: Swampert|Protect|p1a: Swampert
|-singleturn|p1a: Swampert|Protect
|move|p2a: Blissey|Thunder Wave|p1a: Swampert
|-activate|p1a: Swampert|Protect
|
|-weather|Sandstorm|[upkeep]
|-damage|p2a: Blissey|72/100|[from] Sandstorm
|-heal|p2a: Blissey|78/100|[from] item: Leftovers
|-heal|p1a: Swampert|76/100|[from] item: Leftovers
|upkeep
|turn|64
|
|t:|1730073302
|switch|p1a: Blissey|Blissey, F|52/100
|move|p2a: Blissey|Wish|p2a: Blissey
|
|-weather|Sandstorm|[upkeep]
|-damage|p2a: Blissey|72/100|[from] Sandstorm
|-damage|p1a: Blissey|46/100|[from] Sandstorm
|-heal|p2a: Blissey|78/100|[from] item: Leftovers
|-heal|p1a: Blissey|52/100|[from] item: Leftovers
|upkeep
|turn|65
|inactive|stinkyaccountant has 60 seconds left.
|
|t:|1730073324
|move|p2a: Blissey|Thunder Wave|p1a: Blissey
|-status|p1a: Blissey|par
|cant|p1a: Blissey|par
|
|-heal|p2a: Blissey|100/100|[from] move: Wish|[wisher] Blissey
|-weather|Sandstorm|[upkeep]
|-damage|p2a: Blissey|94/100|[from] Sandstorm
|-damage|p1a: Blissey|46/100 par|[from] Sandstorm
|-heal|p2a: Blissey|100/100|[from] item: Leftovers
|-heal|p1a: Blissey|52/100 par|[from] item: Leftovers
|upkeep
|turn|66
|inactive|stinkyaccountant has 60 seconds left.
|
|t:|1730073330
|move|p2a: Blissey|Seismic Toss|p1a: Blissey
|-damage|p1a: Blissey|37/100 par
|move|p1a: Blissey|Soft-Boiled|p1a: Blissey
|-heal|p1a: Blissey|87/100 par
|
|-weather|Sandstorm|[upkeep]
|-damage|p2a: Blissey|94/100|[from] Sandstorm
|-damage|p1a: Blissey|81/100 par|[from] Sandstorm
|-heal|p2a: Blissey|100/100|[from] item: Leftovers
|-heal|p1a: Blissey|87/100 par|[from] item: Leftovers
|upkeep
|turn|67
|
|t:|1730073336
|move|p2a: Blissey|Wish|p2a: Blissey
|move|p1a: Blissey|Toxic|p2a: Blissey
|-status|p2a: Blissey|tox
|
|-weather|Sandstorm|[upkeep]
|-damage|p2a: Blissey|94/100 tox|[from] Sandstorm
|-damage|p1a: Blissey|81/100 par|[from] Sandstorm
|-heal|p2a: Blissey|100/100 tox|[from] item: Leftovers
|-damage|p2a: Blissey|94/100 tox|[from] psn
|-heal|p1a: Blissey|87/100 par|[from] item: Leftovers
|upkeep
|turn|68
|
|t:|1730073347
|-curestatus|p1a: Blissey|par|[from] ability: Natural Cure
|switch|p1a: Starmie|Starmie|42/100
|move|p2a: Blissey|Seismic Toss|p1a: Starmie
|-damage|p1a: Starmie|4/100
|
|-heal|p2a: Blissey|100/100 tox|[from] move: Wish|[wisher] Blissey
|-weather|Sandstorm|[upkeep]
|-damage|p1a: Starmie|0 fnt|[from] Sandstorm
|-damage|p2a: Blissey|94/100 tox|[from] Sandstorm
|faint|p1a: Starmie
|-heal|p2a: Blissey|100/100 tox|[from] item: Leftovers
|-damage|p2a: Blissey|88/100 tox|[from] psn
|upkeep
|
|t:|1730073359
|switch|p1a: Swampert|Swampert, F|76/100
|turn|69
|inactive|stinkyaccountant has 60 seconds left.
|inactive|stinkyaccountant has 30 seconds left.
|
|t:|1730073410
|-curestatus|p2a: Blissey|tox|[from] ability: Natural Cure
|switch|p2a: Tyranitar|Tyranitar, F|50/100
|-damage|p2a: Tyranitar|25/100|[from] Spikes
|move|p1a: Swampert|Ice Beam|p2a: Tyranitar
|-damage|p2a: Tyranitar|8/100
|
|-weather|Sandstorm|[upkeep]
|-heal|p2a: Tyranitar|14/100|[from] item: Leftovers
|-heal|p1a: Swampert|82/100|[from] item: Leftovers
|upkeep
|turn|70
|inactive|stinkyaccountant has 30 seconds left.
|
|t:|1730073424
|switch|p1a: Gengar|Gengar, F|100/100
|move|p2a: Tyranitar|Crunch|p1a: Gengar
|-supereffective|p1a: Gengar
|-damage|p1a: Gengar|11/100
|
|-weather|Sandstorm|[upkeep]
|-damage|p1a: Gengar|5/100|[from] Sandstorm
|-heal|p1a: Gengar|11/100|[from] item: Leftovers
|-heal|p2a: Tyranitar|21/100|[from] item: Leftovers
|upkeep
|turn|71
|inactive|stinkyaccountant has 30 seconds left.
|
|t:|1730073441
|switch|p2a: Blissey|Blissey, F|88/100
|-damage|p2a: Blissey|63/100|[from] Spikes
|move|p1a: Gengar|Thunderbolt|p2a: Blissey
|-damage|p2a: Blissey|53/100
|
|-weather|Sandstorm|[upkeep]
|-damage|p1a: Gengar|5/100|[from] Sandstorm
|-damage|p2a: Blissey|46/100|[from] Sandstorm
|-heal|p1a: Gengar|11/100|[from] item: Leftovers
|-heal|p2a: Blissey|53/100|[from] item: Leftovers
|upkeep
|turn|72
|inactive|stinkyaccountant has 30 seconds left.
|inactive|stinkyaccountant has 20 seconds left.
|inactive|stinkyaccountant has 15 seconds left.
|inactive|stinkyaccountant has 10 seconds left.
|inactive|stinkyaccountant has 5 seconds left.
|
|t:|1730073471
|switch|p2a: Tyranitar|Tyranitar, F|21/100
|-damage|p2a: Tyranitar|0 fnt|[from] Spikes
|faint|p2a: Tyranitar
|inactive|stinkyaccountant has 10 seconds left this turn.
|
|t:|1730073474
|switch|p2a: Aerodactyl|Aerodactyl, M|98/100
|
|-weather|Sandstorm|[upkeep]
|-damage|p1a: Gengar|5/100|[from] Sandstorm
|-heal|p1a: Gengar|11/100|[from] item: Leftovers
|upkeep
|turn|73
|inactive|stinkyaccountant has 20 seconds left this turn.
|inactive|stinkyaccountant has 15 seconds left.
|
|t:|1730073481
|switch|p1a: Swampert|Swampert, F|82/100
|move|p2a: Aerodactyl|Rock Slide|p1a: Swampert
|-resisted|p1a: Swampert
|-damage|p1a: Swampert|65/100
|
|-weather|Sandstorm|[upkeep]
|-heal|p1a: Swampert|71/100|[from] item: Leftovers
|upkeep
|turn|74
|inactive|stinkyaccountant has 25 seconds left this turn.
|inactive|stinkyaccountant has 20 seconds left.
|inactive|stinkyaccountant has 15 seconds left.
|inactive|stinkyaccountant has 10 seconds left.
|
|t:|1730073497
|move|p2a: Aerodactyl|Rock Slide|p1a: Swampert
|-resisted|p1a: Swampert
|-damage|p1a: Swampert|54/100
|move|p1a: Swampert|Earthquake|p2a: Aerodactyl
|-immune|p2a: Aerodactyl
|
|-weather|Sandstorm|[upkeep]
|-heal|p1a: Swampert|60/100|[from] item: Leftovers
|upkeep
|turn|75
|inactive|stinkyaccountant has 20 seconds left this turn.
|inactive|stinkyaccountant has 15 seconds left.
|
|t:|1730073503
|switch|p2a: Blissey|Blissey, F|53/100
|-damage|p2a: Blissey|28/100|[from] Spikes
|move|p1a: Swampert|Earthquake|p2a: Blissey
|-damage|p2a: Blissey|0 fnt
|faint|p2a: Blissey
|inactive|stinkyaccountant has 20 seconds left this turn.
|inactive|stinkyaccountant has 15 seconds left.
|inactive|stinkyaccountant has 10 seconds left.
|c|☆stinkyaccountant|gg
|inactive|stinkyaccountant has 5 seconds left.
|-message|stinkyaccountant lost due to inactivity.
|
|win|yt-cyber-dj
|player|p2|
|c|☆yt-cyber-dj|GG

</script>
<script type="application/json" class="data" id="replaydata-smogtours-gen3ou-802958">
{"id":"smogtours-gen3ou-802958","format":"[Gen 3] OU","players":["yt-cyber-dj","stinkyaccountant"],"uploadtime":1730073523,"views":53,"formatid":"gen3ou","rating":null,"private":0,"password":null}
</script>

<script defer src="js/replays.js?9d40a366"></script>
