<!DOCTYPE html>
<meta charset="utf-8" />
<meta name="viewport" content="width=device-width" />

<title>[Gen 3] OU: MagsAndMiles vs. Gonzasaurio 50 - Replays - Pok&eacute;mon Showdown!</title>

<meta name="description" content="Watch a replay of a Pok&eacute;mon battle between MagsAndMiles and Gonzasaurio 50! Format: [Gen 3] OU; Date: Oct 23, 2024" />
<!--

Hey, you! Looking in the source for the replay log?

You can find them in JSON format, just add `.json` at the end of a replay URL.

https://replay.pokemonshowdown.com/gen7randomdoublesbattle-865046831.json

Or, if you only need the log itself, add `.log` instead:

https://replay.pokemonshowdown.com/gen7randomdoublesbattle-865046831.log

-->

<link rel="stylesheet" href="//pokemonshowdown.com/style/global.css?0.023195364461161105" />
<link rel="stylesheet" href="//play.pokemonshowdown.com/style/font-awesome.css?0.13261647063804238" />
<link rel="stylesheet" href="//play.pokemonshowdown.com/style/battle.css?0.8753245789963631" />
<link rel="stylesheet" href="//play.pokemonshowdown.com/style/utilichart.css?0.8627959624976733" />

<!-- Global site tag (gtag.js) - Google Analytics -->
<script async src="https://www.googletagmanager.com/gtag/js?id=UA-26211653-1"></script>
<script>
  window.dataLayer = window.dataLayer || [];
  function gtag(){dataLayer.push(arguments);}
  gtag('js', new Date());

  gtag('config', 'UA-26211653-1');
</script>
<!-- End Google Analytics -->
<!-- Venatus Ad Manager - Install in <HEAD> of page -->
	<script src="https://hb.vntsm.com/v3/live/ad-manager.min.js" type="text/javascript" data-site-id="642aba63ec9a7b11c3c9c1be" data-mode="scan" async></script>
<!-- / Venatus Ad Manager -->

<style>
	@media (max-width:820px) {
		.battle {
			margin: 0 auto;
		}
		.battle-log {
			margin: 7px auto 0;
			max-width: 640px;
			height: 300px;
			position: static;
		}
	}
	.optgroup {
		display: inline-block;
		line-height: 22px;
		font-size: 10pt;
	}
	.optgroup .button {
		height: 25px;
		padding-top: 0;
		padding-bottom: 0;
	}
	.optgroup button.button {
		padding-left: 12px;
		padding-right: 12px;
	}
	.linklist {
		list-style: none;
		margin: 0.5em 0;
		padding: 0;
	}
	.linklist li {
		padding: 2px 0;
	}
	.sidebar {
		float: left;
		width: 320px;
	}
	.bar-wrapper {
		max-width: 1100px;
		margin: 0 auto;
	}
	.bar-wrapper.has-sidebar {
		max-width: 1430px;
	}
	.mainbar {
		margin: 0;
		padding-right: 1px;
	}
	.mainbar.has-sidebar {
		margin-left: 330px;
	}
	@media (min-width: 1511px) {
		.sidebar {
			width: 400px;
		}
		.bar-wrapper.has-sidebar {
			max-width: 1510px;
		}
		.mainbar.has-sidebar {
			margin-left: 410px;
		}
	}
	.section.first-section {
		margin-top: 9px;
	}
	.blocklink small {
		white-space: normal;
	}
	.button {
		vertical-align: middle;
	}
	.replay-controls {
		padding-top: 10px;
	}
	.replay-controls h1 {
		font-size: 16pt;
		font-weight: normal;
		color: #CCC;
	}
	.pagelink {
		text-align: center;
	}
	.pagelink a {
		width: 150px;
	}
	.textbox, .button {
		font-size: 11pt;
		vertical-align: middle;
	}
	@media (max-width: 450px) {
		.button {
			font-size: 9pt;
		}
	}
</style>

<div>

	<header>
		<div class="nav-wrapper"><ul class="nav">
			<li><a class="button nav-first" href="//pokemonshowdown.com/"><img src="//pokemonshowdown.com/images/pokemonshowdownbeta.png" srcset="//pokemonshowdown.com/images/pokemonshowdownbeta.png 1x, //pokemonshowdown.com/images/pokemonshowdownbeta@2x.png 2x" alt="Pok&eacute;mon Showdown" width="146" height="44" /> Home</a></li>
			<li><a class="button" href="//pokemonshowdown.com/dex/">Pok&eacute;dex</a></li>
			<li><a class="button cur" href="/">Replays</a></li>
			<li><a class="button" href="//pokemonshowdown.com/ladder/">Ladder</a></li>
			<li><a class="button nav-last" href="//pokemonshowdown.com/forums/">Forum</a></li>
			<li><a class="button greenbutton nav-first nav-last" href="//play.pokemonshowdown.com/">Play</a></li>
		</ul></div>
	</header>

	<div class="main" id="main">

		<noscript><section class="section">You need to enable JavaScript to use this page; sorry!</section></noscript>

	</div>

</div>

<script defer nomodule src="//play.pokemonshowdown.com/js/lib/ps-polyfill.js"></script>
<script defer src="//play.pokemonshowdown.com/js/lib/preact.min.js"></script>

<script defer src="//play.pokemonshowdown.com/config/config.js?2bddbc15"></script>
<script defer src="//play.pokemonshowdown.com/js/lib/jquery-1.11.0.min.js"></script>
<script defer src="//play.pokemonshowdown.com/js/lib/html-sanitizer-minified.js"></script>
<script defer src="//play.pokemonshowdown.com/js/battle-sound.js"></script>
<script defer src="//play.pokemonshowdown.com/js/battledata.js?0.7209276989879541"></script>
<script defer src="//play.pokemonshowdown.com/data/pokedex-mini.js?0.6111056340867951"></script>
<script defer src="//play.pokemonshowdown.com/data/pokedex-mini-bw.js?0.3532142036491459"></script>
<script defer src="//play.pokemonshowdown.com/data/graphics.js?0.24223875632456182"></script>
<script defer src="//play.pokemonshowdown.com/data/pokedex.js?0.38839984266356864"></script>
<script defer src="//play.pokemonshowdown.com/data/moves.js?0.21866028504024015"></script>
<script defer src="//play.pokemonshowdown.com/data/abilities.js?0.2005157953846628"></script>
<script defer src="//play.pokemonshowdown.com/data/items.js?0.9894211263848525"></script>
<script defer src="//play.pokemonshowdown.com/data/teambuilder-tables.js?0.6008791140282215"></script>
<script defer src="//play.pokemonshowdown.com/js/battle-tooltips.js?0.7580118955022959"></script>
<script defer src="//play.pokemonshowdown.com/js/battle.js?0.6057722274234274"></script>

<script defer src="js/utils.js?e31f9a17"></script>
<script defer src="js/replays-battle.js?7008c182"></script>

<!-- don't scrape this data! just add .json or .log after the URL!
Full API docs: https://github.com/smogon/pokemon-showdown-client/blob/master/WEB-API.md -->
<script type="text/plain" class="log" id="replaylog-smogtours-gen3ou-801388">
|inactive|Battle timer is ON: inactive players will automatically lose when time's up.
|t:|1729703001
|gametype|singles
|player|p1|MagsAndMiles|1|
|player|p2|Gonzasaurio 50|102|
|teamsize|p1|6
|teamsize|p2|6
|gen|3
|tier|[Gen 3] OU
|rule|Sleep Clause Mod: Limit one foe put to sleep
|rule|Switch Priority Clause Mod: Faster Pokémon switch first
|rule|Species Clause: Limit one of each Pokémon
|rule|OHKO Clause: OHKO moves are banned
|rule|Evasion Items Clause: Evasion items are banned
|rule|Evasion Moves Clause: Evasion moves are banned
|rule|Endless Battle Clause: Forcing endless battles is banned
|rule|HP Percentage Mod: HP is shown in percentages
|rule|One Boost Passer Clause: Limit one Baton Passer that has a way to boost its stats
|rule|Freeze Clause Mod: Limit one foe frozen
|
|t:|1729703001
|start
|switch|p1a: Breloom|Breloom, F|100/100
|switch|p2a: King Kunta|Tyranitar, F|100/100
|-weather|Sandstorm|[from] ability: Sand Stream|[of] p2a: King Kunta
|turn|1
|
|t:|1729703015
|switch|p2a: Toni es gay|Skarmory, F|100/100
|move|p1a: Breloom|Spore|p2a: Toni es gay
|-status|p2a: Toni es gay|slp|[from] move: Spore
|
|-weather|Sandstorm|[upkeep]
|-damage|p1a: Breloom|94/100|[from] Sandstorm
|upkeep
|turn|2
|
|t:|1729703022
|-singleturn|p1a: Breloom|move: Focus Punch
|switch|p2a: m.A.A.d city|Gengar, F|100/100
|move|p1a: Breloom|Focus Punch|p2a: m.A.A.d city
|-immune|p2a: m.A.A.d city
|
|-weather|Sandstorm|[upkeep]
|-damage|p2a: m.A.A.d city|95/100|[from] Sandstorm
|-damage|p1a: Breloom|88/100|[from] Sandstorm
|-heal|p2a: m.A.A.d city|100/100|[from] item: Leftovers
|upkeep
|turn|3
|
|t:|1729703038
|switch|p1a: Swampert|Swampert, M|100/100
|move|p2a: m.A.A.d city|Will-O-Wisp|p1a: Swampert
|-status|p1a: Swampert|brn
|
|-weather|Sandstorm|[upkeep]
|-damage|p2a: m.A.A.d city|95/100|[from] Sandstorm
|-heal|p2a: m.A.A.d city|100/100|[from] item: Leftovers
|-damage|p1a: Swampert|88/100 brn|[from] brn
|upkeep
|turn|4
|
|t:|1729703046
|switch|p2a: Toni es gay|Skarmory, F|100/100 slp
|move|p1a: Swampert|Hydro Pump|p2a: Toni es gay
|-damage|p2a: Toni es gay|54/100 slp
|
|-weather|Sandstorm|[upkeep]
|-heal|p1a: Swampert|94/100 brn|[from] item: Leftovers
|-damage|p1a: Swampert|82/100 brn|[from] brn
|-heal|p2a: Toni es gay|60/100 slp|[from] item: Leftovers
|upkeep
|turn|5
|
|t:|1729703055
|switch|p2a: good kid|Blissey, F|100/100
|move|p1a: Swampert|Hydro Pump|p2a: good kid
|-crit|p2a: good kid
|-damage|p2a: good kid|55/100
|
|-weather|Sandstorm|[upkeep]
|-damage|p2a: good kid|49/100|[from] Sandstorm
|-heal|p1a: Swampert|88/100 brn|[from] item: Leftovers
|-damage|p1a: Swampert|76/100 brn|[from] brn
|-heal|p2a: good kid|55/100|[from] item: Leftovers
|upkeep
|turn|6
|
|t:|1729703068
|switch|p1a: Skarmory|Skarmory, F|100/100
|move|p2a: good kid|Soft-Boiled|p2a: good kid
|-heal|p2a: good kid|100/100
|
|-weather|Sandstorm|[upkeep]
|-damage|p2a: good kid|94/100|[from] Sandstorm
|-heal|p2a: good kid|100/100|[from] item: Leftovers
|upkeep
|turn|7
|
|t:|1729703070
|move|p1a: Skarmory|Spikes|p2a: good kid
|-sidestart|p2: Gonzasaurio 50|Spikes
|move|p2a: good kid|Fire Blast|p1a: Skarmory
|-supereffective|p1a: Skarmory
|-damage|p1a: Skarmory|44/100
|
|-weather|Sandstorm|[upkeep]
|-damage|p2a: good kid|94/100|[from] Sandstorm
|-heal|p1a: Skarmory|50/100|[from] item: Leftovers
|-heal|p2a: good kid|100/100|[from] item: Leftovers
|upkeep
|turn|8
|inactive|MagsAndMiles has 270 seconds left.
|
|t:|1729703102
|move|p1a: Skarmory|Protect|p1a: Skarmory
|-singleturn|p1a: Skarmory|Protect
|move|p2a: good kid|Fire Blast|p1a: Skarmory
|-activate|p1a: Skarmory|Protect
|
|-weather|Sandstorm|[upkeep]
|-damage|p2a: good kid|94/100|[from] Sandstorm
|-heal|p1a: Skarmory|56/100|[from] item: Leftovers
|-heal|p2a: good kid|100/100|[from] item: Leftovers
|upkeep
|turn|9
|
|t:|1729703107
|switch|p1a: Snorlax|Snorlax, M|100/100
|move|p2a: good kid|Fire Blast|p1a: Snorlax|[miss]
|-miss|p2a: good kid|p1a: Snorlax
|
|-weather|Sandstorm|[upkeep]
|-damage|p2a: good kid|94/100|[from] Sandstorm
|-damage|p1a: Snorlax|94/100|[from] Sandstorm
|-heal|p2a: good kid|100/100|[from] item: Leftovers
|-heal|p1a: Snorlax|100/100|[from] item: Leftovers
|upkeep
|turn|10
|
|t:|1729703112
|switch|p2a: Toni es gay|Skarmory, F|60/100 slp
|move|p1a: Snorlax|Curse|p1a: Snorlax
|-unboost|p1a: Snorlax|spe|1
|-boost|p1a: Snorlax|atk|1
|-boost|p1a: Snorlax|def|1
|
|-weather|Sandstorm|[upkeep]
|-damage|p1a: Snorlax|94/100|[from] Sandstorm
|-heal|p2a: Toni es gay|66/100 slp|[from] item: Leftovers
|-heal|p1a: Snorlax|100/100|[from] item: Leftovers
|upkeep
|turn|11
|
|t:|1729703119
|switch|p1a: Charizard|Charizard, F|100/100
|cant|p2a: Toni es gay|slp
|
|-weather|Sandstorm|[upkeep]
|-damage|p1a: Charizard|94/100|[from] Sandstorm
|-heal|p1a: Charizard|100/100|[from] item: Leftovers
|-heal|p2a: Toni es gay|72/100 slp|[from] item: Leftovers
|upkeep
|turn|12
|
|t:|1729703127
|switch|p2a: m.A.A.d city|Gengar, F|100/100
|move|p1a: Charizard|Substitute|p1a: Charizard
|-start|p1a: Charizard|Substitute
|-damage|p1a: Charizard|76/100
|
|-weather|Sandstorm|[upkeep]
|-damage|p2a: m.A.A.d city|95/100|[from] Sandstorm
|-damage|p1a: Charizard|70/100|[from] Sandstorm
|-heal|p2a: m.A.A.d city|100/100|[from] item: Leftovers
|-heal|p1a: Charizard|76/100|[from] item: Leftovers
|upkeep
|turn|13
|
|t:|1729703131
|move|p2a: m.A.A.d city|Thunderbolt|p1a: Charizard
|-supereffective|p1a: Charizard
|-end|p1a: Charizard|Substitute
|move|p1a: Charizard|Fire Blast|p2a: m.A.A.d city
|-damage|p2a: m.A.A.d city|33/100
|
|-weather|Sandstorm|[upkeep]
|-damage|p2a: m.A.A.d city|27/100|[from] Sandstorm
|-damage|p1a: Charizard|70/100|[from] Sandstorm
|-heal|p2a: m.A.A.d city|33/100|[from] item: Leftovers
|-heal|p1a: Charizard|76/100|[from] item: Leftovers
|upkeep
|turn|14
|
|t:|1729703139
|switch|p2a: King Kunta|Tyranitar, F|100/100
|-damage|p2a: King Kunta|88/100|[from] Spikes
|switch|p1a: Snorlax|Snorlax, M|100/100
|
|-weather|Sandstorm|[upkeep]
|-damage|p1a: Snorlax|94/100|[from] Sandstorm
|-heal|p2a: King Kunta|94/100|[from] item: Leftovers
|-heal|p1a: Snorlax|100/100|[from] item: Leftovers
|upkeep
|turn|15
|
|t:|1729703147
|-singleturn|p2a: King Kunta|move: Focus Punch
|switch|p1a: Skarmory|Skarmory, F|56/100
|move|p2a: King Kunta|Focus Punch|p1a: Skarmory
|-damage|p1a: Skarmory|12/100
|
|-weather|Sandstorm|[upkeep]
|-heal|p1a: Skarmory|18/100|[from] item: Leftovers
|-heal|p2a: King Kunta|100/100|[from] item: Leftovers
|upkeep
|turn|16
|
|t:|1729703154
|move|p1a: Skarmory|Spikes|p2a: King Kunta
|-sidestart|p2: Gonzasaurio 50|Spikes
|move|p2a: King Kunta|Rock Slide|p1a: Skarmory
|-damage|p1a: Skarmory|0 fnt
|faint|p1a: Skarmory
|
|t:|1729703180
|switch|p1a: Swampert|Swampert, M|76/100 brn
|
|-weather|Sandstorm|[upkeep]
|-heal|p1a: Swampert|82/100 brn|[from] item: Leftovers
|-damage|p1a: Swampert|70/100 brn|[from] brn
|upkeep
|turn|17
|
|t:|1729703192
|switch|p2a: good kid|Blissey, F|100/100
|-damage|p2a: good kid|84/100|[from] Spikes
|move|p1a: Swampert|Earthquake|p2a: good kid
|-damage|p2a: good kid|65/100
|
|-weather|Sandstorm|[upkeep]
|-damage|p2a: good kid|59/100|[from] Sandstorm
|-heal|p1a: Swampert|76/100 brn|[from] item: Leftovers
|-damage|p1a: Swampert|64/100 brn|[from] brn
|-heal|p2a: good kid|65/100|[from] item: Leftovers
|upkeep
|turn|18
|
|t:|1729703198
|switch|p1a: Charizard|Charizard, F|76/100
|move|p2a: good kid|Ice Beam|p1a: Charizard
|-damage|p1a: Charizard|41/100
|
|-weather|Sandstorm|[upkeep]
|-damage|p1a: Charizard|35/100|[from] Sandstorm
|-damage|p2a: good kid|59/100|[from] Sandstorm
|-heal|p1a: Charizard|41/100|[from] item: Leftovers
|-heal|p2a: good kid|65/100|[from] item: Leftovers
|upkeep
|turn|19
|
|t:|1729703206
|switch|p1a: Snorlax|Snorlax, M|100/100
|move|p2a: good kid|Ice Beam|p1a: Snorlax
|-damage|p1a: Snorlax|88/100
|
|-weather|Sandstorm|[upkeep]
|-damage|p2a: good kid|59/100|[from] Sandstorm
|-damage|p1a: Snorlax|82/100|[from] Sandstorm
|-heal|p2a: good kid|65/100|[from] item: Leftovers
|-heal|p1a: Snorlax|88/100|[from] item: Leftovers
|upkeep
|turn|20
|
|t:|1729703221
|switch|p2a: m.A.A.d city|Gengar, F|33/100
|move|p1a: Snorlax|Curse|p1a: Snorlax
|-unboost|p1a: Snorlax|spe|1
|-boost|p1a: Snorlax|atk|1
|-boost|p1a: Snorlax|def|1
|
|-weather|Sandstorm|[upkeep]
|-damage|p2a: m.A.A.d city|27/100|[from] Sandstorm
|-damage|p1a: Snorlax|82/100|[from] Sandstorm
|-heal|p2a: m.A.A.d city|33/100|[from] item: Leftovers
|-heal|p1a: Snorlax|88/100|[from] item: Leftovers
|upkeep
|turn|21
|
|t:|1729703230
|move|p2a: m.A.A.d city|Will-O-Wisp|p1a: Snorlax
|-status|p1a: Snorlax|brn
|move|p1a: Snorlax|Shadow Ball|p2a: m.A.A.d city
|-supereffective|p2a: m.A.A.d city
|-damage|p2a: m.A.A.d city|0 fnt
|faint|p2a: m.A.A.d city
|
|t:|1729703241
|switch|p2a: Swimming Pools|Swampert, F|100/100
|-damage|p2a: Swimming Pools|84/100|[from] Spikes
|
|-weather|Sandstorm|[upkeep]
|-damage|p1a: Snorlax|82/100 brn|[from] Sandstorm
|-heal|p2a: Swimming Pools|90/100|[from] item: Leftovers
|-heal|p1a: Snorlax|88/100 brn|[from] item: Leftovers
|-damage|p1a: Snorlax|75/100 brn|[from] brn
|upkeep
|turn|22
|
|t:|1729703251
|move|p2a: Swimming Pools|Protect|p2a: Swimming Pools
|-singleturn|p2a: Swimming Pools|Protect
|move|p1a: Snorlax|Return|p2a: Swimming Pools
|-activate|p2a: Swimming Pools|Protect
|
|-weather|Sandstorm|[upkeep]
|-damage|p1a: Snorlax|69/100 brn|[from] Sandstorm
|-heal|p2a: Swimming Pools|97/100|[from] item: Leftovers
|-heal|p1a: Snorlax|75/100 brn|[from] item: Leftovers
|-damage|p1a: Snorlax|63/100 brn|[from] brn
|upkeep
|turn|23
|
|t:|1729703256
|move|p2a: Swimming Pools|Hydro Pump|p1a: Snorlax|[miss]
|-miss|p2a: Swimming Pools|p1a: Snorlax
|move|p1a: Snorlax|Return|p2a: Swimming Pools
|-damage|p2a: Swimming Pools|74/100
|
|-weather|Sandstorm|[upkeep]
|-damage|p1a: Snorlax|57/100 brn|[from] Sandstorm
|-heal|p2a: Swimming Pools|80/100|[from] item: Leftovers
|-heal|p1a: Snorlax|63/100 brn|[from] item: Leftovers
|-damage|p1a: Snorlax|50/100 brn|[from] brn
|upkeep
|turn|24
|
|t:|1729703270
|move|p2a: Swimming Pools|Protect|p2a: Swimming Pools
|-singleturn|p2a: Swimming Pools|Protect
|move|p1a: Snorlax|Rest|p1a: Snorlax
|-status|p1a: Snorlax|slp|[from] move: Rest
|-heal|p1a: Snorlax|100/100 slp|[silent]
|
|-weather|Sandstorm|[upkeep]
|-damage|p1a: Snorlax|94/100 slp|[from] Sandstorm
|-heal|p2a: Swimming Pools|86/100|[from] item: Leftovers
|-heal|p1a: Snorlax|100/100 slp|[from] item: Leftovers
|upkeep
|turn|25
|
|t:|1729703274
|switch|p2a: Toni es gay|Skarmory, F|72/100 slp
|cant|p1a: Snorlax|slp
|
|-weather|Sandstorm|[upkeep]
|-damage|p1a: Snorlax|94/100 slp|[from] Sandstorm
|-heal|p2a: Toni es gay|78/100 slp|[from] item: Leftovers
|-heal|p1a: Snorlax|100/100 slp|[from] item: Leftovers
|upkeep
|turn|26
|
|t:|1729703280
|switch|p1a: Charizard|Charizard, F|41/100
|cant|p2a: Toni es gay|slp
|
|-weather|Sandstorm|[upkeep]
|-damage|p1a: Charizard|35/100|[from] Sandstorm
|-heal|p1a: Charizard|41/100|[from] item: Leftovers
|-heal|p2a: Toni es gay|84/100 slp|[from] item: Leftovers
|upkeep
|turn|27
|
|t:|1729703282
|move|p1a: Charizard|Substitute|p1a: Charizard
|-start|p1a: Charizard|Substitute
|-damage|p1a: Charizard|16/100
|cant|p2a: Toni es gay|slp
|
|-weather|Sandstorm|[upkeep]
|-damage|p1a: Charizard|10/100|[from] Sandstorm
|-heal|p1a: Charizard|16/100|[from] item: Leftovers
|-heal|p2a: Toni es gay|90/100 slp|[from] item: Leftovers
|upkeep
|turn|28
|
|t:|1729703286
|move|p1a: Charizard|Fire Blast|p2a: Toni es gay
|-supereffective|p2a: Toni es gay
|-damage|p2a: Toni es gay|0 fnt
|faint|p2a: Toni es gay
|
|t:|1729703288
|switch|p2a: Swimming Pools|Swampert, F|86/100
|-damage|p2a: Swimming Pools|70/100|[from] Spikes
|
|-weather|Sandstorm|[upkeep]
|-damage|p1a: Charizard|10/100|[from] Sandstorm
|-heal|p1a: Charizard|16/100|[from] item: Leftovers
|-heal|p2a: Swimming Pools|76/100|[from] item: Leftovers
|upkeep
|turn|29
|
|t:|1729703293
|move|p1a: Charizard|Fire Blast|p2a: Swimming Pools|[miss]
|-miss|p1a: Charizard|p2a: Swimming Pools
|move|p2a: Swimming Pools|Ice Beam|p1a: Charizard
|-end|p1a: Charizard|Substitute
|
|-weather|Sandstorm|[upkeep]
|-damage|p1a: Charizard|10/100|[from] Sandstorm
|-heal|p1a: Charizard|16/100|[from] item: Leftovers
|-heal|p2a: Swimming Pools|82/100|[from] item: Leftovers
|upkeep
|turn|30
|
|t:|1729703298
|move|p2a: Swimming Pools|Protect|p2a: Swimming Pools
|-singleturn|p2a: Swimming Pools|Protect
|move|p1a: Charizard|Hidden Power|p2a: Swimming Pools
|-activate|p2a: Swimming Pools|Protect
|
|-weather|Sandstorm|[upkeep]
|-damage|p1a: Charizard|10/100|[from] Sandstorm
|-heal|p1a: Charizard|16/100|[from] item: Leftovers
|-heal|p2a: Swimming Pools|89/100|[from] item: Leftovers
|upkeep
|turn|31
|
|t:|1729703312
|-singleturn|p1a: Charizard|move: Focus Punch
|switch|p2a: Poetic Justice|Charizard, M|100/100
|move|p1a: Charizard|Focus Punch|p2a: Poetic Justice
|-resisted|p2a: Poetic Justice
|-damage|p2a: Poetic Justice|78/100
|
|-weather|Sandstorm|[upkeep]
|-damage|p2a: Poetic Justice|72/100|[from] Sandstorm
|-damage|p1a: Charizard|10/100|[from] Sandstorm
|-heal|p2a: Poetic Justice|78/100|[from] item: Leftovers
|-heal|p1a: Charizard|16/100|[from] item: Leftovers
|upkeep
|turn|32
|
|t:|1729703323
|move|p2a: Poetic Justice|Fire Blast|p1a: Charizard
|-resisted|p1a: Charizard
|-damage|p1a: Charizard|0 fnt
|faint|p1a: Charizard
|
|t:|1729703325
|switch|p1a: Jolteon|Jolteon, M|100/100
|
|-weather|Sandstorm|[upkeep]
|-damage|p1a: Jolteon|94/100|[from] Sandstorm
|-damage|p2a: Poetic Justice|72/100|[from] Sandstorm
|-heal|p1a: Jolteon|100/100|[from] item: Leftovers
|-heal|p2a: Poetic Justice|78/100|[from] item: Leftovers
|upkeep
|turn|33
|
|t:|1729703335
|switch|p2a: good kid|Blissey, F|65/100
|-damage|p2a: good kid|49/100|[from] Spikes
|move|p1a: Jolteon|Baton Pass|p1a: Jolteon
|
|t:|1729703337
|switch|p1a: Breloom|Breloom, F|88/100|[from] Baton Pass
|
|-weather|Sandstorm|[upkeep]
|-damage|p1a: Breloom|82/100|[from] Sandstorm
|-damage|p2a: good kid|43/100|[from] Sandstorm
|-heal|p2a: good kid|49/100|[from] item: Leftovers
|upkeep
|turn|34
|
|t:|1729703343
|move|p1a: Breloom|Spore|p2a: good kid
|-status|p2a: good kid|slp|[from] move: Spore
|cant|p2a: good kid|slp
|
|-weather|Sandstorm|[upkeep]
|-damage|p1a: Breloom|76/100|[from] Sandstorm
|-damage|p2a: good kid|43/100 slp|[from] Sandstorm
|-heal|p2a: good kid|49/100 slp|[from] item: Leftovers
|upkeep
|turn|35
|inactive|Gonzasaurio 50 has 270 seconds left.
|
|t:|1729703377
|-curestatus|p2a: good kid|slp|[from] ability: Natural Cure
|switch|p2a: Poetic Justice|Charizard, M|78/100
|move|p1a: Breloom|Spore|p2a: Poetic Justice
|-status|p2a: Poetic Justice|slp|[from] move: Spore
|
|-weather|Sandstorm|[upkeep]
|-damage|p2a: Poetic Justice|72/100 slp|[from] Sandstorm
|-damage|p1a: Breloom|70/100|[from] Sandstorm
|-heal|p2a: Poetic Justice|78/100 slp|[from] item: Leftovers
|upkeep
|turn|36
|
|t:|1729703391
|switch|p1a: Jolteon|Jolteon, M|100/100
|cant|p2a: Poetic Justice|slp
|
|-weather|Sandstorm|[upkeep]
|-damage|p1a: Jolteon|94/100|[from] Sandstorm
|-damage|p2a: Poetic Justice|72/100 slp|[from] Sandstorm
|-heal|p1a: Jolteon|100/100|[from] item: Leftovers
|-heal|p2a: Poetic Justice|78/100 slp|[from] item: Leftovers
|upkeep
|turn|37
|
|t:|1729703395
|switch|p2a: good kid|Blissey, F|49/100
|-damage|p2a: good kid|32/100|[from] Spikes
|move|p1a: Jolteon|Thunderbolt|p2a: good kid
|-damage|p2a: good kid|16/100
|
|-weather|Sandstorm|[upkeep]
|-damage|p1a: Jolteon|94/100|[from] Sandstorm
|-damage|p2a: good kid|10/100|[from] Sandstorm
|-heal|p1a: Jolteon|100/100|[from] item: Leftovers
|-heal|p2a: good kid|16/100|[from] item: Leftovers
|upkeep
|turn|38
|
|t:|1729703397
|move|p1a: Jolteon|Thunderbolt|p2a: good kid
|-damage|p2a: good kid|0 fnt
|faint|p2a: good kid
|
|t:|1729703400
|switch|p2a: Swimming Pools|Swampert, F|89/100
|-damage|p2a: Swimming Pools|72/100|[from] Spikes
|
|-weather|Sandstorm|[upkeep]
|-damage|p1a: Jolteon|94/100|[from] Sandstorm
|-heal|p1a: Jolteon|100/100|[from] item: Leftovers
|-heal|p2a: Swimming Pools|78/100|[from] item: Leftovers
|upkeep
|turn|39
|
|t:|1729703410
|switch|p1a: Snorlax|Snorlax, M|100/100 slp
|move|p2a: Swimming Pools|Protect||[still]
|-fail|p2a: Swimming Pools
|
|-weather|Sandstorm|[upkeep]
|-damage|p1a: Snorlax|94/100 slp|[from] Sandstorm
|-heal|p2a: Swimming Pools|85/100|[from] item: Leftovers
|-heal|p1a: Snorlax|100/100 slp|[from] item: Leftovers
|upkeep
|turn|40
|
|t:|1729703412
|move|p2a: Swimming Pools|Earthquake|p1a: Snorlax
|-damage|p1a: Snorlax|69/100 slp
|cant|p1a: Snorlax|slp
|
|-weather|Sandstorm|[upkeep]
|-damage|p1a: Snorlax|63/100 slp|[from] Sandstorm
|-heal|p2a: Swimming Pools|91/100|[from] item: Leftovers
|-heal|p1a: Snorlax|69/100 slp|[from] item: Leftovers
|upkeep
|turn|41
|
|t:|1729703414
|move|p2a: Swimming Pools|Earthquake|p1a: Snorlax
|-damage|p1a: Snorlax|37/100 slp
|-curestatus|p1a: Snorlax|slp|[msg]
|move|p1a: Snorlax|Curse|p1a: Snorlax
|-unboost|p1a: Snorlax|spe|1
|-boost|p1a: Snorlax|atk|1
|-boost|p1a: Snorlax|def|1
|
|-weather|Sandstorm|[upkeep]
|-damage|p1a: Snorlax|30/100|[from] Sandstorm
|-heal|p2a: Swimming Pools|97/100|[from] item: Leftovers
|-heal|p1a: Snorlax|37/100|[from] item: Leftovers
|upkeep
|turn|42
|
|t:|1729703426
|move|p2a: Swimming Pools|Earthquake|p1a: Snorlax
|-damage|p1a: Snorlax|15/100
|move|p1a: Snorlax|Rest|p1a: Snorlax
|-status|p1a: Snorlax|slp|[from] move: Rest
|-heal|p1a: Snorlax|100/100 slp|[silent]
|
|-weather|Sandstorm|[upkeep]
|-damage|p1a: Snorlax|94/100 slp|[from] Sandstorm
|-heal|p2a: Swimming Pools|100/100|[from] item: Leftovers
|-heal|p1a: Snorlax|100/100 slp|[from] item: Leftovers
|upkeep
|turn|43
|
|t:|1729703430
|switch|p2a: King Kunta|Tyranitar, F|100/100
|-damage|p2a: King Kunta|84/100|[from] Spikes
|cant|p1a: Snorlax|slp
|
|-weather|Sandstorm|[upkeep]
|-damage|p1a: Snorlax|94/100 slp|[from] Sandstorm
|-heal|p2a: King Kunta|90/100|[from] item: Leftovers
|-heal|p1a: Snorlax|100/100 slp|[from] item: Leftovers
|upkeep
|turn|44
|
|t:|1729703440
|-singleturn|p2a: King Kunta|move: Focus Punch
|cant|p1a: Snorlax|slp
|move|p2a: King Kunta|Focus Punch|p1a: Snorlax
|-supereffective|p1a: Snorlax
|-damage|p1a: Snorlax|36/100 slp
|
|-weather|Sandstorm|[upkeep]
|-damage|p1a: Snorlax|29/100 slp|[from] Sandstorm
|-heal|p2a: King Kunta|96/100|[from] item: Leftovers
|-heal|p1a: Snorlax|36/100 slp|[from] item: Leftovers
|upkeep
|turn|45
|
|t:|1729703448
|switch|p1a: Swampert|Swampert, M|64/100 brn
|move|p2a: King Kunta|Rock Slide|p1a: Swampert
|-resisted|p1a: Swampert
|-damage|p1a: Swampert|42/100 brn
|
|-weather|Sandstorm|[upkeep]
|-heal|p1a: Swampert|49/100 brn|[from] item: Leftovers
|-damage|p1a: Swampert|36/100 brn|[from] brn
|-heal|p2a: King Kunta|100/100|[from] item: Leftovers
|upkeep
|turn|46
|
|t:|1729703452
|switch|p2a: Swimming Pools|Swampert, F|100/100
|-damage|p2a: Swimming Pools|84/100|[from] Spikes
|move|p1a: Swampert|Hydro Pump|p2a: Swimming Pools|[miss]
|-miss|p1a: Swampert|p2a: Swimming Pools
|
|-weather|Sandstorm|[upkeep]
|-heal|p1a: Swampert|42/100 brn|[from] item: Leftovers
|-damage|p1a: Swampert|30/100 brn|[from] brn
|-heal|p2a: Swimming Pools|90/100|[from] item: Leftovers
|upkeep
|turn|47
|
|t:|1729703458
|move|p2a: Swimming Pools|Protect|p2a: Swimming Pools
|-singleturn|p2a: Swimming Pools|Protect
|move|p1a: Swampert|Hydro Pump|p2a: Swimming Pools
|-activate|p2a: Swimming Pools|Protect
|
|-weather|Sandstorm|[upkeep]
|-heal|p1a: Swampert|36/100 brn|[from] item: Leftovers
|-damage|p1a: Swampert|24/100 brn|[from] brn
|-heal|p2a: Swimming Pools|97/100|[from] item: Leftovers
|upkeep
|turn|48
|
|t:|1729703461
|move|p1a: Swampert|Hydro Pump|p2a: Swimming Pools|[miss]
|-miss|p1a: Swampert|p2a: Swimming Pools
|move|p2a: Swimming Pools|Ice Beam|p1a: Swampert
|-damage|p1a: Swampert|0 fnt
|faint|p1a: Swampert
|
|t:|1729703466
|switch|p1a: Snorlax|Snorlax, M|36/100 slp
|
|-weather|Sandstorm|[upkeep]
|-damage|p1a: Snorlax|29/100 slp|[from] Sandstorm
|-heal|p2a: Swimming Pools|100/100|[from] item: Leftovers
|-heal|p1a: Snorlax|36/100 slp|[from] item: Leftovers
|upkeep
|turn|49
|
|t:|1729703467
|move|p2a: Swimming Pools|Earthquake|p1a: Snorlax
|-damage|p1a: Snorlax|5/100 slp
|-curestatus|p1a: Snorlax|slp|[msg]
|move|p1a: Snorlax|Rest|p1a: Snorlax
|-status|p1a: Snorlax|slp|[from] move: Rest
|-heal|p1a: Snorlax|100/100 slp|[silent]
|
|-weather|Sandstorm|[upkeep]
|-damage|p1a: Snorlax|94/100 slp|[from] Sandstorm
|-heal|p1a: Snorlax|100/100 slp|[from] item: Leftovers
|upkeep
|turn|50
|
|t:|1729703471
|switch|p2a: King Kunta|Tyranitar, F|100/100
|-damage|p2a: King Kunta|84/100|[from] Spikes
|switch|p1a: Breloom|Breloom, F|70/100
|
|-weather|Sandstorm|[upkeep]
|-damage|p1a: Breloom|64/100|[from] Sandstorm
|-heal|p2a: King Kunta|90/100|[from] item: Leftovers
|upkeep
|turn|51
|
|t:|1729703476
|-singleturn|p1a: Breloom|move: Focus Punch
|switch|p2a: Poetic Justice|Charizard, M|78/100 slp
|move|p1a: Breloom|Focus Punch|p2a: Poetic Justice
|-resisted|p2a: Poetic Justice
|-damage|p2a: Poetic Justice|14/100 slp
|
|-weather|Sandstorm|[upkeep]
|-damage|p2a: Poetic Justice|8/100 slp|[from] Sandstorm
|-damage|p1a: Breloom|58/100|[from] Sandstorm
|-heal|p2a: Poetic Justice|14/100 slp|[from] item: Leftovers
|upkeep
|turn|52
|
|t:|1729703487
|cant|p2a: Poetic Justice|slp
|move|p1a: Breloom|Sky Uppercut|p2a: Poetic Justice
|-resisted|p2a: Poetic Justice
|-damage|p2a: Poetic Justice|0 fnt
|faint|p2a: Poetic Justice
|
|t:|1729703491
|switch|p2a: Swimming Pools|Swampert, F|100/100
|-damage|p2a: Swimming Pools|84/100|[from] Spikes
|
|-weather|Sandstorm|[upkeep]
|-damage|p1a: Breloom|51/100|[from] Sandstorm
|-heal|p2a: Swimming Pools|90/100|[from] item: Leftovers
|upkeep
|turn|53
|
|t:|1729703493
|move|p1a: Breloom|Spore|p2a: Swimming Pools
|-status|p2a: Swimming Pools|slp|[from] move: Spore
|cant|p2a: Swimming Pools|slp
|
|-weather|Sandstorm|[upkeep]
|-damage|p1a: Breloom|45/100|[from] Sandstorm
|-heal|p2a: Swimming Pools|97/100 slp|[from] item: Leftovers
|upkeep
|turn|54
|
|t:|1729703497
|-singleturn|p1a: Breloom|move: Focus Punch
|-curestatus|p2a: Swimming Pools|slp|[msg]
|move|p2a: Swimming Pools|Ice Beam|p1a: Breloom
|-supereffective|p1a: Breloom
|-damage|p1a: Breloom|0 fnt
|faint|p1a: Breloom
|
|t:|1729703503
|switch|p1a: Snorlax|Snorlax, M|100/100 slp
|
|-weather|Sandstorm|[upkeep]
|-damage|p1a: Snorlax|94/100 slp|[from] Sandstorm
|-heal|p2a: Swimming Pools|100/100|[from] item: Leftovers
|-heal|p1a: Snorlax|100/100 slp|[from] item: Leftovers
|upkeep
|turn|55
|c|☆MagsAndMiles|Oof
|
|t:|1729703512
|switch|p2a: King Kunta|Tyranitar, F|90/100
|-damage|p2a: King Kunta|73/100|[from] Spikes
|cant|p1a: Snorlax|slp
|
|-weather|Sandstorm|[upkeep]
|-damage|p1a: Snorlax|94/100 slp|[from] Sandstorm
|-heal|p2a: King Kunta|80/100|[from] item: Leftovers
|-heal|p1a: Snorlax|100/100 slp|[from] item: Leftovers
|upkeep
|turn|56
|
|t:|1729703515
|-singleturn|p2a: King Kunta|move: Focus Punch
|cant|p1a: Snorlax|slp
|move|p2a: King Kunta|Focus Punch|p1a: Snorlax
|-supereffective|p1a: Snorlax
|-damage|p1a: Snorlax|10/100 slp
|
|-weather|Sandstorm|[upkeep]
|-damage|p1a: Snorlax|4/100 slp|[from] Sandstorm
|-heal|p2a: King Kunta|86/100|[from] item: Leftovers
|-heal|p1a: Snorlax|10/100 slp|[from] item: Leftovers
|upkeep
|turn|57
|
|t:|1729703519
|move|p2a: King Kunta|Earthquake|p1a: Snorlax
|-damage|p1a: Snorlax|0 fnt
|faint|p1a: Snorlax
|
|t:|1729703521
|switch|p1a: Jolteon|Jolteon, M|100/100
|
|-weather|Sandstorm|[upkeep]
|-damage|p1a: Jolteon|94/100|[from] Sandstorm
|-heal|p1a: Jolteon|100/100|[from] item: Leftovers
|-heal|p2a: King Kunta|92/100|[from] item: Leftovers
|upkeep
|turn|58
|
|t:|1729703523
|move|p1a: Jolteon|Thunderbolt|p2a: King Kunta
|-damage|p2a: King Kunta|56/100
|move|p2a: King Kunta|Earthquake|p1a: Jolteon
|-supereffective|p1a: Jolteon
|-damage|p1a: Jolteon|0 fnt
|faint|p1a: Jolteon
|
|win|Gonzasaurio 50
|c|☆Gonzasaurio 50|gg
|c|☆MagsAndMiles|Great game 
|player|p1|

</script>
<script type="application/json" class="data" id="replaydata-smogtours-gen3ou-801388">
{"id":"smogtours-gen3ou-801388","format":"[Gen 3] OU","players":["MagsAndMiles","Gonzasaurio 50"],"uploadtime":1729703523,"views":115,"formatid":"gen3ou","rating":null,"private":0,"password":null}
</script>

<script defer src="js/replays.js?9d40a366"></script>
