<!DOCTYPE html>
<meta charset="utf-8" />
<meta name="viewport" content="width=device-width" />

<title>[Gen 3] OU: TyCarter vs. EhtishamEX - Replays - Pok&eacute;mon Showdown!</title>

<meta name="description" content="Watch a replay of a Pok&eacute;mon battle between TyCarter and EhtishamEX! Format: [Gen 3] OU; Date: Oct 4, 2024" />
<!--

Hey, you! Looking in the source for the replay log?

You can find them in JSON format, just add `.json` at the end of a replay URL.

https://replay.pokemonshowdown.com/gen7randomdoublesbattle-865046831.json

Or, if you only need the log itself, add `.log` instead:

https://replay.pokemonshowdown.com/gen7randomdoublesbattle-865046831.log

-->

<link rel="stylesheet" href="//pokemonshowdown.com/style/global.css?0.023195364461161105" />
<link rel="stylesheet" href="//play.pokemonshowdown.com/style/font-awesome.css?0.13261647063804238" />
<link rel="stylesheet" href="//play.pokemonshowdown.com/style/battle.css?0.8753245789963631" />
<link rel="stylesheet" href="//play.pokemonshowdown.com/style/utilichart.css?0.8627959624976733" />

<!-- Global site tag (gtag.js) - Google Analytics -->
<script async src="https://www.googletagmanager.com/gtag/js?id=UA-26211653-1"></script>
<script>
  window.dataLayer = window.dataLayer || [];
  function gtag(){dataLayer.push(arguments);}
  gtag('js', new Date());

  gtag('config', 'UA-26211653-1');
</script>
<!-- End Google Analytics -->
<!-- Venatus Ad Manager - Install in <HEAD> of page -->
	<script src="https://hb.vntsm.com/v3/live/ad-manager.min.js" type="text/javascript" data-site-id="642aba63ec9a7b11c3c9c1be" data-mode="scan" async></script>
<!-- / Venatus Ad Manager -->

<style>
	@media (max-width:820px) {
		.battle {
			margin: 0 auto;
		}
		.battle-log {
			margin: 7px auto 0;
			max-width: 640px;
			height: 300px;
			position: static;
		}
	}
	.optgroup {
		display: inline-block;
		line-height: 22px;
		font-size: 10pt;
	}
	.optgroup .button {
		height: 25px;
		padding-top: 0;
		padding-bottom: 0;
	}
	.optgroup button.button {
		padding-left: 12px;
		padding-right: 12px;
	}
	.linklist {
		list-style: none;
		margin: 0.5em 0;
		padding: 0;
	}
	.linklist li {
		padding: 2px 0;
	}
	.sidebar {
		float: left;
		width: 320px;
	}
	.bar-wrapper {
		max-width: 1100px;
		margin: 0 auto;
	}
	.bar-wrapper.has-sidebar {
		max-width: 1430px;
	}
	.mainbar {
		margin: 0;
		padding-right: 1px;
	}
	.mainbar.has-sidebar {
		margin-left: 330px;
	}
	@media (min-width: 1511px) {
		.sidebar {
			width: 400px;
		}
		.bar-wrapper.has-sidebar {
			max-width: 1510px;
		}
		.mainbar.has-sidebar {
			margin-left: 410px;
		}
	}
	.section.first-section {
		margin-top: 9px;
	}
	.blocklink small {
		white-space: normal;
	}
	.button {
		vertical-align: middle;
	}
	.replay-controls {
		padding-top: 10px;
	}
	.replay-controls h1 {
		font-size: 16pt;
		font-weight: normal;
		color: #CCC;
	}
	.pagelink {
		text-align: center;
	}
	.pagelink a {
		width: 150px;
	}
	.textbox, .button {
		font-size: 11pt;
		vertical-align: middle;
	}
	@media (max-width: 450px) {
		.button {
			font-size: 9pt;
		}
	}
</style>

<div>

	<header>
		<div class="nav-wrapper"><ul class="nav">
			<li><a class="button nav-first" href="//pokemonshowdown.com/"><img src="//pokemonshowdown.com/images/pokemonshowdownbeta.png" srcset="//pokemonshowdown.com/images/pokemonshowdownbeta.png 1x, //pokemonshowdown.com/images/pokemonshowdownbeta@2x.png 2x" alt="Pok&eacute;mon Showdown" width="146" height="44" /> Home</a></li>
			<li><a class="button" href="//pokemonshowdown.com/dex/">Pok&eacute;dex</a></li>
			<li><a class="button cur" href="/">Replays</a></li>
			<li><a class="button" href="//pokemonshowdown.com/ladder/">Ladder</a></li>
			<li><a class="button nav-last" href="//pokemonshowdown.com/forums/">Forum</a></li>
			<li><a class="button greenbutton nav-first nav-last" href="//play.pokemonshowdown.com/">Play</a></li>
		</ul></div>
	</header>

	<div class="main" id="main">

		<noscript><section class="section">You need to enable JavaScript to use this page; sorry!</section></noscript>

	</div>

</div>

<script defer nomodule src="//play.pokemonshowdown.com/js/lib/ps-polyfill.js"></script>
<script defer src="//play.pokemonshowdown.com/js/lib/preact.min.js"></script>

<script defer src="//play.pokemonshowdown.com/config/config.js?2bddbc15"></script>
<script defer src="//play.pokemonshowdown.com/js/lib/jquery-1.11.0.min.js"></script>
<script defer src="//play.pokemonshowdown.com/js/lib/html-sanitizer-minified.js"></script>
<script defer src="//play.pokemonshowdown.com/js/battle-sound.js"></script>
<script defer src="//play.pokemonshowdown.com/js/battledata.js?0.7209276989879541"></script>
<script defer src="//play.pokemonshowdown.com/data/pokedex-mini.js?0.6111056340867951"></script>
<script defer src="//play.pokemonshowdown.com/data/pokedex-mini-bw.js?0.3532142036491459"></script>
<script defer src="//play.pokemonshowdown.com/data/graphics.js?0.24223875632456182"></script>
<script defer src="//play.pokemonshowdown.com/data/pokedex.js?0.38839984266356864"></script>
<script defer src="//play.pokemonshowdown.com/data/moves.js?0.21866028504024015"></script>
<script defer src="//play.pokemonshowdown.com/data/abilities.js?0.2005157953846628"></script>
<script defer src="//play.pokemonshowdown.com/data/items.js?0.9894211263848525"></script>
<script defer src="//play.pokemonshowdown.com/data/teambuilder-tables.js?0.6008791140282215"></script>
<script defer src="//play.pokemonshowdown.com/js/battle-tooltips.js?0.7580118955022959"></script>
<script defer src="//play.pokemonshowdown.com/js/battle.js?0.6057722274234274"></script>

<script defer src="js/utils.js?e31f9a17"></script>
<script defer src="js/replays-battle.js?7008c182"></script>

<!-- don't scrape this data! just add .json or .log after the URL!
Full API docs: https://github.com/smogon/pokemon-showdown-client/blob/master/WEB-API.md -->
<script type="text/plain" class="log" id="replaylog-smogtours-gen3ou-794692">
|inactive|Battle timer is ON: inactive players will automatically lose when time's up.
|t:|1728073215
|gametype|singles
|player|p1|TyCarter|#ptplvjirachis|
|player|p2|EhtishamEX|az|
|teamsize|p1|6
|teamsize|p2|6
|gen|3
|tier|[Gen 3] OU
|rule|Sleep Clause Mod: Limit one foe put to sleep
|rule|Switch Priority Clause Mod: Faster Pokémon switch first
|rule|Species Clause: Limit one of each Pokémon
|rule|OHKO Clause: OHKO moves are banned
|rule|Evasion Items Clause: Evasion items are banned
|rule|Evasion Moves Clause: Evasion moves are banned
|rule|Endless Battle Clause: Forcing endless battles is banned
|rule|HP Percentage Mod: HP is shown in percentages
|rule|One Boost Passer Clause: Limit one Baton Passer that has a way to boost its stats
|rule|Freeze Clause Mod: Limit one foe frozen
|
|t:|1728073215
|start
|switch|p1a: Suicune|Suicune|100/100
|switch|p2a: Pink Dress|Jynx, F, shiny|100/100
|turn|1
|c|☆TyCarter|hf
|
|t:|1728073225
|switch|p2a: Serebii|Celebi|100/100
|move|p1a: Suicune|Substitute|p1a: Suicune
|-start|p1a: Suicune|Substitute
|-damage|p1a: Suicune|75/100
|
|-heal|p1a: Suicune|82/100|[from] item: Leftovers
|upkeep
|turn|2
|
|t:|1728073235
|move|p2a: Serebii|Giga Drain|p1a: Suicune
|-supereffective|p1a: Suicune
|-end|p1a: Suicune|Substitute
|move|p1a: Suicune|Substitute|p1a: Suicune
|-start|p1a: Suicune|Substitute
|-damage|p1a: Suicune|57/100
|
|-heal|p1a: Suicune|63/100|[from] item: Leftovers
|upkeep
|turn|3
|
|t:|1728073248
|move|p2a: Serebii|Giga Drain|p1a: Suicune
|-supereffective|p1a: Suicune
|-end|p1a: Suicune|Substitute
|move|p1a: Suicune|Substitute|p1a: Suicune
|-start|p1a: Suicune|Substitute
|-damage|p1a: Suicune|38/100
|
|-heal|p1a: Suicune|44/100|[from] item: Leftovers
|upkeep
|turn|4
|
|t:|1728073262
|switch|p2a: Gegnar|Gengar, M|100/100
|move|p1a: Suicune|Substitute|p1a: Suicune
|-fail|p1a: Suicune|move: Substitute
|
|-heal|p1a: Suicune|50/100|[from] item: Leftovers
|upkeep
|turn|5
|
|t:|1728073266
|switch|p1a: Jolteon|Jolteon, F|100/100
|move|p2a: Gegnar|Perish Song|p2a: Gegnar
|-start|p1a: Jolteon|perish3|[silent]
|-start|p2a: Gegnar|perish3|[silent]
|-fieldactivate|move: Perish Song
|
|-start|p1a: Jolteon|perish3
|-start|p2a: Gegnar|perish3
|upkeep
|turn|6
|
|t:|1728073273
|switch|p1a: Celebi|Celebi|100/100
|switch|p2a: Serebii|Celebi|100/100
|
|upkeep
|turn|7
|
|t:|1728073277
|move|p1a: Celebi|Hidden Power|p2a: Serebii
|-supereffective|p2a: Serebii
|-damage|p2a: Serebii|66/100
|move|p2a: Serebii|Calm Mind|p2a: Serebii
|-boost|p2a: Serebii|spa|1
|-boost|p2a: Serebii|spd|1
|
|-heal|p2a: Serebii|73/100|[from] item: Leftovers
|upkeep
|turn|8
|
|t:|1728073281
|switch|p1a: Charizard|Charizard, M|100/100
|move|p2a: Serebii|Baton Pass|p2a: Serebii
|
|t:|1728073290
|switch|p2a: Fils-Aimé|Regirock, shiny|100/100|[from] Baton Pass
|
|upkeep
|turn|9
|
|t:|1728073295
|-singleturn|p2a: Fils-Aimé|move: Focus Punch
|switch|p1a: Metagross|Metagross|100/100
|move|p2a: Fils-Aimé|Focus Punch|p1a: Metagross
|-damage|p1a: Metagross|65/100
|
|-heal|p1a: Metagross|71/100|[from] item: Leftovers
|upkeep
|turn|10
|
|t:|1728073302
|move|p1a: Metagross|Meteor Mash|p2a: Fils-Aimé
|-supereffective|p2a: Fils-Aimé
|-damage|p2a: Fils-Aimé|38/100
|move|p2a: Fils-Aimé|Thunder Wave|p1a: Metagross
|-status|p1a: Metagross|par
|
|-heal|p2a: Fils-Aimé|44/100|[from] item: Leftovers
|-heal|p1a: Metagross|77/100 par|[from] item: Leftovers
|upkeep
|turn|11
|
|t:|1728073311
|switch|p2a: Peacemaker|Suicune|100/100
|cant|p1a: Metagross|par
|
|-heal|p1a: Metagross|83/100 par|[from] item: Leftovers
|upkeep
|turn|12
|
|t:|1728073319
|switch|p2a: Gegnar|Gengar, M|100/100
|cant|p1a: Metagross|par
|
|-heal|p1a: Metagross|89/100 par|[from] item: Leftovers
|upkeep
|turn|13
|
|t:|1728073326
|switch|p2a: Peacemaker|Suicune|100/100
|cant|p1a: Metagross|par
|
|-heal|p1a: Metagross|95/100 par|[from] item: Leftovers
|upkeep
|turn|14
|
|t:|1728073332
|switch|p1a: Celebi|Celebi|100/100
|move|p2a: Peacemaker|Surf|p1a: Celebi
|-resisted|p1a: Celebi
|-damage|p1a: Celebi|80/100
|
|-heal|p1a: Celebi|86/100|[from] item: Leftovers
|upkeep
|turn|15
|
|t:|1728073342
|move|p1a: Celebi|Leech Seed|p2a: Peacemaker
|-start|p2a: Peacemaker|move: Leech Seed
|move|p2a: Peacemaker|Calm Mind|p2a: Peacemaker
|-boost|p2a: Peacemaker|spa|1
|-boost|p2a: Peacemaker|spd|1
|
|-heal|p1a: Celebi|93/100|[from] item: Leftovers
|-damage|p2a: Peacemaker|88/100|[from] Leech Seed|[of] p1a: Celebi
|-heal|p1a: Celebi|100/100|[silent]
|upkeep
|turn|16
|
|t:|1728073348
|switch|p2a: Serebii|Celebi|73/100
|move|p1a: Celebi|Psychic|p2a: Serebii
|-resisted|p2a: Serebii
|-damage|p2a: Serebii|55/100
|
|-heal|p2a: Serebii|61/100|[from] item: Leftovers
|upkeep
|turn|17
|
|t:|1728073353
|switch|p1a: Charizard|Charizard, M|100/100
|move|p2a: Serebii|Calm Mind|p2a: Serebii
|-boost|p2a: Serebii|spa|1
|-boost|p2a: Serebii|spd|1
|
|-heal|p2a: Serebii|68/100|[from] item: Leftovers
|upkeep
|turn|18
|
|t:|1728073357
|move|p1a: Charizard|Flamethrower|p2a: Serebii
|-supereffective|p2a: Serebii
|-damage|p2a: Serebii|15/100
|-status|p2a: Serebii|brn
|move|p2a: Serebii|Recover|p2a: Serebii
|-heal|p2a: Serebii|65/100 brn
|
|-heal|p2a: Serebii|72/100 brn|[from] item: Leftovers
|-damage|p2a: Serebii|59/100 brn|[from] brn
|upkeep
|turn|19
|
|t:|1728073367
|move|p1a: Charizard|Flamethrower|p2a: Serebii
|-supereffective|p2a: Serebii
|-damage|p2a: Serebii|9/100 brn
|move|p2a: Serebii|Baton Pass|p2a: Serebii
|
|t:|1728073380
|-curestatus|p2a: Serebii|brn|[from] ability: Natural Cure
|switch|p2a: Pink Dress|Jynx, F, shiny|100/100|[from] Baton Pass
|
|upkeep
|turn|20
|
|t:|1728073385
|switch|p1a: Metagross|Metagross|95/100 par
|move|p2a: Pink Dress|Substitute|p2a: Pink Dress
|-start|p2a: Pink Dress|Substitute
|-damage|p2a: Pink Dress|76/100
|
|-heal|p2a: Pink Dress|82/100|[from] item: Leftovers
|-heal|p1a: Metagross|100/100 par|[from] item: Leftovers
|upkeep
|turn|21
|
|t:|1728073388
|move|p2a: Pink Dress|Ice Beam|p1a: Metagross
|-resisted|p1a: Metagross
|-damage|p1a: Metagross|63/100 par
|move|p1a: Metagross|Earthquake|p2a: Pink Dress
|-end|p2a: Pink Dress|Substitute
|
|-heal|p2a: Pink Dress|88/100|[from] item: Leftovers
|-heal|p1a: Metagross|69/100 par|[from] item: Leftovers
|upkeep
|turn|22
|
|t:|1728073396
|move|p2a: Pink Dress|Substitute|p2a: Pink Dress
|-start|p2a: Pink Dress|Substitute
|-damage|p2a: Pink Dress|63/100
|move|p1a: Metagross|Meteor Mash|p2a: Pink Dress
|-supereffective|p2a: Pink Dress
|-end|p2a: Pink Dress|Substitute
|
|-heal|p2a: Pink Dress|69/100|[from] item: Leftovers
|-heal|p1a: Metagross|75/100 par|[from] item: Leftovers
|upkeep
|turn|23
|
|t:|1728073400
|move|p2a: Pink Dress|Substitute|p2a: Pink Dress
|-start|p2a: Pink Dress|Substitute
|-damage|p2a: Pink Dress|44/100
|move|p1a: Metagross|Earthquake|p2a: Pink Dress
|-end|p2a: Pink Dress|Substitute
|
|-heal|p2a: Pink Dress|50/100|[from] item: Leftovers
|-heal|p1a: Metagross|81/100 par|[from] item: Leftovers
|upkeep
|turn|24
|
|t:|1728073404
|switch|p2a: Gegnar|Gengar, M|100/100
|move|p1a: Metagross|Earthquake|p2a: Gegnar
|-immune|p2a: Gegnar
|
|-heal|p1a: Metagross|87/100 par|[from] item: Leftovers
|upkeep
|turn|25
|
|t:|1728073411
|move|p2a: Gegnar|Perish Song|p2a: Gegnar
|-start|p1a: Metagross|perish3|[silent]
|-start|p2a: Gegnar|perish3|[silent]
|-fieldactivate|move: Perish Song
|cant|p1a: Metagross|par
|
|-heal|p1a: Metagross|94/100 par|[from] item: Leftovers
|-start|p2a: Gegnar|perish3
|-start|p1a: Metagross|perish3
|upkeep
|turn|26
|
|t:|1728073420
|move|p2a: Gegnar|Mean Look|p1a: Metagross
|-activate|p1a: Metagross|trapped
|cant|p1a: Metagross|par
|
|-heal|p1a: Metagross|99/100 par|[from] item: Leftovers
|-start|p2a: Gegnar|perish2
|-start|p1a: Metagross|perish2
|upkeep
|turn|27
|
|t:|1728073424
|move|p2a: Gegnar|Destiny Bond|p2a: Gegnar
|-singlemove|p2a: Gegnar|Destiny Bond
|move|p1a: Metagross|Meteor Mash|p2a: Gegnar
|-damage|p2a: Gegnar|11/100
|
|-heal|p2a: Gegnar|17/100|[from] item: Leftovers
|-heal|p1a: Metagross|100/100 par|[from] item: Leftovers
|-start|p2a: Gegnar|perish1
|-start|p1a: Metagross|perish1
|upkeep
|turn|28
|
|t:|1728073434
|switch|p2a: Peacemaker|Suicune|88/100
|move|p1a: Metagross|Explosion|p2a: Peacemaker
|-damage|p2a: Peacemaker|0 fnt
|faint|p1a: Metagross
|faint|p2a: Peacemaker
|
|t:|1728073457
|switch|p1a: Jolteon|Jolteon, F|100/100
|switch|p2a: Fils-Aimé|Regirock, shiny|44/100
|
|-heal|p2a: Fils-Aimé|50/100|[from] item: Leftovers
|upkeep
|turn|29
|
|t:|1728073465
|move|p1a: Jolteon|Substitute|p1a: Jolteon
|-start|p1a: Jolteon|Substitute
|-damage|p1a: Jolteon|75/100
|move|p2a: Fils-Aimé|Thunder Wave||[still]
|-fail|p2a: Fils-Aimé
|
|-heal|p1a: Jolteon|82/100|[from] item: Leftovers
|-heal|p2a: Fils-Aimé|56/100|[from] item: Leftovers
|upkeep
|turn|30
|
|t:|1728073486
|move|p1a: Jolteon|Thunderbolt|p2a: Fils-Aimé
|-damage|p2a: Fils-Aimé|18/100
|move|p2a: Fils-Aimé|Rock Slide|p1a: Jolteon
|-end|p1a: Jolteon|Substitute
|
|-heal|p1a: Jolteon|88/100|[from] item: Leftovers
|-heal|p2a: Fils-Aimé|24/100|[from] item: Leftovers
|upkeep
|turn|31
|
|t:|1728073498
|move|p1a: Jolteon|Thunderbolt|p2a: Fils-Aimé
|-damage|p2a: Fils-Aimé|0 fnt
|faint|p2a: Fils-Aimé
|
|t:|1728073502
|switch|p2a: Megagross|Metagross|100/100
|
|-heal|p1a: Jolteon|94/100|[from] item: Leftovers
|upkeep
|turn|32
|
|t:|1728073508
|move|p1a: Jolteon|Substitute|p1a: Jolteon
|-start|p1a: Jolteon|Substitute
|-damage|p1a: Jolteon|69/100
|move|p2a: Megagross|Rock Slide|p1a: Jolteon
|-end|p1a: Jolteon|Substitute
|
|-heal|p1a: Jolteon|75/100|[from] item: Leftovers
|upkeep
|turn|33
|
|t:|1728073514
|switch|p2a: Gegnar|Gengar, M|17/100
|move|p1a: Jolteon|Substitute|p1a: Jolteon
|-start|p1a: Jolteon|Substitute
|-damage|p1a: Jolteon|50/100
|
|-heal|p1a: Jolteon|57/100|[from] item: Leftovers
|-heal|p2a: Gegnar|23/100|[from] item: Leftovers
|upkeep
|turn|34
|
|t:|1728073533
|move|p1a: Jolteon|Thunderbolt|p2a: Gegnar
|-crit|p2a: Gegnar
|-damage|p2a: Gegnar|0 fnt
|faint|p2a: Gegnar
|
|t:|1728073536
|switch|p2a: Megagross|Metagross|100/100
|
|-heal|p1a: Jolteon|63/100|[from] item: Leftovers
|upkeep
|turn|35
|
|t:|1728073540
|move|p1a: Jolteon|Baton Pass|p1a: Jolteon
|
|t:|1728073542
|switch|p1a: Charizard|Charizard, M|100/100|[from] Baton Pass
|move|p2a: Megagross|Meteor Mash|p1a: Charizard
|-resisted|p1a: Charizard
|-end|p1a: Charizard|Substitute
|
|upkeep
|turn|36
|
|t:|1728073550
|move|p1a: Charizard|Flamethrower|p2a: Megagross
|-supereffective|p2a: Megagross
|-damage|p2a: Megagross|0 fnt
|faint|p2a: Megagross
|
|t:|1728073554
|switch|p2a: Pink Dress|Jynx, F, shiny|50/100
|
|-heal|p2a: Pink Dress|56/100|[from] item: Leftovers
|upkeep
|turn|37
|
|t:|1728073556
|move|p2a: Pink Dress|Lovely Kiss|p1a: Charizard
|-status|p1a: Charizard|slp|[from] move: Lovely Kiss
|cant|p1a: Charizard|slp
|
|-heal|p2a: Pink Dress|62/100|[from] item: Leftovers
|upkeep
|turn|38
|
|t:|1728073563
|switch|p1a: Cloyster|Cloyster, F|100/100
|move|p2a: Pink Dress|Substitute|p2a: Pink Dress
|-start|p2a: Pink Dress|Substitute
|-damage|p2a: Pink Dress|37/100
|
|-heal|p2a: Pink Dress|43/100|[from] item: Leftovers
|upkeep
|turn|39
|
|t:|1728073565
|move|p2a: Pink Dress|Calm Mind|p2a: Pink Dress
|-boost|p2a: Pink Dress|spa|1
|-boost|p2a: Pink Dress|spd|1
|move|p1a: Cloyster|Surf|p2a: Pink Dress
|-end|p2a: Pink Dress|Substitute
|
|-heal|p2a: Pink Dress|49/100|[from] item: Leftovers
|upkeep
|turn|40
|
|t:|1728073572
|switch|p2a: Serebii|Celebi|9/100
|move|p1a: Cloyster|Explosion|p2a: Serebii
|-damage|p2a: Serebii|0 fnt
|faint|p1a: Cloyster
|faint|p2a: Serebii
|
|t:|1728073576
|switch|p2a: Pink Dress|Jynx, F, shiny|49/100
|switch|p1a: Jolteon|Jolteon, F|63/100
|
|-heal|p1a: Jolteon|69/100|[from] item: Leftovers
|-heal|p2a: Pink Dress|55/100|[from] item: Leftovers
|upkeep
|turn|41
|
|t:|1728073580
|move|p1a: Jolteon|Thunderbolt|p2a: Pink Dress
|-damage|p2a: Pink Dress|2/100
|move|p2a: Pink Dress|Ice Beam|p1a: Jolteon
|-crit|p1a: Jolteon
|-damage|p1a: Jolteon|0 fnt
|faint|p1a: Jolteon
|
|t:|1728073585
|switch|p1a: Suicune|Suicune|50/100
|
|-heal|p2a: Pink Dress|8/100|[from] item: Leftovers
|-heal|p1a: Suicune|56/100|[from] item: Leftovers
|upkeep
|turn|42
|
|t:|1728073590
|move|p2a: Pink Dress|Ice Beam|p1a: Suicune
|-resisted|p1a: Suicune
|-damage|p1a: Suicune|38/100
|move|p1a: Suicune|Surf|p2a: Pink Dress
|-damage|p2a: Pink Dress|0 fnt
|faint|p2a: Pink Dress
|
|win|TyCarter
|c|☆EhtishamEX|ggwp
|c|☆TyCarter|gg
|player|p2|
|c|☆TyCarter|/log TyCarter made the replay of this battle unlisted.
|player|p2|EhtishamEX|az|

</script>
<script type="application/json" class="data" id="replaydata-smogtours-gen3ou-794692">
{"id":"smogtours-gen3ou-794692","format":"[Gen 3] OU","players":["TyCarter","EhtishamEX"],"uploadtime":1728073590,"views":133,"formatid":"gen3ou","rating":null,"private":1,"password":null}
</script>

<script defer src="js/replays.js?9d40a366"></script>
