<!DOCTYPE html>
<meta charset="utf-8" />
<meta name="viewport" content="width=device-width" />

<title>[Gen 3] OU: Usbreon vs. Vangaio - Replays - Pok&eacute;mon Showdown!</title>

<meta name="description" content="Watch a replay of a Pok&eacute;mon battle between Usbreon and Vangaio! Format: [Gen 3] OU; Date: Oct 8, 2024" />
<!--

Hey, you! Looking in the source for the replay log?

You can find them in JSON format, just add `.json` at the end of a replay URL.

https://replay.pokemonshowdown.com/gen7randomdoublesbattle-865046831.json

Or, if you only need the log itself, add `.log` instead:

https://replay.pokemonshowdown.com/gen7randomdoublesbattle-865046831.log

-->

<link rel="stylesheet" href="//pokemonshowdown.com/style/global.css?0.023195364461161105" />
<link rel="stylesheet" href="//play.pokemonshowdown.com/style/font-awesome.css?0.13261647063804238" />
<link rel="stylesheet" href="//play.pokemonshowdown.com/style/battle.css?0.8753245789963631" />
<link rel="stylesheet" href="//play.pokemonshowdown.com/style/utilichart.css?0.8627959624976733" />

<!-- Global site tag (gtag.js) - Google Analytics -->
<script async src="https://www.googletagmanager.com/gtag/js?id=UA-26211653-1"></script>
<script>
  window.dataLayer = window.dataLayer || [];
  function gtag(){dataLayer.push(arguments);}
  gtag('js', new Date());

  gtag('config', 'UA-26211653-1');
</script>
<!-- End Google Analytics -->
<!-- Venatus Ad Manager - Install in <HEAD> of page -->
	<script src="https://hb.vntsm.com/v3/live/ad-manager.min.js" type="text/javascript" data-site-id="642aba63ec9a7b11c3c9c1be" data-mode="scan" async></script>
<!-- / Venatus Ad Manager -->

<style>
	@media (max-width:820px) {
		.battle {
			margin: 0 auto;
		}
		.battle-log {
			margin: 7px auto 0;
			max-width: 640px;
			height: 300px;
			position: static;
		}
	}
	.optgroup {
		display: inline-block;
		line-height: 22px;
		font-size: 10pt;
	}
	.optgroup .button {
		height: 25px;
		padding-top: 0;
		padding-bottom: 0;
	}
	.optgroup button.button {
		padding-left: 12px;
		padding-right: 12px;
	}
	.linklist {
		list-style: none;
		margin: 0.5em 0;
		padding: 0;
	}
	.linklist li {
		padding: 2px 0;
	}
	.sidebar {
		float: left;
		width: 320px;
	}
	.bar-wrapper {
		max-width: 1100px;
		margin: 0 auto;
	}
	.bar-wrapper.has-sidebar {
		max-width: 1430px;
	}
	.mainbar {
		margin: 0;
		padding-right: 1px;
	}
	.mainbar.has-sidebar {
		margin-left: 330px;
	}
	@media (min-width: 1511px) {
		.sidebar {
			width: 400px;
		}
		.bar-wrapper.has-sidebar {
			max-width: 1510px;
		}
		.mainbar.has-sidebar {
			margin-left: 410px;
		}
	}
	.section.first-section {
		margin-top: 9px;
	}
	.blocklink small {
		white-space: normal;
	}
	.button {
		vertical-align: middle;
	}
	.replay-controls {
		padding-top: 10px;
	}
	.replay-controls h1 {
		font-size: 16pt;
		font-weight: normal;
		color: #CCC;
	}
	.pagelink {
		text-align: center;
	}
	.pagelink a {
		width: 150px;
	}
	.textbox, .button {
		font-size: 11pt;
		vertical-align: middle;
	}
	@media (max-width: 450px) {
		.button {
			font-size: 9pt;
		}
	}
</style>

<div>

	<header>
		<div class="nav-wrapper"><ul class="nav">
			<li><a class="button nav-first" href="//pokemonshowdown.com/"><img src="//pokemonshowdown.com/images/pokemonshowdownbeta.png" srcset="//pokemonshowdown.com/images/pokemonshowdownbeta.png 1x, //pokemonshowdown.com/images/pokemonshowdownbeta@2x.png 2x" alt="Pok&eacute;mon Showdown" width="146" height="44" /> Home</a></li>
			<li><a class="button" href="//pokemonshowdown.com/dex/">Pok&eacute;dex</a></li>
			<li><a class="button cur" href="/">Replays</a></li>
			<li><a class="button" href="//pokemonshowdown.com/ladder/">Ladder</a></li>
			<li><a class="button nav-last" href="//pokemonshowdown.com/forums/">Forum</a></li>
			<li><a class="button greenbutton nav-first nav-last" href="//play.pokemonshowdown.com/">Play</a></li>
		</ul></div>
	</header>

	<div class="main" id="main">

		<noscript><section class="section">You need to enable JavaScript to use this page; sorry!</section></noscript>

	</div>

</div>

<script defer nomodule src="//play.pokemonshowdown.com/js/lib/ps-polyfill.js"></script>
<script defer src="//play.pokemonshowdown.com/js/lib/preact.min.js"></script>

<script defer src="//play.pokemonshowdown.com/config/config.js?2bddbc15"></script>
<script defer src="//play.pokemonshowdown.com/js/lib/jquery-1.11.0.min.js"></script>
<script defer src="//play.pokemonshowdown.com/js/lib/html-sanitizer-minified.js"></script>
<script defer src="//play.pokemonshowdown.com/js/battle-sound.js"></script>
<script defer src="//play.pokemonshowdown.com/js/battledata.js?0.7209276989879541"></script>
<script defer src="//play.pokemonshowdown.com/data/pokedex-mini.js?0.6111056340867951"></script>
<script defer src="//play.pokemonshowdown.com/data/pokedex-mini-bw.js?0.3532142036491459"></script>
<script defer src="//play.pokemonshowdown.com/data/graphics.js?0.24223875632456182"></script>
<script defer src="//play.pokemonshowdown.com/data/pokedex.js?0.38839984266356864"></script>
<script defer src="//play.pokemonshowdown.com/data/moves.js?0.21866028504024015"></script>
<script defer src="//play.pokemonshowdown.com/data/abilities.js?0.2005157953846628"></script>
<script defer src="//play.pokemonshowdown.com/data/items.js?0.9894211263848525"></script>
<script defer src="//play.pokemonshowdown.com/data/teambuilder-tables.js?0.6008791140282215"></script>
<script defer src="//play.pokemonshowdown.com/js/battle-tooltips.js?0.7580118955022959"></script>
<script defer src="//play.pokemonshowdown.com/js/battle.js?0.6057722274234274"></script>

<script defer src="js/utils.js?e31f9a17"></script>
<script defer src="js/replays-battle.js?7008c182"></script>

<!-- don't scrape this data! just add .json or .log after the URL!
Full API docs: https://github.com/smogon/pokemon-showdown-client/blob/master/WEB-API.md -->
<script type="text/plain" class="log" id="replaylog-smogtours-gen3ou-796409">
|inactive|Battle timer is ON: inactive players will automatically lose when time's up.
|t:|1728408000
|gametype|singles
|player|p1|Usbreon|sailor|
|player|p2|Vangaio|depotagent|
|teamsize|p1|6
|teamsize|p2|6
|gen|3
|tier|[Gen 3] OU
|rule|Sleep Clause Mod: Limit one foe put to sleep
|rule|Switch Priority Clause Mod: Faster Pokémon switch first
|rule|Species Clause: Limit one of each Pokémon
|rule|OHKO Clause: OHKO moves are banned
|rule|Evasion Items Clause: Evasion items are banned
|rule|Evasion Moves Clause: Evasion moves are banned
|rule|Endless Battle Clause: Forcing endless battles is banned
|rule|HP Percentage Mod: HP is shown in percentages
|rule|One Boost Passer Clause: Limit one Baton Passer that has a way to boost its stats
|rule|Freeze Clause Mod: Limit one foe frozen
|
|t:|1728408000
|start
|switch|p1a: Vaporeon|Vaporeon, F|100/100
|switch|p2a: Salamence|Salamence, M|100/100
|-ability|p2a: Salamence|Intimidate|boost
|-unboost|p1a: Vaporeon|atk|1
|turn|1
|
|t:|1728408028
|move|p2a: Salamence|Dragon Claw|p1a: Vaporeon
|-crit|p1a: Vaporeon
|-damage|p1a: Vaporeon|23/100
|move|p1a: Vaporeon|Substitute|p1a: Vaporeon
|-fail|p1a: Vaporeon|move: Substitute|[weak]
|
|-enditem|p1a: Vaporeon|Salac Berry|[eat]
|-boost|p1a: Vaporeon|spe|1|[from] item: Salac Berry
|upkeep
|turn|2
|
|t:|1728408036
|move|p1a: Vaporeon|Ice Beam|p2a: Salamence
|-supereffective|p2a: Salamence
|-damage|p2a: Salamence|0 fnt
|faint|p2a: Salamence
|inactive|Vangaio has 270 seconds left.
|
|t:|1728408075
|switch|p2a: Celebi|Celebi|100/100
|
|upkeep
|turn|3
|inactive|Vangaio has 270 seconds left.
|
|t:|1728408090
|move|p1a: Vaporeon|Ice Beam|p2a: Celebi
|-supereffective|p2a: Celebi
|-damage|p2a: Celebi|54/100
|move|p2a: Celebi|Psychic|p1a: Vaporeon
|-damage|p1a: Vaporeon|0 fnt
|faint|p1a: Vaporeon
|
|t:|1728408102
|switch|p1a: Regice|Regice|100/100
|
|-heal|p2a: Celebi|60/100|[from] item: Leftovers
|upkeep
|turn|4
|inactive|Vangaio has 270 seconds left.
|
|t:|1728408141
|switch|p2a: Swampert|Swampert, M|100/100
|move|p1a: Regice|Ice Beam|p2a: Swampert
|-damage|p2a: Swampert|58/100
|
|-heal|p2a: Swampert|64/100|[from] item: Leftovers
|upkeep
|turn|5
|inactive|Usbreon has 270 seconds left.
|
|t:|1728408189
|move|p2a: Swampert|Earthquake|p1a: Regice
|-damage|p1a: Regice|61/100
|move|p1a: Regice|Ice Beam|p2a: Swampert
|-damage|p2a: Swampert|24/100
|
|-heal|p2a: Swampert|30/100|[from] item: Leftovers
|-heal|p1a: Regice|67/100|[from] item: Leftovers
|upkeep
|turn|6
|
|t:|1728408198
|switch|p1a: Salamence|Salamence, F|100/100
|-ability|p1a: Salamence|Intimidate|boost
|-unboost|p2a: Swampert|atk|1
|move|p2a: Swampert|Earthquake|p1a: Salamence
|-immune|p1a: Salamence
|
|-heal|p2a: Swampert|36/100|[from] item: Leftovers
|upkeep
|turn|7
|
|t:|1728408204
|switch|p1a: Tyranitar|Tyranitar, F|100/100
|-weather|Sandstorm|[from] ability: Sand Stream|[of] p1a: Tyranitar
|switch|p2a: Skarmory|Skarmory, F|100/100
|
|-weather|Sandstorm|[upkeep]
|upkeep
|turn|8
|inactive|Usbreon has 270 seconds left.
|
|t:|1728408212
|move|p1a: Tyranitar|Dragon Dance|p1a: Tyranitar
|-boost|p1a: Tyranitar|atk|1
|-boost|p1a: Tyranitar|spe|1
|move|p2a: Skarmory|Spikes|p1a: Tyranitar
|-sidestart|p1: Usbreon|Spikes
|
|-weather|Sandstorm|[upkeep]
|upkeep
|turn|9
|
|t:|1728408215
|move|p1a: Tyranitar|Rock Slide|p2a: Skarmory
|-damage|p2a: Skarmory|58/100
|move|p2a: Skarmory|Roar|p1a: Tyranitar
|drag|p1a: Swampert|Swampert, M|100/100
|-damage|p1a: Swampert|88/100|[from] Spikes
|
|-weather|Sandstorm|[upkeep]
|-heal|p1a: Swampert|94/100|[from] item: Leftovers
|-heal|p2a: Skarmory|64/100|[from] item: Leftovers
|upkeep
|turn|10
|
|t:|1728408224
|move|p1a: Swampert|Surf|p2a: Skarmory
|-damage|p2a: Skarmory|27/100
|move|p2a: Skarmory|Toxic|p1a: Swampert
|-status|p1a: Swampert|tox
|
|-weather|Sandstorm|[upkeep]
|-heal|p1a: Swampert|100/100 tox|[from] item: Leftovers
|-damage|p1a: Swampert|94/100 tox|[from] psn
|-heal|p2a: Skarmory|33/100|[from] item: Leftovers
|upkeep
|turn|11
|
|t:|1728408233
|switch|p1a: Regice|Regice|67/100
|-damage|p1a: Regice|54/100|[from] Spikes
|switch|p2a: Celebi|Celebi|60/100
|
|-weather|Sandstorm|[upkeep]
|-damage|p2a: Celebi|54/100|[from] Sandstorm
|-damage|p1a: Regice|48/100|[from] Sandstorm
|-heal|p2a: Celebi|60/100|[from] item: Leftovers
|-heal|p1a: Regice|54/100|[from] item: Leftovers
|upkeep
|turn|12
|inactive|Vangaio has 270 seconds left.
|
|t:|1728408269
|switch|p2a: Swampert|Swampert, M|36/100
|move|p1a: Regice|Ice Beam|p2a: Swampert
|-damage|p2a: Swampert|0 fnt
|faint|p2a: Swampert
|
|t:|1728408287
|switch|p2a: Tyranitar|Tyranitar, M|100/100
|
|-weather|Sandstorm|[upkeep]
|-damage|p1a: Regice|48/100|[from] Sandstorm
|-heal|p1a: Regice|54/100|[from] item: Leftovers
|upkeep
|turn|13
|
|t:|1728408296
|switch|p1a: Swampert|Swampert, M|94/100 tox
|-damage|p1a: Swampert|82/100 tox|[from] Spikes
|move|p2a: Tyranitar|Rock Slide|p1a: Swampert
|-resisted|p1a: Swampert
|-damage|p1a: Swampert|62/100 tox
|
|-weather|Sandstorm|[upkeep]
|-heal|p1a: Swampert|68/100 tox|[from] item: Leftovers
|-damage|p1a: Swampert|62/100 tox|[from] psn
|upkeep
|turn|14
|
|t:|1728408310
|switch|p2a: Celebi|Celebi|60/100
|move|p1a: Swampert|Ice Beam|p2a: Celebi
|-supereffective|p2a: Celebi
|-damage|p2a: Celebi|12/100
|
|-weather|Sandstorm|[upkeep]
|-damage|p2a: Celebi|5/100|[from] Sandstorm
|-heal|p2a: Celebi|12/100|[from] item: Leftovers
|-heal|p1a: Swampert|68/100 tox|[from] item: Leftovers
|-damage|p1a: Swampert|56/100 tox|[from] psn
|upkeep
|turn|15
|
|t:|1728408322
|switch|p1a: Tyranitar|Tyranitar, F|100/100
|-damage|p1a: Tyranitar|88/100|[from] Spikes
|move|p2a: Celebi|Leech Seed|p1a: Tyranitar
|-start|p1a: Tyranitar|move: Leech Seed
|
|-weather|Sandstorm|[upkeep]
|-damage|p2a: Celebi|5/100|[from] Sandstorm
|-heal|p2a: Celebi|12/100|[from] item: Leftovers
|-damage|p1a: Tyranitar|76/100|[from] Leech Seed|[of] p2a: Celebi
|-heal|p2a: Celebi|22/100|[silent]
|upkeep
|turn|16
|
|t:|1728408333
|switch|p2a: Skarmory|Skarmory, F|33/100
|move|p1a: Tyranitar|Dragon Dance|p1a: Tyranitar
|-boost|p1a: Tyranitar|atk|1
|-boost|p1a: Tyranitar|spe|1
|
|-weather|Sandstorm|[upkeep]
|-damage|p1a: Tyranitar|64/100|[from] Leech Seed|[of] p2a: Skarmory
|-heal|p2a: Skarmory|45/100|[silent]
|-heal|p2a: Skarmory|51/100|[from] item: Leftovers
|upkeep
|turn|17
|
|t:|1728408349
|move|p1a: Tyranitar|Rock Slide|p2a: Skarmory
|-damage|p2a: Skarmory|9/100
|move|p2a: Skarmory|Roar|p1a: Tyranitar
|drag|p1a: Medicham|Medicham, F|100/100
|-damage|p1a: Medicham|88/100|[from] Spikes
|
|-weather|Sandstorm|[upkeep]
|-damage|p1a: Medicham|82/100|[from] Sandstorm
|-heal|p2a: Skarmory|15/100|[from] item: Leftovers
|upkeep
|turn|18
|
|t:|1728408357
|move|p1a: Medicham|Brick Break|p2a: Skarmory
|-damage|p2a: Skarmory|0 fnt
|faint|p2a: Skarmory
|
|t:|1728408375
|switch|p2a: Celebi|Celebi|22/100
|
|-weather|Sandstorm|[upkeep]
|-damage|p1a: Medicham|76/100|[from] Sandstorm
|-damage|p2a: Celebi|16/100|[from] Sandstorm
|-heal|p2a: Celebi|22/100|[from] item: Leftovers
|upkeep
|turn|19
|
|t:|1728408386
|move|p1a: Medicham|Shadow Ball|p2a: Celebi
|-supereffective|p2a: Celebi
|-damage|p2a: Celebi|0 fnt
|faint|p2a: Celebi
|inactive|Vangaio has 240 seconds left.
|
|t:|1728408404
|switch|p2a: Aerodactyl|Aerodactyl, M|100/100
|
|-weather|Sandstorm|[upkeep]
|-damage|p1a: Medicham|70/100|[from] Sandstorm
|upkeep
|turn|20
|inactive|Vangaio has 240 seconds left.
|inactive|Usbreon has 270 seconds left.
|inactive|Vangaio has 210 seconds left.
|
|t:|1728408454
|switch|p1a: Regice|Regice|54/100
|-damage|p1a: Regice|42/100|[from] Spikes
|move|p2a: Aerodactyl|Earthquake|p1a: Regice
|-damage|p1a: Regice|2/100
|
|-weather|Sandstorm|[upkeep]
|-damage|p1a: Regice|0 fnt|[from] Sandstorm
|faint|p1a: Regice
|upkeep
|inactive|Usbreon has 270 seconds left.
|
|t:|1728408461
|switch|p1a: Salamence|Salamence, F|100/100
|-ability|p1a: Salamence|Intimidate|boost
|-unboost|p2a: Aerodactyl|atk|1
|turn|21
|
|t:|1728408470
|switch|p2a: Tyranitar|Tyranitar, M|100/100
|move|p1a: Salamence|Earthquake|p2a: Tyranitar
|-supereffective|p2a: Tyranitar
|-damage|p2a: Tyranitar|37/100
|
|-weather|Sandstorm|[upkeep]
|-damage|p1a: Salamence|94/100|[from] Sandstorm
|-heal|p1a: Salamence|100/100|[from] item: Leftovers
|-heal|p2a: Tyranitar|43/100|[from] item: Leftovers
|upkeep
|turn|22
|
|t:|1728408475
|switch|p2a: Aerodactyl|Aerodactyl, M|100/100
|move|p1a: Salamence|Earthquake|p2a: Aerodactyl
|-immune|p2a: Aerodactyl
|
|-weather|Sandstorm|[upkeep]
|-damage|p1a: Salamence|94/100|[from] Sandstorm
|-heal|p1a: Salamence|100/100|[from] item: Leftovers
|upkeep
|turn|23
|inactive|Usbreon has 270 seconds left.
|
|t:|1728408513
|switch|p1a: Tyranitar|Tyranitar, F|64/100
|-damage|p1a: Tyranitar|51/100|[from] Spikes
|move|p2a: Aerodactyl|Rock Slide|p1a: Tyranitar
|-damage|p1a: Tyranitar|1/100
|
|-weather|Sandstorm|[upkeep]
|upkeep
|turn|24
|inactive|Vangaio has 240 seconds left.
|
|t:|1728408520
|move|p2a: Aerodactyl|Rock Slide|p1a: Tyranitar
|-damage|p1a: Tyranitar|0 fnt
|faint|p1a: Tyranitar
|
|t:|1728408530
|switch|p1a: Swampert|Swampert, M|56/100 tox
|-damage|p1a: Swampert|43/100 tox|[from] Spikes
|
|-weather|Sandstorm|[upkeep]
|-heal|p1a: Swampert|49/100 tox|[from] item: Leftovers
|-damage|p1a: Swampert|43/100 tox|[from] psn
|upkeep
|turn|25
|inactive|Vangaio has 240 seconds left.
|
|t:|1728408567
|switch|p2a: Tyranitar|Tyranitar, M|43/100
|move|p1a: Swampert|Surf|p2a: Tyranitar
|-supereffective|p2a: Tyranitar
|-damage|p2a: Tyranitar|0 fnt
|faint|p2a: Tyranitar
|
|t:|1728408571
|switch|p2a: Aerodactyl|Aerodactyl, M|100/100
|
|-weather|Sandstorm|[upkeep]
|-heal|p1a: Swampert|49/100 tox|[from] item: Leftovers
|-damage|p1a: Swampert|37/100 tox|[from] psn
|upkeep
|turn|26
|
|t:|1728408590
|move|p2a: Aerodactyl|Double-Edge|p1a: Swampert
|-damage|p1a: Swampert|0 fnt
|faint|p1a: Swampert
|c|☆Usbreon|Will it be an Aero moment
|
|t:|1728408595
|switch|p1a: Salamence|Salamence, F|100/100
|-ability|p1a: Salamence|Intimidate|boost
|-unboost|p2a: Aerodactyl|atk|1
|
|-weather|Sandstorm|[upkeep]
|-damage|p1a: Salamence|94/100|[from] Sandstorm
|-heal|p1a: Salamence|100/100|[from] item: Leftovers
|upkeep
|turn|27
|
|t:|1728408598
|switch|p1a: Medicham|Medicham, F|70/100
|-damage|p1a: Medicham|58/100|[from] Spikes
|move|p2a: Aerodactyl|Double-Edge|p1a: Medicham
|-damage|p1a: Medicham|0 fnt
|faint|p1a: Medicham
|
|t:|1728408604
|switch|p1a: Salamence|Salamence, F|100/100
|-ability|p1a: Salamence|Intimidate|boost
|-unboost|p2a: Aerodactyl|atk|1
|
|-weather|Sandstorm|[upkeep]
|-damage|p1a: Salamence|94/100|[from] Sandstorm
|-heal|p1a: Salamence|100/100|[from] item: Leftovers
|upkeep
|turn|28
|
|t:|1728408606
|move|p2a: Aerodactyl|Double-Edge|p1a: Salamence
|-damage|p1a: Salamence|71/100
|move|p1a: Salamence|Dragon Dance|p1a: Salamence
|-boost|p1a: Salamence|atk|1
|-boost|p1a: Salamence|spe|1
|
|-weather|Sandstorm|[upkeep]
|-damage|p1a: Salamence|65/100|[from] Sandstorm
|-heal|p1a: Salamence|71/100|[from] item: Leftovers
|upkeep
|turn|29
|c|☆Vangaio|ggs
|
|t:|1728408611
|move|p1a: Salamence|Rock Slide|p2a: Aerodactyl
|-supereffective|p2a: Aerodactyl
|-damage|p2a: Aerodactyl|0 fnt
|faint|p2a: Aerodactyl
|
|win|Usbreon
|c|☆Usbreon|gg
|c|☆Usbreon|Was fun playing, gl in your next games!

</script>
<script type="application/json" class="data" id="replaydata-smogtours-gen3ou-796409">
{"id":"smogtours-gen3ou-796409","format":"[Gen 3] OU","players":["Usbreon","Vangaio"],"uploadtime":1728408611,"views":110,"formatid":"gen3ou","rating":null,"private":0,"password":null}
</script>

<script defer src="js/replays.js?9d40a366"></script>
