<!DOCTYPE html>
<meta charset="utf-8" />
<meta name="viewport" content="width=device-width" />

<title>[Gen 3] OU: Sieeeffmon vs. Quarante8 - Replays - Pok&eacute;mon Showdown!</title>

<meta name="description" content="Watch a replay of a Pok&eacute;mon battle between Sieeeffmon and Quarante8! Format: [Gen 3] OU; Date: Oct 17, 2024" />
<!--

Hey, you! Looking in the source for the replay log?

You can find them in JSON format, just add `.json` at the end of a replay URL.

https://replay.pokemonshowdown.com/gen7randomdoublesbattle-865046831.json

Or, if you only need the log itself, add `.log` instead:

https://replay.pokemonshowdown.com/gen7randomdoublesbattle-865046831.log

-->

<link rel="stylesheet" href="//pokemonshowdown.com/style/global.css?0.767286132409787" />
<link rel="stylesheet" href="//play.pokemonshowdown.com/style/font-awesome.css?0.9266228007934947" />
<link rel="stylesheet" href="//play.pokemonshowdown.com/style/battle.css?0.7924700842790926" />
<link rel="stylesheet" href="//play.pokemonshowdown.com/style/utilichart.css?0.8777417872839479" />

<!-- Global site tag (gtag.js) - Google Analytics -->
<script async src="https://www.googletagmanager.com/gtag/js?id=UA-26211653-1"></script>
<script>
  window.dataLayer = window.dataLayer || [];
  function gtag(){dataLayer.push(arguments);}
  gtag('js', new Date());

  gtag('config', 'UA-26211653-1');
</script>
<!-- End Google Analytics -->
<!-- Venatus Ad Manager - Install in <HEAD> of page -->
	<script src="https://hb.vntsm.com/v3/live/ad-manager.min.js" type="text/javascript" data-site-id="642aba63ec9a7b11c3c9c1be" data-mode="scan" async></script>
<!-- / Venatus Ad Manager -->

<style>
	@media (max-width:820px) {
		.battle {
			margin: 0 auto;
		}
		.battle-log {
			margin: 7px auto 0;
			max-width: 640px;
			height: 300px;
			position: static;
		}
	}
	.optgroup {
		display: inline-block;
		line-height: 22px;
		font-size: 10pt;
	}
	.optgroup .button {
		height: 25px;
		padding-top: 0;
		padding-bottom: 0;
	}
	.optgroup button.button {
		padding-left: 12px;
		padding-right: 12px;
	}
	.linklist {
		list-style: none;
		margin: 0.5em 0;
		padding: 0;
	}
	.linklist li {
		padding: 2px 0;
	}
	.sidebar {
		float: left;
		width: 320px;
	}
	.bar-wrapper {
		max-width: 1100px;
		margin: 0 auto;
	}
	.bar-wrapper.has-sidebar {
		max-width: 1430px;
	}
	.mainbar {
		margin: 0;
		padding-right: 1px;
	}
	.mainbar.has-sidebar {
		margin-left: 330px;
	}
	@media (min-width: 1511px) {
		.sidebar {
			width: 400px;
		}
		.bar-wrapper.has-sidebar {
			max-width: 1510px;
		}
		.mainbar.has-sidebar {
			margin-left: 410px;
		}
	}
	.section.first-section {
		margin-top: 9px;
	}
	.blocklink small {
		white-space: normal;
	}
	.button {
		vertical-align: middle;
	}
	.replay-controls {
		padding-top: 10px;
	}
	.replay-controls h1 {
		font-size: 16pt;
		font-weight: normal;
		color: #CCC;
	}
	.pagelink {
		text-align: center;
	}
	.pagelink a {
		width: 150px;
	}
	.textbox, .button {
		font-size: 11pt;
		vertical-align: middle;
	}
	@media (max-width: 450px) {
		.button {
			font-size: 9pt;
		}
	}
</style>

<div>

	<header>
		<div class="nav-wrapper"><ul class="nav">
			<li><a class="button nav-first" href="//pokemonshowdown.com/"><img src="//pokemonshowdown.com/images/pokemonshowdownbeta.png" srcset="//pokemonshowdown.com/images/pokemonshowdownbeta.png 1x, //pokemonshowdown.com/images/pokemonshowdownbeta@2x.png 2x" alt="Pok&eacute;mon Showdown" width="146" height="44" /> Home</a></li>
			<li><a class="button" href="//pokemonshowdown.com/dex/">Pok&eacute;dex</a></li>
			<li><a class="button cur" href="/">Replays</a></li>
			<li><a class="button" href="//pokemonshowdown.com/ladder/">Ladder</a></li>
			<li><a class="button nav-last" href="//pokemonshowdown.com/forums/">Forum</a></li>
			<li><a class="button greenbutton nav-first nav-last" href="//play.pokemonshowdown.com/">Play</a></li>
		</ul></div>
	</header>

	<div class="main" id="main">

		<noscript><section class="section">You need to enable JavaScript to use this page; sorry!</section></noscript>

	</div>

</div>

<script defer nomodule src="//play.pokemonshowdown.com/js/lib/ps-polyfill.js"></script>
<script defer src="//play.pokemonshowdown.com/js/lib/preact.min.js"></script>

<script defer src="//play.pokemonshowdown.com/config/config.js?6dec07f6"></script>
<script defer src="//play.pokemonshowdown.com/js/lib/jquery-1.11.0.min.js"></script>
<script defer src="//play.pokemonshowdown.com/js/lib/html-sanitizer-minified.js"></script>
<script defer src="//play.pokemonshowdown.com/js/battle-sound.js"></script>
<script defer src="//play.pokemonshowdown.com/js/battledata.js?0.6315294753075389"></script>
<script defer src="//play.pokemonshowdown.com/data/pokedex-mini.js?0.7603743185311358"></script>
<script defer src="//play.pokemonshowdown.com/data/pokedex-mini-bw.js?0.030888842834281283"></script>
<script defer src="//play.pokemonshowdown.com/data/graphics.js?0.05593094747507488"></script>
<script defer src="//play.pokemonshowdown.com/data/pokedex.js?0.47064822249611904"></script>
<script defer src="//play.pokemonshowdown.com/data/moves.js?0.8583693120512459"></script>
<script defer src="//play.pokemonshowdown.com/data/abilities.js?0.16017181182386842"></script>
<script defer src="//play.pokemonshowdown.com/data/items.js?0.4163379185673943"></script>
<script defer src="//play.pokemonshowdown.com/data/teambuilder-tables.js?0.31075597372830477"></script>
<script defer src="//play.pokemonshowdown.com/js/battle-tooltips.js?0.6536193500708172"></script>
<script defer src="//play.pokemonshowdown.com/js/battle.js?0.1916591943277901"></script>

<script defer src="js/utils.js?e31f9a17"></script>
<script defer src="js/replays-battle.js?7008c182"></script>

<!-- don't scrape this data! just add .json or .log after the URL!
Full API docs: https://github.com/smogon/pokemon-showdown-client/blob/master/WEB-API.md -->
<script type="text/plain" class="log" id="replaylog-smogtours-gen3ou-799299">
|inactive|Battle timer is ON: inactive players will automatically lose when time's up.
|t:|1729185960
|gametype|singles
|player|p1|Sieeeffmon|skullgrunt|
|player|p2|Quarante8|pilot|
|teamsize|p1|6
|teamsize|p2|6
|gen|3
|tier|[Gen 3] OU
|rule|Sleep Clause Mod: Limit one foe put to sleep
|rule|Switch Priority Clause Mod: Faster Pokémon switch first
|rule|Species Clause: Limit one of each Pokémon
|rule|OHKO Clause: OHKO moves are banned
|rule|Evasion Items Clause: Evasion items are banned
|rule|Evasion Moves Clause: Evasion moves are banned
|rule|Endless Battle Clause: Forcing endless battles is banned
|rule|HP Percentage Mod: HP is shown in percentages
|rule|One Boost Passer Clause: Limit one Baton Passer that has a way to boost its stats
|rule|Freeze Clause Mod: Limit one foe frozen
|
|t:|1729185960
|start
|switch|p1a: Suicune|Suicune|100/100
|switch|p2a: Medicham|Medicham, F|100/100
|turn|1
|inactive|Sieeeffmon also wants the timer to be on.
|c|☆Quarante8|hf!
|c|☆Sieeeffmon|u2!
|inactive|Quarante8 has 270 seconds left.
|inactive|Quarante8 has 240 seconds left.
|inactive|Quarante8 has 210 seconds left.
|
|t:|1729186059
|switch|p2a: Suicune|Suicune|100/100
|move|p1a: Suicune|Surf|p2a: Suicune
|-resisted|p2a: Suicune
|-damage|p2a: Suicune|85/100
|
|-heal|p2a: Suicune|91/100|[from] item: Leftovers
|upkeep
|turn|2
|inactive|Quarante8 has 270 seconds left.
|
|t:|1729186082
|switch|p1a: Jolteon|Jolteon, M|100/100
|switch|p2a: Snorlax|Snorlax, F|100/100
|
|upkeep
|turn|3
|inactive|Quarante8 has 270 seconds left.
|
|t:|1729186107
|move|p1a: Jolteon|Baton Pass|p1a: Jolteon
|
|t:|1729186117
|switch|p1a: Tyranitar|Tyranitar, F|100/100|[from] Baton Pass
|-weather|Sandstorm|[from] ability: Sand Stream|[of] p1a: Tyranitar
|move|p2a: Snorlax|Earthquake|p1a: Tyranitar
|-supereffective|p1a: Tyranitar
|-damage|p1a: Tyranitar|39/100
|
|-weather|Sandstorm|[upkeep]
|-damage|p2a: Snorlax|94/100|[from] Sandstorm
|-heal|p2a: Snorlax|100/100|[from] item: Leftovers
|upkeep
|turn|4
|inactive|Quarante8 has 270 seconds left.
|
|t:|1729186125
|switch|p2a: Medicham|Medicham, F|100/100
|move|p1a: Tyranitar|Rock Slide|p2a: Medicham|[miss]
|-miss|p1a: Tyranitar|p2a: Medicham
|
|-weather|Sandstorm|[upkeep]
|-damage|p2a: Medicham|94/100|[from] Sandstorm
|upkeep
|turn|5
|
|t:|1729186142
|switch|p1a: Gyarados|Gyarados, F|100/100
|-ability|p1a: Gyarados|Intimidate|boost
|-unboost|p2a: Medicham|atk|1
|move|p2a: Medicham|Brick Break|p1a: Gyarados
|-resisted|p1a: Gyarados
|-damage|p1a: Gyarados|78/100
|
|-weather|Sandstorm|[upkeep]
|-damage|p1a: Gyarados|72/100|[from] Sandstorm
|-damage|p2a: Medicham|88/100|[from] Sandstorm
|-heal|p1a: Gyarados|78/100|[from] item: Leftovers
|upkeep
|turn|6
|inactive|Sieeeffmon has 270 seconds left.
|
|t:|1729186185
|switch|p1a: Swampert|Swampert, F|100/100
|switch|p2a: Salamence|Salamence, F|100/100
|-ability|p2a: Salamence|Intimidate|boost
|-unboost|p1a: Swampert|atk|1
|
|-weather|Sandstorm|[upkeep]
|-damage|p2a: Salamence|94/100|[from] Sandstorm
|-heal|p2a: Salamence|100/100|[from] item: Leftovers
|upkeep
|turn|7
|
|t:|1729186192
|switch|p2a: Suicune|Suicune|91/100
|move|p1a: Swampert|Ice Beam|p2a: Suicune
|-resisted|p2a: Suicune
|-damage|p2a: Suicune|81/100
|
|-weather|Sandstorm|[upkeep]
|-damage|p2a: Suicune|75/100|[from] Sandstorm
|-heal|p2a: Suicune|81/100|[from] item: Leftovers
|upkeep
|turn|8
|
|t:|1729186200
|switch|p2a: Snorlax|Snorlax, F|100/100
|move|p1a: Swampert|Curse|p1a: Swampert
|-unboost|p1a: Swampert|spe|1
|-boost|p1a: Swampert|atk|1
|-boost|p1a: Swampert|def|1
|
|-weather|Sandstorm|[upkeep]
|-damage|p2a: Snorlax|94/100|[from] Sandstorm
|-heal|p2a: Snorlax|100/100|[from] item: Leftovers
|upkeep
|turn|9
|
|t:|1729186211
|move|p2a: Snorlax|Curse|p2a: Snorlax
|-unboost|p2a: Snorlax|spe|1
|-boost|p2a: Snorlax|atk|1
|-boost|p2a: Snorlax|def|1
|move|p1a: Swampert|Curse|p1a: Swampert
|-unboost|p1a: Swampert|spe|1
|-boost|p1a: Swampert|atk|1
|-boost|p1a: Swampert|def|1
|
|-weather|Sandstorm|[upkeep]
|-damage|p2a: Snorlax|94/100|[from] Sandstorm
|-heal|p2a: Snorlax|100/100|[from] item: Leftovers
|upkeep
|turn|10
|
|t:|1729186217
|move|p1a: Swampert|Earthquake|p2a: Snorlax
|-damage|p2a: Snorlax|71/100
|move|p2a: Snorlax|Self-Destruct|p1a: Swampert
|-damage|p1a: Swampert|0 fnt
|faint|p2a: Snorlax
|faint|p1a: Swampert
|inactive|Sieeeffmon has 270 seconds left.
|
|t:|1729186233
|switch|p1a: Jolteon|Jolteon, M|100/100
|switch|p2a: Metagross|Metagross|100/100
|
|-weather|Sandstorm|[upkeep]
|-damage|p1a: Jolteon|94/100|[from] Sandstorm
|-heal|p1a: Jolteon|100/100|[from] item: Leftovers
|upkeep
|turn|11
|inactive|Sieeeffmon has 270 seconds left.
|
|t:|1729186248
|switch|p1a: Suicune|Suicune|100/100
|move|p2a: Metagross|Earthquake|p1a: Suicune
|-damage|p1a: Suicune|53/100
|
|-weather|Sandstorm|[upkeep]
|-damage|p1a: Suicune|47/100|[from] Sandstorm
|-heal|p1a: Suicune|53/100|[from] item: Leftovers
|upkeep
|turn|12
|inactive|Sieeeffmon has 270 seconds left.
|
|t:|1729186279
|switch|p1a: Gyarados|Gyarados, F|78/100
|-ability|p1a: Gyarados|Intimidate|boost
|-fail|p2a: Metagross|unboost|[from] ability: Clear Body|[of] p2a: Metagross
|switch|p2a: Salamence|Salamence, F|100/100
|-ability|p2a: Salamence|Intimidate|boost
|-unboost|p1a: Gyarados|atk|1
|
|-weather|Sandstorm|[upkeep]
|-damage|p1a: Gyarados|72/100|[from] Sandstorm
|-damage|p2a: Salamence|94/100|[from] Sandstorm
|-heal|p1a: Gyarados|78/100|[from] item: Leftovers
|-heal|p2a: Salamence|100/100|[from] item: Leftovers
|upkeep
|turn|13
|
|t:|1729186292
|switch|p1a: Jolteon|Jolteon, M|100/100
|move|p2a: Salamence|Dragon Dance|p2a: Salamence
|-boost|p2a: Salamence|atk|1
|-boost|p2a: Salamence|spe|1
|
|-weather|Sandstorm|[upkeep]
|-damage|p2a: Salamence|94/100|[from] Sandstorm
|-damage|p1a: Jolteon|94/100|[from] Sandstorm
|-heal|p2a: Salamence|100/100|[from] item: Leftovers
|-heal|p1a: Jolteon|100/100|[from] item: Leftovers
|upkeep
|turn|14
|
|t:|1729186302
|switch|p1a: Gyarados|Gyarados, F|78/100
|-ability|p1a: Gyarados|Intimidate|boost
|-unboost|p2a: Salamence|atk|1
|move|p2a: Salamence|Earthquake|p1a: Gyarados
|-immune|p1a: Gyarados
|
|-weather|Sandstorm|[upkeep]
|-damage|p2a: Salamence|94/100|[from] Sandstorm
|-damage|p1a: Gyarados|72/100|[from] Sandstorm
|-heal|p2a: Salamence|100/100|[from] item: Leftovers
|-heal|p1a: Gyarados|78/100|[from] item: Leftovers
|upkeep
|turn|15
|inactive|Sieeeffmon has 240 seconds left.
|
|t:|1729186329
|move|p2a: Salamence|Dragon Dance|p2a: Salamence
|-boost|p2a: Salamence|atk|1
|-boost|p2a: Salamence|spe|1
|move|p1a: Gyarados|Hidden Power|p2a: Salamence
|-supereffective|p2a: Salamence
|-damage|p2a: Salamence|49/100
|
|-weather|Sandstorm|[upkeep]
|-damage|p2a: Salamence|43/100|[from] Sandstorm
|-damage|p1a: Gyarados|72/100|[from] Sandstorm
|-heal|p2a: Salamence|49/100|[from] item: Leftovers
|-heal|p1a: Gyarados|78/100|[from] item: Leftovers
|upkeep
|turn|16
|inactive|Sieeeffmon has 240 seconds left.
|
|t:|1729186362
|switch|p1a: Suicune|Suicune|53/100
|move|p2a: Salamence|Rock Slide|p1a: Suicune
|-crit|p1a: Suicune
|-damage|p1a: Suicune|0 fnt
|faint|p1a: Suicune
|
|t:|1729186370
|switch|p1a: Gyarados|Gyarados, F|78/100
|-ability|p1a: Gyarados|Intimidate|boost
|-unboost|p2a: Salamence|atk|1
|
|-weather|Sandstorm|[upkeep]
|-damage|p2a: Salamence|43/100|[from] Sandstorm
|-damage|p1a: Gyarados|72/100|[from] Sandstorm
|-heal|p2a: Salamence|49/100|[from] item: Leftovers
|-heal|p1a: Gyarados|78/100|[from] item: Leftovers
|upkeep
|turn|17
|
|t:|1729186383
|switch|p2a: Metagross|Metagross|100/100
|move|p1a: Gyarados|Hidden Power|p2a: Metagross
|-resisted|p2a: Metagross
|-crit|p2a: Metagross
|-damage|p2a: Metagross|82/100
|
|-weather|Sandstorm|[upkeep]
|-damage|p1a: Gyarados|72/100|[from] Sandstorm
|-heal|p1a: Gyarados|78/100|[from] item: Leftovers
|upkeep
|turn|18
|
|t:|1729186403
|switch|p1a: Tyranitar|Tyranitar, F|39/100
|move|p2a: Metagross|Rock Slide|p1a: Tyranitar
|-damage|p1a: Tyranitar|2/100
|
|-weather|Sandstorm|[upkeep]
|upkeep
|turn|19
|
|t:|1729186417
|switch|p2a: Salamence|Salamence, F|49/100
|-ability|p2a: Salamence|Intimidate|boost
|-unboost|p1a: Tyranitar|atk|1
|move|p1a: Tyranitar|Rock Slide|p2a: Salamence
|-supereffective|p2a: Salamence
|-damage|p2a: Salamence|0 fnt
|faint|p2a: Salamence
|
|t:|1729186420
|switch|p2a: Medicham|Medicham, F|88/100
|
|-weather|Sandstorm|[upkeep]
|-damage|p2a: Medicham|82/100|[from] Sandstorm
|upkeep
|turn|20
|
|t:|1729186432
|move|p2a: Medicham|Brick Break|p1a: Tyranitar
|-supereffective|p1a: Tyranitar
|-damage|p1a: Tyranitar|0 fnt
|faint|p1a: Tyranitar
|inactive|Sieeeffmon has 210 seconds left.
|
|t:|1729186479
|switch|p1a: Gyarados|Gyarados, F|78/100
|-ability|p1a: Gyarados|Intimidate|boost
|-unboost|p2a: Medicham|atk|1
|
|-weather|Sandstorm|[upkeep]
|-damage|p1a: Gyarados|72/100|[from] Sandstorm
|-damage|p2a: Medicham|76/100|[from] Sandstorm
|-heal|p1a: Gyarados|78/100|[from] item: Leftovers
|upkeep
|turn|21
|inactive|Quarante8 has 270 seconds left.
|
|t:|1729186534
|-singleturn|p2a: Medicham|move: Focus Punch
|move|p1a: Gyarados|Dragon Dance|p1a: Gyarados
|-boost|p1a: Gyarados|atk|1
|-boost|p1a: Gyarados|spe|1
|move|p2a: Medicham|Focus Punch|p1a: Gyarados
|-resisted|p1a: Gyarados
|-damage|p1a: Gyarados|30/100
|
|-weather|Sandstorm|[upkeep]
|-damage|p1a: Gyarados|24/100|[from] Sandstorm
|-damage|p2a: Medicham|70/100|[from] Sandstorm
|-heal|p1a: Gyarados|30/100|[from] item: Leftovers
|upkeep
|turn|22
|
|t:|1729186548
|switch|p2a: Magneton|Magneton|100/100
|move|p1a: Gyarados|Earthquake|p2a: Magneton
|-supereffective|p2a: Magneton
|-damage|p2a: Magneton|0 fnt
|faint|p2a: Magneton
|
|t:|1729186552
|switch|p2a: Suicune|Suicune|81/100
|
|-weather|Sandstorm|[upkeep]
|-damage|p1a: Gyarados|24/100|[from] Sandstorm
|-damage|p2a: Suicune|75/100|[from] Sandstorm
|-heal|p1a: Gyarados|30/100|[from] item: Leftovers
|-heal|p2a: Suicune|81/100|[from] item: Leftovers
|upkeep
|turn|23
|inactive|Sieeeffmon has 180 seconds left.
|
|t:|1729186601
|move|p1a: Gyarados|Double-Edge|p2a: Suicune
|-damage|p2a: Suicune|42/100
|-damage|p1a: Gyarados|15/100|[from] Recoil|[of] p2a: Suicune
|move|p2a: Suicune|Surf|p1a: Gyarados
|-resisted|p1a: Gyarados
|-damage|p1a: Gyarados|0 fnt
|faint|p1a: Gyarados
|inactive|Sieeeffmon has 150 seconds left.
|
|t:|1729186616
|switch|p1a: Jolteon|Jolteon, M|100/100
|
|-weather|Sandstorm|[upkeep]
|-damage|p1a: Jolteon|94/100|[from] Sandstorm
|-damage|p2a: Suicune|36/100|[from] Sandstorm
|-heal|p1a: Jolteon|100/100|[from] item: Leftovers
|-heal|p2a: Suicune|42/100|[from] item: Leftovers
|upkeep
|turn|24
|inactive|Quarante8 has 270 seconds left.
|
|t:|1729186632
|move|p1a: Jolteon|Thunderbolt|p2a: Suicune
|-supereffective|p2a: Suicune
|-damage|p2a: Suicune|0 fnt
|faint|p2a: Suicune
|
|t:|1729186636
|switch|p2a: Metagross|Metagross|82/100
|
|-weather|Sandstorm|[upkeep]
|-damage|p1a: Jolteon|94/100|[from] Sandstorm
|-heal|p1a: Jolteon|100/100|[from] item: Leftovers
|upkeep
|turn|25
|inactive|Quarante8 has 270 seconds left.
|
|t:|1729186651
|move|p1a: Jolteon|Thunderbolt|p2a: Metagross
|-damage|p2a: Metagross|35/100
|move|p2a: Metagross|Earthquake|p1a: Jolteon
|-supereffective|p1a: Jolteon
|-damage|p1a: Jolteon|0 fnt
|faint|p1a: Jolteon
|
|t:|1729186657
|switch|p1a: Jirachi|Jirachi|100/100
|
|-weather|Sandstorm|[upkeep]
|upkeep
|turn|26
|
|t:|1729186660
|move|p1a: Jirachi|Fire Punch|p2a: Metagross
|-supereffective|p2a: Metagross
|-damage|p2a: Metagross|0 fnt
|faint|p2a: Metagross
|
|t:|1729186662
|switch|p2a: Medicham|Medicham, F|70/100
|
|-weather|Sandstorm|[upkeep]
|-damage|p2a: Medicham|64/100|[from] Sandstorm
|upkeep
|turn|27
|
|t:|1729186667
|move|p2a: Medicham|Brick Break|p1a: Jirachi
|-damage|p1a: Jirachi|57/100
|move|p1a: Jirachi|Psychic|p2a: Medicham
|-damage|p2a: Medicham|3/100
|
|-weather|Sandstorm|[upkeep]
|-damage|p2a: Medicham|0 fnt|[from] Sandstorm
|faint|p2a: Medicham
|
|win|Sieeeffmon
|upkeep
|c|☆Quarante8|gg
|c|☆Sieeeffmon|gg

</script>
<script type="application/json" class="data" id="replaydata-smogtours-gen3ou-799299">
{"id":"smogtours-gen3ou-799299","format":"[Gen 3] OU","players":["Sieeeffmon","Quarante8"],"uploadtime":1729186667,"views":114,"formatid":"gen3ou","rating":null,"private":0,"password":null}
</script>

<script defer src="js/replays.js?9d40a366"></script>
