<!DOCTYPE html>
<meta charset="utf-8" />
<meta name="viewport" content="width=device-width" />

<title>[Gen 3] OU: VyoletRayn vs. Attalyn - Replays - Pok&eacute;mon Showdown!</title>

<meta name="description" content="Watch a replay of a Pok&eacute;mon battle between VyoletRayn and Attalyn! Format: [Gen 3] OU; Date: Oct 29, 2024" />
<!--

Hey, you! Looking in the source for the replay log?

You can find them in JSON format, just add `.json` at the end of a replay URL.

https://replay.pokemonshowdown.com/gen7randomdoublesbattle-865046831.json

Or, if you only need the log itself, add `.log` instead:

https://replay.pokemonshowdown.com/gen7randomdoublesbattle-865046831.log

-->

<link rel="stylesheet" href="//pokemonshowdown.com/style/global.css?0.023195364461161105" />
<link rel="stylesheet" href="//play.pokemonshowdown.com/style/font-awesome.css?0.13261647063804238" />
<link rel="stylesheet" href="//play.pokemonshowdown.com/style/battle.css?0.8753245789963631" />
<link rel="stylesheet" href="//play.pokemonshowdown.com/style/utilichart.css?0.8627959624976733" />

<!-- Global site tag (gtag.js) - Google Analytics -->
<script async src="https://www.googletagmanager.com/gtag/js?id=UA-26211653-1"></script>
<script>
  window.dataLayer = window.dataLayer || [];
  function gtag(){dataLayer.push(arguments);}
  gtag('js', new Date());

  gtag('config', 'UA-26211653-1');
</script>
<!-- End Google Analytics -->
<!-- Venatus Ad Manager - Install in <HEAD> of page -->
	<script src="https://hb.vntsm.com/v3/live/ad-manager.min.js" type="text/javascript" data-site-id="642aba63ec9a7b11c3c9c1be" data-mode="scan" async></script>
<!-- / Venatus Ad Manager -->

<style>
	@media (max-width:820px) {
		.battle {
			margin: 0 auto;
		}
		.battle-log {
			margin: 7px auto 0;
			max-width: 640px;
			height: 300px;
			position: static;
		}
	}
	.optgroup {
		display: inline-block;
		line-height: 22px;
		font-size: 10pt;
	}
	.optgroup .button {
		height: 25px;
		padding-top: 0;
		padding-bottom: 0;
	}
	.optgroup button.button {
		padding-left: 12px;
		padding-right: 12px;
	}
	.linklist {
		list-style: none;
		margin: 0.5em 0;
		padding: 0;
	}
	.linklist li {
		padding: 2px 0;
	}
	.sidebar {
		float: left;
		width: 320px;
	}
	.bar-wrapper {
		max-width: 1100px;
		margin: 0 auto;
	}
	.bar-wrapper.has-sidebar {
		max-width: 1430px;
	}
	.mainbar {
		margin: 0;
		padding-right: 1px;
	}
	.mainbar.has-sidebar {
		margin-left: 330px;
	}
	@media (min-width: 1511px) {
		.sidebar {
			width: 400px;
		}
		.bar-wrapper.has-sidebar {
			max-width: 1510px;
		}
		.mainbar.has-sidebar {
			margin-left: 410px;
		}
	}
	.section.first-section {
		margin-top: 9px;
	}
	.blocklink small {
		white-space: normal;
	}
	.button {
		vertical-align: middle;
	}
	.replay-controls {
		padding-top: 10px;
	}
	.replay-controls h1 {
		font-size: 16pt;
		font-weight: normal;
		color: #CCC;
	}
	.pagelink {
		text-align: center;
	}
	.pagelink a {
		width: 150px;
	}
	.textbox, .button {
		font-size: 11pt;
		vertical-align: middle;
	}
	@media (max-width: 450px) {
		.button {
			font-size: 9pt;
		}
	}
</style>

<div>

	<header>
		<div class="nav-wrapper"><ul class="nav">
			<li><a class="button nav-first" href="//pokemonshowdown.com/"><img src="//pokemonshowdown.com/images/pokemonshowdownbeta.png" srcset="//pokemonshowdown.com/images/pokemonshowdownbeta.png 1x, //pokemonshowdown.com/images/pokemonshowdownbeta@2x.png 2x" alt="Pok&eacute;mon Showdown" width="146" height="44" /> Home</a></li>
			<li><a class="button" href="//pokemonshowdown.com/dex/">Pok&eacute;dex</a></li>
			<li><a class="button cur" href="/">Replays</a></li>
			<li><a class="button" href="//pokemonshowdown.com/ladder/">Ladder</a></li>
			<li><a class="button nav-last" href="//pokemonshowdown.com/forums/">Forum</a></li>
			<li><a class="button greenbutton nav-first nav-last" href="//play.pokemonshowdown.com/">Play</a></li>
		</ul></div>
	</header>

	<div class="main" id="main">

		<noscript><section class="section">You need to enable JavaScript to use this page; sorry!</section></noscript>

	</div>

</div>

<script defer nomodule src="//play.pokemonshowdown.com/js/lib/ps-polyfill.js"></script>
<script defer src="//play.pokemonshowdown.com/js/lib/preact.min.js"></script>

<script defer src="//play.pokemonshowdown.com/config/config.js?2bddbc15"></script>
<script defer src="//play.pokemonshowdown.com/js/lib/jquery-1.11.0.min.js"></script>
<script defer src="//play.pokemonshowdown.com/js/lib/html-sanitizer-minified.js"></script>
<script defer src="//play.pokemonshowdown.com/js/battle-sound.js"></script>
<script defer src="//play.pokemonshowdown.com/js/battledata.js?0.7209276989879541"></script>
<script defer src="//play.pokemonshowdown.com/data/pokedex-mini.js?0.6111056340867951"></script>
<script defer src="//play.pokemonshowdown.com/data/pokedex-mini-bw.js?0.3532142036491459"></script>
<script defer src="//play.pokemonshowdown.com/data/graphics.js?0.24223875632456182"></script>
<script defer src="//play.pokemonshowdown.com/data/pokedex.js?0.38839984266356864"></script>
<script defer src="//play.pokemonshowdown.com/data/moves.js?0.21866028504024015"></script>
<script defer src="//play.pokemonshowdown.com/data/abilities.js?0.2005157953846628"></script>
<script defer src="//play.pokemonshowdown.com/data/items.js?0.9894211263848525"></script>
<script defer src="//play.pokemonshowdown.com/data/teambuilder-tables.js?0.6008791140282215"></script>
<script defer src="//play.pokemonshowdown.com/js/battle-tooltips.js?0.7580118955022959"></script>
<script defer src="//play.pokemonshowdown.com/js/battle.js?0.6057722274234274"></script>

<script defer src="js/utils.js?e31f9a17"></script>
<script defer src="js/replays-battle.js?7008c182"></script>

<!-- don't scrape this data! just add .json or .log after the URL!
Full API docs: https://github.com/smogon/pokemon-showdown-client/blob/master/WEB-API.md -->
<script type="text/plain" class="log" id="replaylog-smogtours-gen3ou-803297">
|inactive|Battle timer is ON: inactive players will automatically lose when time's up.
|t:|1730232615
|gametype|singles
|player|p1|VyoletRayn|wicke|
|player|p2|Attalyn|pokemonrangerf|
|teamsize|p1|6
|teamsize|p2|6
|gen|3
|tier|[Gen 3] OU
|rule|Sleep Clause Mod: Limit one foe put to sleep
|rule|Switch Priority Clause Mod: Faster Pokémon switch first
|rule|Species Clause: Limit one of each Pokémon
|rule|OHKO Clause: OHKO moves are banned
|rule|Evasion Items Clause: Evasion items are banned
|rule|Evasion Moves Clause: Evasion moves are banned
|rule|Endless Battle Clause: Forcing endless battles is banned
|rule|HP Percentage Mod: HP is shown in percentages
|rule|One Boost Passer Clause: Limit one Baton Passer that has a way to boost its stats
|rule|Freeze Clause Mod: Limit one foe frozen
|
|t:|1730232615
|start
|switch|p1a: Tyranitar|Tyranitar, F|100/100
|switch|p2a: Skarmory|Skarmory, F|100/100
|-weather|Sandstorm|[from] ability: Sand Stream|[of] p1a: Tyranitar
|turn|1
|c|☆VyoletRayn|hf
|c|☆Attalyn|u2
|
|t:|1730232627
|move|p2a: Skarmory|Spikes|p1a: Tyranitar
|-sidestart|p1: VyoletRayn|Spikes
|move|p1a: Tyranitar|Dragon Dance|p1a: Tyranitar
|-boost|p1a: Tyranitar|atk|1
|-boost|p1a: Tyranitar|spe|1
|
|-weather|Sandstorm|[upkeep]
|upkeep
|turn|2
|inactive|Attalyn has 270 seconds left.
|inactive|Attalyn has 240 seconds left.
|
|t:|1730232690
|move|p1a: Tyranitar|Rock Slide|p2a: Skarmory
|-damage|p2a: Skarmory|49/100
|move|p2a: Skarmory|Taunt|p1a: Tyranitar
|-start|p1a: Tyranitar|move: Taunt
|
|-weather|Sandstorm|[upkeep]
|-heal|p2a: Skarmory|55/100|[from] item: Leftovers
|upkeep
|turn|3
|inactive|Attalyn has 240 seconds left.
|inactive|Attalyn has 210 seconds left.
|
|t:|1730232745
|move|p1a: Tyranitar|Rock Slide|p2a: Skarmory
|-damage|p2a: Skarmory|4/100
|move|p2a: Skarmory|Hidden Power|p1a: Tyranitar
|-supereffective|p1a: Tyranitar
|-damage|p1a: Tyranitar|73/100
|
|-weather|Sandstorm|[upkeep]
|-heal|p1a: Tyranitar|79/100|[from] item: Leftovers
|-end|p1a: Tyranitar|move: Taunt|[silent]
|-heal|p2a: Skarmory|10/100|[from] item: Leftovers
|upkeep
|turn|4
|inactive|Attalyn has 180 seconds left.
|
|t:|1730232792
|switch|p2a: Snorlax|Snorlax, M|100/100
|move|p1a: Tyranitar|Rock Slide|p2a: Snorlax
|-damage|p2a: Snorlax|52/100
|
|-weather|Sandstorm|[upkeep]
|-damage|p2a: Snorlax|45/100|[from] Sandstorm
|-heal|p1a: Tyranitar|85/100|[from] item: Leftovers
|-heal|p2a: Snorlax|52/100|[from] item: Leftovers
|upkeep
|turn|5
|
|t:|1730232814
|move|p1a: Tyranitar|Rock Slide|p2a: Snorlax
|-damage|p2a: Snorlax|8/100
|move|p2a: Snorlax|Self-Destruct|p1a: Tyranitar
|-resisted|p1a: Tyranitar
|-damage|p1a: Tyranitar|21/100
|faint|p2a: Snorlax
|inactive|Attalyn has 150 seconds left.
|
|t:|1730232841
|switch|p2a: Tyranitar|Tyranitar, F|100/100
|
|-weather|Sandstorm|[upkeep]
|-heal|p1a: Tyranitar|27/100|[from] item: Leftovers
|upkeep
|turn|6
|
|t:|1730232855
|move|p1a: Tyranitar|Earthquake|p2a: Tyranitar
|-supereffective|p2a: Tyranitar
|-damage|p2a: Tyranitar|13/100
|move|p2a: Tyranitar|Rock Slide|p1a: Tyranitar
|-damage|p1a: Tyranitar|2/100
|
|-weather|Sandstorm|[upkeep]
|-heal|p1a: Tyranitar|8/100|[from] item: Leftovers
|-heal|p2a: Tyranitar|20/100|[from] item: Leftovers
|upkeep
|turn|7
|inactive|Attalyn has 120 seconds left.
|
|t:|1730232892
|move|p1a: Tyranitar|Earthquake|p2a: Tyranitar
|-supereffective|p2a: Tyranitar
|-damage|p2a: Tyranitar|0 fnt
|faint|p2a: Tyranitar
|
|t:|1730232907
|switch|p2a: Sceptile|Sceptile, F|100/100
|
|-weather|Sandstorm|[upkeep]
|-damage|p2a: Sceptile|94/100|[from] Sandstorm
|-heal|p2a: Sceptile|100/100|[from] item: Leftovers
|-heal|p1a: Tyranitar|14/100|[from] item: Leftovers
|upkeep
|turn|8
|
|t:|1730232918
|move|p2a: Sceptile|Leaf Blade|p1a: Tyranitar
|-supereffective|p1a: Tyranitar
|-damage|p1a: Tyranitar|0 fnt
|faint|p1a: Tyranitar
|
|t:|1730232925
|switch|p1a: Skarmory|Skarmory, F|100/100
|
|-weather|Sandstorm|[upkeep]
|-damage|p2a: Sceptile|94/100|[from] Sandstorm
|-heal|p2a: Sceptile|100/100|[from] item: Leftovers
|upkeep
|turn|9
|
|t:|1730232935
|switch|p2a: Magneton|Magneton|100/100
|move|p1a: Skarmory|Spikes|p2a: Magneton
|-sidestart|p2: Attalyn|Spikes
|
|-weather|Sandstorm|[upkeep]
|upkeep
|turn|10
|
|t:|1730232941
|move|p2a: Magneton|Thunder|p1a: Skarmory
|-supereffective|p1a: Skarmory
|-damage|p1a: Skarmory|0 fnt
|faint|p1a: Skarmory
|
|t:|1730232947
|switch|p1a: Aerodactyl|Aerodactyl, M|100/100
|
|-weather|Sandstorm|[upkeep]
|upkeep
|turn|11
|inactive|Attalyn has 120 seconds left.
|
|t:|1730232972
|switch|p2a: Skarmory|Skarmory, F|10/100
|move|p1a: Aerodactyl|Earthquake|p2a: Skarmory
|-immune|p2a: Skarmory
|
|-weather|Sandstorm|[upkeep]
|-heal|p2a: Skarmory|17/100|[from] item: Leftovers
|upkeep
|turn|12
|inactive|Attalyn has 90 seconds left.
|
|t:|1730233001
|switch|p1a: Swampert|Swampert, M|100/100
|-damage|p1a: Swampert|88/100|[from] Spikes
|switch|p2a: Gengar|Gengar, F|100/100
|
|-weather|Sandstorm|[upkeep]
|-damage|p2a: Gengar|94/100|[from] Sandstorm
|-heal|p2a: Gengar|100/100|[from] item: Leftovers
|-heal|p1a: Swampert|94/100|[from] item: Leftovers
|upkeep
|turn|13
|inactive|Attalyn has 90 seconds left.
|
|t:|1730233030
|switch|p2a: Sceptile|Sceptile, F|100/100
|-damage|p2a: Sceptile|88/100|[from] Spikes
|move|p1a: Swampert|Surf|p2a: Sceptile
|-resisted|p2a: Sceptile
|-damage|p2a: Sceptile|74/100
|
|-weather|Sandstorm|[upkeep]
|-damage|p2a: Sceptile|68/100|[from] Sandstorm
|-heal|p2a: Sceptile|74/100|[from] item: Leftovers
|-heal|p1a: Swampert|100/100|[from] item: Leftovers
|upkeep
|turn|14
|
|t:|1730233057
|switch|p1a: Gengar|Gengar, F|100/100
|move|p2a: Sceptile|Substitute|p2a: Sceptile
|-start|p2a: Sceptile|Substitute
|-damage|p2a: Sceptile|49/100
|
|-weather|Sandstorm|[upkeep]
|-damage|p2a: Sceptile|43/100|[from] Sandstorm
|-damage|p1a: Gengar|94/100|[from] Sandstorm
|-heal|p2a: Sceptile|49/100|[from] item: Leftovers
|-heal|p1a: Gengar|100/100|[from] item: Leftovers
|upkeep
|turn|15
|
|t:|1730233072
|move|p2a: Sceptile|Leech Seed|p1a: Gengar
|-start|p1a: Gengar|move: Leech Seed
|move|p1a: Gengar|Taunt|p2a: Sceptile
|-start|p2a: Sceptile|move: Taunt
|
|-weather|Sandstorm|[upkeep]
|-damage|p2a: Sceptile|43/100|[from] Sandstorm
|-damage|p1a: Gengar|94/100|[from] Sandstorm
|-heal|p2a: Sceptile|49/100|[from] item: Leftovers
|-heal|p1a: Gengar|100/100|[from] item: Leftovers
|-damage|p1a: Gengar|88/100|[from] Leech Seed|[of] p2a: Sceptile
|-heal|p2a: Sceptile|59/100|[silent]
|upkeep
|turn|16
|inactive|Attalyn has 60 seconds left.
|
|t:|1730233093
|switch|p1a: Zapdos|Zapdos|100/100
|move|p2a: Sceptile|Leaf Blade|p1a: Zapdos
|-resisted|p1a: Zapdos
|-damage|p1a: Zapdos|89/100
|
|-weather|Sandstorm|[upkeep]
|-damage|p2a: Sceptile|53/100|[from] Sandstorm
|-damage|p1a: Zapdos|82/100|[from] Sandstorm
|-heal|p2a: Sceptile|59/100|[from] item: Leftovers
|-end|p2a: Sceptile|move: Taunt|[silent]
|-heal|p1a: Zapdos|89/100|[from] item: Leftovers
|upkeep
|turn|17
|inactive|Attalyn has 60 seconds left.
|
|t:|1730233107
|move|p2a: Sceptile|Leech Seed|p1a: Zapdos
|-start|p1a: Zapdos|move: Leech Seed
|move|p1a: Zapdos|Hidden Power|p2a: Sceptile
|-supereffective|p2a: Sceptile
|-end|p2a: Sceptile|Substitute
|
|-weather|Sandstorm|[upkeep]
|-damage|p2a: Sceptile|53/100|[from] Sandstorm
|-damage|p1a: Zapdos|82/100|[from] Sandstorm
|-heal|p2a: Sceptile|59/100|[from] item: Leftovers
|-heal|p1a: Zapdos|89/100|[from] item: Leftovers
|-damage|p1a: Zapdos|76/100|[from] Leech Seed|[of] p2a: Sceptile
|-heal|p2a: Sceptile|73/100|[silent]
|upkeep
|turn|18
|inactive|Attalyn has 60 seconds left.
|
|t:|1730233126
|switch|p1a: Aerodactyl|Aerodactyl, M|100/100
|move|p2a: Sceptile|Substitute|p2a: Sceptile
|-start|p2a: Sceptile|Substitute
|-damage|p2a: Sceptile|48/100
|
|-weather|Sandstorm|[upkeep]
|-damage|p2a: Sceptile|42/100|[from] Sandstorm
|-heal|p2a: Sceptile|48/100|[from] item: Leftovers
|upkeep
|turn|19
|inactive|Attalyn has 60 seconds left.
|
|t:|1730233158
|move|p1a: Aerodactyl|Hidden Power|p2a: Sceptile
|-supereffective|p2a: Sceptile
|-end|p2a: Sceptile|Substitute
|move|p2a: Sceptile|Hidden Power|p1a: Aerodactyl
|-supereffective|p1a: Aerodactyl
|-crit|p1a: Aerodactyl
|-damage|p1a: Aerodactyl|12/100
|
|-weather|Sandstorm|[upkeep]
|-damage|p2a: Sceptile|42/100|[from] Sandstorm
|-heal|p2a: Sceptile|48/100|[from] item: Leftovers
|upkeep
|turn|20
|inactive|Attalyn has 30 seconds left.
|
|t:|1730233183
|switch|p2a: Skarmory|Skarmory, F|17/100
|move|p1a: Aerodactyl|Hidden Power|p2a: Skarmory
|-resisted|p2a: Skarmory
|-damage|p2a: Skarmory|10/100
|
|-weather|Sandstorm|[upkeep]
|-heal|p2a: Skarmory|16/100|[from] item: Leftovers
|upkeep
|turn|21
|inactive|Attalyn has 30 seconds left.
|inactive|VyoletRayn has 270 seconds left.
|
|t:|1730233214
|switch|p1a: Swampert|Swampert, M|100/100
|-damage|p1a: Swampert|88/100|[from] Spikes
|move|p2a: Skarmory|Drill Peck|p1a: Swampert
|-damage|p1a: Swampert|66/100
|
|-weather|Sandstorm|[upkeep]
|-heal|p2a: Skarmory|23/100|[from] item: Leftovers
|-heal|p1a: Swampert|72/100|[from] item: Leftovers
|upkeep
|turn|22
|inactive|Attalyn has 30 seconds left.
|
|t:|1730233224
|move|p2a: Skarmory|Drill Peck|p1a: Swampert
|-damage|p1a: Swampert|49/100
|move|p1a: Swampert|Toxic|p2a: Skarmory
|-immune|p2a: Skarmory
|
|-weather|Sandstorm|[upkeep]
|-heal|p2a: Skarmory|29/100|[from] item: Leftovers
|-heal|p1a: Swampert|55/100|[from] item: Leftovers
|upkeep
|turn|23
|inactive|Attalyn has 30 seconds left.
|
|t:|1730233232
|switch|p2a: Sceptile|Sceptile, F|48/100
|-damage|p2a: Sceptile|35/100|[from] Spikes
|move|p1a: Swampert|Surf|p2a: Sceptile
|-resisted|p2a: Sceptile
|-damage|p2a: Sceptile|21/100
|
|-weather|Sandstorm|[upkeep]
|-damage|p2a: Sceptile|15/100|[from] Sandstorm
|-heal|p2a: Sceptile|21/100|[from] item: Leftovers
|-heal|p1a: Swampert|61/100|[from] item: Leftovers
|upkeep
|turn|24
|inactive|Attalyn has 30 seconds left.
|
|t:|1730233248
|switch|p1a: Gengar|Gengar, F|88/100
|move|p2a: Sceptile|Leaf Blade|p1a: Gengar
|-resisted|p1a: Gengar
|-damage|p1a: Gengar|64/100
|
|-weather|Sandstorm|[upkeep]
|-damage|p2a: Sceptile|15/100|[from] Sandstorm
|-damage|p1a: Gengar|58/100|[from] Sandstorm
|-heal|p2a: Sceptile|21/100|[from] item: Leftovers
|-heal|p1a: Gengar|64/100|[from] item: Leftovers
|upkeep
|turn|25
|inactive|Attalyn has 30 seconds left.
|
|t:|1730233264
|switch|p2a: Magneton|Magneton|100/100
|-damage|p2a: Magneton|88/100|[from] Spikes
|move|p1a: Gengar|Thunderbolt|p2a: Magneton
|-resisted|p2a: Magneton
|-damage|p2a: Magneton|62/100
|
|-weather|Sandstorm|[upkeep]
|-damage|p1a: Gengar|58/100|[from] Sandstorm
|-heal|p1a: Gengar|64/100|[from] item: Leftovers
|upkeep
|turn|26
|inactive|Attalyn has 30 seconds left.
|
|t:|1730233279
|switch|p1a: Swampert|Swampert, M|61/100
|-damage|p1a: Swampert|49/100|[from] Spikes
|move|p2a: Magneton|Thunder|p1a: Swampert
|-immune|p1a: Swampert
|
|-weather|Sandstorm|[upkeep]
|-heal|p1a: Swampert|55/100|[from] item: Leftovers
|upkeep
|turn|27
|inactive|Attalyn has 30 seconds left.
|
|t:|1730233293
|switch|p2a: Gengar|Gengar, F|100/100
|move|p1a: Swampert|Surf|p2a: Gengar
|-damage|p2a: Gengar|66/100
|
|-weather|Sandstorm|[upkeep]
|-damage|p2a: Gengar|60/100|[from] Sandstorm
|-heal|p2a: Gengar|66/100|[from] item: Leftovers
|-heal|p1a: Swampert|61/100|[from] item: Leftovers
|upkeep
|turn|28
|inactive|Attalyn has 30 seconds left.
|
|t:|1730233303
|move|p1a: Swampert|Protect|p1a: Swampert
|-singleturn|p1a: Swampert|Protect
|move|p2a: Gengar|Will-O-Wisp|p1a: Swampert
|-activate|p1a: Swampert|Protect
|
|-weather|Sandstorm|[upkeep]
|-damage|p2a: Gengar|60/100|[from] Sandstorm
|-heal|p2a: Gengar|66/100|[from] item: Leftovers
|-heal|p1a: Swampert|67/100|[from] item: Leftovers
|upkeep
|turn|29
|
|t:|1730233313
|move|p2a: Gengar|Will-O-Wisp|p1a: Swampert
|-status|p1a: Swampert|brn
|move|p1a: Swampert|Surf|p2a: Gengar
|-damage|p2a: Gengar|34/100
|
|-weather|Sandstorm|[upkeep]
|-damage|p2a: Gengar|28/100|[from] Sandstorm
|-heal|p2a: Gengar|34/100|[from] item: Leftovers
|-heal|p1a: Swampert|74/100 brn|[from] item: Leftovers
|-damage|p1a: Swampert|61/100 brn|[from] brn
|upkeep
|turn|30
|inactive|Attalyn has 30 seconds left.
|
|t:|1730233337
|move|p2a: Gengar|Explosion|p1a: Swampert
|-damage|p1a: Swampert|11/100 brn
|faint|p2a: Gengar
|inactive|Attalyn has 30 seconds left.
|
|t:|1730233345
|switch|p2a: Sceptile|Sceptile, F|21/100
|-damage|p2a: Sceptile|9/100|[from] Spikes
|
|-weather|Sandstorm|[upkeep]
|-damage|p2a: Sceptile|3/100|[from] Sandstorm
|-heal|p2a: Sceptile|9/100|[from] item: Leftovers
|-heal|p1a: Swampert|17/100 brn|[from] item: Leftovers
|-damage|p1a: Swampert|5/100 brn|[from] brn
|upkeep
|turn|31
|
|t:|1730233354
|move|p2a: Sceptile|Hidden Power|p1a: Swampert
|-damage|p1a: Swampert|0 fnt
|faint|p1a: Swampert
|
|t:|1730233361
|switch|p1a: Aerodactyl|Aerodactyl, M|12/100
|
|-weather|Sandstorm|[upkeep]
|-damage|p2a: Sceptile|3/100|[from] Sandstorm
|-heal|p2a: Sceptile|9/100|[from] item: Leftovers
|upkeep
|turn|32
|inactive|Attalyn has 30 seconds left.
|
|t:|1730233388
|switch|p2a: Magneton|Magneton|62/100
|-damage|p2a: Magneton|50/100|[from] Spikes
|move|p1a: Aerodactyl|Double-Edge|p2a: Magneton
|-resisted|p2a: Magneton
|-crit|p2a: Magneton
|-damage|p2a: Magneton|0 fnt
|faint|p2a: Magneton
|inactive|Attalyn has 30 seconds left this turn.
|inactive|Attalyn has 20 seconds left.
|inactive|Attalyn has 15 seconds left.
|
|t:|1730233405
|switch|p2a: Sceptile|Sceptile, F|9/100
|-damage|p2a: Sceptile|0 fnt|[from] Spikes
|faint|p2a: Sceptile
|inactive|Attalyn has 20 seconds left this turn.
|
|t:|1730233408
|switch|p2a: Skarmory|Skarmory, F|29/100
|
|-weather|Sandstorm|[upkeep]
|-heal|p2a: Skarmory|35/100|[from] item: Leftovers
|upkeep
|turn|33
|inactive|Attalyn has 30 seconds left this turn.
|
|t:|1730233416
|move|p1a: Aerodactyl|Double-Edge|p2a: Skarmory
|-resisted|p2a: Skarmory
|-damage|p2a: Skarmory|9/100
|move|p2a: Skarmory|Drill Peck|p1a: Aerodactyl
|-resisted|p1a: Aerodactyl
|-damage|p1a: Aerodactyl|0 fnt
|faint|p1a: Aerodactyl
|inactive|Attalyn has 30 seconds left this turn.
|
|t:|1730233443
|switch|p1a: Zapdos|Zapdos|76/100
|
|-weather|Sandstorm|[upkeep]
|-damage|p1a: Zapdos|70/100|[from] Sandstorm
|-heal|p1a: Zapdos|76/100|[from] item: Leftovers
|-heal|p2a: Skarmory|15/100|[from] item: Leftovers
|upkeep
|turn|34
|
|t:|1730233450
|move|p1a: Zapdos|Thunderbolt|p2a: Skarmory
|-supereffective|p2a: Skarmory
|-damage|p2a: Skarmory|0 fnt
|faint|p2a: Skarmory
|
|win|VyoletRayn
|c|☆Attalyn|gg
|c|☆VyoletRayn|gg
|player|p2|

</script>
<script type="application/json" class="data" id="replaydata-smogtours-gen3ou-803297">
{"id":"smogtours-gen3ou-803297","format":"[Gen 3] OU","players":["VyoletRayn","Attalyn"],"uploadtime":1730233450,"views":54,"formatid":"gen3ou","rating":null,"private":0,"password":null}
</script>

<script defer src="js/replays.js?9d40a366"></script>
