<!DOCTYPE html>
<meta charset="utf-8" />
<meta name="viewport" content="width=device-width" />

<title>[Gen 3] OU: COB 8 vs. xDeacon - Replays - Pok&eacute;mon Showdown!</title>

<meta name="description" content="Watch a replay of a Pok&eacute;mon battle between COB 8 and xDeacon! Format: [Gen 3] OU; Date: Oct 12, 2024" />
<!--

Hey, you! Looking in the source for the replay log?

You can find them in JSON format, just add `.json` at the end of a replay URL.

https://replay.pokemonshowdown.com/gen7randomdoublesbattle-865046831.json

Or, if you only need the log itself, add `.log` instead:

https://replay.pokemonshowdown.com/gen7randomdoublesbattle-865046831.log

-->

<link rel="stylesheet" href="//pokemonshowdown.com/style/global.css?0.023195364461161105" />
<link rel="stylesheet" href="//play.pokemonshowdown.com/style/font-awesome.css?0.13261647063804238" />
<link rel="stylesheet" href="//play.pokemonshowdown.com/style/battle.css?0.8753245789963631" />
<link rel="stylesheet" href="//play.pokemonshowdown.com/style/utilichart.css?0.8627959624976733" />

<!-- Global site tag (gtag.js) - Google Analytics -->
<script async src="https://www.googletagmanager.com/gtag/js?id=UA-26211653-1"></script>
<script>
  window.dataLayer = window.dataLayer || [];
  function gtag(){dataLayer.push(arguments);}
  gtag('js', new Date());

  gtag('config', 'UA-26211653-1');
</script>
<!-- End Google Analytics -->
<!-- Venatus Ad Manager - Install in <HEAD> of page -->
	<script src="https://hb.vntsm.com/v3/live/ad-manager.min.js" type="text/javascript" data-site-id="642aba63ec9a7b11c3c9c1be" data-mode="scan" async></script>
<!-- / Venatus Ad Manager -->

<style>
	@media (max-width:820px) {
		.battle {
			margin: 0 auto;
		}
		.battle-log {
			margin: 7px auto 0;
			max-width: 640px;
			height: 300px;
			position: static;
		}
	}
	.optgroup {
		display: inline-block;
		line-height: 22px;
		font-size: 10pt;
	}
	.optgroup .button {
		height: 25px;
		padding-top: 0;
		padding-bottom: 0;
	}
	.optgroup button.button {
		padding-left: 12px;
		padding-right: 12px;
	}
	.linklist {
		list-style: none;
		margin: 0.5em 0;
		padding: 0;
	}
	.linklist li {
		padding: 2px 0;
	}
	.sidebar {
		float: left;
		width: 320px;
	}
	.bar-wrapper {
		max-width: 1100px;
		margin: 0 auto;
	}
	.bar-wrapper.has-sidebar {
		max-width: 1430px;
	}
	.mainbar {
		margin: 0;
		padding-right: 1px;
	}
	.mainbar.has-sidebar {
		margin-left: 330px;
	}
	@media (min-width: 1511px) {
		.sidebar {
			width: 400px;
		}
		.bar-wrapper.has-sidebar {
			max-width: 1510px;
		}
		.mainbar.has-sidebar {
			margin-left: 410px;
		}
	}
	.section.first-section {
		margin-top: 9px;
	}
	.blocklink small {
		white-space: normal;
	}
	.button {
		vertical-align: middle;
	}
	.replay-controls {
		padding-top: 10px;
	}
	.replay-controls h1 {
		font-size: 16pt;
		font-weight: normal;
		color: #CCC;
	}
	.pagelink {
		text-align: center;
	}
	.pagelink a {
		width: 150px;
	}
	.textbox, .button {
		font-size: 11pt;
		vertical-align: middle;
	}
	@media (max-width: 450px) {
		.button {
			font-size: 9pt;
		}
	}
</style>

<div>

	<header>
		<div class="nav-wrapper"><ul class="nav">
			<li><a class="button nav-first" href="//pokemonshowdown.com/"><img src="//pokemonshowdown.com/images/pokemonshowdownbeta.png" srcset="//pokemonshowdown.com/images/pokemonshowdownbeta.png 1x, //pokemonshowdown.com/images/pokemonshowdownbeta@2x.png 2x" alt="Pok&eacute;mon Showdown" width="146" height="44" /> Home</a></li>
			<li><a class="button" href="//pokemonshowdown.com/dex/">Pok&eacute;dex</a></li>
			<li><a class="button cur" href="/">Replays</a></li>
			<li><a class="button" href="//pokemonshowdown.com/ladder/">Ladder</a></li>
			<li><a class="button nav-last" href="//pokemonshowdown.com/forums/">Forum</a></li>
			<li><a class="button greenbutton nav-first nav-last" href="//play.pokemonshowdown.com/">Play</a></li>
		</ul></div>
	</header>

	<div class="main" id="main">

		<noscript><section class="section">You need to enable JavaScript to use this page; sorry!</section></noscript>

	</div>

</div>

<script defer nomodule src="//play.pokemonshowdown.com/js/lib/ps-polyfill.js"></script>
<script defer src="//play.pokemonshowdown.com/js/lib/preact.min.js"></script>

<script defer src="//play.pokemonshowdown.com/config/config.js?2bddbc15"></script>
<script defer src="//play.pokemonshowdown.com/js/lib/jquery-1.11.0.min.js"></script>
<script defer src="//play.pokemonshowdown.com/js/lib/html-sanitizer-minified.js"></script>
<script defer src="//play.pokemonshowdown.com/js/battle-sound.js"></script>
<script defer src="//play.pokemonshowdown.com/js/battledata.js?0.7209276989879541"></script>
<script defer src="//play.pokemonshowdown.com/data/pokedex-mini.js?0.6111056340867951"></script>
<script defer src="//play.pokemonshowdown.com/data/pokedex-mini-bw.js?0.3532142036491459"></script>
<script defer src="//play.pokemonshowdown.com/data/graphics.js?0.24223875632456182"></script>
<script defer src="//play.pokemonshowdown.com/data/pokedex.js?0.38839984266356864"></script>
<script defer src="//play.pokemonshowdown.com/data/moves.js?0.21866028504024015"></script>
<script defer src="//play.pokemonshowdown.com/data/abilities.js?0.2005157953846628"></script>
<script defer src="//play.pokemonshowdown.com/data/items.js?0.9894211263848525"></script>
<script defer src="//play.pokemonshowdown.com/data/teambuilder-tables.js?0.6008791140282215"></script>
<script defer src="//play.pokemonshowdown.com/js/battle-tooltips.js?0.7580118955022959"></script>
<script defer src="//play.pokemonshowdown.com/js/battle.js?0.6057722274234274"></script>

<script defer src="js/utils.js?e31f9a17"></script>
<script defer src="js/replays-battle.js?7008c182"></script>

<!-- don't scrape this data! just add .json or .log after the URL!
Full API docs: https://github.com/smogon/pokemon-showdown-client/blob/master/WEB-API.md -->
<script type="text/plain" class="log" id="replaylog-smogtours-gen3ou-797849">
|inactive|Battle timer is ON: inactive players will automatically lose when time's up.
|t:|1728771044
|gametype|singles
|player|p1|COB 8|miku-water|
|player|p2|xDeacon|2|
|teamsize|p1|6
|teamsize|p2|6
|gen|3
|tier|[Gen 3] OU
|rule|Sleep Clause Mod: Limit one foe put to sleep
|rule|Switch Priority Clause Mod: Faster Pokémon switch first
|rule|Species Clause: Limit one of each Pokémon
|rule|OHKO Clause: OHKO moves are banned
|rule|Evasion Items Clause: Evasion items are banned
|rule|Evasion Moves Clause: Evasion moves are banned
|rule|Endless Battle Clause: Forcing endless battles is banned
|rule|HP Percentage Mod: HP is shown in percentages
|rule|One Boost Passer Clause: Limit one Baton Passer that has a way to boost its stats
|rule|Freeze Clause Mod: Limit one foe frozen
|
|t:|1728771044
|start
|switch|p1a: Tyranitar|Tyranitar, F|100/100
|switch|p2a: Zapdos|Zapdos|100/100
|-weather|Sandstorm|[from] ability: Sand Stream|[of] p1a: Tyranitar
|turn|1
|
|t:|1728771072
|move|p2a: Zapdos|Baton Pass|p2a: Zapdos
|
|t:|1728771073
|switch|p2a: Swampert|Swampert, M|100/100|[from] Baton Pass
|move|p1a: Tyranitar|Roar|p2a: Swampert
|drag|p2a: Breloom|Breloom, M|100/100
|
|-weather|Sandstorm|[upkeep]
|-damage|p2a: Breloom|94/100|[from] Sandstorm
|-heal|p2a: Breloom|100/100|[from] item: Leftovers
|upkeep
|turn|2
|inactive|COB 8 has 270 seconds left.
|
|t:|1728771111
|move|p2a: Breloom|Spore|p1a: Tyranitar
|-status|p1a: Tyranitar|slp|[from] move: Spore
|-enditem|p1a: Tyranitar|Lum Berry|[eat]
|-curestatus|p1a: Tyranitar|slp|[msg]
|move|p1a: Tyranitar|Rock Slide|p2a: Breloom
|-resisted|p2a: Breloom
|-damage|p2a: Breloom|70/100
|
|-weather|Sandstorm|[upkeep]
|-damage|p2a: Breloom|64/100|[from] Sandstorm
|-heal|p2a: Breloom|70/100|[from] item: Leftovers
|upkeep
|turn|3
|inactive|COB 8 has 270 seconds left.
|
|t:|1728771140
|move|p2a: Breloom|Spore|p1a: Tyranitar
|-status|p1a: Tyranitar|slp|[from] move: Spore
|cant|p1a: Tyranitar|slp
|
|-weather|Sandstorm|[upkeep]
|-damage|p2a: Breloom|64/100|[from] Sandstorm
|-heal|p2a: Breloom|70/100|[from] item: Leftovers
|upkeep
|turn|4
|
|t:|1728771146
|-singleturn|p2a: Breloom|move: Focus Punch
|switch|p1a: Skarmory|Skarmory, F|100/100
|move|p2a: Breloom|Focus Punch|p1a: Skarmory
|-damage|p1a: Skarmory|33/100
|
|-weather|Sandstorm|[upkeep]
|-damage|p2a: Breloom|64/100|[from] Sandstorm
|-heal|p2a: Breloom|70/100|[from] item: Leftovers
|-heal|p1a: Skarmory|39/100|[from] item: Leftovers
|upkeep
|turn|5
|
|t:|1728771155
|-singleturn|p2a: Breloom|move: Focus Punch
|move|p1a: Skarmory|Toxic|p2a: Breloom
|-status|p2a: Breloom|tox
|move|p2a: Breloom|Focus Punch|p1a: Skarmory
|-crit|p1a: Skarmory
|-damage|p1a: Skarmory|0 fnt
|faint|p1a: Skarmory
|
|t:|1728771162
|switch|p1a: Dugtrio|Dugtrio, F|100/100
|
|-weather|Sandstorm|[upkeep]
|-damage|p2a: Breloom|64/100 tox|[from] Sandstorm
|-heal|p2a: Breloom|70/100 tox|[from] item: Leftovers
|-damage|p2a: Breloom|64/100 tox|[from] psn
|upkeep
|turn|6
|
|t:|1728771166
|move|p2a: Breloom|Mach Punch|p1a: Dugtrio
|-crit|p1a: Dugtrio
|-damage|p1a: Dugtrio|0 fnt
|faint|p1a: Dugtrio
|c|☆xDeacon|oh that stinks
|c|☆COB 8|alright LOL
|inactive|COB 8 has 270 seconds left.
|
|t:|1728771181
|switch|p1a: Milotic|Milotic, M|100/100
|
|-weather|Sandstorm|[upkeep]
|-damage|p2a: Breloom|58/100 tox|[from] Sandstorm
|-damage|p1a: Milotic|94/100|[from] Sandstorm
|-heal|p2a: Breloom|64/100 tox|[from] item: Leftovers
|-damage|p2a: Breloom|52/100 tox|[from] psn
|-heal|p1a: Milotic|100/100|[from] item: Leftovers
|upkeep
|turn|7
|inactive|COB 8 has 270 seconds left.
|
|t:|1728771195
|move|p2a: Breloom|Brick Break|p1a: Milotic
|-damage|p1a: Milotic|66/100
|move|p1a: Milotic|Surf|p2a: Breloom
|-resisted|p2a: Breloom
|-damage|p2a: Breloom|21/100 tox
|
|-weather|Sandstorm|[upkeep]
|-damage|p2a: Breloom|15/100 tox|[from] Sandstorm
|-damage|p1a: Milotic|60/100|[from] Sandstorm
|-heal|p2a: Breloom|21/100 tox|[from] item: Leftovers
|-damage|p2a: Breloom|3/100 tox|[from] psn
|-heal|p1a: Milotic|66/100|[from] item: Leftovers
|upkeep
|turn|8
|inactive|COB 8 has 270 seconds left.
|
|t:|1728771201
|move|p2a: Breloom|Brick Break|p1a: Milotic
|-damage|p1a: Milotic|33/100
|move|p1a: Milotic|Recover|p1a: Milotic
|-heal|p1a: Milotic|82/100
|
|-weather|Sandstorm|[upkeep]
|-damage|p2a: Breloom|0 fnt|[from] Sandstorm
|-damage|p1a: Milotic|76/100|[from] Sandstorm
|faint|p2a: Breloom
|-heal|p1a: Milotic|82/100|[from] item: Leftovers
|upkeep
|
|t:|1728771210
|switch|p2a: Zapdos|Zapdos|100/100
|turn|9
|
|t:|1728771213
|switch|p1a: Blissey|Blissey, F|100/100
|move|p2a: Zapdos|Thunderbolt|p1a: Blissey
|-damage|p1a: Blissey|82/100
|
|-weather|Sandstorm|[upkeep]
|-damage|p2a: Zapdos|94/100|[from] Sandstorm
|-damage|p1a: Blissey|76/100|[from] Sandstorm
|-heal|p2a: Zapdos|100/100|[from] item: Leftovers
|-heal|p1a: Blissey|82/100|[from] item: Leftovers
|upkeep
|turn|10
|
|t:|1728771216
|move|p2a: Zapdos|Baton Pass|p2a: Zapdos
|
|t:|1728771221
|switch|p2a: Snorlax|Snorlax, F|100/100|[from] Baton Pass
|move|p1a: Blissey|Thunder Wave|p2a: Snorlax
|-status|p2a: Snorlax|par
|
|-weather|Sandstorm|[upkeep]
|-damage|p1a: Blissey|76/100|[from] Sandstorm
|-damage|p2a: Snorlax|94/100 par|[from] Sandstorm
|-heal|p1a: Blissey|82/100|[from] item: Leftovers
|-heal|p2a: Snorlax|100/100 par|[from] item: Leftovers
|upkeep
|turn|11
|
|t:|1728771228
|-singleturn|p2a: Snorlax|move: Focus Punch
|switch|p1a: Tyranitar|Tyranitar, F|100/100 slp
|move|p2a: Snorlax|Focus Punch|p1a: Tyranitar
|-supereffective|p1a: Tyranitar
|-damage|p1a: Tyranitar|0 fnt
|faint|p1a: Tyranitar
|
|t:|1728771231
|switch|p1a: Claydol|Claydol|100/100
|
|-weather|Sandstorm|[upkeep]
|-damage|p2a: Snorlax|94/100 par|[from] Sandstorm
|-heal|p2a: Snorlax|100/100 par|[from] item: Leftovers
|upkeep
|turn|12
|
|t:|1728771249
|move|p1a: Claydol|Earthquake|p2a: Snorlax
|-crit|p2a: Snorlax
|-damage|p2a: Snorlax|35/100 par
|move|p2a: Snorlax|Body Slam|p1a: Claydol
|-damage|p1a: Claydol|59/100
|
|-weather|Sandstorm|[upkeep]
|-damage|p2a: Snorlax|29/100 par|[from] Sandstorm
|-heal|p1a: Claydol|65/100|[from] item: Leftovers
|-heal|p2a: Snorlax|35/100 par|[from] item: Leftovers
|upkeep
|turn|13
|inactive|COB 8 has 270 seconds left.
|inactive|xDeacon has 270 seconds left.
|
|t:|1728771285
|move|p1a: Claydol|Earthquake|p2a: Snorlax
|-damage|p2a: Snorlax|7/100 par
|cant|p2a: Snorlax|par
|
|-weather|Sandstorm|[upkeep]
|-damage|p2a: Snorlax|0 fnt|[from] Sandstorm
|faint|p2a: Snorlax
|-heal|p1a: Claydol|71/100|[from] item: Leftovers
|upkeep
|inactive|xDeacon has 270 seconds left.
|
|t:|1728771309
|switch|p2a: Tyranitar|Tyranitar, F|100/100
|turn|14
|
|t:|1728771315
|move|p1a: Claydol|Earthquake|p2a: Tyranitar
|-supereffective|p2a: Tyranitar
|-damage|p2a: Tyranitar|45/100
|move|p2a: Tyranitar|Crunch|p1a: Claydol
|-supereffective|p1a: Claydol
|-damage|p1a: Claydol|8/100
|-unboost|p1a: Claydol|spd|1
|
|-weather|Sandstorm|[upkeep]
|-heal|p1a: Claydol|14/100|[from] item: Leftovers
|-heal|p2a: Tyranitar|51/100|[from] item: Leftovers
|upkeep
|turn|15
|inactive|xDeacon has 270 seconds left.
|
|t:|1728771324
|switch|p2a: Zapdos|Zapdos|100/100
|move|p1a: Claydol|Earthquake|p2a: Zapdos
|-immune|p2a: Zapdos
|
|-weather|Sandstorm|[upkeep]
|-damage|p2a: Zapdos|94/100|[from] Sandstorm
|-heal|p2a: Zapdos|100/100|[from] item: Leftovers
|-heal|p1a: Claydol|20/100|[from] item: Leftovers
|upkeep
|turn|16
|
|t:|1728771328
|switch|p1a: Blissey|Blissey, F|82/100
|move|p2a: Zapdos|Hidden Power|p1a: Blissey
|-crit|p1a: Blissey
|-damage|p1a: Blissey|62/100
|
|-weather|Sandstorm|[upkeep]
|-damage|p2a: Zapdos|94/100|[from] Sandstorm
|-damage|p1a: Blissey|56/100|[from] Sandstorm
|-heal|p2a: Zapdos|100/100|[from] item: Leftovers
|-heal|p1a: Blissey|62/100|[from] item: Leftovers
|upkeep
|turn|17
|
|t:|1728771336
|move|p2a: Zapdos|Baton Pass|p2a: Zapdos
|
|t:|1728771338
|switch|p2a: Swampert|Swampert, M|100/100|[from] Baton Pass
|move|p1a: Blissey|Soft-Boiled|p1a: Blissey
|-heal|p1a: Blissey|100/100
|
|-weather|Sandstorm|[upkeep]
|-damage|p1a: Blissey|94/100|[from] Sandstorm
|-heal|p1a: Blissey|100/100|[from] item: Leftovers
|upkeep
|turn|18
|
|t:|1728771359
|switch|p1a: Milotic|Milotic, M|82/100
|move|p2a: Swampert|Ice Beam|p1a: Milotic
|-resisted|p1a: Milotic
|-damage|p1a: Milotic|72/100
|
|-weather|Sandstorm|[upkeep]
|-damage|p1a: Milotic|66/100|[from] Sandstorm
|-heal|p1a: Milotic|72/100|[from] item: Leftovers
|upkeep
|turn|19
|
|t:|1728771369
|switch|p2a: Tyranitar|Tyranitar, F|51/100
|move|p1a: Milotic|Toxic|p2a: Tyranitar
|-status|p2a: Tyranitar|tox
|
|-weather|Sandstorm|[upkeep]
|-damage|p1a: Milotic|66/100|[from] Sandstorm
|-heal|p1a: Milotic|72/100|[from] item: Leftovers
|-heal|p2a: Tyranitar|57/100 tox|[from] item: Leftovers
|-damage|p2a: Tyranitar|51/100 tox|[from] psn
|upkeep
|turn|20
|
|t:|1728771377
|move|p1a: Milotic|Recover|p1a: Milotic
|-heal|p1a: Milotic|100/100
|move|p2a: Tyranitar|Crunch|p1a: Milotic
|-crit|p1a: Milotic
|-damage|p1a: Milotic|48/100
|
|-weather|Sandstorm|[upkeep]
|-damage|p1a: Milotic|42/100|[from] Sandstorm
|-heal|p1a: Milotic|48/100|[from] item: Leftovers
|-heal|p2a: Tyranitar|57/100 tox|[from] item: Leftovers
|-damage|p2a: Tyranitar|45/100 tox|[from] psn
|upkeep
|turn|21
|
|t:|1728771381
|move|p1a: Milotic|Recover|p1a: Milotic
|-heal|p1a: Milotic|98/100
|move|p2a: Tyranitar|Crunch|p1a: Milotic
|-damage|p1a: Milotic|70/100
|
|-weather|Sandstorm|[upkeep]
|-damage|p1a: Milotic|64/100|[from] Sandstorm
|-heal|p1a: Milotic|70/100|[from] item: Leftovers
|-heal|p2a: Tyranitar|51/100 tox|[from] item: Leftovers
|-damage|p2a: Tyranitar|33/100 tox|[from] psn
|upkeep
|turn|22
|
|t:|1728771384
|move|p1a: Milotic|Recover|p1a: Milotic
|-heal|p1a: Milotic|100/100
|move|p2a: Tyranitar|Crunch|p1a: Milotic
|-damage|p1a: Milotic|72/100
|-unboost|p1a: Milotic|spd|1
|
|-weather|Sandstorm|[upkeep]
|-damage|p1a: Milotic|66/100|[from] Sandstorm
|-heal|p1a: Milotic|72/100|[from] item: Leftovers
|-heal|p2a: Tyranitar|39/100 tox|[from] item: Leftovers
|-damage|p2a: Tyranitar|15/100 tox|[from] psn
|upkeep
|turn|23
|
|t:|1728771399
|switch|p1a: Claydol|Claydol|20/100
|move|p2a: Tyranitar|Crunch|p1a: Claydol
|-supereffective|p1a: Claydol
|-damage|p1a: Claydol|0 fnt
|faint|p1a: Claydol
|
|t:|1728771402
|switch|p1a: Milotic|Milotic, M|72/100
|
|-weather|Sandstorm|[upkeep]
|-damage|p1a: Milotic|66/100|[from] Sandstorm
|-heal|p1a: Milotic|72/100|[from] item: Leftovers
|-heal|p2a: Tyranitar|21/100 tox|[from] item: Leftovers
|-damage|p2a: Tyranitar|0 fnt|[from] psn
|faint|p2a: Tyranitar
|upkeep
|
|t:|1728771405
|switch|p2a: Zapdos|Zapdos|100/100
|turn|24
|
|t:|1728771408
|switch|p1a: Blissey|Blissey, F|100/100
|move|p2a: Zapdos|Baton Pass|p2a: Zapdos
|
|t:|1728771409
|switch|p2a: Swampert|Swampert, M|100/100|[from] Baton Pass
|
|-weather|Sandstorm|[upkeep]
|-damage|p1a: Blissey|94/100|[from] Sandstorm
|-heal|p1a: Blissey|100/100|[from] item: Leftovers
|upkeep
|turn|25
|
|t:|1728771416
|-singleturn|p2a: Swampert|move: Focus Punch
|move|p1a: Blissey|Seismic Toss|p2a: Swampert
|-damage|p2a: Swampert|75/100
|move|p2a: Swampert|Focus Punch||[still]
|cant|p2a: Swampert|Focus Punch|Focus Punch
|
|-weather|Sandstorm|[upkeep]
|-damage|p1a: Blissey|94/100|[from] Sandstorm
|-heal|p1a: Blissey|100/100|[from] item: Leftovers
|-heal|p2a: Swampert|81/100|[from] item: Leftovers
|upkeep
|turn|26
|
|t:|1728771420
|move|p1a: Blissey|Seismic Toss|p2a: Swampert
|-damage|p2a: Swampert|56/100
|move|p2a: Swampert|Earthquake|p1a: Blissey
|-damage|p1a: Blissey|65/100
|
|-weather|Sandstorm|[upkeep]
|-damage|p1a: Blissey|58/100|[from] Sandstorm
|-heal|p1a: Blissey|65/100|[from] item: Leftovers
|-heal|p2a: Swampert|62/100|[from] item: Leftovers
|upkeep
|turn|27
|
|t:|1728771423
|move|p1a: Blissey|Seismic Toss|p2a: Swampert
|-damage|p2a: Swampert|37/100
|move|p2a: Swampert|Earthquake|p1a: Blissey
|-damage|p1a: Blissey|31/100
|
|-weather|Sandstorm|[upkeep]
|-damage|p1a: Blissey|25/100|[from] Sandstorm
|-heal|p1a: Blissey|31/100|[from] item: Leftovers
|-heal|p2a: Swampert|43/100|[from] item: Leftovers
|upkeep
|turn|28
|
|t:|1728771427
|-singleturn|p2a: Swampert|move: Focus Punch
|move|p1a: Blissey|Seismic Toss|p2a: Swampert
|-damage|p2a: Swampert|17/100
|move|p2a: Swampert|Focus Punch||[still]
|cant|p2a: Swampert|Focus Punch|Focus Punch
|
|-weather|Sandstorm|[upkeep]
|-damage|p1a: Blissey|25/100|[from] Sandstorm
|-heal|p1a: Blissey|31/100|[from] item: Leftovers
|-heal|p2a: Swampert|24/100|[from] item: Leftovers
|upkeep
|turn|29
|
|t:|1728771435
|switch|p2a: Charizard|Charizard, M|100/100
|move|p1a: Blissey|Soft-Boiled|p1a: Blissey
|-heal|p1a: Blissey|81/100
|
|-weather|Sandstorm|[upkeep]
|-damage|p2a: Charizard|94/100|[from] Sandstorm
|-damage|p1a: Blissey|74/100|[from] Sandstorm
|-heal|p2a: Charizard|100/100|[from] item: Leftovers
|-heal|p1a: Blissey|81/100|[from] item: Leftovers
|upkeep
|turn|30
|inactive|COB 8 has 270 seconds left.
|
|t:|1728771485
|switch|p1a: Milotic|Milotic, M|72/100
|move|p2a: Charizard|Toxic|p1a: Milotic
|-status|p1a: Milotic|tox
|
|-weather|Sandstorm|[upkeep]
|-damage|p2a: Charizard|94/100|[from] Sandstorm
|-damage|p1a: Milotic|66/100 tox|[from] Sandstorm
|-heal|p2a: Charizard|100/100|[from] item: Leftovers
|-heal|p1a: Milotic|72/100 tox|[from] item: Leftovers
|-damage|p1a: Milotic|66/100 tox|[from] psn
|upkeep
|turn|31
|
|t:|1728771492
|switch|p2a: Zapdos|Zapdos|100/100
|move|p1a: Milotic|Recover|p1a: Milotic
|-heal|p1a: Milotic|100/100 tox
|
|-weather|Sandstorm|[upkeep]
|-damage|p2a: Zapdos|94/100|[from] Sandstorm
|-damage|p1a: Milotic|94/100 tox|[from] Sandstorm
|-heal|p2a: Zapdos|100/100|[from] item: Leftovers
|-heal|p1a: Milotic|100/100 tox|[from] item: Leftovers
|-damage|p1a: Milotic|88/100 tox|[from] psn
|upkeep
|turn|32
|
|t:|1728771507
|move|p2a: Zapdos|Thunderbolt|p1a: Milotic
|-supereffective|p1a: Milotic
|-damage|p1a: Milotic|17/100 tox
|move|p1a: Milotic|Surf|p2a: Zapdos
|-damage|p2a: Zapdos|62/100
|
|-weather|Sandstorm|[upkeep]
|-damage|p2a: Zapdos|55/100|[from] Sandstorm
|-damage|p1a: Milotic|11/100 tox|[from] Sandstorm
|-heal|p2a: Zapdos|62/100|[from] item: Leftovers
|-heal|p1a: Milotic|17/100 tox|[from] item: Leftovers
|-damage|p1a: Milotic|0 fnt|[from] psn
|faint|p1a: Milotic
|upkeep
|
|t:|1728771510
|switch|p1a: Blissey|Blissey, F|81/100
|turn|33
|
|t:|1728771515
|move|p2a: Zapdos|Baton Pass|p2a: Zapdos
|
|t:|1728771517
|switch|p2a: Charizard|Charizard, M|100/100|[from] Baton Pass
|move|p1a: Blissey|Thunder Wave|p2a: Charizard
|-status|p2a: Charizard|par
|
|-weather|Sandstorm|[upkeep]
|-damage|p1a: Blissey|74/100|[from] Sandstorm
|-damage|p2a: Charizard|94/100 par|[from] Sandstorm
|-heal|p1a: Blissey|81/100|[from] item: Leftovers
|-heal|p2a: Charizard|100/100 par|[from] item: Leftovers
|upkeep
|turn|34
|
|t:|1728771525
|move|p1a: Blissey|Seismic Toss|p2a: Charizard
|-damage|p2a: Charizard|67/100 par
|move|p2a: Charizard|Toxic|p1a: Blissey
|-status|p1a: Blissey|tox
|
|-weather|Sandstorm|[upkeep]
|-damage|p1a: Blissey|74/100 tox|[from] Sandstorm
|-damage|p2a: Charizard|61/100 par|[from] Sandstorm
|-heal|p1a: Blissey|81/100 tox|[from] item: Leftovers
|-damage|p1a: Blissey|74/100 tox|[from] psn
|-heal|p2a: Charizard|67/100 par|[from] item: Leftovers
|upkeep
|turn|35
|
|t:|1728771534
|move|p1a: Blissey|Seismic Toss|p2a: Charizard
|-damage|p2a: Charizard|33/100 par
|move|p2a: Charizard|Beat Up|p1a: Blissey
|-damage|p1a: Blissey|61/100 tox
|-damage|p1a: Blissey|50/100 tox
|-hitcount|p1a: Blissey|2
|
|-weather|Sandstorm|[upkeep]
|-damage|p1a: Blissey|44/100 tox|[from] Sandstorm
|-damage|p2a: Charizard|27/100 par|[from] Sandstorm
|-heal|p1a: Blissey|50/100 tox|[from] item: Leftovers
|-damage|p1a: Blissey|38/100 tox|[from] psn
|-heal|p2a: Charizard|33/100 par|[from] item: Leftovers
|upkeep
|turn|36
|
|t:|1728771544
|move|p1a: Blissey|Soft-Boiled|p1a: Blissey
|-heal|p1a: Blissey|88/100 tox
|move|p2a: Charizard|Fire Blast|p1a: Blissey|[miss]
|-miss|p2a: Charizard|p1a: Blissey
|
|-weather|Sandstorm|[upkeep]
|-damage|p1a: Blissey|82/100 tox|[from] Sandstorm
|-damage|p2a: Charizard|27/100 par|[from] Sandstorm
|-heal|p1a: Blissey|88/100 tox|[from] item: Leftovers
|-damage|p1a: Blissey|69/100 tox|[from] psn
|-heal|p2a: Charizard|33/100 par|[from] item: Leftovers
|upkeep
|turn|37
|
|t:|1728771554
|move|p1a: Blissey|Seismic Toss|p2a: Charizard
|-damage|p2a: Charizard|0 fnt
|faint|p2a: Charizard
|
|t:|1728771560
|switch|p2a: Swampert|Swampert, M|24/100
|
|-weather|Sandstorm|[upkeep]
|-damage|p1a: Blissey|63/100 tox|[from] Sandstorm
|-heal|p1a: Blissey|69/100 tox|[from] item: Leftovers
|-damage|p1a: Blissey|44/100 tox|[from] psn
|-heal|p2a: Swampert|30/100|[from] item: Leftovers
|upkeep
|turn|38
|
|t:|1728771563
|move|p1a: Blissey|Soft-Boiled|p1a: Blissey
|-heal|p1a: Blissey|94/100 tox
|move|p2a: Swampert|Earthquake|p1a: Blissey
|-damage|p1a: Blissey|62/100 tox
|
|-weather|Sandstorm|[upkeep]
|-damage|p1a: Blissey|55/100 tox|[from] Sandstorm
|-heal|p1a: Blissey|62/100 tox|[from] item: Leftovers
|-damage|p1a: Blissey|31/100 tox|[from] psn
|-heal|p2a: Swampert|36/100|[from] item: Leftovers
|upkeep
|turn|39
|
|t:|1728771566
|move|p1a: Blissey|Seismic Toss|p2a: Swampert
|-damage|p2a: Swampert|10/100
|move|p2a: Swampert|Earthquake|p1a: Blissey
|-damage|p1a: Blissey|0 fnt
|faint|p1a: Blissey
|
|win|xDeacon
|c|☆COB 8|ggwp
|c|☆xDeacon|ggs

</script>
<script type="application/json" class="data" id="replaydata-smogtours-gen3ou-797849">
{"id":"smogtours-gen3ou-797849","format":"[Gen 3] OU","players":["COB 8","xDeacon"],"uploadtime":1728771566,"views":85,"formatid":"gen3ou","rating":null,"private":0,"password":null}
</script>

<script defer src="js/replays.js?9d40a366"></script>
