<!DOCTYPE html>
<meta charset="utf-8" />
<meta name="viewport" content="width=device-width" />

<title>[Gen 3] OU: diegoyuhhi vs. Yoink 0 - Replays - Pok&eacute;mon Showdown!</title>

<meta name="description" content="Watch a replay of a Pok&eacute;mon battle between diegoyuhhi and Yoink 0! Format: [Gen 3] OU; Date: Oct 1, 2024" />
<!--

Hey, you! Looking in the source for the replay log?

You can find them in JSON format, just add `.json` at the end of a replay URL.

https://replay.pokemonshowdown.com/gen7randomdoublesbattle-865046831.json

Or, if you only need the log itself, add `.log` instead:

https://replay.pokemonshowdown.com/gen7randomdoublesbattle-865046831.log

-->

<link rel="stylesheet" href="//pokemonshowdown.com/style/global.css?0.023195364461161105" />
<link rel="stylesheet" href="//play.pokemonshowdown.com/style/font-awesome.css?0.13261647063804238" />
<link rel="stylesheet" href="//play.pokemonshowdown.com/style/battle.css?0.8753245789963631" />
<link rel="stylesheet" href="//play.pokemonshowdown.com/style/utilichart.css?0.8627959624976733" />

<!-- Global site tag (gtag.js) - Google Analytics -->
<script async src="https://www.googletagmanager.com/gtag/js?id=UA-26211653-1"></script>
<script>
  window.dataLayer = window.dataLayer || [];
  function gtag(){dataLayer.push(arguments);}
  gtag('js', new Date());

  gtag('config', 'UA-26211653-1');
</script>
<!-- End Google Analytics -->
<!-- Venatus Ad Manager - Install in <HEAD> of page -->
	<script src="https://hb.vntsm.com/v3/live/ad-manager.min.js" type="text/javascript" data-site-id="642aba63ec9a7b11c3c9c1be" data-mode="scan" async></script>
<!-- / Venatus Ad Manager -->

<style>
	@media (max-width:820px) {
		.battle {
			margin: 0 auto;
		}
		.battle-log {
			margin: 7px auto 0;
			max-width: 640px;
			height: 300px;
			position: static;
		}
	}
	.optgroup {
		display: inline-block;
		line-height: 22px;
		font-size: 10pt;
	}
	.optgroup .button {
		height: 25px;
		padding-top: 0;
		padding-bottom: 0;
	}
	.optgroup button.button {
		padding-left: 12px;
		padding-right: 12px;
	}
	.linklist {
		list-style: none;
		margin: 0.5em 0;
		padding: 0;
	}
	.linklist li {
		padding: 2px 0;
	}
	.sidebar {
		float: left;
		width: 320px;
	}
	.bar-wrapper {
		max-width: 1100px;
		margin: 0 auto;
	}
	.bar-wrapper.has-sidebar {
		max-width: 1430px;
	}
	.mainbar {
		margin: 0;
		padding-right: 1px;
	}
	.mainbar.has-sidebar {
		margin-left: 330px;
	}
	@media (min-width: 1511px) {
		.sidebar {
			width: 400px;
		}
		.bar-wrapper.has-sidebar {
			max-width: 1510px;
		}
		.mainbar.has-sidebar {
			margin-left: 410px;
		}
	}
	.section.first-section {
		margin-top: 9px;
	}
	.blocklink small {
		white-space: normal;
	}
	.button {
		vertical-align: middle;
	}
	.replay-controls {
		padding-top: 10px;
	}
	.replay-controls h1 {
		font-size: 16pt;
		font-weight: normal;
		color: #CCC;
	}
	.pagelink {
		text-align: center;
	}
	.pagelink a {
		width: 150px;
	}
	.textbox, .button {
		font-size: 11pt;
		vertical-align: middle;
	}
	@media (max-width: 450px) {
		.button {
			font-size: 9pt;
		}
	}
</style>

<div>

	<header>
		<div class="nav-wrapper"><ul class="nav">
			<li><a class="button nav-first" href="//pokemonshowdown.com/"><img src="//pokemonshowdown.com/images/pokemonshowdownbeta.png" srcset="//pokemonshowdown.com/images/pokemonshowdownbeta.png 1x, //pokemonshowdown.com/images/pokemonshowdownbeta@2x.png 2x" alt="Pok&eacute;mon Showdown" width="146" height="44" /> Home</a></li>
			<li><a class="button" href="//pokemonshowdown.com/dex/">Pok&eacute;dex</a></li>
			<li><a class="button cur" href="/">Replays</a></li>
			<li><a class="button" href="//pokemonshowdown.com/ladder/">Ladder</a></li>
			<li><a class="button nav-last" href="//pokemonshowdown.com/forums/">Forum</a></li>
			<li><a class="button greenbutton nav-first nav-last" href="//play.pokemonshowdown.com/">Play</a></li>
		</ul></div>
	</header>

	<div class="main" id="main">

		<noscript><section class="section">You need to enable JavaScript to use this page; sorry!</section></noscript>

	</div>

</div>

<script defer nomodule src="//play.pokemonshowdown.com/js/lib/ps-polyfill.js"></script>
<script defer src="//play.pokemonshowdown.com/js/lib/preact.min.js"></script>

<script defer src="//play.pokemonshowdown.com/config/config.js?2bddbc15"></script>
<script defer src="//play.pokemonshowdown.com/js/lib/jquery-1.11.0.min.js"></script>
<script defer src="//play.pokemonshowdown.com/js/lib/html-sanitizer-minified.js"></script>
<script defer src="//play.pokemonshowdown.com/js/battle-sound.js"></script>
<script defer src="//play.pokemonshowdown.com/js/battledata.js?0.7209276989879541"></script>
<script defer src="//play.pokemonshowdown.com/data/pokedex-mini.js?0.6111056340867951"></script>
<script defer src="//play.pokemonshowdown.com/data/pokedex-mini-bw.js?0.3532142036491459"></script>
<script defer src="//play.pokemonshowdown.com/data/graphics.js?0.24223875632456182"></script>
<script defer src="//play.pokemonshowdown.com/data/pokedex.js?0.38839984266356864"></script>
<script defer src="//play.pokemonshowdown.com/data/moves.js?0.21866028504024015"></script>
<script defer src="//play.pokemonshowdown.com/data/abilities.js?0.2005157953846628"></script>
<script defer src="//play.pokemonshowdown.com/data/items.js?0.9894211263848525"></script>
<script defer src="//play.pokemonshowdown.com/data/teambuilder-tables.js?0.6008791140282215"></script>
<script defer src="//play.pokemonshowdown.com/js/battle-tooltips.js?0.7580118955022959"></script>
<script defer src="//play.pokemonshowdown.com/js/battle.js?0.6057722274234274"></script>

<script defer src="js/utils.js?e31f9a17"></script>
<script defer src="js/replays-battle.js?7008c182"></script>

<!-- don't scrape this data! just add .json or .log after the URL!
Full API docs: https://github.com/smogon/pokemon-showdown-client/blob/master/WEB-API.md -->
<script type="text/plain" class="log" id="replaylog-smogtours-gen3ou-793813">
|inactive|Battle timer is ON: inactive players will automatically lose when time's up.
|t:|1727810316
|gametype|singles
|player|p1|diegoyuhhi|allister|
|player|p2|Yoink 0|kukui|
|teamsize|p1|6
|teamsize|p2|6
|gen|3
|tier|[Gen 3] OU
|rule|Sleep Clause Mod: Limit one foe put to sleep
|rule|Switch Priority Clause Mod: Faster Pokémon switch first
|rule|Species Clause: Limit one of each Pokémon
|rule|OHKO Clause: OHKO moves are banned
|rule|Evasion Items Clause: Evasion items are banned
|rule|Evasion Moves Clause: Evasion moves are banned
|rule|Endless Battle Clause: Forcing endless battles is banned
|rule|HP Percentage Mod: HP is shown in percentages
|rule|One Boost Passer Clause: Limit one Baton Passer that has a way to boost its stats
|rule|Freeze Clause Mod: Limit one foe frozen
|
|t:|1727810316
|start
|switch|p1a: Tyranitar|Tyranitar, F|100/100
|switch|p2a: Zapdos|Zapdos|100/100
|-weather|Sandstorm|[from] ability: Sand Stream|[of] p1a: Tyranitar
|turn|1
|
|t:|1727810324
|move|p2a: Zapdos|Baton Pass|p2a: Zapdos
|
|t:|1727810330
|switch|p2a: Swampert|Swampert, M, shiny|100/100|[from] Baton Pass
|move|p1a: Tyranitar|Rock Slide|p2a: Swampert
|-resisted|p2a: Swampert
|-damage|p2a: Swampert|75/100
|
|-weather|Sandstorm|[upkeep]
|upkeep
|turn|2
|
|t:|1727810347
|switch|p2a: Zapdos|Zapdos|100/100
|switch|p1a: Skarmory|Skarmory, F|100/100
|
|-weather|Sandstorm|[upkeep]
|-damage|p2a: Zapdos|94/100|[from] Sandstorm
|-heal|p2a: Zapdos|100/100|[from] item: Leftovers
|upkeep
|turn|3
|
|t:|1727810355
|switch|p1a: Blissey|Blissey, F|100/100
|move|p2a: Zapdos|Thunderbolt|p1a: Blissey
|-damage|p1a: Blissey|85/100
|
|-weather|Sandstorm|[upkeep]
|-damage|p2a: Zapdos|94/100|[from] Sandstorm
|-damage|p1a: Blissey|78/100|[from] Sandstorm
|-heal|p2a: Zapdos|100/100|[from] item: Leftovers
|-heal|p1a: Blissey|85/100|[from] item: Leftovers
|upkeep
|turn|4
|
|t:|1727810364
|move|p2a: Zapdos|Baton Pass|p2a: Zapdos
|
|t:|1727810383
|switch|p2a: Snorlax|Snorlax, M, shiny|100/100|[from] Baton Pass
|move|p1a: Blissey|Ice Beam|p2a: Snorlax
|-damage|p2a: Snorlax|88/100
|
|-weather|Sandstorm|[upkeep]
|-damage|p1a: Blissey|78/100|[from] Sandstorm
|-damage|p2a: Snorlax|82/100|[from] Sandstorm
|-heal|p1a: Blissey|85/100|[from] item: Leftovers
|-heal|p2a: Snorlax|88/100|[from] item: Leftovers
|upkeep
|turn|5
|
|t:|1727810389
|switch|p1a: Skarmory|Skarmory, F|100/100
|move|p2a: Snorlax|Curse|p2a: Snorlax
|-unboost|p2a: Snorlax|spe|1
|-boost|p2a: Snorlax|atk|1
|-boost|p2a: Snorlax|def|1
|
|-weather|Sandstorm|[upkeep]
|-damage|p2a: Snorlax|82/100|[from] Sandstorm
|-heal|p2a: Snorlax|88/100|[from] item: Leftovers
|upkeep
|turn|6
|
|t:|1727810395
|move|p1a: Skarmory|Spikes|p2a: Snorlax
|-sidestart|p2: Yoink 0|Spikes
|move|p2a: Snorlax|Self-Destruct|p1a: Skarmory
|-resisted|p1a: Skarmory
|-damage|p1a: Skarmory|0 fnt
|faint|p2a: Snorlax
|faint|p1a: Skarmory
|
|t:|1727810406
|switch|p1a: Tyranitar|Tyranitar, F|100/100
|switch|p2a: Metagross|Metagross, shiny|100/100
|-damage|p2a: Metagross|88/100|[from] Spikes
|
|-weather|Sandstorm|[upkeep]
|-heal|p2a: Metagross|94/100|[from] item: Leftovers
|upkeep
|turn|7
|
|t:|1727810414
|switch|p1a: Milotic|Milotic, M|100/100
|switch|p2a: Zapdos|Zapdos|100/100
|
|-weather|Sandstorm|[upkeep]
|-damage|p2a: Zapdos|94/100|[from] Sandstorm
|-damage|p1a: Milotic|94/100|[from] Sandstorm
|-heal|p2a: Zapdos|100/100|[from] item: Leftovers
|-heal|p1a: Milotic|100/100|[from] item: Leftovers
|upkeep
|turn|8
|
|t:|1727810438
|switch|p1a: Blissey|Blissey, F|85/100
|move|p2a: Zapdos|Baton Pass|p2a: Zapdos
|
|t:|1727810451
|switch|p2a: Tyranitar|Tyranitar, F, shiny|100/100|[from] Baton Pass
|-damage|p2a: Tyranitar|88/100|[from] Spikes
|
|-weather|Sandstorm|[upkeep]
|-damage|p1a: Blissey|78/100|[from] Sandstorm
|-heal|p2a: Tyranitar|94/100|[from] item: Leftovers
|-heal|p1a: Blissey|85/100|[from] item: Leftovers
|upkeep
|turn|9
|
|t:|1727810460
|-singleturn|p2a: Tyranitar|move: Focus Punch
|switch|p1a: Claydol|Claydol|100/100
|move|p2a: Tyranitar|Focus Punch|p1a: Claydol
|-resisted|p1a: Claydol
|-crit|p1a: Claydol
|-damage|p1a: Claydol|54/100
|
|-weather|Sandstorm|[upkeep]
|-heal|p1a: Claydol|60/100|[from] item: Leftovers
|-heal|p2a: Tyranitar|100/100|[from] item: Leftovers
|upkeep
|turn|10
|
|t:|1727810488
|switch|p2a: Zapdos|Zapdos|100/100
|move|p1a: Claydol|Earthquake|p2a: Zapdos
|-immune|p2a: Zapdos
|
|-weather|Sandstorm|[upkeep]
|-damage|p2a: Zapdos|94/100|[from] Sandstorm
|-heal|p2a: Zapdos|100/100|[from] item: Leftovers
|-heal|p1a: Claydol|66/100|[from] item: Leftovers
|upkeep
|turn|11
|
|t:|1727810494
|switch|p1a: Blissey|Blissey, F|85/100
|move|p2a: Zapdos|Hidden Power|p1a: Blissey
|-damage|p1a: Blissey|76/100
|
|-weather|Sandstorm|[upkeep]
|-damage|p2a: Zapdos|94/100|[from] Sandstorm
|-damage|p1a: Blissey|70/100|[from] Sandstorm
|-heal|p2a: Zapdos|100/100|[from] item: Leftovers
|-heal|p1a: Blissey|76/100|[from] item: Leftovers
|upkeep
|turn|12
|
|t:|1727810501
|switch|p2a: Metagross|Metagross, shiny|94/100
|-damage|p2a: Metagross|82/100|[from] Spikes
|move|p1a: Blissey|Wish|p1a: Blissey
|
|-weather|Sandstorm|[upkeep]
|-damage|p1a: Blissey|70/100|[from] Sandstorm
|-heal|p2a: Metagross|88/100|[from] item: Leftovers
|-heal|p1a: Blissey|76/100|[from] item: Leftovers
|upkeep
|turn|13
|
|t:|1727810509
|switch|p1a: Milotic|Milotic, M|100/100
|move|p2a: Metagross|Meteor Mash|p1a: Milotic
|-resisted|p1a: Milotic
|-damage|p1a: Milotic|78/100
|
|-heal|p1a: Milotic|100/100|[from] move: Wish|[wisher] Blissey
|-weather|Sandstorm|[upkeep]
|-damage|p1a: Milotic|94/100|[from] Sandstorm
|-heal|p1a: Milotic|100/100|[from] item: Leftovers
|-heal|p2a: Metagross|94/100|[from] item: Leftovers
|upkeep
|turn|14
|
|t:|1727810515
|switch|p2a: Zapdos|Zapdos|100/100
|move|p1a: Milotic|Toxic|p2a: Zapdos
|-status|p2a: Zapdos|tox
|
|-weather|Sandstorm|[upkeep]
|-damage|p2a: Zapdos|94/100 tox|[from] Sandstorm
|-damage|p1a: Milotic|94/100|[from] Sandstorm
|-heal|p2a: Zapdos|100/100 tox|[from] item: Leftovers
|-damage|p2a: Zapdos|94/100 tox|[from] psn
|-heal|p1a: Milotic|100/100|[from] item: Leftovers
|upkeep
|turn|15
|
|t:|1727810520
|switch|p1a: Blissey|Blissey, F|76/100
|move|p2a: Zapdos|Baton Pass|p2a: Zapdos
|
|t:|1727810522
|switch|p2a: Swampert|Swampert, M, shiny|75/100|[from] Baton Pass
|-damage|p2a: Swampert|63/100|[from] Spikes
|
|-weather|Sandstorm|[upkeep]
|-damage|p1a: Blissey|70/100|[from] Sandstorm
|-heal|p1a: Blissey|76/100|[from] item: Leftovers
|upkeep
|turn|16
|
|t:|1727810539
|move|p2a: Swampert|Substitute|p2a: Swampert
|-start|p2a: Swampert|Substitute
|-damage|p2a: Swampert|38/100
|move|p1a: Blissey|Seismic Toss|p2a: Swampert
|-end|p2a: Swampert|Substitute
|
|-weather|Sandstorm|[upkeep]
|-damage|p1a: Blissey|70/100|[from] Sandstorm
|-heal|p1a: Blissey|76/100|[from] item: Leftovers
|upkeep
|turn|17
|
|t:|1727810558
|move|p2a: Swampert|Endeavor|p1a: Blissey
|-damage|p1a: Blissey|20/100
|move|p1a: Blissey|Wish|p1a: Blissey
|
|-weather|Sandstorm|[upkeep]
|-damage|p1a: Blissey|14/100|[from] Sandstorm
|-heal|p1a: Blissey|20/100|[from] item: Leftovers
|upkeep
|turn|18
|
|t:|1727810570
|move|p2a: Swampert|Surf|p1a: Blissey
|-crit|p1a: Blissey
|-damage|p1a: Blissey|0 fnt
|faint|p1a: Blissey
|c|☆diegoyuhhi|nooo the crit
|c|☆Yoink 0|yeah thats rough
|inactive|diegoyuhhi has 270 seconds left.
|
|t:|1727810602
|switch|p1a: Dugtrio|Dugtrio, M|100/100
|
|-weather|Sandstorm|[upkeep]
|upkeep
|turn|19
|
|t:|1727810609
|move|p1a: Dugtrio|Earthquake|p2a: Swampert
|-damage|p2a: Swampert|0 fnt
|faint|p2a: Swampert
|
|t:|1727810619
|switch|p2a: Claydol|Claydol|100/100
|
|-weather|Sandstorm|[upkeep]
|upkeep
|turn|20
|
|t:|1727810626
|switch|p1a: Milotic|Milotic, M|100/100
|move|p2a: Claydol|Rapid Spin|p1a: Milotic
|-damage|p1a: Milotic|97/100
|-sideend|p2: Yoink 0|Spikes|[from] move: Rapid Spin|[of] p2a: Claydol
|
|-weather|Sandstorm|[upkeep]
|-damage|p1a: Milotic|91/100|[from] Sandstorm
|-heal|p1a: Milotic|97/100|[from] item: Leftovers
|upkeep
|turn|21
|
|t:|1727810632
|move|p2a: Claydol|Explosion|p1a: Milotic
|-damage|p1a: Milotic|15/100
|faint|p2a: Claydol
|
|t:|1727810642
|switch|p2a: Zapdos|Zapdos|94/100 tox
|
|-weather|Sandstorm|[upkeep]
|-damage|p2a: Zapdos|88/100 tox|[from] Sandstorm
|-damage|p1a: Milotic|9/100|[from] Sandstorm
|-heal|p2a: Zapdos|94/100 tox|[from] item: Leftovers
|-damage|p2a: Zapdos|88/100 tox|[from] psn
|-heal|p1a: Milotic|15/100|[from] item: Leftovers
|upkeep
|turn|22
|
|t:|1727810665
|switch|p1a: Tyranitar|Tyranitar, F|100/100
|move|p2a: Zapdos|Hidden Power|p1a: Tyranitar
|-supereffective|p1a: Tyranitar
|-damage|p1a: Tyranitar|65/100
|
|-weather|Sandstorm|[upkeep]
|-damage|p2a: Zapdos|82/100 tox|[from] Sandstorm
|-heal|p2a: Zapdos|88/100 tox|[from] item: Leftovers
|-damage|p2a: Zapdos|76/100 tox|[from] psn
|-heal|p1a: Tyranitar|71/100|[from] item: Leftovers
|upkeep
|turn|23
|
|t:|1727810674
|move|p2a: Zapdos|Thunder Wave|p1a: Tyranitar
|-status|p1a: Tyranitar|par
|move|p1a: Tyranitar|Earthquake|p2a: Zapdos
|-immune|p2a: Zapdos
|
|-weather|Sandstorm|[upkeep]
|-damage|p2a: Zapdos|70/100 tox|[from] Sandstorm
|-heal|p2a: Zapdos|76/100 tox|[from] item: Leftovers
|-damage|p2a: Zapdos|58/100 tox|[from] psn
|-heal|p1a: Tyranitar|78/100 par|[from] item: Leftovers
|upkeep
|turn|24
|
|t:|1727810678
|switch|p2a: Tyranitar|Tyranitar, F, shiny|100/100
|cant|p1a: Tyranitar|par
|
|-weather|Sandstorm|[upkeep]
|-heal|p1a: Tyranitar|84/100 par|[from] item: Leftovers
|upkeep
|turn|25
|
|t:|1727810685
|move|p2a: Tyranitar|Earthquake|p1a: Tyranitar
|-supereffective|p1a: Tyranitar
|-damage|p1a: Tyranitar|18/100 par
|move|p1a: Tyranitar|Earthquake|p2a: Tyranitar
|-supereffective|p2a: Tyranitar
|-damage|p2a: Tyranitar|42/100
|
|-weather|Sandstorm|[upkeep]
|-heal|p2a: Tyranitar|48/100|[from] item: Leftovers
|-heal|p1a: Tyranitar|24/100 par|[from] item: Leftovers
|upkeep
|turn|26
|
|t:|1727810696
|move|p2a: Tyranitar|Earthquake|p1a: Tyranitar
|-supereffective|p1a: Tyranitar
|-damage|p1a: Tyranitar|0 fnt
|faint|p1a: Tyranitar
|
|t:|1727810700
|switch|p1a: Dugtrio|Dugtrio, M|100/100
|
|-weather|Sandstorm|[upkeep]
|-heal|p2a: Tyranitar|54/100|[from] item: Leftovers
|upkeep
|turn|27
|
|t:|1727810703
|move|p1a: Dugtrio|Earthquake|p2a: Tyranitar
|-supereffective|p2a: Tyranitar
|-damage|p2a: Tyranitar|0 fnt
|faint|p2a: Tyranitar
|
|t:|1727810718
|switch|p2a: Zapdos|Zapdos|58/100 tox
|
|-weather|Sandstorm|[upkeep]
|-damage|p2a: Zapdos|52/100 tox|[from] Sandstorm
|-heal|p2a: Zapdos|58/100 tox|[from] item: Leftovers
|-damage|p2a: Zapdos|52/100 tox|[from] psn
|upkeep
|turn|28
|
|t:|1727810731
|switch|p1a: Milotic|Milotic, M|15/100
|move|p2a: Zapdos|Hidden Power|p1a: Milotic
|-supereffective|p1a: Milotic
|-damage|p1a: Milotic|0 fnt
|faint|p1a: Milotic
|
|t:|1727810753
|switch|p1a: Dugtrio|Dugtrio, M|100/100
|
|-weather|Sandstorm|[upkeep]
|-damage|p2a: Zapdos|46/100 tox|[from] Sandstorm
|-heal|p2a: Zapdos|52/100 tox|[from] item: Leftovers
|-damage|p2a: Zapdos|40/100 tox|[from] psn
|upkeep
|turn|29
|
|t:|1727810758
|move|p1a: Dugtrio|Rock Slide|p2a: Zapdos
|-supereffective|p2a: Zapdos
|-damage|p2a: Zapdos|0 fnt
|faint|p2a: Zapdos
|
|t:|1727810762
|switch|p2a: Metagross|Metagross, shiny|94/100
|
|-weather|Sandstorm|[upkeep]
|-heal|p2a: Metagross|100/100|[from] item: Leftovers
|upkeep
|turn|30
|
|t:|1727810764
|switch|p1a: Claydol|Claydol|66/100
|move|p2a: Metagross|Agility|p2a: Metagross
|-boost|p2a: Metagross|spe|2
|
|-weather|Sandstorm|[upkeep]
|-heal|p1a: Claydol|72/100|[from] item: Leftovers
|upkeep
|turn|31
|
|t:|1727810778
|move|p2a: Metagross|Meteor Mash|p1a: Claydol
|-damage|p1a: Claydol|19/100
|move|p1a: Claydol|Earthquake|p2a: Metagross
|-supereffective|p2a: Metagross
|-crit|p2a: Metagross
|-damage|p2a: Metagross|3/100
|
|-weather|Sandstorm|[upkeep]
|-heal|p2a: Metagross|10/100|[from] item: Leftovers
|-heal|p1a: Claydol|25/100|[from] item: Leftovers
|upkeep
|turn|32
|c|☆Yoink 0|:0
|
|t:|1727810792
|move|p2a: Metagross|Meteor Mash|p1a: Claydol
|-crit|p1a: Claydol
|-damage|p1a: Claydol|0 fnt
|-boost|p2a: Metagross|atk|1
|faint|p1a: Claydol
|c|☆Yoink 0|ggs
|c|☆diegoyuhhi|damn
|c|☆diegoyuhhi|gg
|
|t:|1727810799
|switch|p1a: Dugtrio|Dugtrio, M|100/100
|
|-weather|Sandstorm|[upkeep]
|-heal|p2a: Metagross|16/100|[from] item: Leftovers
|upkeep
|turn|33
|c|☆Yoink 0|gl with future rounds
|c|☆diegoyuhhi|ty
|
|t:|1727810806
|move|p2a: Metagross|Earthquake|p1a: Dugtrio
|-damage|p1a: Dugtrio|0 fnt
|faint|p1a: Dugtrio
|
|win|Yoink 0
|player|p1|

</script>
<script type="application/json" class="data" id="replaydata-smogtours-gen3ou-793813">
{"id":"smogtours-gen3ou-793813","format":"[Gen 3] OU","players":["diegoyuhhi","Yoink 0"],"uploadtime":1727810806,"views":128,"formatid":"gen3ou","rating":null,"private":0,"password":null}
</script>

<script defer src="js/replays.js?9d40a366"></script>
