<!DOCTYPE html>
<meta charset="utf-8" />
<meta name="viewport" content="width=device-width" />

<title>[Gen 3] OU: Violet River vs. dicerat8 - Replays - Pok&eacute;mon Showdown!</title>

<meta name="description" content="Watch a replay of a Pok&eacute;mon battle between Violet River and dicerat8! Format: [Gen 3] OU; Date: Nov 8, 2024" />
<!--

Hey, you! Looking in the source for the replay log?

You can find them in JSON format, just add `.json` at the end of a replay URL.

https://replay.pokemonshowdown.com/gen7randomdoublesbattle-865046831.json

Or, if you only need the log itself, add `.log` instead:

https://replay.pokemonshowdown.com/gen7randomdoublesbattle-865046831.log

-->

<link rel="stylesheet" href="//pokemonshowdown.com/style/global.css?0.023195364461161105" />
<link rel="stylesheet" href="//play.pokemonshowdown.com/style/font-awesome.css?0.13261647063804238" />
<link rel="stylesheet" href="//play.pokemonshowdown.com/style/battle.css?0.8753245789963631" />
<link rel="stylesheet" href="//play.pokemonshowdown.com/style/utilichart.css?0.8627959624976733" />

<!-- Global site tag (gtag.js) - Google Analytics -->
<script async src="https://www.googletagmanager.com/gtag/js?id=UA-26211653-1"></script>
<script>
  window.dataLayer = window.dataLayer || [];
  function gtag(){dataLayer.push(arguments);}
  gtag('js', new Date());

  gtag('config', 'UA-26211653-1');
</script>
<!-- End Google Analytics -->
<!-- Venatus Ad Manager - Install in <HEAD> of page -->
	<script src="https://hb.vntsm.com/v3/live/ad-manager.min.js" type="text/javascript" data-site-id="642aba63ec9a7b11c3c9c1be" data-mode="scan" async></script>
<!-- / Venatus Ad Manager -->

<style>
	@media (max-width:820px) {
		.battle {
			margin: 0 auto;
		}
		.battle-log {
			margin: 7px auto 0;
			max-width: 640px;
			height: 300px;
			position: static;
		}
	}
	.optgroup {
		display: inline-block;
		line-height: 22px;
		font-size: 10pt;
	}
	.optgroup .button {
		height: 25px;
		padding-top: 0;
		padding-bottom: 0;
	}
	.optgroup button.button {
		padding-left: 12px;
		padding-right: 12px;
	}
	.linklist {
		list-style: none;
		margin: 0.5em 0;
		padding: 0;
	}
	.linklist li {
		padding: 2px 0;
	}
	.sidebar {
		float: left;
		width: 320px;
	}
	.bar-wrapper {
		max-width: 1100px;
		margin: 0 auto;
	}
	.bar-wrapper.has-sidebar {
		max-width: 1430px;
	}
	.mainbar {
		margin: 0;
		padding-right: 1px;
	}
	.mainbar.has-sidebar {
		margin-left: 330px;
	}
	@media (min-width: 1511px) {
		.sidebar {
			width: 400px;
		}
		.bar-wrapper.has-sidebar {
			max-width: 1510px;
		}
		.mainbar.has-sidebar {
			margin-left: 410px;
		}
	}
	.section.first-section {
		margin-top: 9px;
	}
	.blocklink small {
		white-space: normal;
	}
	.button {
		vertical-align: middle;
	}
	.replay-controls {
		padding-top: 10px;
	}
	.replay-controls h1 {
		font-size: 16pt;
		font-weight: normal;
		color: #CCC;
	}
	.pagelink {
		text-align: center;
	}
	.pagelink a {
		width: 150px;
	}
	.textbox, .button {
		font-size: 11pt;
		vertical-align: middle;
	}
	@media (max-width: 450px) {
		.button {
			font-size: 9pt;
		}
	}
</style>

<div>

	<header>
		<div class="nav-wrapper"><ul class="nav">
			<li><a class="button nav-first" href="//pokemonshowdown.com/"><img src="//pokemonshowdown.com/images/pokemonshowdownbeta.png" srcset="//pokemonshowdown.com/images/pokemonshowdownbeta.png 1x, //pokemonshowdown.com/images/pokemonshowdownbeta@2x.png 2x" alt="Pok&eacute;mon Showdown" width="146" height="44" /> Home</a></li>
			<li><a class="button" href="//pokemonshowdown.com/dex/">Pok&eacute;dex</a></li>
			<li><a class="button cur" href="/">Replays</a></li>
			<li><a class="button" href="//pokemonshowdown.com/ladder/">Ladder</a></li>
			<li><a class="button nav-last" href="//pokemonshowdown.com/forums/">Forum</a></li>
			<li><a class="button greenbutton nav-first nav-last" href="//play.pokemonshowdown.com/">Play</a></li>
		</ul></div>
	</header>

	<div class="main" id="main">

		<noscript><section class="section">You need to enable JavaScript to use this page; sorry!</section></noscript>

	</div>

</div>

<script defer nomodule src="//play.pokemonshowdown.com/js/lib/ps-polyfill.js"></script>
<script defer src="//play.pokemonshowdown.com/js/lib/preact.min.js"></script>

<script defer src="//play.pokemonshowdown.com/config/config.js?2bddbc15"></script>
<script defer src="//play.pokemonshowdown.com/js/lib/jquery-1.11.0.min.js"></script>
<script defer src="//play.pokemonshowdown.com/js/lib/html-sanitizer-minified.js"></script>
<script defer src="//play.pokemonshowdown.com/js/battle-sound.js"></script>
<script defer src="//play.pokemonshowdown.com/js/battledata.js?0.7209276989879541"></script>
<script defer src="//play.pokemonshowdown.com/data/pokedex-mini.js?0.6111056340867951"></script>
<script defer src="//play.pokemonshowdown.com/data/pokedex-mini-bw.js?0.3532142036491459"></script>
<script defer src="//play.pokemonshowdown.com/data/graphics.js?0.24223875632456182"></script>
<script defer src="//play.pokemonshowdown.com/data/pokedex.js?0.38839984266356864"></script>
<script defer src="//play.pokemonshowdown.com/data/moves.js?0.21866028504024015"></script>
<script defer src="//play.pokemonshowdown.com/data/abilities.js?0.2005157953846628"></script>
<script defer src="//play.pokemonshowdown.com/data/items.js?0.9894211263848525"></script>
<script defer src="//play.pokemonshowdown.com/data/teambuilder-tables.js?0.6008791140282215"></script>
<script defer src="//play.pokemonshowdown.com/js/battle-tooltips.js?0.7580118955022959"></script>
<script defer src="//play.pokemonshowdown.com/js/battle.js?0.6057722274234274"></script>

<script defer src="js/utils.js?e31f9a17"></script>
<script defer src="js/replays-battle.js?7008c182"></script>

<!-- don't scrape this data! just add .json or .log after the URL!
Full API docs: https://github.com/smogon/pokemon-showdown-client/blob/master/WEB-API.md -->
<script type="text/plain" class="log" id="replaylog-smogtours-gen3ou-805215">
|inactive|Battle timer is ON: inactive players will automatically lose when time's up.
|t:|1731058618
|gametype|singles
|player|p1|Violet River|jasmine-masters2|
|player|p2|dicerat8|eusine|
|teamsize|p1|6
|teamsize|p2|6
|gen|3
|tier|[Gen 3] OU
|rule|Sleep Clause Mod: Limit one foe put to sleep
|rule|Switch Priority Clause Mod: Faster Pokémon switch first
|rule|Species Clause: Limit one of each Pokémon
|rule|OHKO Clause: OHKO moves are banned
|rule|Evasion Items Clause: Evasion items are banned
|rule|Evasion Moves Clause: Evasion moves are banned
|rule|Endless Battle Clause: Forcing endless battles is banned
|rule|HP Percentage Mod: HP is shown in percentages
|rule|One Boost Passer Clause: Limit one Baton Passer that has a way to boost its stats
|rule|Freeze Clause Mod: Limit one foe frozen
|
|t:|1731058618
|start
|switch|p1a: Tyranitar|Tyranitar, F|100/100
|switch|p2a: Tyranitar|Tyranitar, M|100/100
|-weather|Sandstorm|[from] ability: Sand Stream|[of] p1a: Tyranitar
|turn|1
|
|t:|1731058625
|switch|p2a: Celebi|Celebi|100/100
|move|p1a: Tyranitar|Earthquake|p2a: Celebi
|-resisted|p2a: Celebi
|-crit|p2a: Celebi
|-damage|p2a: Celebi|67/100
|
|-weather|Sandstorm|[upkeep]
|-damage|p2a: Celebi|61/100|[from] Sandstorm
|-heal|p2a: Celebi|67/100|[from] item: Leftovers
|upkeep
|turn|2
|c|☆Violet River|hf
|inactive|dicerat8 has 270 seconds left.
|
|t:|1731058676
|switch|p2a: Skarmory|Skarmory, F|100/100
|move|p1a: Tyranitar|Rock Slide|p2a: Skarmory
|-damage|p2a: Skarmory|67/100
|
|-weather|Sandstorm|[upkeep]
|-heal|p2a: Skarmory|73/100|[from] item: Leftovers
|upkeep
|turn|3
|
|t:|1731058679
|move|p1a: Tyranitar|Taunt|p2a: Skarmory
|-start|p2a: Skarmory|move: Taunt
|cant|p2a: Skarmory|move: Taunt|Spikes
|
|-weather|Sandstorm|[upkeep]
|-heal|p2a: Skarmory|79/100|[from] item: Leftovers
|upkeep
|turn|4
|
|t:|1731058688
|switch|p2a: Celebi|Celebi|67/100
|move|p1a: Tyranitar|Toxic|p2a: Celebi
|-status|p2a: Celebi|tox
|
|-weather|Sandstorm|[upkeep]
|-damage|p2a: Celebi|61/100 tox|[from] Sandstorm
|-heal|p2a: Celebi|67/100 tox|[from] item: Leftovers
|-damage|p2a: Celebi|61/100 tox|[from] psn
|upkeep
|turn|5
|
|t:|1731058691
|switch|p1a: Skarmory|Skarmory, M|100/100
|move|p2a: Celebi|Giga Drain|p1a: Skarmory
|-resisted|p1a: Skarmory
|-damage|p1a: Skarmory|94/100
|-heal|p2a: Celebi|64/100 tox|[from] drain|[of] p1a: Skarmory
|
|-weather|Sandstorm|[upkeep]
|-damage|p2a: Celebi|58/100 tox|[from] Sandstorm
|-heal|p2a: Celebi|64/100 tox|[from] item: Leftovers
|-damage|p2a: Celebi|52/100 tox|[from] psn
|-heal|p1a: Skarmory|99/100|[from] item: Leftovers
|upkeep
|turn|6
|
|t:|1731058694
|-curestatus|p2a: Celebi|tox|[from] ability: Natural Cure
|switch|p2a: Skarmory|Skarmory, F|79/100
|move|p1a: Skarmory|Spikes|p2a: Skarmory
|-sidestart|p2: dicerat8|Spikes
|
|-weather|Sandstorm|[upkeep]
|-heal|p1a: Skarmory|100/100|[from] item: Leftovers
|-heal|p2a: Skarmory|85/100|[from] item: Leftovers
|upkeep
|turn|7
|
|t:|1731058696
|move|p1a: Skarmory|Taunt|p2a: Skarmory
|-start|p2a: Skarmory|move: Taunt
|cant|p2a: Skarmory|move: Taunt|Spikes
|
|-weather|Sandstorm|[upkeep]
|-heal|p2a: Skarmory|91/100|[from] item: Leftovers
|upkeep
|turn|8
|
|t:|1731058698
|switch|p2a: 56 Miles|Gengar, F|100/100
|move|p1a: Skarmory|Spikes|p2a: 56 Miles
|-sidestart|p2: dicerat8|Spikes
|
|-weather|Sandstorm|[upkeep]
|-damage|p2a: 56 Miles|95/100|[from] Sandstorm
|-heal|p2a: 56 Miles|100/100|[from] item: Leftovers
|upkeep
|turn|9
|
|t:|1731058701
|switch|p1a: Celebi|Celebi|100/100
|move|p2a: 56 Miles|Will-O-Wisp|p1a: Celebi
|-status|p1a: Celebi|brn
|
|-weather|Sandstorm|[upkeep]
|-damage|p2a: 56 Miles|95/100|[from] Sandstorm
|-damage|p1a: Celebi|94/100 brn|[from] Sandstorm
|-heal|p2a: 56 Miles|100/100|[from] item: Leftovers
|-heal|p1a: Celebi|100/100 brn|[from] item: Leftovers
|-damage|p1a: Celebi|88/100 brn|[from] brn
|upkeep
|turn|10
|
|t:|1731058708
|switch|p2a: Skarmory|Skarmory, F|91/100
|-curestatus|p1a: Celebi|brn|[from] ability: Natural Cure
|switch|p1a: Moltres|Moltres|100/100
|
|-weather|Sandstorm|[upkeep]
|-damage|p1a: Moltres|94/100|[from] Sandstorm
|-heal|p1a: Moltres|100/100|[from] item: Leftovers
|-heal|p2a: Skarmory|97/100|[from] item: Leftovers
|upkeep
|turn|11
|
|t:|1731058711
|move|p2a: Skarmory|Protect|p2a: Skarmory
|-singleturn|p2a: Skarmory|Protect
|move|p1a: Moltres|Overheat|p2a: Skarmory
|-activate|p2a: Skarmory|Protect
|
|-weather|Sandstorm|[upkeep]
|-damage|p1a: Moltres|94/100|[from] Sandstorm
|-heal|p1a: Moltres|100/100|[from] item: Leftovers
|-heal|p2a: Skarmory|100/100|[from] item: Leftovers
|upkeep
|turn|12
|
|t:|1731058716
|switch|p2a: Aerodactyl|Aerodactyl, M|100/100
|move|p1a: Moltres|Overheat|p2a: Aerodactyl
|-resisted|p2a: Aerodactyl
|-damage|p2a: Aerodactyl|43/100
|-unboost|p1a: Moltres|spa|2
|
|-weather|Sandstorm|[upkeep]
|-damage|p1a: Moltres|94/100|[from] Sandstorm
|-heal|p1a: Moltres|100/100|[from] item: Leftovers
|upkeep
|turn|13
|
|t:|1731058720
|switch|p1a: Swampert|Swampert, F|100/100
|move|p2a: Aerodactyl|Rock Slide|p1a: Swampert
|-resisted|p1a: Swampert
|-damage|p1a: Swampert|78/100
|
|-weather|Sandstorm|[upkeep]
|-heal|p1a: Swampert|85/100|[from] item: Leftovers
|upkeep
|turn|14
|
|t:|1731058724
|switch|p2a: Skarmory|Skarmory, F|100/100
|switch|p1a: Moltres|Moltres|100/100
|
|-weather|Sandstorm|[upkeep]
|-damage|p1a: Moltres|94/100|[from] Sandstorm
|-heal|p1a: Moltres|100/100|[from] item: Leftovers
|upkeep
|turn|15
|
|t:|1731058729
|move|p2a: Skarmory|Protect|p2a: Skarmory
|-singleturn|p2a: Skarmory|Protect
|move|p1a: Moltres|Overheat|p2a: Skarmory
|-activate|p2a: Skarmory|Protect
|
|-weather|Sandstorm|[upkeep]
|-damage|p1a: Moltres|94/100|[from] Sandstorm
|-heal|p1a: Moltres|100/100|[from] item: Leftovers
|upkeep
|turn|16
|
|t:|1731058735
|switch|p2a: Tyranitar|Tyranitar, M|100/100
|-damage|p2a: Tyranitar|84/100|[from] Spikes
|move|p1a: Moltres|Overheat|p2a: Tyranitar
|-resisted|p2a: Tyranitar
|-damage|p2a: Tyranitar|46/100
|-unboost|p1a: Moltres|spa|2
|
|-weather|Sandstorm|[upkeep]
|-damage|p1a: Moltres|94/100|[from] Sandstorm
|-heal|p1a: Moltres|100/100|[from] item: Leftovers
|-heal|p2a: Tyranitar|52/100|[from] item: Leftovers
|upkeep
|turn|17
|
|t:|1731058738
|switch|p1a: Swampert|Swampert, F|85/100
|move|p2a: Tyranitar|Rock Slide|p1a: Swampert
|-resisted|p1a: Swampert
|-damage|p1a: Swampert|68/100
|
|-weather|Sandstorm|[upkeep]
|-heal|p2a: Tyranitar|58/100|[from] item: Leftovers
|-heal|p1a: Swampert|74/100|[from] item: Leftovers
|upkeep
|turn|18
|
|t:|1731058741
|move|p2a: Tyranitar|Hidden Power|p1a: Swampert
|-supereffective|p1a: Swampert
|-damage|p1a: Swampert|4/100
|move|p1a: Swampert|Hydro Pump|p2a: Tyranitar|[miss]
|-miss|p1a: Swampert|p2a: Tyranitar
|
|-weather|Sandstorm|[upkeep]
|-heal|p2a: Tyranitar|64/100|[from] item: Leftovers
|-heal|p1a: Swampert|11/100|[from] item: Leftovers
|upkeep
|turn|19
|
|t:|1731058752
|move|p2a: Tyranitar|Rock Slide|p1a: Swampert
|-resisted|p1a: Swampert
|-damage|p1a: Swampert|0 fnt
|faint|p1a: Swampert
|
|t:|1731058756
|switch|p1a: Celebi|Celebi|88/100
|
|-weather|Sandstorm|[upkeep]
|-damage|p1a: Celebi|82/100|[from] Sandstorm
|-heal|p1a: Celebi|88/100|[from] item: Leftovers
|-heal|p2a: Tyranitar|71/100|[from] item: Leftovers
|upkeep
|turn|20
|
|t:|1731058763
|switch|p2a: Skarmory|Skarmory, F|100/100
|move|p1a: Celebi|Giga Drain|p2a: Skarmory
|-resisted|p2a: Skarmory
|-damage|p2a: Skarmory|94/100
|-heal|p1a: Celebi|91/100|[from] drain|[of] p2a: Skarmory
|
|-weather|Sandstorm|[upkeep]
|-damage|p1a: Celebi|85/100|[from] Sandstorm
|-heal|p1a: Celebi|91/100|[from] item: Leftovers
|-heal|p2a: Skarmory|99/100|[from] item: Leftovers
|upkeep
|turn|21
|
|t:|1731058768
|switch|p1a: Moltres|Moltres|100/100
|move|p2a: Skarmory|Toxic|p1a: Moltres
|-status|p1a: Moltres|tox
|
|-weather|Sandstorm|[upkeep]
|-damage|p1a: Moltres|94/100 tox|[from] Sandstorm
|-heal|p1a: Moltres|100/100 tox|[from] item: Leftovers
|-damage|p1a: Moltres|94/100 tox|[from] psn
|-heal|p2a: Skarmory|100/100|[from] item: Leftovers
|upkeep
|turn|22
|
|t:|1731058772
|move|p2a: Skarmory|Protect|p2a: Skarmory
|-singleturn|p2a: Skarmory|Protect
|move|p1a: Moltres|Flamethrower|p2a: Skarmory
|-activate|p2a: Skarmory|Protect
|
|-weather|Sandstorm|[upkeep]
|-damage|p1a: Moltres|88/100 tox|[from] Sandstorm
|-heal|p1a: Moltres|94/100 tox|[from] item: Leftovers
|-damage|p1a: Moltres|82/100 tox|[from] psn
|upkeep
|turn|23
|
|t:|1731058776
|move|p1a: Moltres|Overheat|p2a: Skarmory
|-supereffective|p2a: Skarmory
|-damage|p2a: Skarmory|0 fnt
|-unboost|p1a: Moltres|spa|2
|faint|p2a: Skarmory
|
|t:|1731058779
|switch|p2a: 56 Miles|Gengar, F|100/100
|
|-weather|Sandstorm|[upkeep]
|-damage|p2a: 56 Miles|95/100|[from] Sandstorm
|-damage|p1a: Moltres|76/100 tox|[from] Sandstorm
|-heal|p2a: 56 Miles|100/100|[from] item: Leftovers
|-heal|p1a: Moltres|82/100 tox|[from] item: Leftovers
|-damage|p1a: Moltres|63/100 tox|[from] psn
|upkeep
|turn|24
|
|t:|1731058787
|switch|p1a: Celebi|Celebi|91/100
|move|p2a: 56 Miles|Substitute|p2a: 56 Miles
|-start|p2a: 56 Miles|Substitute
|-damage|p2a: 56 Miles|76/100
|
|-weather|Sandstorm|[upkeep]
|-damage|p2a: 56 Miles|70/100|[from] Sandstorm
|-damage|p1a: Celebi|85/100|[from] Sandstorm
|-heal|p2a: 56 Miles|76/100|[from] item: Leftovers
|-heal|p1a: Celebi|91/100|[from] item: Leftovers
|upkeep
|turn|25
|
|t:|1731058790
|move|p2a: 56 Miles|Shadow Ball|p1a: Celebi
|-supereffective|p1a: Celebi
|-damage|p1a: Celebi|42/100
|-unboost|p1a: Celebi|spd|1
|move|p1a: Celebi|Psychic|p2a: 56 Miles
|-supereffective|p2a: 56 Miles
|-end|p2a: 56 Miles|Substitute
|
|-weather|Sandstorm|[upkeep]
|-damage|p2a: 56 Miles|70/100|[from] Sandstorm
|-damage|p1a: Celebi|36/100|[from] Sandstorm
|-heal|p2a: 56 Miles|76/100|[from] item: Leftovers
|-heal|p1a: Celebi|42/100|[from] item: Leftovers
|upkeep
|turn|26
|
|t:|1731058793
|switch|p1a: Skarmory|Skarmory, M|100/100
|move|p2a: 56 Miles|Shadow Ball|p1a: Skarmory
|-resisted|p1a: Skarmory
|-damage|p1a: Skarmory|89/100
|
|-weather|Sandstorm|[upkeep]
|-damage|p2a: 56 Miles|70/100|[from] Sandstorm
|-heal|p2a: 56 Miles|76/100|[from] item: Leftovers
|-heal|p1a: Skarmory|95/100|[from] item: Leftovers
|upkeep
|turn|27
|
|t:|1731058796
|move|p2a: 56 Miles|Will-O-Wisp|p1a: Skarmory
|-status|p1a: Skarmory|brn
|move|p1a: Skarmory|Spikes|p2a: 56 Miles
|-sidestart|p2: dicerat8|Spikes
|
|-weather|Sandstorm|[upkeep]
|-damage|p2a: 56 Miles|70/100|[from] Sandstorm
|-heal|p2a: 56 Miles|76/100|[from] item: Leftovers
|-heal|p1a: Skarmory|100/100 brn|[from] item: Leftovers
|-damage|p1a: Skarmory|88/100 brn|[from] brn
|upkeep
|turn|28
|
|t:|1731058805
|-singleturn|p2a: 56 Miles|move: Focus Punch
|move|p2a: 56 Miles|Focus Punch|p1a: Skarmory
|-damage|p1a: Skarmory|61/100 brn
|move|p1a: Skarmory|Roar|p2a: 56 Miles
|drag|p2a: Celebi|Celebi|52/100
|-damage|p2a: Celebi|27/100|[from] Spikes
|
|-weather|Sandstorm|[upkeep]
|-damage|p2a: Celebi|21/100|[from] Sandstorm
|-heal|p2a: Celebi|27/100|[from] item: Leftovers
|-heal|p1a: Skarmory|67/100 brn|[from] item: Leftovers
|-damage|p1a: Skarmory|55/100 brn|[from] brn
|upkeep
|turn|29
|
|t:|1731058810
|move|p2a: Celebi|Leech Seed|p1a: Skarmory
|-start|p1a: Skarmory|move: Leech Seed
|move|p1a: Skarmory|Roar|p2a: Celebi
|drag|p2a: Aerodactyl|Aerodactyl, M|43/100
|
|-weather|Sandstorm|[upkeep]
|-heal|p1a: Skarmory|61/100 brn|[from] item: Leftovers
|-damage|p1a: Skarmory|49/100 brn|[from] Leech Seed|[of] p2a: Aerodactyl
|-heal|p2a: Aerodactyl|56/100|[silent]
|-damage|p1a: Skarmory|36/100 brn|[from] brn
|upkeep
|turn|30
|
|t:|1731058815
|switch|p2a: 56 Miles|Gengar, F|76/100
|move|p1a: Skarmory|Toxic|p2a: 56 Miles
|-immune|p2a: 56 Miles
|
|-weather|Sandstorm|[upkeep]
|-damage|p2a: 56 Miles|70/100|[from] Sandstorm
|-heal|p2a: 56 Miles|76/100|[from] item: Leftovers
|-heal|p1a: Skarmory|42/100 brn|[from] item: Leftovers
|-damage|p1a: Skarmory|30/100 brn|[from] Leech Seed|[of] p2a: 56 Miles
|-heal|p2a: 56 Miles|91/100|[silent]
|-damage|p1a: Skarmory|18/100 brn|[from] brn
|upkeep
|turn|31
|
|t:|1731058821
|-singleturn|p2a: 56 Miles|move: Focus Punch
|move|p2a: 56 Miles|Focus Punch|p1a: Skarmory
|-damage|p1a: Skarmory|0 fnt
|faint|p1a: Skarmory
|
|t:|1731058824
|switch|p1a: Tyranitar|Tyranitar, F|100/100
|
|-weather|Sandstorm|[upkeep]
|-damage|p2a: 56 Miles|85/100|[from] Sandstorm
|-heal|p2a: 56 Miles|91/100|[from] item: Leftovers
|upkeep
|turn|32
|
|t:|1731058827
|move|p2a: 56 Miles|Will-O-Wisp|p1a: Tyranitar
|-status|p1a: Tyranitar|brn
|move|p1a: Tyranitar|Rock Slide|p2a: 56 Miles
|-damage|p2a: 56 Miles|55/100
|
|-weather|Sandstorm|[upkeep]
|-damage|p2a: 56 Miles|49/100|[from] Sandstorm
|-heal|p2a: 56 Miles|55/100|[from] item: Leftovers
|-damage|p1a: Tyranitar|88/100 brn|[from] brn
|upkeep
|turn|33
|
|t:|1731058833
|switch|p2a: Swampert|Swampert, F|100/100
|-damage|p2a: Swampert|76/100|[from] Spikes
|move|p1a: Tyranitar|Rock Slide|p2a: Swampert
|-resisted|p2a: Swampert
|-damage|p2a: Swampert|66/100
|
|-weather|Sandstorm|[upkeep]
|-heal|p1a: Tyranitar|94/100 brn|[from] item: Leftovers
|-damage|p1a: Tyranitar|82/100 brn|[from] brn
|-heal|p2a: Swampert|72/100|[from] item: Leftovers
|upkeep
|turn|34
|
|t:|1731058838
|move|p1a: Tyranitar|Toxic|p2a: Swampert
|-status|p2a: Swampert|tox
|move|p2a: Swampert|Hydro Pump|p1a: Tyranitar
|-supereffective|p1a: Tyranitar
|-damage|p1a: Tyranitar|5/100 brn
|
|-weather|Sandstorm|[upkeep]
|-heal|p1a: Tyranitar|12/100 brn|[from] item: Leftovers
|-damage|p1a: Tyranitar|0 fnt|[from] brn
|faint|p1a: Tyranitar
|-heal|p2a: Swampert|79/100 tox|[from] item: Leftovers
|-damage|p2a: Swampert|72/100 tox|[from] psn
|upkeep
|
|t:|1731058847
|switch|p1a: Celebi|Celebi|42/100
|turn|35
|
|t:|1731058850
|switch|p2a: Celebi|Celebi|27/100
|-damage|p2a: Celebi|2/100|[from] Spikes
|move|p1a: Celebi|Giga Drain|p2a: Celebi
|-resisted|p2a: Celebi
|-damage|p2a: Celebi|0 fnt
|-heal|p1a: Celebi|43/100|[from] drain|[of] p2a: Celebi
|faint|p2a: Celebi
|
|t:|1731058853
|switch|p2a: 56 Miles|Gengar, F|55/100
|
|-weather|Sandstorm|[upkeep]
|-damage|p2a: 56 Miles|49/100|[from] Sandstorm
|-damage|p1a: Celebi|36/100|[from] Sandstorm
|-heal|p2a: 56 Miles|55/100|[from] item: Leftovers
|-heal|p1a: Celebi|43/100|[from] item: Leftovers
|upkeep
|turn|36
|
|t:|1731058857
|switch|p1a: Jirachi|Jirachi|100/100
|move|p2a: 56 Miles|Shadow Ball|p1a: Jirachi
|-damage|p1a: Jirachi|78/100
|
|-weather|Sandstorm|[upkeep]
|-damage|p2a: 56 Miles|49/100|[from] Sandstorm
|-heal|p2a: 56 Miles|55/100|[from] item: Leftovers
|-heal|p1a: Jirachi|84/100|[from] item: Leftovers
|upkeep
|turn|37
|
|t:|1731058866
|switch|p2a: Swampert|Swampert, F|72/100 tox
|-damage|p2a: Swampert|47/100 tox|[from] Spikes
|switch|p1a: Moltres|Moltres|63/100 tox
|
|-weather|Sandstorm|[upkeep]
|-damage|p1a: Moltres|57/100 tox|[from] Sandstorm
|-heal|p1a: Moltres|63/100 tox|[from] item: Leftovers
|-damage|p1a: Moltres|57/100 tox|[from] psn
|-heal|p2a: Swampert|54/100 tox|[from] item: Leftovers
|-damage|p2a: Swampert|47/100 tox|[from] psn
|upkeep
|turn|38
|
|t:|1731058870
|move|p1a: Moltres|Hidden Power|p2a: Swampert
|-supereffective|p2a: Swampert
|-damage|p2a: Swampert|0 fnt
|faint|p2a: Swampert
|
|t:|1731058880
|switch|p2a: 56 Miles|Gengar, F|55/100
|
|-weather|Sandstorm|[upkeep]
|-damage|p2a: 56 Miles|49/100|[from] Sandstorm
|-damage|p1a: Moltres|51/100 tox|[from] Sandstorm
|-heal|p2a: 56 Miles|55/100|[from] item: Leftovers
|-heal|p1a: Moltres|57/100 tox|[from] item: Leftovers
|-damage|p1a: Moltres|44/100 tox|[from] psn
|upkeep
|turn|39
|
|t:|1731058888
|move|p2a: 56 Miles|Substitute|p2a: 56 Miles
|-start|p2a: 56 Miles|Substitute
|-damage|p2a: 56 Miles|30/100
|move|p1a: Moltres|Flamethrower|p2a: 56 Miles
|-end|p2a: 56 Miles|Substitute
|
|-weather|Sandstorm|[upkeep]
|-damage|p2a: 56 Miles|24/100|[from] Sandstorm
|-damage|p1a: Moltres|38/100 tox|[from] Sandstorm
|-heal|p2a: 56 Miles|30/100|[from] item: Leftovers
|-heal|p1a: Moltres|44/100 tox|[from] item: Leftovers
|-damage|p1a: Moltres|26/100 tox|[from] psn
|upkeep
|turn|40
|
|t:|1731058903
|switch|p1a: Jirachi|Jirachi|84/100
|move|p2a: 56 Miles|Shadow Ball|p1a: Jirachi
|-damage|p1a: Jirachi|62/100
|
|-weather|Sandstorm|[upkeep]
|-damage|p2a: 56 Miles|24/100|[from] Sandstorm
|-heal|p2a: 56 Miles|30/100|[from] item: Leftovers
|-heal|p1a: Jirachi|68/100|[from] item: Leftovers
|upkeep
|turn|41
|
|t:|1731058910
|move|p2a: 56 Miles|Will-O-Wisp|p1a: Jirachi
|-status|p1a: Jirachi|brn
|move|p1a: Jirachi|Thunderbolt|p2a: 56 Miles
|-damage|p2a: 56 Miles|0 fnt
|faint|p2a: 56 Miles
|
|t:|1731058913
|switch|p2a: Tyranitar|Tyranitar, M|71/100
|-damage|p2a: Tyranitar|46/100|[from] Spikes
|
|-weather|Sandstorm|[upkeep]
|-heal|p1a: Jirachi|74/100 brn|[from] item: Leftovers
|-damage|p1a: Jirachi|62/100 brn|[from] brn
|-heal|p2a: Tyranitar|52/100|[from] item: Leftovers
|upkeep
|turn|42
|
|t:|1731058918
|switch|p1a: Moltres|Moltres|26/100 tox
|move|p2a: Tyranitar|Flamethrower|p1a: Moltres
|-resisted|p1a: Moltres
|-damage|p1a: Moltres|9/100 tox
|
|-weather|Sandstorm|[upkeep]
|-damage|p1a: Moltres|2/100 tox|[from] Sandstorm
|-heal|p1a: Moltres|9/100 tox|[from] item: Leftovers
|-damage|p1a: Moltres|2/100 tox|[from] psn
|-heal|p2a: Tyranitar|58/100|[from] item: Leftovers
|upkeep
|turn|43
|
|t:|1731058925
|switch|p2a: Aerodactyl|Aerodactyl, M|56/100
|move|p1a: Moltres|Overheat|p2a: Aerodactyl
|-resisted|p2a: Aerodactyl
|-damage|p2a: Aerodactyl|2/100
|-unboost|p1a: Moltres|spa|2
|
|-weather|Sandstorm|[upkeep]
|-damage|p1a: Moltres|0 fnt|[from] Sandstorm
|faint|p1a: Moltres
|upkeep
|c|☆Violet River|man
|c|☆Violet River|tough roll
|
|t:|1731058938
|switch|p1a: Jirachi|Jirachi|62/100 brn
|turn|44
|
|t:|1731058941
|switch|p1a: Celebi|Celebi|43/100
|move|p2a: Aerodactyl|Earthquake|p1a: Celebi
|-resisted|p1a: Celebi
|-damage|p1a: Celebi|24/100
|
|-weather|Sandstorm|[upkeep]
|-damage|p1a: Celebi|18/100|[from] Sandstorm
|-heal|p1a: Celebi|24/100|[from] item: Leftovers
|upkeep
|turn|45
|
|t:|1731058953
|move|p2a: Aerodactyl|Earthquake|p1a: Celebi
|-resisted|p1a: Celebi
|-damage|p1a: Celebi|6/100
|move|p1a: Celebi|Giga Drain|p2a: Aerodactyl
|-damage|p2a: Aerodactyl|0 fnt
|-heal|p1a: Celebi|7/100|[from] drain|[of] p2a: Aerodactyl
|faint|p2a: Aerodactyl
|
|t:|1731058956
|switch|p2a: Tyranitar|Tyranitar, M|58/100
|-damage|p2a: Tyranitar|33/100|[from] Spikes
|
|-weather|Sandstorm|[upkeep]
|-damage|p1a: Celebi|0 fnt|[from] Sandstorm
|faint|p1a: Celebi
|-heal|p2a: Tyranitar|40/100|[from] item: Leftovers
|upkeep
|
|t:|1731058958
|switch|p1a: Jirachi|Jirachi|62/100 brn
|turn|46
|
|t:|1731058966
|move|p1a: Jirachi|Ice Punch|p2a: Tyranitar
|-damage|p2a: Tyranitar|21/100
|move|p2a: Tyranitar|Earthquake|p1a: Jirachi
|-supereffective|p1a: Jirachi
|-damage|p1a: Jirachi|1/100 brn
|
|-weather|Sandstorm|[upkeep]
|-heal|p1a: Jirachi|8/100 brn|[from] item: Leftovers
|-damage|p1a: Jirachi|0 fnt|[from] brn
|faint|p1a: Jirachi
|
|win|dicerat8
|upkeep
|c|☆dicerat8|ggwp
|c|☆Violet River|ig

</script>
<script type="application/json" class="data" id="replaydata-smogtours-gen3ou-805215">
{"id":"smogtours-gen3ou-805215","format":"[Gen 3] OU","players":["Violet River","dicerat8"],"uploadtime":1731058966,"views":93,"formatid":"gen3ou","rating":null,"private":0,"password":null}
</script>

<script defer src="js/replays.js?9d40a366"></script>
