<!DOCTYPE html>
<meta charset="utf-8" />
<meta name="viewport" content="width=device-width" />

<title>[Gen 3] OU: 3 blades vs. prof clue - Replays - Pok&eacute;mon Showdown!</title>

<meta name="description" content="Watch a replay of a Pok&eacute;mon battle between 3 blades and prof clue! Format: [Gen 3] OU; Date: Oct 18, 2024" />
<!--

Hey, you! Looking in the source for the replay log?

You can find them in JSON format, just add `.json` at the end of a replay URL.

https://replay.pokemonshowdown.com/gen7randomdoublesbattle-865046831.json

Or, if you only need the log itself, add `.log` instead:

https://replay.pokemonshowdown.com/gen7randomdoublesbattle-865046831.log

-->

<link rel="stylesheet" href="//pokemonshowdown.com/style/global.css?0.023195364461161105" />
<link rel="stylesheet" href="//play.pokemonshowdown.com/style/font-awesome.css?0.13261647063804238" />
<link rel="stylesheet" href="//play.pokemonshowdown.com/style/battle.css?0.8753245789963631" />
<link rel="stylesheet" href="//play.pokemonshowdown.com/style/utilichart.css?0.8627959624976733" />

<!-- Global site tag (gtag.js) - Google Analytics -->
<script async src="https://www.googletagmanager.com/gtag/js?id=UA-26211653-1"></script>
<script>
  window.dataLayer = window.dataLayer || [];
  function gtag(){dataLayer.push(arguments);}
  gtag('js', new Date());

  gtag('config', 'UA-26211653-1');
</script>
<!-- End Google Analytics -->
<!-- Venatus Ad Manager - Install in <HEAD> of page -->
	<script src="https://hb.vntsm.com/v3/live/ad-manager.min.js" type="text/javascript" data-site-id="642aba63ec9a7b11c3c9c1be" data-mode="scan" async></script>
<!-- / Venatus Ad Manager -->

<style>
	@media (max-width:820px) {
		.battle {
			margin: 0 auto;
		}
		.battle-log {
			margin: 7px auto 0;
			max-width: 640px;
			height: 300px;
			position: static;
		}
	}
	.optgroup {
		display: inline-block;
		line-height: 22px;
		font-size: 10pt;
	}
	.optgroup .button {
		height: 25px;
		padding-top: 0;
		padding-bottom: 0;
	}
	.optgroup button.button {
		padding-left: 12px;
		padding-right: 12px;
	}
	.linklist {
		list-style: none;
		margin: 0.5em 0;
		padding: 0;
	}
	.linklist li {
		padding: 2px 0;
	}
	.sidebar {
		float: left;
		width: 320px;
	}
	.bar-wrapper {
		max-width: 1100px;
		margin: 0 auto;
	}
	.bar-wrapper.has-sidebar {
		max-width: 1430px;
	}
	.mainbar {
		margin: 0;
		padding-right: 1px;
	}
	.mainbar.has-sidebar {
		margin-left: 330px;
	}
	@media (min-width: 1511px) {
		.sidebar {
			width: 400px;
		}
		.bar-wrapper.has-sidebar {
			max-width: 1510px;
		}
		.mainbar.has-sidebar {
			margin-left: 410px;
		}
	}
	.section.first-section {
		margin-top: 9px;
	}
	.blocklink small {
		white-space: normal;
	}
	.button {
		vertical-align: middle;
	}
	.replay-controls {
		padding-top: 10px;
	}
	.replay-controls h1 {
		font-size: 16pt;
		font-weight: normal;
		color: #CCC;
	}
	.pagelink {
		text-align: center;
	}
	.pagelink a {
		width: 150px;
	}
	.textbox, .button {
		font-size: 11pt;
		vertical-align: middle;
	}
	@media (max-width: 450px) {
		.button {
			font-size: 9pt;
		}
	}
</style>

<div>

	<header>
		<div class="nav-wrapper"><ul class="nav">
			<li><a class="button nav-first" href="//pokemonshowdown.com/"><img src="//pokemonshowdown.com/images/pokemonshowdownbeta.png" srcset="//pokemonshowdown.com/images/pokemonshowdownbeta.png 1x, //pokemonshowdown.com/images/pokemonshowdownbeta@2x.png 2x" alt="Pok&eacute;mon Showdown" width="146" height="44" /> Home</a></li>
			<li><a class="button" href="//pokemonshowdown.com/dex/">Pok&eacute;dex</a></li>
			<li><a class="button cur" href="/">Replays</a></li>
			<li><a class="button" href="//pokemonshowdown.com/ladder/">Ladder</a></li>
			<li><a class="button nav-last" href="//pokemonshowdown.com/forums/">Forum</a></li>
			<li><a class="button greenbutton nav-first nav-last" href="//play.pokemonshowdown.com/">Play</a></li>
		</ul></div>
	</header>

	<div class="main" id="main">

		<noscript><section class="section">You need to enable JavaScript to use this page; sorry!</section></noscript>

	</div>

</div>

<script defer nomodule src="//play.pokemonshowdown.com/js/lib/ps-polyfill.js"></script>
<script defer src="//play.pokemonshowdown.com/js/lib/preact.min.js"></script>

<script defer src="//play.pokemonshowdown.com/config/config.js?2bddbc15"></script>
<script defer src="//play.pokemonshowdown.com/js/lib/jquery-1.11.0.min.js"></script>
<script defer src="//play.pokemonshowdown.com/js/lib/html-sanitizer-minified.js"></script>
<script defer src="//play.pokemonshowdown.com/js/battle-sound.js"></script>
<script defer src="//play.pokemonshowdown.com/js/battledata.js?0.7209276989879541"></script>
<script defer src="//play.pokemonshowdown.com/data/pokedex-mini.js?0.6111056340867951"></script>
<script defer src="//play.pokemonshowdown.com/data/pokedex-mini-bw.js?0.3532142036491459"></script>
<script defer src="//play.pokemonshowdown.com/data/graphics.js?0.24223875632456182"></script>
<script defer src="//play.pokemonshowdown.com/data/pokedex.js?0.38839984266356864"></script>
<script defer src="//play.pokemonshowdown.com/data/moves.js?0.21866028504024015"></script>
<script defer src="//play.pokemonshowdown.com/data/abilities.js?0.2005157953846628"></script>
<script defer src="//play.pokemonshowdown.com/data/items.js?0.9894211263848525"></script>
<script defer src="//play.pokemonshowdown.com/data/teambuilder-tables.js?0.6008791140282215"></script>
<script defer src="//play.pokemonshowdown.com/js/battle-tooltips.js?0.7580118955022959"></script>
<script defer src="//play.pokemonshowdown.com/js/battle.js?0.6057722274234274"></script>

<script defer src="js/utils.js?e31f9a17"></script>
<script defer src="js/replays-battle.js?7008c182"></script>

<!-- don't scrape this data! just add .json or .log after the URL!
Full API docs: https://github.com/smogon/pokemon-showdown-client/blob/master/WEB-API.md -->
<script type="text/plain" class="log" id="replaylog-smogtours-gen3ou-799736">
|inactive|Battle timer is ON: inactive players will automatically lose when time's up.
|t:|1729289676
|gametype|singles
|player|p1|3 blades|guzma|
|player|p2|prof clue|ruinmaniac-gen3rs|
|teamsize|p1|6
|teamsize|p2|6
|gen|3
|tier|[Gen 3] OU
|rule|Sleep Clause Mod: Limit one foe put to sleep
|rule|Switch Priority Clause Mod: Faster Pokémon switch first
|rule|Species Clause: Limit one of each Pokémon
|rule|OHKO Clause: OHKO moves are banned
|rule|Evasion Items Clause: Evasion items are banned
|rule|Evasion Moves Clause: Evasion moves are banned
|rule|Endless Battle Clause: Forcing endless battles is banned
|rule|HP Percentage Mod: HP is shown in percentages
|rule|One Boost Passer Clause: Limit one Baton Passer that has a way to boost its stats
|rule|Freeze Clause Mod: Limit one foe frozen
|
|t:|1729289676
|start
|switch|p1a: CRAZY DIAMOND|Tyranitar, F|100/100
|switch|p2a: acute|Zapdos|100/100
|-weather|Sandstorm|[from] ability: Sand Stream|[of] p1a: CRAZY DIAMOND
|turn|1
|c|☆3 blades|hf
|inactive|3 blades has 270 seconds left.
|c|☆prof clue|same, lets finish this strong
|
|t:|1729289706
|-singleturn|p1a: CRAZY DIAMOND|move: Focus Punch
|move|p2a: acute|Baton Pass|p2a: acute
|
|t:|1729289728
|switch|p2a: goblin|Claydol|100/100|[from] Baton Pass
|move|p1a: CRAZY DIAMOND|Focus Punch|p2a: goblin
|-resisted|p2a: goblin
|-damage|p2a: goblin|70/100
|
|-weather|Sandstorm|[upkeep]
|-heal|p2a: goblin|76/100|[from] item: Leftovers
|upkeep
|turn|2
|
|t:|1729289737
|switch|p1a: SILVER CHARIOT|Skarmory, F|100/100
|move|p2a: goblin|Earthquake|p1a: SILVER CHARIOT
|-immune|p1a: SILVER CHARIOT
|
|-weather|Sandstorm|[upkeep]
|-heal|p2a: goblin|83/100|[from] item: Leftovers
|upkeep
|turn|3
|
|t:|1729289747
|switch|p2a: feeling lucky?|Jirachi|100/100
|move|p1a: SILVER CHARIOT|Spikes|p2a: feeling lucky?
|-sidestart|p2: prof clue|Spikes
|
|-weather|Sandstorm|[upkeep]
|upkeep
|turn|4
|
|t:|1729289755
|switch|p1a: LOVE DELUXE|Blissey, F|100/100
|move|p2a: feeling lucky?|Fire Punch|p1a: LOVE DELUXE
|-damage|p1a: LOVE DELUXE|92/100
|
|-weather|Sandstorm|[upkeep]
|-damage|p1a: LOVE DELUXE|86/100|[from] Sandstorm
|-heal|p1a: LOVE DELUXE|92/100|[from] item: Leftovers
|upkeep
|turn|5
|
|t:|1729289771
|switch|p2a: so perty|Swampert, F|100/100
|-damage|p2a: so perty|88/100|[from] Spikes
|move|p1a: LOVE DELUXE|Fire Blast|p2a: so perty
|-resisted|p2a: so perty
|-damage|p2a: so perty|77/100
|
|-weather|Sandstorm|[upkeep]
|-damage|p1a: LOVE DELUXE|86/100|[from] Sandstorm
|-heal|p1a: LOVE DELUXE|92/100|[from] item: Leftovers
|-heal|p2a: so perty|83/100|[from] item: Leftovers
|upkeep
|turn|6
|
|t:|1729289784
|move|p1a: LOVE DELUXE|Toxic|p2a: so perty
|-status|p2a: so perty|tox
|move|p2a: so perty|Earthquake|p1a: LOVE DELUXE
|-damage|p1a: LOVE DELUXE|55/100
|
|-weather|Sandstorm|[upkeep]
|-damage|p1a: LOVE DELUXE|49/100|[from] Sandstorm
|-heal|p1a: LOVE DELUXE|55/100|[from] item: Leftovers
|-heal|p2a: so perty|89/100 tox|[from] item: Leftovers
|-damage|p2a: so perty|83/100 tox|[from] psn
|upkeep
|turn|7
|
|t:|1729289796
|switch|p2a: me and the boys|Dugtrio, M|100/100
|-damage|p2a: me and the boys|88/100|[from] Spikes
|move|p1a: LOVE DELUXE|Soft-Boiled|p1a: LOVE DELUXE
|-heal|p1a: LOVE DELUXE|100/100
|
|-weather|Sandstorm|[upkeep]
|-damage|p1a: LOVE DELUXE|94/100|[from] Sandstorm
|-heal|p1a: LOVE DELUXE|100/100|[from] item: Leftovers
|upkeep
|turn|8
|
|t:|1729289805
|move|p2a: me and the boys|Earthquake|p1a: LOVE DELUXE
|-damage|p1a: LOVE DELUXE|40/100
|move|p1a: LOVE DELUXE|Ice Beam|p2a: me and the boys
|-supereffective|p2a: me and the boys
|-damage|p2a: me and the boys|0 fnt
|faint|p2a: me and the boys
|
|t:|1729289812
|switch|p2a: goblin|Claydol|83/100
|
|-weather|Sandstorm|[upkeep]
|-damage|p1a: LOVE DELUXE|34/100|[from] Sandstorm
|-heal|p2a: goblin|89/100|[from] item: Leftovers
|-heal|p1a: LOVE DELUXE|40/100|[from] item: Leftovers
|upkeep
|turn|9
|
|t:|1729289820
|switch|p1a: SILVER CHARIOT|Skarmory, F|100/100
|move|p2a: goblin|Earthquake|p1a: SILVER CHARIOT
|-immune|p1a: SILVER CHARIOT
|
|-weather|Sandstorm|[upkeep]
|-heal|p2a: goblin|95/100|[from] item: Leftovers
|upkeep
|turn|10
|
|t:|1729289827
|move|p2a: goblin|Rapid Spin|p1a: SILVER CHARIOT
|-resisted|p1a: SILVER CHARIOT
|-damage|p1a: SILVER CHARIOT|99/100
|-sideend|p2: prof clue|Spikes|[from] move: Rapid Spin|[of] p2a: goblin
|move|p1a: SILVER CHARIOT|Toxic|p2a: goblin
|-status|p2a: goblin|tox
|
|-weather|Sandstorm|[upkeep]
|-heal|p2a: goblin|100/100 tox|[from] item: Leftovers
|-damage|p2a: goblin|94/100 tox|[from] psn
|-heal|p1a: SILVER CHARIOT|100/100|[from] item: Leftovers
|upkeep
|turn|11
|
|t:|1729289856
|switch|p2a: acute|Zapdos|100/100
|move|p1a: SILVER CHARIOT|Spikes|p2a: acute
|-sidestart|p2: prof clue|Spikes
|
|-weather|Sandstorm|[upkeep]
|-damage|p2a: acute|94/100|[from] Sandstorm
|-heal|p2a: acute|100/100|[from] item: Leftovers
|upkeep
|turn|12
|inactive|3 blades has 270 seconds left.
|inactive|3 blades has 240 seconds left.
|
|t:|1729289923
|move|p2a: acute|Thunderbolt|p1a: SILVER CHARIOT
|-supereffective|p1a: SILVER CHARIOT
|-damage|p1a: SILVER CHARIOT|0 fnt
|faint|p1a: SILVER CHARIOT
|
|t:|1729289927
|switch|p1a: LOVE DELUXE|Blissey, F|40/100
|
|-weather|Sandstorm|[upkeep]
|-damage|p2a: acute|94/100|[from] Sandstorm
|-damage|p1a: LOVE DELUXE|34/100|[from] Sandstorm
|-heal|p2a: acute|100/100|[from] item: Leftovers
|-heal|p1a: LOVE DELUXE|40/100|[from] item: Leftovers
|upkeep
|turn|13
|inactive|prof clue has 270 seconds left.
|
|t:|1729289955
|move|p2a: acute|Substitute|p2a: acute
|-start|p2a: acute|Substitute
|-damage|p2a: acute|76/100
|move|p1a: LOVE DELUXE|Soft-Boiled|p1a: LOVE DELUXE
|-heal|p1a: LOVE DELUXE|90/100
|
|-weather|Sandstorm|[upkeep]
|-damage|p2a: acute|69/100|[from] Sandstorm
|-damage|p1a: LOVE DELUXE|84/100|[from] Sandstorm
|-heal|p2a: acute|76/100|[from] item: Leftovers
|-heal|p1a: LOVE DELUXE|90/100|[from] item: Leftovers
|upkeep
|turn|14
|inactive|prof clue has 270 seconds left.
|
|t:|1729289965
|move|p2a: acute|Baton Pass|p2a: acute
|
|t:|1729289968
|switch|p2a: small dog|Suicune|100/100|[from] Baton Pass
|-damage|p2a: small dog|88/100|[from] Spikes
|move|p1a: LOVE DELUXE|Ice Beam|p2a: small dog
|-resisted|p2a: small dog
|-activate|p2a: small dog|Substitute|[damage]
|
|-weather|Sandstorm|[upkeep]
|-damage|p2a: small dog|82/100|[from] Sandstorm
|-damage|p1a: LOVE DELUXE|84/100|[from] Sandstorm
|-heal|p2a: small dog|88/100|[from] item: Leftovers
|-heal|p1a: LOVE DELUXE|90/100|[from] item: Leftovers
|upkeep
|turn|15
|inactive|3 blades has 240 seconds left.
|inactive|3 blades has 210 seconds left.
|
|t:|1729290023
|switch|p1a: WONDER OF U|Gengar, F|100/100
|move|p2a: small dog|Calm Mind|p2a: small dog
|-boost|p2a: small dog|spa|1
|-boost|p2a: small dog|spd|1
|
|-weather|Sandstorm|[upkeep]
|-damage|p1a: WONDER OF U|94/100|[from] Sandstorm
|-damage|p2a: small dog|82/100|[from] Sandstorm
|-heal|p1a: WONDER OF U|100/100|[from] item: Leftovers
|-heal|p2a: small dog|88/100|[from] item: Leftovers
|upkeep
|turn|16
|inactive|prof clue has 270 seconds left.
|
|t:|1729290058
|move|p1a: WONDER OF U|Giga Drain|p2a: small dog
|-supereffective|p2a: small dog
|-end|p2a: small dog|Substitute
|move|p2a: small dog|Calm Mind|p2a: small dog
|-boost|p2a: small dog|spa|1
|-boost|p2a: small dog|spd|1
|
|-weather|Sandstorm|[upkeep]
|-damage|p1a: WONDER OF U|94/100|[from] Sandstorm
|-damage|p2a: small dog|82/100|[from] Sandstorm
|-heal|p1a: WONDER OF U|100/100|[from] item: Leftovers
|-heal|p2a: small dog|88/100|[from] item: Leftovers
|upkeep
|turn|17
|
|t:|1729290068
|move|p1a: WONDER OF U|Explosion|p2a: small dog
|-damage|p2a: small dog|24/100
|faint|p1a: WONDER OF U
|
|t:|1729290071
|switch|p1a: HIGHWAY STAR|Starmie|100/100
|
|-weather|Sandstorm|[upkeep]
|-damage|p1a: HIGHWAY STAR|94/100|[from] Sandstorm
|-damage|p2a: small dog|18/100|[from] Sandstorm
|-heal|p1a: HIGHWAY STAR|100/100|[from] item: Leftovers
|-heal|p2a: small dog|24/100|[from] item: Leftovers
|upkeep
|turn|18
|
|t:|1729290079
|move|p1a: HIGHWAY STAR|Thunderbolt|p2a: small dog
|-supereffective|p2a: small dog
|-damage|p2a: small dog|0 fnt
|faint|p2a: small dog
|
|t:|1729290088
|switch|p2a: goblin|Claydol|94/100 tox
|
|-weather|Sandstorm|[upkeep]
|-damage|p1a: HIGHWAY STAR|94/100|[from] Sandstorm
|-heal|p1a: HIGHWAY STAR|100/100|[from] item: Leftovers
|-heal|p2a: goblin|100/100 tox|[from] item: Leftovers
|-damage|p2a: goblin|94/100 tox|[from] psn
|upkeep
|turn|19
|inactive|prof clue has 270 seconds left.
|
|t:|1729290102
|switch|p1a: STAR PLATINUM|Swampert, F|100/100
|move|p2a: goblin|Explosion|p1a: STAR PLATINUM
|-damage|p1a: STAR PLATINUM|6/100
|faint|p2a: goblin
|
|t:|1729290109
|switch|p2a: acute|Zapdos|76/100
|
|-weather|Sandstorm|[upkeep]
|-damage|p2a: acute|69/100|[from] Sandstorm
|-heal|p2a: acute|76/100|[from] item: Leftovers
|-heal|p1a: STAR PLATINUM|12/100|[from] item: Leftovers
|upkeep
|turn|20
|inactive|prof clue has 270 seconds left.
|inactive|3 blades has 240 seconds left.
|inactive|prof clue has 240 seconds left.
|inactive|3 blades has 210 seconds left.
|inactive|3 blades has 180 seconds left.
|
|t:|1729290197
|move|p2a: acute|Substitute|p2a: acute
|-start|p2a: acute|Substitute
|-damage|p2a: acute|51/100
|move|p1a: STAR PLATINUM|Ice Beam|p2a: acute
|-supereffective|p2a: acute
|-end|p2a: acute|Substitute
|
|-weather|Sandstorm|[upkeep]
|-damage|p2a: acute|45/100|[from] Sandstorm
|-heal|p2a: acute|51/100|[from] item: Leftovers
|-heal|p1a: STAR PLATINUM|18/100|[from] item: Leftovers
|upkeep
|turn|21
|inactive|3 blades has 180 seconds left.
|
|t:|1729290209
|switch|p1a: LOVE DELUXE|Blissey, F|90/100
|move|p2a: acute|Hidden Power|p1a: LOVE DELUXE
|-damage|p1a: LOVE DELUXE|80/100
|
|-weather|Sandstorm|[upkeep]
|-damage|p2a: acute|45/100|[from] Sandstorm
|-damage|p1a: LOVE DELUXE|74/100|[from] Sandstorm
|-heal|p2a: acute|51/100|[from] item: Leftovers
|-heal|p1a: LOVE DELUXE|80/100|[from] item: Leftovers
|upkeep
|turn|22
|
|t:|1729290224
|switch|p2a: so perty|Swampert, F|83/100 tox
|-damage|p2a: so perty|71/100 tox|[from] Spikes
|move|p1a: LOVE DELUXE|Ice Beam|p2a: so perty
|-damage|p2a: so perty|53/100 tox
|
|-weather|Sandstorm|[upkeep]
|-damage|p1a: LOVE DELUXE|74/100|[from] Sandstorm
|-heal|p1a: LOVE DELUXE|80/100|[from] item: Leftovers
|-heal|p2a: so perty|59/100 tox|[from] item: Leftovers
|-damage|p2a: so perty|53/100 tox|[from] psn
|upkeep
|turn|23
|inactive|3 blades has 180 seconds left.
|
|t:|1729290248
|move|p1a: LOVE DELUXE|Ice Beam|p2a: so perty
|-damage|p2a: so perty|33/100 tox
|move|p2a: so perty|Earthquake|p1a: LOVE DELUXE
|-damage|p1a: LOVE DELUXE|38/100
|
|-weather|Sandstorm|[upkeep]
|-damage|p1a: LOVE DELUXE|32/100|[from] Sandstorm
|-heal|p1a: LOVE DELUXE|38/100|[from] item: Leftovers
|-heal|p2a: so perty|40/100 tox|[from] item: Leftovers
|-damage|p2a: so perty|27/100 tox|[from] psn
|upkeep
|turn|24
|inactive|3 blades has 180 seconds left.
|
|t:|1729290259
|move|p1a: LOVE DELUXE|Soft-Boiled|p1a: LOVE DELUXE
|-heal|p1a: LOVE DELUXE|88/100
|move|p2a: so perty|Hydro Pump|p1a: LOVE DELUXE
|-damage|p1a: LOVE DELUXE|66/100
|
|-weather|Sandstorm|[upkeep]
|-damage|p1a: LOVE DELUXE|60/100|[from] Sandstorm
|-heal|p1a: LOVE DELUXE|66/100|[from] item: Leftovers
|-heal|p2a: so perty|33/100 tox|[from] item: Leftovers
|-damage|p2a: so perty|15/100 tox|[from] psn
|upkeep
|turn|25
|inactive|3 blades has 180 seconds left.
|
|t:|1729290282
|move|p1a: LOVE DELUXE|Ice Beam|p2a: so perty
|-damage|p2a: so perty|0 fnt
|faint|p2a: so perty
|
|t:|1729290285
|switch|p2a: feeling lucky?|Jirachi|100/100
|-damage|p2a: feeling lucky?|88/100|[from] Spikes
|
|-weather|Sandstorm|[upkeep]
|-damage|p1a: LOVE DELUXE|60/100|[from] Sandstorm
|-heal|p2a: feeling lucky?|94/100|[from] item: Leftovers
|-heal|p1a: LOVE DELUXE|66/100|[from] item: Leftovers
|upkeep
|turn|26
|inactive|prof clue has 240 seconds left.
|
|t:|1729290293
|switch|p1a: CRAZY DIAMOND|Tyranitar, F|100/100
|move|p2a: feeling lucky?|Calm Mind|p2a: feeling lucky?
|-boost|p2a: feeling lucky?|spa|1
|-boost|p2a: feeling lucky?|spd|1
|
|-weather|Sandstorm|[upkeep]
|-heal|p2a: feeling lucky?|100/100|[from] item: Leftovers
|upkeep
|turn|27
|inactive|prof clue has 240 seconds left.
|
|t:|1729290314
|move|p2a: feeling lucky?|Calm Mind|p2a: feeling lucky?
|-boost|p2a: feeling lucky?|spa|1
|-boost|p2a: feeling lucky?|spd|1
|move|p1a: CRAZY DIAMOND|Earthquake|p2a: feeling lucky?
|-supereffective|p2a: feeling lucky?
|-damage|p2a: feeling lucky?|17/100
|
|-weather|Sandstorm|[upkeep]
|-heal|p2a: feeling lucky?|23/100|[from] item: Leftovers
|upkeep
|turn|28
|
|t:|1729290329
|move|p2a: feeling lucky?|Hidden Power|p1a: CRAZY DIAMOND
|-supereffective|p1a: CRAZY DIAMOND
|-damage|p1a: CRAZY DIAMOND|28/100
|move|p1a: CRAZY DIAMOND|Earthquake|p2a: feeling lucky?
|-supereffective|p2a: feeling lucky?
|-damage|p2a: feeling lucky?|0 fnt
|faint|p2a: feeling lucky?
|c|☆prof clue|gg
|c|☆3 blades|gg
|
|t:|1729290345
|switch|p2a: acute|Zapdos|51/100
|
|-weather|Sandstorm|[upkeep]
|-damage|p2a: acute|45/100|[from] Sandstorm
|-heal|p2a: acute|51/100|[from] item: Leftovers
|-heal|p1a: CRAZY DIAMOND|34/100|[from] item: Leftovers
|upkeep
|turn|29
|
|t:|1729290352
|-singleturn|p1a: CRAZY DIAMOND|move: Focus Punch
|move|p2a: acute|Hidden Power|p1a: CRAZY DIAMOND
|-supereffective|p1a: CRAZY DIAMOND
|-crit|p1a: CRAZY DIAMOND
|-damage|p1a: CRAZY DIAMOND|0 fnt
|faint|p1a: CRAZY DIAMOND
|
|t:|1729290356
|switch|p1a: LOVE DELUXE|Blissey, F|66/100
|
|-weather|Sandstorm|[upkeep]
|-damage|p2a: acute|45/100|[from] Sandstorm
|-damage|p1a: LOVE DELUXE|60/100|[from] Sandstorm
|-heal|p2a: acute|51/100|[from] item: Leftovers
|-heal|p1a: LOVE DELUXE|66/100|[from] item: Leftovers
|upkeep
|turn|30
|inactive|prof clue has 240 seconds left.
|
|t:|1729290363
|move|p2a: acute|Thunderbolt|p1a: LOVE DELUXE
|-damage|p1a: LOVE DELUXE|44/100
|move|p1a: LOVE DELUXE|Ice Beam|p2a: acute
|-supereffective|p2a: acute
|-damage|p2a: acute|2/100
|
|-weather|Sandstorm|[upkeep]
|-damage|p2a: acute|0 fnt|[from] Sandstorm
|-damage|p1a: LOVE DELUXE|38/100|[from] Sandstorm
|faint|p2a: acute
|
|win|3 blades
|upkeep

</script>
<script type="application/json" class="data" id="replaydata-smogtours-gen3ou-799736">
{"id":"smogtours-gen3ou-799736","format":"[Gen 3] OU","players":["3 blades","prof clue"],"uploadtime":1729290363,"views":110,"formatid":"gen3ou","rating":null,"private":0,"password":null}
</script>

<script defer src="js/replays.js?9d40a366"></script>
