<!DOCTYPE html>
<meta charset="utf-8" />
<meta name="viewport" content="width=device-width" />

<title>[Gen 3] OU: VZR vs. zacpz - Replays - Pok&eacute;mon Showdown!</title>

<meta name="description" content="Watch a replay of a Pok&eacute;mon battle between VZR and zacpz! Format: [Gen 3] OU; Date: Oct 13, 2024" />
<!--

Hey, you! Looking in the source for the replay log?

You can find them in JSON format, just add `.json` at the end of a replay URL.

https://replay.pokemonshowdown.com/gen7randomdoublesbattle-865046831.json

Or, if you only need the log itself, add `.log` instead:

https://replay.pokemonshowdown.com/gen7randomdoublesbattle-865046831.log

-->

<link rel="stylesheet" href="//pokemonshowdown.com/style/global.css?0.023195364461161105" />
<link rel="stylesheet" href="//play.pokemonshowdown.com/style/font-awesome.css?0.13261647063804238" />
<link rel="stylesheet" href="//play.pokemonshowdown.com/style/battle.css?0.8753245789963631" />
<link rel="stylesheet" href="//play.pokemonshowdown.com/style/utilichart.css?0.8627959624976733" />

<!-- Global site tag (gtag.js) - Google Analytics -->
<script async src="https://www.googletagmanager.com/gtag/js?id=UA-26211653-1"></script>
<script>
  window.dataLayer = window.dataLayer || [];
  function gtag(){dataLayer.push(arguments);}
  gtag('js', new Date());

  gtag('config', 'UA-26211653-1');
</script>
<!-- End Google Analytics -->
<!-- Venatus Ad Manager - Install in <HEAD> of page -->
	<script src="https://hb.vntsm.com/v3/live/ad-manager.min.js" type="text/javascript" data-site-id="642aba63ec9a7b11c3c9c1be" data-mode="scan" async></script>
<!-- / Venatus Ad Manager -->

<style>
	@media (max-width:820px) {
		.battle {
			margin: 0 auto;
		}
		.battle-log {
			margin: 7px auto 0;
			max-width: 640px;
			height: 300px;
			position: static;
		}
	}
	.optgroup {
		display: inline-block;
		line-height: 22px;
		font-size: 10pt;
	}
	.optgroup .button {
		height: 25px;
		padding-top: 0;
		padding-bottom: 0;
	}
	.optgroup button.button {
		padding-left: 12px;
		padding-right: 12px;
	}
	.linklist {
		list-style: none;
		margin: 0.5em 0;
		padding: 0;
	}
	.linklist li {
		padding: 2px 0;
	}
	.sidebar {
		float: left;
		width: 320px;
	}
	.bar-wrapper {
		max-width: 1100px;
		margin: 0 auto;
	}
	.bar-wrapper.has-sidebar {
		max-width: 1430px;
	}
	.mainbar {
		margin: 0;
		padding-right: 1px;
	}
	.mainbar.has-sidebar {
		margin-left: 330px;
	}
	@media (min-width: 1511px) {
		.sidebar {
			width: 400px;
		}
		.bar-wrapper.has-sidebar {
			max-width: 1510px;
		}
		.mainbar.has-sidebar {
			margin-left: 410px;
		}
	}
	.section.first-section {
		margin-top: 9px;
	}
	.blocklink small {
		white-space: normal;
	}
	.button {
		vertical-align: middle;
	}
	.replay-controls {
		padding-top: 10px;
	}
	.replay-controls h1 {
		font-size: 16pt;
		font-weight: normal;
		color: #CCC;
	}
	.pagelink {
		text-align: center;
	}
	.pagelink a {
		width: 150px;
	}
	.textbox, .button {
		font-size: 11pt;
		vertical-align: middle;
	}
	@media (max-width: 450px) {
		.button {
			font-size: 9pt;
		}
	}
</style>

<div>

	<header>
		<div class="nav-wrapper"><ul class="nav">
			<li><a class="button nav-first" href="//pokemonshowdown.com/"><img src="//pokemonshowdown.com/images/pokemonshowdownbeta.png" srcset="//pokemonshowdown.com/images/pokemonshowdownbeta.png 1x, //pokemonshowdown.com/images/pokemonshowdownbeta@2x.png 2x" alt="Pok&eacute;mon Showdown" width="146" height="44" /> Home</a></li>
			<li><a class="button" href="//pokemonshowdown.com/dex/">Pok&eacute;dex</a></li>
			<li><a class="button cur" href="/">Replays</a></li>
			<li><a class="button" href="//pokemonshowdown.com/ladder/">Ladder</a></li>
			<li><a class="button nav-last" href="//pokemonshowdown.com/forums/">Forum</a></li>
			<li><a class="button greenbutton nav-first nav-last" href="//play.pokemonshowdown.com/">Play</a></li>
		</ul></div>
	</header>

	<div class="main" id="main">

		<noscript><section class="section">You need to enable JavaScript to use this page; sorry!</section></noscript>

	</div>

</div>

<script defer nomodule src="//play.pokemonshowdown.com/js/lib/ps-polyfill.js"></script>
<script defer src="//play.pokemonshowdown.com/js/lib/preact.min.js"></script>

<script defer src="//play.pokemonshowdown.com/config/config.js?2bddbc15"></script>
<script defer src="//play.pokemonshowdown.com/js/lib/jquery-1.11.0.min.js"></script>
<script defer src="//play.pokemonshowdown.com/js/lib/html-sanitizer-minified.js"></script>
<script defer src="//play.pokemonshowdown.com/js/battle-sound.js"></script>
<script defer src="//play.pokemonshowdown.com/js/battledata.js?0.7209276989879541"></script>
<script defer src="//play.pokemonshowdown.com/data/pokedex-mini.js?0.6111056340867951"></script>
<script defer src="//play.pokemonshowdown.com/data/pokedex-mini-bw.js?0.3532142036491459"></script>
<script defer src="//play.pokemonshowdown.com/data/graphics.js?0.24223875632456182"></script>
<script defer src="//play.pokemonshowdown.com/data/pokedex.js?0.38839984266356864"></script>
<script defer src="//play.pokemonshowdown.com/data/moves.js?0.21866028504024015"></script>
<script defer src="//play.pokemonshowdown.com/data/abilities.js?0.2005157953846628"></script>
<script defer src="//play.pokemonshowdown.com/data/items.js?0.9894211263848525"></script>
<script defer src="//play.pokemonshowdown.com/data/teambuilder-tables.js?0.6008791140282215"></script>
<script defer src="//play.pokemonshowdown.com/js/battle-tooltips.js?0.7580118955022959"></script>
<script defer src="//play.pokemonshowdown.com/js/battle.js?0.6057722274234274"></script>

<script defer src="js/utils.js?e31f9a17"></script>
<script defer src="js/replays-battle.js?7008c182"></script>

<!-- don't scrape this data! just add .json or .log after the URL!
Full API docs: https://github.com/smogon/pokemon-showdown-client/blob/master/WEB-API.md -->
<script type="text/plain" class="log" id="replaylog-smogtours-gen3ou-798169">
|inactive|Battle timer is ON: inactive players will automatically lose when time's up.
|t:|1728839233
|gametype|singles
|player|p1|VZR|veteran|
|player|p2|zacpz|#roaplxyorknewyanma|
|teamsize|p1|6
|teamsize|p2|6
|gen|3
|tier|[Gen 3] OU
|rule|Sleep Clause Mod: Limit one foe put to sleep
|rule|Switch Priority Clause Mod: Faster Pokémon switch first
|rule|Species Clause: Limit one of each Pokémon
|rule|OHKO Clause: OHKO moves are banned
|rule|Evasion Items Clause: Evasion items are banned
|rule|Evasion Moves Clause: Evasion moves are banned
|rule|Endless Battle Clause: Forcing endless battles is banned
|rule|HP Percentage Mod: HP is shown in percentages
|rule|One Boost Passer Clause: Limit one Baton Passer that has a way to boost its stats
|rule|Freeze Clause Mod: Limit one foe frozen
|
|t:|1728839233
|start
|switch|p1a: 마기라스|Tyranitar, F|100/100
|switch|p2a: Salamence|Salamence, F|100/100
|-ability|p2a: Salamence|Intimidate|boost
|-unboost|p1a: 마기라스|atk|1
|-weather|Sandstorm|[from] ability: Sand Stream|[of] p1a: 마기라스
|turn|1
|c|☆VZR|hf
|c|☆zacpz|hf
|inactive|VZR has 270 seconds left.
|inactive|zacpz has 270 seconds left.
|c|☆zacpz|ok i linked
|c|☆VZR|ty!
|c|☆zacpz|watch my flocks of adoring fans and dissapointed elders 
|inactive|VZR has 240 seconds left.
|
|t:|1728839293
|switch|p2a: Swampert|Swampert, M|100/100
|switch|p1a: 팬텀|Gengar, F, shiny|100/100
|
|-weather|Sandstorm|[upkeep]
|-damage|p1a: 팬텀|94/100|[from] Sandstorm
|-heal|p1a: 팬텀|100/100|[from] item: Leftovers
|upkeep
|turn|2
|c|☆zacpz|come here for dissapointment
|c|+triangles|i was already disappointed before i came
|
|t:|1728839319
|move|p2a: Swampert|Protect|p2a: Swampert
|-singleturn|p2a: Swampert|Protect
|move|p1a: 팬텀|Will-O-Wisp|p2a: Swampert
|-activate|p2a: Swampert|Protect
|
|-weather|Sandstorm|[upkeep]
|-damage|p1a: 팬텀|94/100|[from] Sandstorm
|-heal|p1a: 팬텀|100/100|[from] item: Leftovers
|upkeep
|turn|3
|c|☆zacpz|yeah but thats just your personality
|inactive|VZR has 270 seconds left.
|
|t:|1728839335
|switch|p2a: Houndoom|Houndoom, M|100/100
|move|p1a: 팬텀|Will-O-Wisp|p2a: Houndoom
|-immune|p2a: Houndoom
|
|-weather|Sandstorm|[upkeep]
|-damage|p1a: 팬텀|94/100|[from] Sandstorm
|-damage|p2a: Houndoom|94/100|[from] Sandstorm
|-heal|p1a: 팬텀|100/100|[from] item: Leftovers
|-heal|p2a: Houndoom|100/100|[from] item: Leftovers
|upkeep
|turn|4
|inactive|VZR has 270 seconds left.
|
|t:|1728839345
|switch|p1a: 썬더|Zapdos|100/100
|move|p2a: Houndoom|Crunch|p1a: 썬더
|-damage|p1a: 썬더|72/100
|-unboost|p1a: 썬더|spd|1
|
|-weather|Sandstorm|[upkeep]
|-damage|p2a: Houndoom|94/100|[from] Sandstorm
|-damage|p1a: 썬더|66/100|[from] Sandstorm
|-heal|p2a: Houndoom|100/100|[from] item: Leftovers
|-heal|p1a: 썬더|72/100|[from] item: Leftovers
|upkeep
|turn|5
|inactive|VZR has 270 seconds left.
|
|t:|1728839363
|switch|p2a: Celebi|Celebi|100/100
|switch|p1a: 마기라스|Tyranitar, F|100/100
|
|-weather|Sandstorm|[upkeep]
|-damage|p2a: Celebi|94/100|[from] Sandstorm
|-heal|p2a: Celebi|100/100|[from] item: Leftovers
|upkeep
|turn|6
|inactive|VZR has 270 seconds left.
|inactive|VZR has 240 seconds left.
|inactive|VZR has 210 seconds left.
|c|+Always|zacpzoat
|
|t:|1728839446
|switch|p1a: 썬더|Zapdos|72/100
|move|p2a: Celebi|Leech Seed|p1a: 썬더
|-start|p1a: 썬더|move: Leech Seed
|
|-weather|Sandstorm|[upkeep]
|-damage|p2a: Celebi|94/100|[from] Sandstorm
|-damage|p1a: 썬더|66/100|[from] Sandstorm
|-heal|p2a: Celebi|100/100|[from] item: Leftovers
|-heal|p1a: 썬더|72/100|[from] item: Leftovers
|-damage|p1a: 썬더|59/100|[from] Leech Seed|[of] p2a: Celebi
|upkeep
|turn|7
|
|t:|1728839451
|switch|p1a: 무장조|Skarmory, F|100/100
|move|p2a: Celebi|Leech Seed|p1a: 무장조
|-start|p1a: 무장조|move: Leech Seed
|
|-weather|Sandstorm|[upkeep]
|-damage|p2a: Celebi|94/100|[from] Sandstorm
|-heal|p2a: Celebi|100/100|[from] item: Leftovers
|-damage|p1a: 무장조|88/100|[from] Leech Seed|[of] p2a: Celebi
|upkeep
|turn|8
|
|t:|1728839456
|switch|p2a: Magneton|Magneton|100/100
|move|p1a: 무장조|Spikes|p2a: Magneton
|-sidestart|p2: zacpz|Spikes
|
|-weather|Sandstorm|[upkeep]
|-heal|p1a: 무장조|94/100|[from] item: Leftovers
|-damage|p1a: 무장조|82/100|[from] Leech Seed|[of] p2a: Magneton
|upkeep
|turn|9
|
|t:|1728839460
|move|p2a: Magneton|Thunderbolt|p1a: 무장조
|-supereffective|p1a: 무장조
|-damage|p1a: 무장조|0 fnt
|faint|p1a: 무장조
|
|t:|1728839463
|switch|p1a: 프테라|Aerodactyl, M|100/100
|
|-weather|Sandstorm|[upkeep]
|upkeep
|turn|10
|
|t:|1728839471
|switch|p1a: 팬텀|Gengar, F, shiny|100/100
|switch|p2a: Swampert|Swampert, M|100/100
|-damage|p2a: Swampert|88/100|[from] Spikes
|
|-weather|Sandstorm|[upkeep]
|-damage|p1a: 팬텀|94/100|[from] Sandstorm
|-heal|p1a: 팬텀|100/100|[from] item: Leftovers
|-heal|p2a: Swampert|94/100|[from] item: Leftovers
|upkeep
|turn|11
|inactive|VZR has 240 seconds left.
|
|t:|1728839478
|switch|p2a: Celebi|Celebi|100/100
|-damage|p2a: Celebi|88/100|[from] Spikes
|move|p1a: 팬텀|Will-O-Wisp|p2a: Celebi
|-status|p2a: Celebi|brn
|
|-weather|Sandstorm|[upkeep]
|-damage|p1a: 팬텀|94/100|[from] Sandstorm
|-damage|p2a: Celebi|82/100 brn|[from] Sandstorm
|-heal|p1a: 팬텀|100/100|[from] item: Leftovers
|-heal|p2a: Celebi|88/100 brn|[from] item: Leftovers
|-damage|p2a: Celebi|76/100 brn|[from] brn
|upkeep
|turn|12
|
|t:|1728839486
|move|p1a: 팬텀|Ice Punch|p2a: Celebi
|-supereffective|p2a: Celebi
|-crit|p2a: Celebi
|-damage|p2a: Celebi|4/100 brn
|move|p2a: Celebi|Recover|p2a: Celebi
|-heal|p2a: Celebi|54/100 brn
|
|-weather|Sandstorm|[upkeep]
|-damage|p1a: 팬텀|94/100|[from] Sandstorm
|-damage|p2a: Celebi|48/100 brn|[from] Sandstorm
|-heal|p1a: 팬텀|100/100|[from] item: Leftovers
|-heal|p2a: Celebi|54/100 brn|[from] item: Leftovers
|-damage|p2a: Celebi|42/100 brn|[from] brn
|upkeep
|turn|13
|
|t:|1728839493
|-curestatus|p2a: Celebi|brn|[from] ability: Natural Cure
|switch|p2a: Houndoom|Houndoom, M|100/100
|-damage|p2a: Houndoom|88/100|[from] Spikes
|move|p1a: 팬텀|Thunderbolt|p2a: Houndoom
|-damage|p2a: Houndoom|55/100
|
|-weather|Sandstorm|[upkeep]
|-damage|p1a: 팬텀|94/100|[from] Sandstorm
|-damage|p2a: Houndoom|49/100|[from] Sandstorm
|-heal|p1a: 팬텀|100/100|[from] item: Leftovers
|-heal|p2a: Houndoom|55/100|[from] item: Leftovers
|upkeep
|turn|14
|
|t:|1728839507
|switch|p1a: 마기라스|Tyranitar, F|100/100
|move|p2a: Houndoom|Crunch|p1a: 마기라스
|-resisted|p1a: 마기라스
|-damage|p1a: 마기라스|82/100
|
|-weather|Sandstorm|[upkeep]
|-damage|p2a: Houndoom|49/100|[from] Sandstorm
|-heal|p2a: Houndoom|55/100|[from] item: Leftovers
|-heal|p1a: 마기라스|89/100|[from] item: Leftovers
|upkeep
|turn|15
|
|t:|1728839515
|switch|p2a: Swampert|Swampert, M|94/100
|-damage|p2a: Swampert|82/100|[from] Spikes
|move|p1a: 마기라스|Dragon Dance|p1a: 마기라스
|-boost|p1a: 마기라스|atk|1
|-boost|p1a: 마기라스|spe|1
|
|-weather|Sandstorm|[upkeep]
|-heal|p1a: 마기라스|95/100|[from] item: Leftovers
|-heal|p2a: Swampert|88/100|[from] item: Leftovers
|upkeep
|turn|16
|
|t:|1728839518
|move|p1a: 마기라스|Hidden Power|p2a: Swampert
|-supereffective|p2a: Swampert
|-crit|p2a: Swampert
|-damage|p2a: Swampert|0 fnt
|faint|p2a: Swampert
|c|☆VZR|oop
|
|t:|1728839527
|switch|p2a: Salamence|Salamence, F|100/100
|-ability|p2a: Salamence|Intimidate|boost
|-unboost|p1a: 마기라스|atk|1
|
|-weather|Sandstorm|[upkeep]
|-damage|p2a: Salamence|94/100|[from] Sandstorm
|-heal|p1a: 마기라스|100/100|[from] item: Leftovers
|-heal|p2a: Salamence|100/100|[from] item: Leftovers
|upkeep
|turn|17
|
|t:|1728839533
|switch|p1a: 팬텀|Gengar, F, shiny|100/100
|move|p2a: Salamence|Roar|p1a: 팬텀
|drag|p1a: 프테라|Aerodactyl, M|100/100
|
|-weather|Sandstorm|[upkeep]
|-damage|p2a: Salamence|94/100|[from] Sandstorm
|-heal|p2a: Salamence|100/100|[from] item: Leftovers
|upkeep
|turn|18
|
|t:|1728839541
|move|p1a: 프테라|Rock Slide|p2a: Salamence|[miss]
|-miss|p1a: 프테라|p2a: Salamence
|move|p2a: Salamence|Wish|p2a: Salamence
|
|-weather|Sandstorm|[upkeep]
|-damage|p2a: Salamence|94/100|[from] Sandstorm
|-heal|p2a: Salamence|100/100|[from] item: Leftovers
|upkeep
|turn|19
|
|t:|1728839551
|switch|p1a: 마기라스|Tyranitar, F|100/100
|switch|p2a: Magneton|Magneton|100/100
|-damage|p2a: Magneton|88/100|[from] Spikes
|
|-heal|p2a: Magneton|100/100|[from] move: Wish|[wisher] Salamence
|-weather|Sandstorm|[upkeep]
|upkeep
|turn|20
|
|t:|1728839563
|switch|p1a: 대짱이|Swampert, M|100/100
|move|p2a: Magneton|Thunder Wave|p1a: 대짱이
|-immune|p1a: 대짱이
|
|-weather|Sandstorm|[upkeep]
|upkeep
|turn|21
|
|t:|1728839573
|switch|p2a: Celebi|Celebi|42/100
|-damage|p2a: Celebi|30/100|[from] Spikes
|move|p1a: 대짱이|Protect||[still]
|-fail|p1a: 대짱이
|
|-weather|Sandstorm|[upkeep]
|-damage|p2a: Celebi|24/100|[from] Sandstorm
|-heal|p2a: Celebi|30/100|[from] item: Leftovers
|upkeep
|turn|22
|
|t:|1728839581
|switch|p1a: 프테라|Aerodactyl, M|100/100
|move|p2a: Celebi|Recover|p2a: Celebi
|-heal|p2a: Celebi|80/100
|
|-weather|Sandstorm|[upkeep]
|-damage|p2a: Celebi|74/100|[from] Sandstorm
|-heal|p2a: Celebi|80/100|[from] item: Leftovers
|upkeep
|turn|23
|
|t:|1728839596
|switch|p2a: Magneton|Magneton|100/100
|-damage|p2a: Magneton|88/100|[from] Spikes
|move|p1a: 프테라|Rock Slide|p2a: Magneton|[miss]
|-miss|p1a: 프테라|p2a: Magneton
|
|-weather|Sandstorm|[upkeep]
|upkeep
|turn|24
|
|t:|1728839604
|switch|p1a: 대짱이|Swampert, M|100/100
|switch|p2a: Celebi|Celebi|80/100
|-damage|p2a: Celebi|67/100|[from] Spikes
|
|-weather|Sandstorm|[upkeep]
|-damage|p2a: Celebi|61/100|[from] Sandstorm
|-heal|p2a: Celebi|67/100|[from] item: Leftovers
|upkeep
|turn|25
|
|t:|1728839609
|move|p2a: Celebi|Leech Seed|p1a: 대짱이
|-start|p1a: 대짱이|move: Leech Seed
|move|p1a: 대짱이|Toxic|p2a: Celebi
|-status|p2a: Celebi|tox
|
|-weather|Sandstorm|[upkeep]
|-damage|p2a: Celebi|61/100 tox|[from] Sandstorm
|-heal|p2a: Celebi|67/100 tox|[from] item: Leftovers
|-damage|p2a: Celebi|61/100 tox|[from] psn
|-damage|p1a: 대짱이|88/100|[from] Leech Seed|[of] p2a: Celebi
|-heal|p2a: Celebi|74/100 tox|[silent]
|upkeep
|turn|26
|
|t:|1728839616
|switch|p1a: 썬더|Zapdos|59/100
|move|p2a: Celebi|Leech Seed|p1a: 썬더
|-start|p1a: 썬더|move: Leech Seed
|
|-weather|Sandstorm|[upkeep]
|-damage|p2a: Celebi|67/100 tox|[from] Sandstorm
|-damage|p1a: 썬더|53/100|[from] Sandstorm
|-heal|p2a: Celebi|74/100 tox|[from] item: Leftovers
|-damage|p2a: Celebi|61/100 tox|[from] psn
|-heal|p1a: 썬더|59/100|[from] item: Leftovers
|-damage|p1a: 썬더|47/100|[from] Leech Seed|[of] p2a: Celebi
|-heal|p2a: Celebi|73/100 tox|[silent]
|upkeep
|turn|27
|
|t:|1728839621
|switch|p1a: 프테라|Aerodactyl, M|100/100
|move|p2a: Celebi|Heal Bell|p2a: Celebi
|-activate|p2a: Celebi|move: Heal Bell
|-curestatus|p2a: Celebi|tox|[silent]
|
|-weather|Sandstorm|[upkeep]
|-damage|p2a: Celebi|67/100|[from] Sandstorm
|-heal|p2a: Celebi|73/100|[from] item: Leftovers
|upkeep
|turn|28
|
|t:|1728839627
|switch|p2a: Magneton|Magneton|88/100
|-damage|p2a: Magneton|76/100|[from] Spikes
|move|p1a: 프테라|Hidden Power|p2a: Magneton
|-resisted|p2a: Magneton
|-damage|p2a: Magneton|52/100
|
|-weather|Sandstorm|[upkeep]
|upkeep
|turn|29
|
|t:|1728839634
|move|p1a: 프테라|Hidden Power|p2a: Magneton
|-resisted|p2a: Magneton
|-damage|p2a: Magneton|29/100
|move|p2a: Magneton|Sunny Day|p2a: Magneton
|-weather|SunnyDay
|
|-weather|SunnyDay|[upkeep]
|upkeep
|turn|30
|
|t:|1728839640
|switch|p1a: 대짱이|Swampert, M|88/100
|switch|p2a: Salamence|Salamence, F|100/100
|-ability|p2a: Salamence|Intimidate|boost
|-unboost|p1a: 대짱이|atk|1
|
|-weather|SunnyDay|[upkeep]
|-heal|p1a: 대짱이|94/100|[from] item: Leftovers
|upkeep
|turn|31
|
|t:|1728839646
|switch|p2a: Snorlax|Snorlax, M|100/100
|-damage|p2a: Snorlax|88/100|[from] Spikes
|move|p1a: 대짱이|Toxic|p2a: Snorlax
|-immune|p2a: Snorlax|[from] ability: Immunity
|
|-weather|SunnyDay|[upkeep]
|-heal|p1a: 대짱이|100/100|[from] item: Leftovers
|-heal|p2a: Snorlax|94/100|[from] item: Leftovers
|upkeep
|turn|32
|
|t:|1728839658
|switch|p1a: 팬텀|Gengar, F, shiny|100/100
|switch|p2a: Celebi|Celebi|73/100
|-damage|p2a: Celebi|61/100|[from] Spikes
|
|-weather|SunnyDay|[upkeep]
|-heal|p2a: Celebi|67/100|[from] item: Leftovers
|upkeep
|turn|33
|
|t:|1728839669
|switch|p1a: 썬더|Zapdos|47/100
|move|p2a: Celebi|Leech Seed|p1a: 썬더
|-start|p1a: 썬더|move: Leech Seed
|
|-weather|none
|-heal|p2a: Celebi|73/100|[from] item: Leftovers
|-heal|p1a: 썬더|53/100|[from] item: Leftovers
|-damage|p1a: 썬더|41/100|[from] Leech Seed|[of] p2a: Celebi
|-heal|p2a: Celebi|85/100|[silent]
|upkeep
|turn|34
|
|t:|1728839681
|switch|p1a: 프테라|Aerodactyl, M|100/100
|move|p2a: Celebi|Hidden Power|p1a: 프테라
|-damage|p1a: 프테라|66/100
|
|-heal|p2a: Celebi|91/100|[from] item: Leftovers
|upkeep
|turn|35
|
|t:|1728839689
|move|p1a: 프테라|Hidden Power|p2a: Celebi
|-supereffective|p2a: Celebi
|-damage|p2a: Celebi|13/100
|move|p2a: Celebi|Recover|p2a: Celebi
|-heal|p2a: Celebi|63/100
|
|-heal|p2a: Celebi|69/100|[from] item: Leftovers
|upkeep
|turn|36
|
|t:|1728839693
|switch|p2a: Salamence|Salamence, F|100/100
|-ability|p2a: Salamence|Intimidate|boost
|-unboost|p1a: 프테라|atk|1
|move|p1a: 프테라|Hidden Power|p2a: Salamence
|-resisted|p2a: Salamence
|-damage|p2a: Salamence|88/100
|
|-heal|p2a: Salamence|94/100|[from] item: Leftovers
|upkeep
|turn|37
|
|t:|1728839701
|switch|p1a: 대짱이|Swampert, M|100/100
|move|p2a: Salamence|Dragon Claw|p1a: 대짱이
|-damage|p1a: 대짱이|61/100
|
|-heal|p2a: Salamence|99/100|[from] item: Leftovers
|-heal|p1a: 대짱이|67/100|[from] item: Leftovers
|upkeep
|turn|38
|
|t:|1728839709
|switch|p2a: Celebi|Celebi|69/100
|-damage|p2a: Celebi|57/100|[from] Spikes
|switch|p1a: 마기라스|Tyranitar, F|100/100
|-weather|Sandstorm|[from] ability: Sand Stream|[of] p1a: 마기라스
|
|-weather|Sandstorm|[upkeep]
|-damage|p2a: Celebi|50/100|[from] Sandstorm
|-heal|p2a: Celebi|57/100|[from] item: Leftovers
|upkeep
|turn|39
|
|t:|1728839721
|move|p2a: Celebi|Leech Seed|p1a: 마기라스
|-start|p1a: 마기라스|move: Leech Seed
|move|p1a: 마기라스|Dragon Dance|p1a: 마기라스
|-boost|p1a: 마기라스|atk|1
|-boost|p1a: 마기라스|spe|1
|
|-weather|Sandstorm|[upkeep]
|-damage|p2a: Celebi|50/100|[from] Sandstorm
|-damage|p1a: 마기라스|88/100|[from] Leech Seed|[of] p2a: Celebi
|-heal|p2a: Celebi|63/100|[silent]
|-heal|p2a: Celebi|69/100|[from] item: Leftovers
|upkeep
|turn|40
|
|t:|1728839724
|switch|p2a: Salamence|Salamence, F|99/100
|-ability|p2a: Salamence|Intimidate|boost
|-unboost|p1a: 마기라스|atk|1
|move|p1a: 마기라스|Rock Slide|p2a: Salamence
|-supereffective|p2a: Salamence
|-damage|p2a: Salamence|18/100
|
|-weather|Sandstorm|[upkeep]
|-damage|p2a: Salamence|12/100|[from] Sandstorm
|-heal|p1a: 마기라스|94/100|[from] item: Leftovers
|-damage|p1a: 마기라스|82/100|[from] Leech Seed|[of] p2a: Salamence
|-heal|p2a: Salamence|26/100|[silent]
|-heal|p2a: Salamence|32/100|[from] item: Leftovers
|upkeep
|turn|41
|
|t:|1728839732
|switch|p1a: 팬텀|Gengar, F, shiny|100/100
|switch|p2a: Magneton|Magneton|29/100
|-damage|p2a: Magneton|16/100|[from] Spikes
|
|-weather|Sandstorm|[upkeep]
|-damage|p1a: 팬텀|94/100|[from] Sandstorm
|-heal|p1a: 팬텀|100/100|[from] item: Leftovers
|upkeep
|turn|42
|
|t:|1728839742
|switch|p1a: 대짱이|Swampert, M|67/100
|move|p2a: Magneton|Thunderbolt|p1a: 대짱이
|-immune|p1a: 대짱이
|
|-weather|Sandstorm|[upkeep]
|-heal|p1a: 대짱이|73/100|[from] item: Leftovers
|upkeep
|turn|43
|
|t:|1728839748
|switch|p2a: Celebi|Celebi|69/100
|-damage|p2a: Celebi|57/100|[from] Spikes
|move|p1a: 대짱이|Surf|p2a: Celebi
|-resisted|p2a: Celebi
|-damage|p2a: Celebi|44/100
|
|-weather|Sandstorm|[upkeep]
|-damage|p2a: Celebi|38/100|[from] Sandstorm
|-heal|p2a: Celebi|44/100|[from] item: Leftovers
|-heal|p1a: 대짱이|80/100|[from] item: Leftovers
|upkeep
|turn|44
|
|t:|1728839753
|switch|p1a: 썬더|Zapdos|41/100
|move|p2a: Celebi|Recover|p2a: Celebi
|-heal|p2a: Celebi|94/100
|
|-weather|Sandstorm|[upkeep]
|-damage|p2a: Celebi|88/100|[from] Sandstorm
|-damage|p1a: 썬더|34/100|[from] Sandstorm
|-heal|p2a: Celebi|94/100|[from] item: Leftovers
|-heal|p1a: 썬더|41/100|[from] item: Leftovers
|upkeep
|turn|45
|
|t:|1728839757
|move|p2a: Celebi|Hidden Power|p1a: 썬더
|-resisted|p1a: 썬더
|-damage|p1a: 썬더|32/100
|move|p1a: 썬더|Toxic|p2a: Celebi
|-status|p2a: Celebi|tox
|
|-weather|Sandstorm|[upkeep]
|-damage|p2a: Celebi|88/100 tox|[from] Sandstorm
|-damage|p1a: 썬더|26/100|[from] Sandstorm
|-heal|p2a: Celebi|94/100 tox|[from] item: Leftovers
|-damage|p2a: Celebi|88/100 tox|[from] psn
|-heal|p1a: 썬더|32/100|[from] item: Leftovers
|upkeep
|turn|46
|
|t:|1728839765
|move|p2a: Celebi|Leech Seed|p1a: 썬더
|-start|p1a: 썬더|move: Leech Seed
|move|p1a: 썬더|Thunderbolt|p2a: Celebi
|-resisted|p2a: Celebi
|-damage|p2a: Celebi|72/100 tox
|
|-weather|Sandstorm|[upkeep]
|-damage|p2a: Celebi|66/100 tox|[from] Sandstorm
|-damage|p1a: 썬더|26/100|[from] Sandstorm
|-heal|p2a: Celebi|72/100 tox|[from] item: Leftovers
|-damage|p2a: Celebi|60/100 tox|[from] psn
|-heal|p1a: 썬더|32/100|[from] item: Leftovers
|-damage|p1a: 썬더|20/100|[from] Leech Seed|[of] p2a: Celebi
|-heal|p2a: Celebi|72/100 tox|[silent]
|upkeep
|turn|47
|
|t:|1728839769
|move|p2a: Celebi|Heal Bell|p2a: Celebi
|-activate|p2a: Celebi|move: Heal Bell
|-curestatus|p2a: Celebi|tox|[silent]
|move|p1a: 썬더|Rest|p1a: 썬더
|-status|p1a: 썬더|slp|[from] move: Rest
|-heal|p1a: 썬더|100/100 slp|[silent]
|
|-weather|Sandstorm|[upkeep]
|-damage|p2a: Celebi|65/100|[from] Sandstorm
|-damage|p1a: 썬더|94/100 slp|[from] Sandstorm
|-heal|p2a: Celebi|72/100|[from] item: Leftovers
|-heal|p1a: 썬더|100/100 slp|[from] item: Leftovers
|-damage|p1a: 썬더|88/100 slp|[from] Leech Seed|[of] p2a: Celebi
|-heal|p2a: Celebi|83/100|[silent]
|upkeep
|turn|48
|
|t:|1728839776
|switch|p2a: Salamence|Salamence, F|32/100
|-ability|p2a: Salamence|Intimidate|boost
|-unboost|p1a: 썬더|atk|1
|cant|p1a: 썬더|slp
|
|-weather|Sandstorm|[upkeep]
|-damage|p2a: Salamence|26/100|[from] Sandstorm
|-damage|p1a: 썬더|82/100 slp|[from] Sandstorm
|-heal|p2a: Salamence|32/100|[from] item: Leftovers
|-heal|p1a: 썬더|88/100 slp|[from] item: Leftovers
|-damage|p1a: 썬더|75/100 slp|[from] Leech Seed|[of] p2a: Salamence
|-heal|p2a: Salamence|45/100|[silent]
|upkeep
|turn|49
|
|t:|1728839782
|move|p2a: Salamence|Wish|p2a: Salamence
|cant|p1a: 썬더|slp
|
|-weather|Sandstorm|[upkeep]
|-damage|p2a: Salamence|39/100|[from] Sandstorm
|-damage|p1a: 썬더|69/100 slp|[from] Sandstorm
|-heal|p2a: Salamence|45/100|[from] item: Leftovers
|-heal|p1a: 썬더|75/100 slp|[from] item: Leftovers
|-damage|p1a: 썬더|63/100 slp|[from] Leech Seed|[of] p2a: Salamence
|-heal|p2a: Salamence|59/100|[silent]
|upkeep
|turn|50
|
|t:|1728839789
|switch|p2a: Magneton|Magneton|16/100
|-damage|p2a: Magneton|4/100|[from] Spikes
|-curestatus|p1a: 썬더|slp|[msg]
|move|p1a: 썬더|Thunderbolt|p2a: Magneton
|-resisted|p2a: Magneton
|-damage|p2a: Magneton|0 fnt
|faint|p2a: Magneton
|
|t:|1728839791
|switch|p2a: Houndoom|Houndoom, M|55/100
|-damage|p2a: Houndoom|43/100|[from] Spikes
|
|-heal|p2a: Houndoom|93/100|[from] move: Wish|[wisher] Salamence
|-weather|Sandstorm|[upkeep]
|-damage|p2a: Houndoom|86/100|[from] Sandstorm
|-damage|p1a: 썬더|57/100|[from] Sandstorm
|-heal|p2a: Houndoom|93/100|[from] item: Leftovers
|-heal|p1a: 썬더|63/100|[from] item: Leftovers
|-damage|p1a: 썬더|50/100|[from] Leech Seed|[of] p2a: Houndoom
|-heal|p2a: Houndoom|100/100|[silent]
|upkeep
|turn|51
|
|t:|1728839800
|switch|p2a: Celebi|Celebi|83/100
|-damage|p2a: Celebi|71/100|[from] Spikes
|switch|p1a: 마기라스|Tyranitar, F|82/100
|
|-weather|Sandstorm|[upkeep]
|-damage|p2a: Celebi|65/100|[from] Sandstorm
|-heal|p2a: Celebi|71/100|[from] item: Leftovers
|-heal|p1a: 마기라스|88/100|[from] item: Leftovers
|upkeep
|turn|52
|
|t:|1728839814
|switch|p1a: 썬더|Zapdos|50/100
|move|p2a: Celebi|Hidden Power|p1a: 썬더
|-resisted|p1a: 썬더
|-damage|p1a: 썬더|41/100
|
|-weather|Sandstorm|[upkeep]
|-damage|p2a: Celebi|65/100|[from] Sandstorm
|-damage|p1a: 썬더|35/100|[from] Sandstorm
|-heal|p2a: Celebi|71/100|[from] item: Leftovers
|-heal|p1a: 썬더|41/100|[from] item: Leftovers
|upkeep
|turn|53
|
|t:|1728839823
|switch|p2a: Snorlax|Snorlax, M|94/100
|-damage|p2a: Snorlax|82/100|[from] Spikes
|move|p1a: 썬더|Toxic|p2a: Snorlax
|-immune|p2a: Snorlax|[from] ability: Immunity
|
|-weather|Sandstorm|[upkeep]
|-damage|p1a: 썬더|35/100|[from] Sandstorm
|-damage|p2a: Snorlax|76/100|[from] Sandstorm
|-heal|p1a: 썬더|41/100|[from] item: Leftovers
|-heal|p2a: Snorlax|82/100|[from] item: Leftovers
|upkeep
|turn|54
|
|t:|1728839830
|switch|p1a: 마기라스|Tyranitar, F|88/100
|move|p2a: Snorlax|Earthquake|p1a: 마기라스
|-supereffective|p1a: 마기라스
|-damage|p1a: 마기라스|39/100
|
|-weather|Sandstorm|[upkeep]
|-damage|p2a: Snorlax|76/100|[from] Sandstorm
|-heal|p1a: 마기라스|46/100|[from] item: Leftovers
|-heal|p2a: Snorlax|82/100|[from] item: Leftovers
|upkeep
|turn|55
|
|t:|1728839836
|switch|p1a: 팬텀|Gengar, F, shiny|100/100
|move|p2a: Snorlax|Curse|p2a: Snorlax
|-unboost|p2a: Snorlax|spe|1
|-boost|p2a: Snorlax|atk|1
|-boost|p2a: Snorlax|def|1
|
|-weather|Sandstorm|[upkeep]
|-damage|p1a: 팬텀|94/100|[from] Sandstorm
|-damage|p2a: Snorlax|76/100|[from] Sandstorm
|-heal|p1a: 팬텀|100/100|[from] item: Leftovers
|-heal|p2a: Snorlax|82/100|[from] item: Leftovers
|upkeep
|turn|56
|
|t:|1728839841
|switch|p2a: Houndoom|Houndoom, M|100/100
|-damage|p2a: Houndoom|88/100|[from] Spikes
|move|p1a: 팬텀|Thunderbolt|p2a: Houndoom
|-damage|p2a: Houndoom|54/100
|
|-weather|Sandstorm|[upkeep]
|-damage|p1a: 팬텀|94/100|[from] Sandstorm
|-damage|p2a: Houndoom|48/100|[from] Sandstorm
|-heal|p1a: 팬텀|100/100|[from] item: Leftovers
|-heal|p2a: Houndoom|54/100|[from] item: Leftovers
|upkeep
|turn|57
|
|t:|1728839846
|switch|p1a: 마기라스|Tyranitar, F|46/100
|move|p2a: Houndoom|Crunch|p1a: 마기라스
|-resisted|p1a: 마기라스
|-damage|p1a: 마기라스|29/100
|
|-weather|Sandstorm|[upkeep]
|-damage|p2a: Houndoom|48/100|[from] Sandstorm
|-heal|p2a: Houndoom|54/100|[from] item: Leftovers
|-heal|p1a: 마기라스|35/100|[from] item: Leftovers
|upkeep
|turn|58
|
|t:|1728839854
|switch|p2a: Celebi|Celebi|71/100
|-damage|p2a: Celebi|59/100|[from] Spikes
|move|p1a: 마기라스|Earthquake|p2a: Celebi
|-resisted|p2a: Celebi
|-damage|p2a: Celebi|47/100
|
|-weather|Sandstorm|[upkeep]
|-damage|p2a: Celebi|41/100|[from] Sandstorm
|-heal|p2a: Celebi|47/100|[from] item: Leftovers
|-heal|p1a: 마기라스|42/100|[from] item: Leftovers
|upkeep
|turn|59
|
|t:|1728839872
|switch|p1a: 썬더|Zapdos|41/100
|move|p2a: Celebi|Hidden Power|p1a: 썬더
|-resisted|p1a: 썬더
|-damage|p1a: 썬더|32/100
|
|-weather|Sandstorm|[upkeep]
|-damage|p2a: Celebi|41/100|[from] Sandstorm
|-damage|p1a: 썬더|26/100|[from] Sandstorm
|-heal|p2a: Celebi|47/100|[from] item: Leftovers
|-heal|p1a: 썬더|32/100|[from] item: Leftovers
|upkeep
|turn|60
|
|t:|1728839878
|move|p2a: Celebi|Recover|p2a: Celebi
|-heal|p2a: Celebi|97/100
|move|p1a: 썬더|Toxic|p2a: Celebi
|-status|p2a: Celebi|tox
|
|-weather|Sandstorm|[upkeep]
|-damage|p2a: Celebi|91/100 tox|[from] Sandstorm
|-damage|p1a: 썬더|26/100|[from] Sandstorm
|-heal|p2a: Celebi|97/100 tox|[from] item: Leftovers
|-damage|p2a: Celebi|91/100 tox|[from] psn
|-heal|p1a: 썬더|32/100|[from] item: Leftovers
|upkeep
|turn|61
|
|t:|1728839882
|-curestatus|p2a: Celebi|tox|[from] ability: Natural Cure
|switch|p2a: Snorlax|Snorlax, M|82/100
|-damage|p2a: Snorlax|69/100|[from] Spikes
|move|p1a: 썬더|Thunderbolt|p2a: Snorlax
|-damage|p2a: Snorlax|50/100
|
|-weather|Sandstorm|[upkeep]
|-damage|p1a: 썬더|26/100|[from] Sandstorm
|-damage|p2a: Snorlax|43/100|[from] Sandstorm
|-heal|p1a: 썬더|32/100|[from] item: Leftovers
|-heal|p2a: Snorlax|50/100|[from] item: Leftovers
|upkeep
|turn|62
|
|t:|1728839890
|switch|p1a: 팬텀|Gengar, F, shiny|100/100
|move|p2a: Snorlax|Rest|p2a: Snorlax
|-status|p2a: Snorlax|slp|[from] move: Rest
|-heal|p2a: Snorlax|100/100 slp|[silent]
|
|-weather|Sandstorm|[upkeep]
|-damage|p1a: 팬텀|94/100|[from] Sandstorm
|-damage|p2a: Snorlax|94/100 slp|[from] Sandstorm
|-heal|p1a: 팬텀|100/100|[from] item: Leftovers
|-heal|p2a: Snorlax|100/100 slp|[from] item: Leftovers
|upkeep
|turn|63
|
|t:|1728839895
|switch|p1a: 마기라스|Tyranitar, F|42/100
|cant|p2a: Snorlax|slp
|
|-weather|Sandstorm|[upkeep]
|-damage|p2a: Snorlax|94/100 slp|[from] Sandstorm
|-heal|p1a: 마기라스|48/100|[from] item: Leftovers
|-heal|p2a: Snorlax|100/100 slp|[from] item: Leftovers
|upkeep
|turn|64
|
|t:|1728839900
|switch|p2a: Celebi|Celebi|91/100
|-damage|p2a: Celebi|78/100|[from] Spikes
|move|p1a: 마기라스|Dragon Dance|p1a: 마기라스
|-boost|p1a: 마기라스|atk|1
|-boost|p1a: 마기라스|spe|1
|
|-weather|Sandstorm|[upkeep]
|-damage|p2a: Celebi|72/100|[from] Sandstorm
|-heal|p1a: 마기라스|54/100|[from] item: Leftovers
|-heal|p2a: Celebi|78/100|[from] item: Leftovers
|upkeep
|turn|65
|
|t:|1728839903
|move|p1a: 마기라스|Rock Slide|p2a: Celebi
|-damage|p2a: Celebi|40/100
|cant|p2a: Celebi|flinch
|
|-weather|Sandstorm|[upkeep]
|-damage|p2a: Celebi|34/100|[from] Sandstorm
|-heal|p1a: 마기라스|60/100|[from] item: Leftovers
|-heal|p2a: Celebi|40/100|[from] item: Leftovers
|upkeep
|turn|66
|
|t:|1728839908
|move|p1a: 마기라스|Dragon Dance|p1a: 마기라스
|-boost|p1a: 마기라스|atk|1
|-boost|p1a: 마기라스|spe|1
|move|p2a: Celebi|Recover|p2a: Celebi
|-heal|p2a: Celebi|90/100
|
|-weather|Sandstorm|[upkeep]
|-damage|p2a: Celebi|84/100|[from] Sandstorm
|-heal|p1a: 마기라스|67/100|[from] item: Leftovers
|-heal|p2a: Celebi|90/100|[from] item: Leftovers
|upkeep
|turn|67
|
|t:|1728839912
|move|p1a: 마기라스|Rock Slide|p2a: Celebi
|-damage|p2a: Celebi|39/100
|move|p2a: Celebi|Leech Seed|p1a: 마기라스
|-start|p1a: 마기라스|move: Leech Seed
|
|-weather|Sandstorm|[upkeep]
|-damage|p2a: Celebi|33/100|[from] Sandstorm
|-heal|p1a: 마기라스|73/100|[from] item: Leftovers
|-damage|p1a: 마기라스|60/100|[from] Leech Seed|[of] p2a: Celebi
|-heal|p2a: Celebi|45/100|[silent]
|-heal|p2a: Celebi|51/100|[from] item: Leftovers
|upkeep
|turn|68
|
|t:|1728839924
|move|p1a: 마기라스|Rock Slide|p2a: Celebi
|-damage|p2a: Celebi|0 fnt
|faint|p2a: Celebi
|
|t:|1728839927
|switch|p2a: Salamence|Salamence, F|59/100
|-ability|p2a: Salamence|Intimidate|boost
|-unboost|p1a: 마기라스|atk|1
|
|-weather|Sandstorm|[upkeep]
|-damage|p2a: Salamence|52/100|[from] Sandstorm
|-heal|p1a: 마기라스|67/100|[from] item: Leftovers
|-damage|p1a: 마기라스|54/100|[from] Leech Seed|[of] p2a: Salamence
|-heal|p2a: Salamence|66/100|[silent]
|-heal|p2a: Salamence|72/100|[from] item: Leftovers
|upkeep
|turn|69
|
|t:|1728839931
|move|p1a: 마기라스|Dragon Dance|p1a: 마기라스
|-boost|p1a: 마기라스|atk|1
|-boost|p1a: 마기라스|spe|1
|move|p2a: Salamence|Roar|p1a: 마기라스
|drag|p1a: 썬더|Zapdos|32/100
|
|-weather|Sandstorm|[upkeep]
|-damage|p2a: Salamence|66/100|[from] Sandstorm
|-damage|p1a: 썬더|26/100|[from] Sandstorm
|-heal|p2a: Salamence|72/100|[from] item: Leftovers
|-heal|p1a: 썬더|32/100|[from] item: Leftovers
|upkeep
|turn|70
|
|t:|1728839936
|switch|p1a: 대짱이|Swampert, M|80/100
|move|p2a: Salamence|Dragon Claw|p1a: 대짱이
|-damage|p1a: 대짱이|41/100
|
|-weather|Sandstorm|[upkeep]
|-damage|p2a: Salamence|66/100|[from] Sandstorm
|-heal|p2a: Salamence|72/100|[from] item: Leftovers
|-heal|p1a: 대짱이|48/100|[from] item: Leftovers
|upkeep
|turn|71
|
|t:|1728839943
|move|p2a: Salamence|Dragon Claw|p1a: 대짱이
|-damage|p1a: 대짱이|10/100
|move|p1a: 대짱이|Surf|p2a: Salamence
|-resisted|p2a: Salamence
|-damage|p2a: Salamence|49/100
|
|-weather|Sandstorm|[upkeep]
|-damage|p2a: Salamence|43/100|[from] Sandstorm
|-heal|p2a: Salamence|49/100|[from] item: Leftovers
|-heal|p1a: 대짱이|16/100|[from] item: Leftovers
|upkeep
|turn|72
|
|t:|1728839955
|move|p2a: Salamence|Wish|p2a: Salamence
|move|p1a: 대짱이|Surf|p2a: Salamence
|-resisted|p2a: Salamence
|-damage|p2a: Salamence|23/100
|
|-weather|Sandstorm|[upkeep]
|-damage|p2a: Salamence|17/100|[from] Sandstorm
|-heal|p2a: Salamence|23/100|[from] item: Leftovers
|-heal|p1a: 대짱이|23/100|[from] item: Leftovers
|upkeep
|turn|73
|
|t:|1728839966
|move|p2a: Salamence|Dragon Claw|p1a: 대짱이
|-damage|p1a: 대짱이|0 fnt
|faint|p1a: 대짱이
|
|t:|1728839969
|switch|p1a: 프테라|Aerodactyl, M|66/100
|
|-heal|p2a: Salamence|73/100|[from] move: Wish|[wisher] Salamence
|-weather|Sandstorm|[upkeep]
|-damage|p2a: Salamence|67/100|[from] Sandstorm
|-heal|p2a: Salamence|73/100|[from] item: Leftovers
|upkeep
|turn|74
|
|t:|1728839973
|move|p1a: 프테라|Rock Slide|p2a: Salamence
|-supereffective|p2a: Salamence
|-damage|p2a: Salamence|0 fnt
|faint|p2a: Salamence
|
|t:|1728839976
|switch|p2a: Snorlax|Snorlax, M|100/100 slp
|-damage|p2a: Snorlax|88/100 slp|[from] Spikes
|
|-weather|Sandstorm|[upkeep]
|-damage|p2a: Snorlax|82/100 slp|[from] Sandstorm
|-heal|p2a: Snorlax|88/100 slp|[from] item: Leftovers
|upkeep
|turn|75
|
|t:|1728839983
|switch|p1a: 마기라스|Tyranitar, F|54/100
|cant|p2a: Snorlax|slp
|
|-weather|Sandstorm|[upkeep]
|-damage|p2a: Snorlax|82/100 slp|[from] Sandstorm
|-heal|p1a: 마기라스|60/100|[from] item: Leftovers
|-heal|p2a: Snorlax|88/100 slp|[from] item: Leftovers
|upkeep
|turn|76
|
|t:|1728839988
|move|p1a: 마기라스|Rock Slide|p2a: Snorlax
|-damage|p2a: Snorlax|59/100 slp
|-curestatus|p2a: Snorlax|slp|[msg]
|move|p2a: Snorlax|Curse|p2a: Snorlax
|-unboost|p2a: Snorlax|spe|1
|-boost|p2a: Snorlax|atk|1
|-boost|p2a: Snorlax|def|1
|
|-weather|Sandstorm|[upkeep]
|-damage|p2a: Snorlax|53/100|[from] Sandstorm
|-heal|p1a: 마기라스|67/100|[from] item: Leftovers
|-heal|p2a: Snorlax|59/100|[from] item: Leftovers
|upkeep
|turn|77
|
|t:|1728839994
|move|p1a: 마기라스|Dragon Dance|p1a: 마기라스
|-boost|p1a: 마기라스|atk|1
|-boost|p1a: 마기라스|spe|1
|move|p2a: Snorlax|Earthquake|p1a: 마기라스
|-supereffective|p1a: 마기라스
|-damage|p1a: 마기라스|0 fnt
|faint|p1a: 마기라스
|
|t:|1728839996
|switch|p1a: 팬텀|Gengar, F, shiny|100/100
|
|-weather|Sandstorm|[upkeep]
|-damage|p1a: 팬텀|94/100|[from] Sandstorm
|-damage|p2a: Snorlax|53/100|[from] Sandstorm
|-heal|p1a: 팬텀|100/100|[from] item: Leftovers
|-heal|p2a: Snorlax|59/100|[from] item: Leftovers
|upkeep
|turn|78
|
|t:|1728839998
|move|p1a: 팬텀|Will-O-Wisp|p2a: Snorlax|[miss]
|-miss|p1a: 팬텀|p2a: Snorlax
|move|p2a: Snorlax|Rest|p2a: Snorlax
|-status|p2a: Snorlax|slp|[from] move: Rest
|-heal|p2a: Snorlax|100/100 slp|[silent]
|
|-weather|Sandstorm|[upkeep]
|-damage|p1a: 팬텀|94/100|[from] Sandstorm
|-damage|p2a: Snorlax|94/100 slp|[from] Sandstorm
|-heal|p1a: 팬텀|100/100|[from] item: Leftovers
|-heal|p2a: Snorlax|100/100 slp|[from] item: Leftovers
|upkeep
|turn|79
|
|t:|1728840007
|move|p1a: 팬텀|Thunderbolt|p2a: Snorlax
|-damage|p2a: Snorlax|85/100 slp
|cant|p2a: Snorlax|slp
|
|-weather|Sandstorm|[upkeep]
|-damage|p1a: 팬텀|94/100|[from] Sandstorm
|-damage|p2a: Snorlax|79/100 slp|[from] Sandstorm
|-heal|p1a: 팬텀|100/100|[from] item: Leftovers
|-heal|p2a: Snorlax|85/100 slp|[from] item: Leftovers
|upkeep
|turn|80
|
|t:|1728840011
|move|p1a: 팬텀|Thunderbolt|p2a: Snorlax
|-crit|p2a: Snorlax
|-damage|p2a: Snorlax|59/100 slp
|cant|p2a: Snorlax|slp
|
|-weather|Sandstorm|[upkeep]
|-damage|p1a: 팬텀|94/100|[from] Sandstorm
|-damage|p2a: Snorlax|52/100 slp|[from] Sandstorm
|-heal|p1a: 팬텀|100/100|[from] item: Leftovers
|-heal|p2a: Snorlax|59/100 slp|[from] item: Leftovers
|upkeep
|turn|81
|
|t:|1728840014
|move|p1a: 팬텀|Thunderbolt|p2a: Snorlax
|-crit|p2a: Snorlax
|-damage|p2a: Snorlax|29/100 slp
|-curestatus|p2a: Snorlax|slp|[msg]
|move|p2a: Snorlax|Curse|p2a: Snorlax
|-unboost|p2a: Snorlax|spe|1
|-boost|p2a: Snorlax|atk|1
|-boost|p2a: Snorlax|def|1
|
|-weather|Sandstorm|[upkeep]
|-damage|p1a: 팬텀|94/100|[from] Sandstorm
|-damage|p2a: Snorlax|23/100|[from] Sandstorm
|-heal|p1a: 팬텀|100/100|[from] item: Leftovers
|-heal|p2a: Snorlax|29/100|[from] item: Leftovers
|upkeep
|turn|82
|
|t:|1728840018
|move|p1a: 팬텀|Explosion|p2a: Snorlax
|-damage|p2a: Snorlax|0 fnt
|faint|p1a: 팬텀
|faint|p2a: Snorlax
|c|☆zacpz|gg
|c|☆VZR|gg
|
|t:|1728840029
|switch|p1a: 프테라|Aerodactyl, M|66/100
|switch|p2a: Houndoom|Houndoom, M|54/100
|-damage|p2a: Houndoom|41/100|[from] Spikes
|
|-weather|Sandstorm|[upkeep]
|-damage|p2a: Houndoom|35/100|[from] Sandstorm
|-heal|p2a: Houndoom|41/100|[from] item: Leftovers
|upkeep
|turn|83
|
|t:|1728840034
|move|p1a: 프테라|Double-Edge|p2a: Houndoom
|-damage|p2a: Houndoom|0 fnt
|faint|p2a: Houndoom
|
|win|VZR

</script>
<script type="application/json" class="data" id="replaydata-smogtours-gen3ou-798169">
{"id":"smogtours-gen3ou-798169","format":"[Gen 3] OU","players":["VZR","zacpz"],"uploadtime":1728840034,"views":147,"formatid":"gen3ou","rating":null,"private":0,"password":null}
</script>

<script defer src="js/replays.js?9d40a366"></script>
