<!DOCTYPE html>
<meta charset="utf-8" />
<meta name="viewport" content="width=device-width" />

<title>[Gen 3] OU: Fear vs. xXEricXx - Replays - Pok&eacute;mon Showdown!</title>

<meta name="description" content="Watch a replay of a Pok&eacute;mon battle between Fear and xXEricXx! Format: [Gen 3] OU; Date: Nov 17, 2024" />
<!--

Hey, you! Looking in the source for the replay log?

You can find them in JSON format, just add `.json` at the end of a replay URL.

https://replay.pokemonshowdown.com/gen7randomdoublesbattle-865046831.json

Or, if you only need the log itself, add `.log` instead:

https://replay.pokemonshowdown.com/gen7randomdoublesbattle-865046831.log

-->

<link rel="stylesheet" href="//pokemonshowdown.com/style/global.css?0.767286132409787" />
<link rel="stylesheet" href="//play.pokemonshowdown.com/style/font-awesome.css?0.9266228007934947" />
<link rel="stylesheet" href="//play.pokemonshowdown.com/style/battle.css?0.7924700842790926" />
<link rel="stylesheet" href="//play.pokemonshowdown.com/style/utilichart.css?0.8777417872839479" />

<!-- Global site tag (gtag.js) - Google Analytics -->
<script async src="https://www.googletagmanager.com/gtag/js?id=UA-26211653-1"></script>
<script>
  window.dataLayer = window.dataLayer || [];
  function gtag(){dataLayer.push(arguments);}
  gtag('js', new Date());

  gtag('config', 'UA-26211653-1');
</script>
<!-- End Google Analytics -->
<!-- Venatus Ad Manager - Install in <HEAD> of page -->
	<script src="https://hb.vntsm.com/v3/live/ad-manager.min.js" type="text/javascript" data-site-id="642aba63ec9a7b11c3c9c1be" data-mode="scan" async></script>
<!-- / Venatus Ad Manager -->

<style>
	@media (max-width:820px) {
		.battle {
			margin: 0 auto;
		}
		.battle-log {
			margin: 7px auto 0;
			max-width: 640px;
			height: 300px;
			position: static;
		}
	}
	.optgroup {
		display: inline-block;
		line-height: 22px;
		font-size: 10pt;
	}
	.optgroup .button {
		height: 25px;
		padding-top: 0;
		padding-bottom: 0;
	}
	.optgroup button.button {
		padding-left: 12px;
		padding-right: 12px;
	}
	.linklist {
		list-style: none;
		margin: 0.5em 0;
		padding: 0;
	}
	.linklist li {
		padding: 2px 0;
	}
	.sidebar {
		float: left;
		width: 320px;
	}
	.bar-wrapper {
		max-width: 1100px;
		margin: 0 auto;
	}
	.bar-wrapper.has-sidebar {
		max-width: 1430px;
	}
	.mainbar {
		margin: 0;
		padding-right: 1px;
	}
	.mainbar.has-sidebar {
		margin-left: 330px;
	}
	@media (min-width: 1511px) {
		.sidebar {
			width: 400px;
		}
		.bar-wrapper.has-sidebar {
			max-width: 1510px;
		}
		.mainbar.has-sidebar {
			margin-left: 410px;
		}
	}
	.section.first-section {
		margin-top: 9px;
	}
	.blocklink small {
		white-space: normal;
	}
	.button {
		vertical-align: middle;
	}
	.replay-controls {
		padding-top: 10px;
	}
	.replay-controls h1 {
		font-size: 16pt;
		font-weight: normal;
		color: #CCC;
	}
	.pagelink {
		text-align: center;
	}
	.pagelink a {
		width: 150px;
	}
	.textbox, .button {
		font-size: 11pt;
		vertical-align: middle;
	}
	@media (max-width: 450px) {
		.button {
			font-size: 9pt;
		}
	}
</style>

<div>

	<header>
		<div class="nav-wrapper"><ul class="nav">
			<li><a class="button nav-first" href="//pokemonshowdown.com/"><img src="//pokemonshowdown.com/images/pokemonshowdownbeta.png" srcset="//pokemonshowdown.com/images/pokemonshowdownbeta.png 1x, //pokemonshowdown.com/images/pokemonshowdownbeta@2x.png 2x" alt="Pok&eacute;mon Showdown" width="146" height="44" /> Home</a></li>
			<li><a class="button" href="//pokemonshowdown.com/dex/">Pok&eacute;dex</a></li>
			<li><a class="button cur" href="/">Replays</a></li>
			<li><a class="button" href="//pokemonshowdown.com/ladder/">Ladder</a></li>
			<li><a class="button nav-last" href="//pokemonshowdown.com/forums/">Forum</a></li>
			<li><a class="button greenbutton nav-first nav-last" href="//play.pokemonshowdown.com/">Play</a></li>
		</ul></div>
	</header>

	<div class="main" id="main">

		<noscript><section class="section">You need to enable JavaScript to use this page; sorry!</section></noscript>

	</div>

</div>

<script defer nomodule src="//play.pokemonshowdown.com/js/lib/ps-polyfill.js"></script>
<script defer src="//play.pokemonshowdown.com/js/lib/preact.min.js"></script>

<script defer src="//play.pokemonshowdown.com/config/config.js?6dec07f6"></script>
<script defer src="//play.pokemonshowdown.com/js/lib/jquery-1.11.0.min.js"></script>
<script defer src="//play.pokemonshowdown.com/js/lib/html-sanitizer-minified.js"></script>
<script defer src="//play.pokemonshowdown.com/js/battle-sound.js"></script>
<script defer src="//play.pokemonshowdown.com/js/battledata.js?0.6315294753075389"></script>
<script defer src="//play.pokemonshowdown.com/data/pokedex-mini.js?0.7603743185311358"></script>
<script defer src="//play.pokemonshowdown.com/data/pokedex-mini-bw.js?0.030888842834281283"></script>
<script defer src="//play.pokemonshowdown.com/data/graphics.js?0.05593094747507488"></script>
<script defer src="//play.pokemonshowdown.com/data/pokedex.js?0.47064822249611904"></script>
<script defer src="//play.pokemonshowdown.com/data/moves.js?0.8583693120512459"></script>
<script defer src="//play.pokemonshowdown.com/data/abilities.js?0.16017181182386842"></script>
<script defer src="//play.pokemonshowdown.com/data/items.js?0.4163379185673943"></script>
<script defer src="//play.pokemonshowdown.com/data/teambuilder-tables.js?0.31075597372830477"></script>
<script defer src="//play.pokemonshowdown.com/js/battle-tooltips.js?0.6536193500708172"></script>
<script defer src="//play.pokemonshowdown.com/js/battle.js?0.1916591943277901"></script>

<script defer src="js/utils.js?e31f9a17"></script>
<script defer src="js/replays-battle.js?7008c182"></script>

<!-- don't scrape this data! just add .json or .log after the URL!
Full API docs: https://github.com/smogon/pokemon-showdown-client/blob/master/WEB-API.md -->
<script type="text/plain" class="log" id="replaylog-smogtours-gen3ou-806847">
|inactive|Battle timer is ON: inactive players will automatically lose when time's up.
|t:|1731873753
|gametype|singles
|player|p1|Fear|#gscpl3ironmanmachamps|
|player|p2|xXEricXx|red|
|teamsize|p1|6
|teamsize|p2|6
|gen|3
|tier|[Gen 3] OU
|rule|Sleep Clause Mod: Limit one foe put to sleep
|rule|Switch Priority Clause Mod: Faster Pokémon switch first
|rule|Species Clause: Limit one of each Pokémon
|rule|OHKO Clause: OHKO moves are banned
|rule|Evasion Items Clause: Evasion items are banned
|rule|Evasion Moves Clause: Evasion moves are banned
|rule|Endless Battle Clause: Forcing endless battles is banned
|rule|HP Percentage Mod: HP is shown in percentages
|rule|One Boost Passer Clause: Limit one Baton Passer that has a way to boost its stats
|rule|Freeze Clause Mod: Limit one foe frozen
|
|t:|1731873753
|start
|switch|p1a: Zodd|Tyranitar, F|100/100
|switch|p2a: Tyranitar|Tyranitar, M|100/100
|-weather|Sandstorm|[from] ability: Sand Stream|[of] p1a: Zodd
|turn|1
|c|☆xXEricXx|hf
|c|☆Fear|hf
|inactive|Fear has 270 seconds left.
|
|t:|1731873785
|switch|p1a: Conrad|Skarmory, F|100/100
|switch|p2a: Swampert|Swampert, F, shiny|100/100
|
|-weather|Sandstorm|[upkeep]
|upkeep
|turn|2
|
|t:|1731873788
|switch|p2a: Starmie|Starmie, shiny|100/100
|move|p1a: Conrad|Spikes|p2a: Starmie
|-sidestart|p2: xXEricXx|Spikes
|
|-weather|Sandstorm|[upkeep]
|-damage|p2a: Starmie|94/100|[from] Sandstorm
|-heal|p2a: Starmie|100/100|[from] item: Leftovers
|upkeep
|turn|3
|
|t:|1731873802
|switch|p1a: Irvine|Starmie|100/100
|move|p2a: Starmie|Rapid Spin|p1a: Irvine
|-damage|p1a: Irvine|96/100
|-sideend|p2: xXEricXx|Spikes|[from] move: Rapid Spin|[of] p2a: Starmie
|
|-weather|Sandstorm|[upkeep]
|-damage|p2a: Starmie|94/100|[from] Sandstorm
|-damage|p1a: Irvine|90/100|[from] Sandstorm
|-heal|p2a: Starmie|100/100|[from] item: Leftovers
|-heal|p1a: Irvine|96/100|[from] item: Leftovers
|upkeep
|turn|4
|
|t:|1731873815
|switch|p2a: Celebi|Celebi|100/100
|move|p1a: Irvine|Ice Beam|p2a: Celebi
|-supereffective|p2a: Celebi
|-damage|p2a: Celebi|52/100
|
|-weather|Sandstorm|[upkeep]
|-damage|p1a: Irvine|90/100|[from] Sandstorm
|-damage|p2a: Celebi|46/100|[from] Sandstorm
|-heal|p1a: Irvine|96/100|[from] item: Leftovers
|-heal|p2a: Celebi|52/100|[from] item: Leftovers
|upkeep
|turn|5
|inactive|xXEricXx has 270 seconds left.
|
|t:|1731873858
|move|p1a: Irvine|Ice Beam|p2a: Celebi
|-supereffective|p2a: Celebi
|-damage|p2a: Celebi|6/100
|move|p2a: Celebi|Recover|p2a: Celebi
|-heal|p2a: Celebi|56/100
|
|-weather|Sandstorm|[upkeep]
|-damage|p1a: Irvine|90/100|[from] Sandstorm
|-damage|p2a: Celebi|50/100|[from] Sandstorm
|-heal|p1a: Irvine|96/100|[from] item: Leftovers
|-heal|p2a: Celebi|56/100|[from] item: Leftovers
|upkeep
|turn|6
|
|t:|1731873879
|move|p1a: Irvine|Ice Beam|p2a: Celebi
|-supereffective|p2a: Celebi
|-damage|p2a: Celebi|13/100
|move|p2a: Celebi|Recover|p2a: Celebi
|-heal|p2a: Celebi|63/100
|
|-weather|Sandstorm|[upkeep]
|-damage|p1a: Irvine|90/100|[from] Sandstorm
|-damage|p2a: Celebi|57/100|[from] Sandstorm
|-heal|p1a: Irvine|96/100|[from] item: Leftovers
|-heal|p2a: Celebi|63/100|[from] item: Leftovers
|upkeep
|turn|7
|inactive|xXEricXx has 240 seconds left.
|
|t:|1731873905
|move|p1a: Irvine|Ice Beam|p2a: Celebi
|-supereffective|p2a: Celebi
|-damage|p2a: Celebi|18/100
|move|p2a: Celebi|Recover|p2a: Celebi
|-heal|p2a: Celebi|67/100
|
|-weather|Sandstorm|[upkeep]
|-damage|p1a: Irvine|90/100|[from] Sandstorm
|-damage|p2a: Celebi|61/100|[from] Sandstorm
|-heal|p1a: Irvine|96/100|[from] item: Leftovers
|-heal|p2a: Celebi|67/100|[from] item: Leftovers
|upkeep
|turn|8
|inactive|xXEricXx has 240 seconds left.
|
|t:|1731873923
|switch|p2a: Swampert|Swampert, F, shiny|100/100
|move|p1a: Irvine|Ice Beam|p2a: Swampert
|-damage|p2a: Swampert|73/100
|
|-weather|Sandstorm|[upkeep]
|-damage|p1a: Irvine|90/100|[from] Sandstorm
|-heal|p1a: Irvine|96/100|[from] item: Leftovers
|-heal|p2a: Swampert|79/100|[from] item: Leftovers
|upkeep
|turn|9
|
|t:|1731873940
|switch|p1a: Conrad|Skarmory, F|100/100
|move|p2a: Swampert|Protect||[still]
|-fail|p2a: Swampert
|
|-weather|Sandstorm|[upkeep]
|-heal|p2a: Swampert|85/100|[from] item: Leftovers
|upkeep
|turn|10
|
|t:|1731873946
|switch|p2a: Starmie|Starmie, shiny|100/100
|move|p1a: Conrad|Spikes|p2a: Starmie
|-sidestart|p2: xXEricXx|Spikes
|
|-weather|Sandstorm|[upkeep]
|-damage|p2a: Starmie|94/100|[from] Sandstorm
|-heal|p2a: Starmie|100/100|[from] item: Leftovers
|upkeep
|turn|11
|
|t:|1731873952
|switch|p1a: Irvine|Starmie|96/100
|move|p2a: Starmie|Thunder Wave|p1a: Irvine
|-status|p1a: Irvine|par
|
|-weather|Sandstorm|[upkeep]
|-damage|p2a: Starmie|94/100|[from] Sandstorm
|-damage|p1a: Irvine|90/100 par|[from] Sandstorm
|-heal|p2a: Starmie|100/100|[from] item: Leftovers
|-heal|p1a: Irvine|96/100 par|[from] item: Leftovers
|upkeep
|turn|12
|
|t:|1731873963
|move|p2a: Starmie|Rapid Spin|p1a: Irvine
|-damage|p1a: Irvine|91/100 par
|-sideend|p2: xXEricXx|Spikes|[from] move: Rapid Spin|[of] p2a: Starmie
|cant|p1a: Irvine|par
|
|-weather|Sandstorm|[upkeep]
|-damage|p2a: Starmie|94/100|[from] Sandstorm
|-damage|p1a: Irvine|85/100 par|[from] Sandstorm
|-heal|p2a: Starmie|100/100|[from] item: Leftovers
|-heal|p1a: Irvine|91/100 par|[from] item: Leftovers
|upkeep
|turn|13
|inactive|xXEricXx has 270 seconds left.
|
|t:|1731873987
|switch|p2a: Celebi|Celebi|67/100
|move|p1a: Irvine|Ice Beam|p2a: Celebi
|-supereffective|p2a: Celebi
|-crit|p2a: Celebi
|-damage|p2a: Celebi|0 fnt
|faint|p2a: Celebi
|inactive|xXEricXx has 240 seconds left.
|inactive|xXEricXx has 210 seconds left.
|
|t:|1731874046
|switch|p2a: Tyranitar|Tyranitar, M|100/100
|
|-weather|Sandstorm|[upkeep]
|-damage|p1a: Irvine|85/100 par|[from] Sandstorm
|-heal|p1a: Irvine|91/100 par|[from] item: Leftovers
|upkeep
|turn|14
|
|t:|1731874058
|move|p2a: Tyranitar|Dragon Dance|p2a: Tyranitar
|-boost|p2a: Tyranitar|atk|1
|-boost|p2a: Tyranitar|spe|1
|move|p1a: Irvine|Surf|p2a: Tyranitar
|-supereffective|p2a: Tyranitar
|-damage|p2a: Tyranitar|28/100
|
|-weather|Sandstorm|[upkeep]
|-damage|p1a: Irvine|85/100 par|[from] Sandstorm
|-heal|p2a: Tyranitar|34/100|[from] item: Leftovers
|-heal|p1a: Irvine|91/100 par|[from] item: Leftovers
|upkeep
|turn|15
|
|t:|1731874073
|move|p2a: Tyranitar|Rock Slide|p1a: Irvine
|-damage|p1a: Irvine|2/100 par
|cant|p1a: Irvine|flinch
|
|-weather|Sandstorm|[upkeep]
|-damage|p1a: Irvine|0 fnt|[from] Sandstorm
|faint|p1a: Irvine
|-heal|p2a: Tyranitar|40/100|[from] item: Leftovers
|upkeep
|
|t:|1731874076
|switch|p1a: Ubik|Dugtrio, M|100/100
|turn|16
|
|t:|1731874081
|move|p1a: Ubik|Earthquake|p2a: Tyranitar
|-supereffective|p2a: Tyranitar
|-damage|p2a: Tyranitar|0 fnt
|faint|p2a: Tyranitar
|
|t:|1731874087
|switch|p2a: Skarmory|Skarmory, F|100/100
|
|-weather|Sandstorm|[upkeep]
|upkeep
|turn|17
|
|t:|1731874094
|switch|p1a: Conrad|Skarmory, F|100/100
|move|p2a: Skarmory|Spikes|p1a: Conrad
|-sidestart|p1: Fear|Spikes
|
|-weather|Sandstorm|[upkeep]
|upkeep
|turn|18
|
|t:|1731874105
|move|p1a: Conrad|Toxic|p2a: Skarmory
|-immune|p2a: Skarmory
|move|p2a: Skarmory|Spikes|p1a: Conrad
|-sidestart|p1: Fear|Spikes
|
|-weather|Sandstorm|[upkeep]
|upkeep
|turn|19
|
|t:|1731874111
|move|p1a: Conrad|Spikes|p2a: Skarmory
|-sidestart|p2: xXEricXx|Spikes
|move|p2a: Skarmory|Spikes|p1a: Conrad
|-sidestart|p1: Fear|Spikes
|
|-weather|Sandstorm|[upkeep]
|upkeep
|turn|20
|
|t:|1731874119
|move|p1a: Conrad|Toxic|p2a: Skarmory
|-immune|p2a: Skarmory
|move|p2a: Skarmory|Roar|p1a: Conrad
|drag|p1a: Slan|Blissey, F|100/100
|-damage|p1a: Slan|76/100|[from] Spikes
|
|-weather|Sandstorm|[upkeep]
|-damage|p1a: Slan|69/100|[from] Sandstorm
|-heal|p1a: Slan|76/100|[from] item: Leftovers
|upkeep
|turn|21
|inactive|xXEricXx has 270 seconds left.
|
|t:|1731874133
|switch|p2a: Swampert|Swampert, F, shiny|85/100
|-damage|p2a: Swampert|73/100|[from] Spikes
|move|p1a: Slan|Seismic Toss|p2a: Swampert
|-damage|p2a: Swampert|48/100
|
|-weather|Sandstorm|[upkeep]
|-damage|p1a: Slan|69/100|[from] Sandstorm
|-heal|p1a: Slan|76/100|[from] item: Leftovers
|-heal|p2a: Swampert|54/100|[from] item: Leftovers
|upkeep
|turn|22
|inactive|xXEricXx has 270 seconds left.
|
|t:|1731874144
|move|p1a: Slan|Toxic|p2a: Swampert
|-status|p2a: Swampert|tox
|move|p2a: Swampert|Roar|p1a: Slan
|drag|p1a: Conrad|Skarmory, F|100/100
|
|-weather|Sandstorm|[upkeep]
|-heal|p2a: Swampert|61/100 tox|[from] item: Leftovers
|-damage|p2a: Swampert|54/100 tox|[from] psn
|upkeep
|turn|23
|inactive|xXEricXx has 270 seconds left.
|
|t:|1731874154
|move|p1a: Conrad|Drill Peck|p2a: Swampert
|-damage|p2a: Swampert|38/100 tox
|move|p2a: Swampert|Roar|p1a: Conrad
|drag|p1a: Borkoff|Claydol|100/100
|
|-weather|Sandstorm|[upkeep]
|-heal|p2a: Swampert|44/100 tox|[from] item: Leftovers
|-damage|p2a: Swampert|32/100 tox|[from] psn
|upkeep
|turn|24
|inactive|xXEricXx has 270 seconds left.
|inactive|xXEricXx has 240 seconds left.
|inactive|xXEricXx has 210 seconds left.
|
|t:|1731874235
|switch|p2a: Skarmory|Skarmory, F|100/100
|move|p1a: Borkoff|Rapid Spin|p2a: Skarmory
|-resisted|p2a: Skarmory
|-damage|p2a: Skarmory|98/100
|-sideend|p1: Fear|Spikes|[from] move: Rapid Spin|[of] p1a: Borkoff
|
|-weather|Sandstorm|[upkeep]
|-heal|p2a: Skarmory|100/100|[from] item: Leftovers
|upkeep
|turn|25
|
|t:|1731874250
|switch|p1a: Zodd|Tyranitar, F|100/100
|move|p2a: Skarmory|Spikes|p1a: Zodd
|-sidestart|p1: Fear|Spikes
|
|-weather|Sandstorm|[upkeep]
|upkeep
|turn|26
|
|t:|1731874259
|move|p1a: Zodd|Taunt|p2a: Skarmory
|-start|p2a: Skarmory|move: Taunt
|cant|p2a: Skarmory|move: Taunt|Roar
|
|-weather|Sandstorm|[upkeep]
|upkeep
|turn|27
|inactive|xXEricXx has 210 seconds left.
|
|t:|1731874273
|move|p1a: Zodd|Crunch|p2a: Skarmory
|-resisted|p2a: Skarmory
|-damage|p2a: Skarmory|83/100
|move|p2a: Skarmory|Drill Peck|p1a: Zodd
|-resisted|p1a: Zodd
|-damage|p1a: Zodd|90/100
|
|-weather|Sandstorm|[upkeep]
|-heal|p1a: Zodd|96/100|[from] item: Leftovers
|-heal|p2a: Skarmory|89/100|[from] item: Leftovers
|-end|p2a: Skarmory|move: Taunt|[silent]
|upkeep
|turn|28
|inactive|xXEricXx has 210 seconds left.
|
|t:|1731874285
|move|p2a: Skarmory|Protect|p2a: Skarmory
|-singleturn|p2a: Skarmory|Protect
|move|p1a: Zodd|Crunch|p2a: Skarmory
|-activate|p2a: Skarmory|Protect
|
|-weather|Sandstorm|[upkeep]
|-heal|p1a: Zodd|100/100|[from] item: Leftovers
|-heal|p2a: Skarmory|95/100|[from] item: Leftovers
|upkeep
|turn|29
|inactive|xXEricXx has 210 seconds left.
|
|t:|1731874300
|switch|p2a: Swampert|Swampert, F, shiny|32/100 tox
|-damage|p2a: Swampert|19/100 tox|[from] Spikes
|move|p1a: Zodd|Taunt|p2a: Swampert
|-start|p2a: Swampert|move: Taunt
|
|-weather|Sandstorm|[upkeep]
|-heal|p2a: Swampert|26/100 tox|[from] item: Leftovers
|-damage|p2a: Swampert|19/100 tox|[from] psn
|upkeep
|turn|30
|inactive|xXEricXx has 210 seconds left.
|
|t:|1731874308
|move|p1a: Zodd|Crunch|p2a: Swampert
|-damage|p2a: Swampert|0 fnt
|faint|p2a: Swampert
|
|t:|1731874310
|switch|p2a: Aerodactyl|Aerodactyl, F|100/100
|
|-weather|Sandstorm|[upkeep]
|upkeep
|turn|31
|
|t:|1731874318
|move|p2a: Aerodactyl|Hidden Power|p1a: Zodd
|-supereffective|p1a: Zodd
|-damage|p1a: Zodd|46/100
|move|p1a: Zodd|Crunch|p2a: Aerodactyl
|-crit|p2a: Aerodactyl
|-damage|p2a: Aerodactyl|0 fnt
|faint|p2a: Aerodactyl
|
|t:|1731874324
|switch|p2a: Starmie|Starmie, shiny|100/100
|-damage|p2a: Starmie|88/100|[from] Spikes
|
|-weather|Sandstorm|[upkeep]
|-damage|p2a: Starmie|82/100|[from] Sandstorm
|-heal|p2a: Starmie|88/100|[from] item: Leftovers
|-heal|p1a: Zodd|52/100|[from] item: Leftovers
|upkeep
|turn|32
|
|t:|1731874329
|switch|p1a: Slan|Blissey, F|76/100
|-damage|p1a: Slan|63/100|[from] Spikes
|move|p2a: Starmie|Surf|p1a: Slan
|-damage|p1a: Slan|51/100
|
|-weather|Sandstorm|[upkeep]
|-damage|p2a: Starmie|82/100|[from] Sandstorm
|-damage|p1a: Slan|45/100|[from] Sandstorm
|-heal|p2a: Starmie|88/100|[from] item: Leftovers
|-heal|p1a: Slan|51/100|[from] item: Leftovers
|upkeep
|turn|33
|
|t:|1731874335
|move|p2a: Starmie|Rapid Spin|p1a: Slan
|-damage|p1a: Slan|49/100
|-sideend|p2: xXEricXx|Spikes|[from] move: Rapid Spin|[of] p2a: Starmie
|move|p1a: Slan|Soft-Boiled|p1a: Slan
|-heal|p1a: Slan|99/100
|
|-weather|Sandstorm|[upkeep]
|-damage|p2a: Starmie|82/100|[from] Sandstorm
|-damage|p1a: Slan|92/100|[from] Sandstorm
|-heal|p2a: Starmie|88/100|[from] item: Leftovers
|-heal|p1a: Slan|99/100|[from] item: Leftovers
|upkeep
|turn|34
|
|t:|1731874343
|move|p2a: Starmie|Thunder Wave|p1a: Slan
|-status|p1a: Slan|par
|move|p1a: Slan|Seismic Toss|p2a: Starmie
|-damage|p2a: Starmie|57/100
|
|-weather|Sandstorm|[upkeep]
|-damage|p2a: Starmie|51/100|[from] Sandstorm
|-damage|p1a: Slan|92/100 par|[from] Sandstorm
|-heal|p2a: Starmie|57/100|[from] item: Leftovers
|-heal|p1a: Slan|99/100 par|[from] item: Leftovers
|upkeep
|turn|35
|
|t:|1731874348
|move|p2a: Starmie|Recover|p2a: Starmie
|-heal|p2a: Starmie|100/100
|move|p1a: Slan|Toxic|p2a: Starmie
|-status|p2a: Starmie|tox
|
|-weather|Sandstorm|[upkeep]
|-damage|p2a: Starmie|94/100 tox|[from] Sandstorm
|-damage|p1a: Slan|92/100 par|[from] Sandstorm
|-heal|p2a: Starmie|100/100 tox|[from] item: Leftovers
|-damage|p2a: Starmie|94/100 tox|[from] psn
|-heal|p1a: Slan|99/100 par|[from] item: Leftovers
|upkeep
|turn|36
|
|t:|1731874353
|-curestatus|p2a: Starmie|tox|[from] ability: Natural Cure
|switch|p2a: Skarmory|Skarmory, F|95/100
|move|p1a: Slan|Seismic Toss|p2a: Skarmory
|-damage|p2a: Skarmory|65/100
|
|-weather|Sandstorm|[upkeep]
|-damage|p1a: Slan|92/100 par|[from] Sandstorm
|-heal|p2a: Skarmory|71/100|[from] item: Leftovers
|-heal|p1a: Slan|99/100 par|[from] item: Leftovers
|upkeep
|turn|37
|
|t:|1731874365
|switch|p2a: Starmie|Starmie, shiny|94/100
|-curestatus|p1a: Slan|par|[from] ability: Natural Cure
|switch|p1a: Borkoff|Claydol|100/100
|
|-weather|Sandstorm|[upkeep]
|-damage|p2a: Starmie|88/100|[from] Sandstorm
|-heal|p2a: Starmie|94/100|[from] item: Leftovers
|upkeep
|turn|38
|
|t:|1731874376
|switch|p1a: Slan|Blissey, F|99/100
|-damage|p1a: Slan|86/100|[from] Spikes
|move|p2a: Starmie|Surf|p1a: Slan
|-damage|p1a: Slan|74/100
|
|-weather|Sandstorm|[upkeep]
|-damage|p2a: Starmie|88/100|[from] Sandstorm
|-damage|p1a: Slan|68/100|[from] Sandstorm
|-heal|p2a: Starmie|94/100|[from] item: Leftovers
|-heal|p1a: Slan|74/100|[from] item: Leftovers
|upkeep
|turn|39
|inactive|xXEricXx has 270 seconds left.
|
|t:|1731874383
|switch|p2a: Skarmory|Skarmory, F|71/100
|move|p1a: Slan|Seismic Toss|p2a: Skarmory
|-damage|p2a: Skarmory|41/100
|
|-weather|Sandstorm|[upkeep]
|-damage|p1a: Slan|68/100|[from] Sandstorm
|-heal|p2a: Skarmory|47/100|[from] item: Leftovers
|-heal|p1a: Slan|74/100|[from] item: Leftovers
|upkeep
|turn|40
|
|t:|1731874390
|move|p2a: Skarmory|Protect|p2a: Skarmory
|-singleturn|p2a: Skarmory|Protect
|move|p1a: Slan|Soft-Boiled|p1a: Slan
|-heal|p1a: Slan|100/100
|
|-weather|Sandstorm|[upkeep]
|-damage|p1a: Slan|94/100|[from] Sandstorm
|-heal|p2a: Skarmory|53/100|[from] item: Leftovers
|-heal|p1a: Slan|100/100|[from] item: Leftovers
|upkeep
|turn|41
|
|t:|1731874401
|move|p2a: Skarmory|Spikes|p1a: Slan
|-sidestart|p1: Fear|Spikes
|move|p1a: Slan|Seismic Toss|p2a: Skarmory
|-damage|p2a: Skarmory|23/100
|
|-weather|Sandstorm|[upkeep]
|-damage|p1a: Slan|94/100|[from] Sandstorm
|-heal|p2a: Skarmory|29/100|[from] item: Leftovers
|-heal|p1a: Slan|100/100|[from] item: Leftovers
|upkeep
|turn|42
|
|t:|1731874408
|move|p2a: Skarmory|Drill Peck|p1a: Slan
|-damage|p1a: Slan|80/100
|move|p1a: Slan|Seismic Toss|p2a: Skarmory
|-damage|p2a: Skarmory|0 fnt
|faint|p2a: Skarmory
|
|t:|1731874412
|switch|p2a: Starmie|Starmie, shiny|94/100
|
|-weather|Sandstorm|[upkeep]
|-damage|p2a: Starmie|88/100|[from] Sandstorm
|-damage|p1a: Slan|74/100|[from] Sandstorm
|-heal|p2a: Starmie|94/100|[from] item: Leftovers
|-heal|p1a: Slan|80/100|[from] item: Leftovers
|upkeep
|turn|43
|
|t:|1731874414
|move|p2a: Starmie|Thunder Wave|p1a: Slan
|-status|p1a: Slan|par
|cant|p1a: Slan|par
|
|-weather|Sandstorm|[upkeep]
|-damage|p2a: Starmie|88/100|[from] Sandstorm
|-damage|p1a: Slan|74/100 par|[from] Sandstorm
|-heal|p2a: Starmie|94/100|[from] item: Leftovers
|-heal|p1a: Slan|80/100 par|[from] item: Leftovers
|upkeep
|turn|44
|
|t:|1731874416
|move|p2a: Starmie|Surf|p1a: Slan
|-damage|p1a: Slan|69/100 par
|cant|p1a: Slan|par
|
|-weather|Sandstorm|[upkeep]
|-damage|p2a: Starmie|88/100|[from] Sandstorm
|-damage|p1a: Slan|63/100 par|[from] Sandstorm
|-heal|p2a: Starmie|94/100|[from] item: Leftovers
|-heal|p1a: Slan|69/100 par|[from] item: Leftovers
|upkeep
|turn|45
|
|t:|1731874419
|move|p2a: Starmie|Surf|p1a: Slan
|-damage|p1a: Slan|57/100 par
|move|p1a: Slan|Soft-Boiled|p1a: Slan
|-heal|p1a: Slan|100/100 par
|
|-weather|Sandstorm|[upkeep]
|-damage|p2a: Starmie|88/100|[from] Sandstorm
|-damage|p1a: Slan|94/100 par|[from] Sandstorm
|-heal|p2a: Starmie|94/100|[from] item: Leftovers
|-heal|p1a: Slan|100/100 par|[from] item: Leftovers
|upkeep
|turn|46
|
|t:|1731874422
|move|p2a: Starmie|Surf|p1a: Slan
|-damage|p1a: Slan|87/100 par
|move|p1a: Slan|Toxic|p2a: Starmie
|-status|p2a: Starmie|tox
|
|-weather|Sandstorm|[upkeep]
|-damage|p2a: Starmie|88/100 tox|[from] Sandstorm
|-damage|p1a: Slan|81/100 par|[from] Sandstorm
|-heal|p2a: Starmie|94/100 tox|[from] item: Leftovers
|-damage|p2a: Starmie|88/100 tox|[from] psn
|-heal|p1a: Slan|87/100 par|[from] item: Leftovers
|upkeep
|turn|47
|c|☆xXEricXx|gg
|c|☆Fear|gg
|-message|xXEricXx forfeited.
|
|win|Fear

</script>
<script type="application/json" class="data" id="replaydata-smogtours-gen3ou-806847">
{"id":"smogtours-gen3ou-806847","format":"[Gen 3] OU","players":["Fear","xXEricXx"],"uploadtime":1731874434,"views":16,"formatid":"gen3ou","rating":null,"private":0,"password":null}
</script>

<script defer src="js/replays.js?9d40a366"></script>
