<!DOCTYPE html>
<meta charset="utf-8" />
<meta name="viewport" content="width=device-width" />

<title>[Gen 3] OU: Yuiis vs. bebra322 - Replays - Pok&eacute;mon Showdown!</title>

<meta name="description" content="Watch a replay of a Pok&eacute;mon battle between Yuiis and bebra322! Format: [Gen 3] OU; Date: Oct 8, 2024" />
<!--

Hey, you! Looking in the source for the replay log?

You can find them in JSON format, just add `.json` at the end of a replay URL.

https://replay.pokemonshowdown.com/gen7randomdoublesbattle-865046831.json

Or, if you only need the log itself, add `.log` instead:

https://replay.pokemonshowdown.com/gen7randomdoublesbattle-865046831.log

-->

<link rel="stylesheet" href="//pokemonshowdown.com/style/global.css?0.023195364461161105" />
<link rel="stylesheet" href="//play.pokemonshowdown.com/style/font-awesome.css?0.13261647063804238" />
<link rel="stylesheet" href="//play.pokemonshowdown.com/style/battle.css?0.8753245789963631" />
<link rel="stylesheet" href="//play.pokemonshowdown.com/style/utilichart.css?0.8627959624976733" />

<!-- Global site tag (gtag.js) - Google Analytics -->
<script async src="https://www.googletagmanager.com/gtag/js?id=UA-26211653-1"></script>
<script>
  window.dataLayer = window.dataLayer || [];
  function gtag(){dataLayer.push(arguments);}
  gtag('js', new Date());

  gtag('config', 'UA-26211653-1');
</script>
<!-- End Google Analytics -->
<!-- Venatus Ad Manager - Install in <HEAD> of page -->
	<script src="https://hb.vntsm.com/v3/live/ad-manager.min.js" type="text/javascript" data-site-id="642aba63ec9a7b11c3c9c1be" data-mode="scan" async></script>
<!-- / Venatus Ad Manager -->

<style>
	@media (max-width:820px) {
		.battle {
			margin: 0 auto;
		}
		.battle-log {
			margin: 7px auto 0;
			max-width: 640px;
			height: 300px;
			position: static;
		}
	}
	.optgroup {
		display: inline-block;
		line-height: 22px;
		font-size: 10pt;
	}
	.optgroup .button {
		height: 25px;
		padding-top: 0;
		padding-bottom: 0;
	}
	.optgroup button.button {
		padding-left: 12px;
		padding-right: 12px;
	}
	.linklist {
		list-style: none;
		margin: 0.5em 0;
		padding: 0;
	}
	.linklist li {
		padding: 2px 0;
	}
	.sidebar {
		float: left;
		width: 320px;
	}
	.bar-wrapper {
		max-width: 1100px;
		margin: 0 auto;
	}
	.bar-wrapper.has-sidebar {
		max-width: 1430px;
	}
	.mainbar {
		margin: 0;
		padding-right: 1px;
	}
	.mainbar.has-sidebar {
		margin-left: 330px;
	}
	@media (min-width: 1511px) {
		.sidebar {
			width: 400px;
		}
		.bar-wrapper.has-sidebar {
			max-width: 1510px;
		}
		.mainbar.has-sidebar {
			margin-left: 410px;
		}
	}
	.section.first-section {
		margin-top: 9px;
	}
	.blocklink small {
		white-space: normal;
	}
	.button {
		vertical-align: middle;
	}
	.replay-controls {
		padding-top: 10px;
	}
	.replay-controls h1 {
		font-size: 16pt;
		font-weight: normal;
		color: #CCC;
	}
	.pagelink {
		text-align: center;
	}
	.pagelink a {
		width: 150px;
	}
	.textbox, .button {
		font-size: 11pt;
		vertical-align: middle;
	}
	@media (max-width: 450px) {
		.button {
			font-size: 9pt;
		}
	}
</style>

<div>

	<header>
		<div class="nav-wrapper"><ul class="nav">
			<li><a class="button nav-first" href="//pokemonshowdown.com/"><img src="//pokemonshowdown.com/images/pokemonshowdownbeta.png" srcset="//pokemonshowdown.com/images/pokemonshowdownbeta.png 1x, //pokemonshowdown.com/images/pokemonshowdownbeta@2x.png 2x" alt="Pok&eacute;mon Showdown" width="146" height="44" /> Home</a></li>
			<li><a class="button" href="//pokemonshowdown.com/dex/">Pok&eacute;dex</a></li>
			<li><a class="button cur" href="/">Replays</a></li>
			<li><a class="button" href="//pokemonshowdown.com/ladder/">Ladder</a></li>
			<li><a class="button nav-last" href="//pokemonshowdown.com/forums/">Forum</a></li>
			<li><a class="button greenbutton nav-first nav-last" href="//play.pokemonshowdown.com/">Play</a></li>
		</ul></div>
	</header>

	<div class="main" id="main">

		<noscript><section class="section">You need to enable JavaScript to use this page; sorry!</section></noscript>

	</div>

</div>

<script defer nomodule src="//play.pokemonshowdown.com/js/lib/ps-polyfill.js"></script>
<script defer src="//play.pokemonshowdown.com/js/lib/preact.min.js"></script>

<script defer src="//play.pokemonshowdown.com/config/config.js?2bddbc15"></script>
<script defer src="//play.pokemonshowdown.com/js/lib/jquery-1.11.0.min.js"></script>
<script defer src="//play.pokemonshowdown.com/js/lib/html-sanitizer-minified.js"></script>
<script defer src="//play.pokemonshowdown.com/js/battle-sound.js"></script>
<script defer src="//play.pokemonshowdown.com/js/battledata.js?0.7209276989879541"></script>
<script defer src="//play.pokemonshowdown.com/data/pokedex-mini.js?0.6111056340867951"></script>
<script defer src="//play.pokemonshowdown.com/data/pokedex-mini-bw.js?0.3532142036491459"></script>
<script defer src="//play.pokemonshowdown.com/data/graphics.js?0.24223875632456182"></script>
<script defer src="//play.pokemonshowdown.com/data/pokedex.js?0.38839984266356864"></script>
<script defer src="//play.pokemonshowdown.com/data/moves.js?0.21866028504024015"></script>
<script defer src="//play.pokemonshowdown.com/data/abilities.js?0.2005157953846628"></script>
<script defer src="//play.pokemonshowdown.com/data/items.js?0.9894211263848525"></script>
<script defer src="//play.pokemonshowdown.com/data/teambuilder-tables.js?0.6008791140282215"></script>
<script defer src="//play.pokemonshowdown.com/js/battle-tooltips.js?0.7580118955022959"></script>
<script defer src="//play.pokemonshowdown.com/js/battle.js?0.6057722274234274"></script>

<script defer src="js/utils.js?e31f9a17"></script>
<script defer src="js/replays-battle.js?7008c182"></script>

<!-- don't scrape this data! just add .json or .log after the URL!
Full API docs: https://github.com/smogon/pokemon-showdown-client/blob/master/WEB-API.md -->
<script type="text/plain" class="log" id="replaylog-smogtours-gen3ou-796408">
|inactive|Battle timer is ON: inactive players will automatically lose when time's up.
|t:|1728407895
|gametype|singles
|player|p1|Yuiis|camper|
|player|p2|bebra322|170|
|teamsize|p1|6
|teamsize|p2|6
|gen|3
|tier|[Gen 3] OU
|rule|Sleep Clause Mod: Limit one foe put to sleep
|rule|Switch Priority Clause Mod: Faster Pokémon switch first
|rule|Species Clause: Limit one of each Pokémon
|rule|OHKO Clause: OHKO moves are banned
|rule|Evasion Items Clause: Evasion items are banned
|rule|Evasion Moves Clause: Evasion moves are banned
|rule|Endless Battle Clause: Forcing endless battles is banned
|rule|HP Percentage Mod: HP is shown in percentages
|rule|One Boost Passer Clause: Limit one Baton Passer that has a way to boost its stats
|rule|Freeze Clause Mod: Limit one foe frozen
|
|t:|1728407895
|start
|switch|p1a: Milotic|Milotic, M, shiny|100/100
|switch|p2a: Swampert|Swampert, M|100/100
|turn|1
|inactive|bebra322 has 270 seconds left.
|
|t:|1728407935
|switch|p2a: Skarmory|Skarmory, F|100/100
|move|p1a: Milotic|Toxic|p2a: Skarmory
|-immune|p2a: Skarmory
|
|upkeep
|turn|2
|
|t:|1728407941
|switch|p1a: Skarmory|Skarmory, M|100/100
|move|p2a: Skarmory|Spikes|p1a: Skarmory
|-sidestart|p1: Yuiis|Spikes
|
|upkeep
|turn|3
|
|t:|1728407957
|switch|p2a: Charizard|Charizard, M|100/100
|move|p1a: Skarmory|Thief|p2a: Charizard
|-damage|p2a: Charizard|95/100
|-enditem|p2a: Charizard|Leftovers|[silent]|[from] move: Thief|[of] p1a: Skarmory
|-item|p1a: Skarmory|Leftovers|[from] move: Thief|[of] p2a: Charizard
|
|upkeep
|turn|4
|inactive|bebra322 has 270 seconds left.
|
|t:|1728408004
|switch|p2a: Skarmory|Skarmory, F|100/100
|switch|p1a: Zapdos|Zapdos|100/100
|
|upkeep
|turn|5
|inactive|bebra322 has 240 seconds left.
|
|t:|1728408046
|switch|p2a: Sceptile|Sceptile, F|100/100
|move|p1a: Zapdos|Thunderbolt|p2a: Sceptile
|-resisted|p2a: Sceptile
|-damage|p2a: Sceptile|73/100
|
|-heal|p2a: Sceptile|79/100|[from] item: Leftovers
|upkeep
|turn|6
|
|t:|1728408062
|switch|p2a: Jirachi|Jirachi|100/100
|move|p1a: Zapdos|Toxic|p2a: Jirachi
|-immune|p2a: Jirachi
|
|upkeep
|turn|7
|inactive|bebra322 has 210 seconds left.
|inactive|bebra322 has 180 seconds left.
|
|t:|1728408112
|move|p2a: Jirachi|Body Slam|p1a: Zapdos
|-damage|p1a: Zapdos|81/100
|-status|p1a: Zapdos|par
|cant|p1a: Zapdos|par
|
|-heal|p1a: Zapdos|87/100 par|[from] item: Leftovers
|upkeep
|turn|8
|inactive|bebra322 has 180 seconds left.
|inactive|Yuiis has 270 seconds left.
|
|t:|1728408142
|switch|p2a: Tyranitar|Tyranitar, M|100/100
|-weather|Sandstorm|[from] ability: Sand Stream|[of] p2a: Tyranitar
|cant|p1a: Zapdos|par
|
|-weather|Sandstorm|[upkeep]
|-damage|p1a: Zapdos|81/100 par|[from] Sandstorm
|-heal|p1a: Zapdos|87/100 par|[from] item: Leftovers
|upkeep
|turn|9
|inactive|Yuiis has 270 seconds left.
|
|t:|1728408168
|switch|p1a: Skarmory|Skarmory, M|100/100
|move|p2a: Tyranitar|Rock Slide|p1a: Skarmory
|-damage|p1a: Skarmory|72/100
|
|-weather|Sandstorm|[upkeep]
|-heal|p1a: Skarmory|78/100|[from] item: Leftovers
|upkeep
|turn|10
|
|t:|1728408183
|switch|p2a: Charizard|Charizard, M|95/100
|move|p1a: Skarmory|Spikes|p2a: Charizard
|-sidestart|p2: bebra322|Spikes
|
|-weather|Sandstorm|[upkeep]
|-damage|p2a: Charizard|89/100|[from] Sandstorm
|-heal|p1a: Skarmory|84/100|[from] item: Leftovers
|upkeep
|turn|11
|
|t:|1728408197
|switch|p1a: Milotic|Milotic, M, shiny|100/100
|-damage|p1a: Milotic|88/100|[from] Spikes
|move|p2a: Charizard|Flamethrower|p1a: Milotic
|-resisted|p1a: Milotic
|-damage|p1a: Milotic|70/100
|
|-weather|Sandstorm|[upkeep]
|-damage|p2a: Charizard|83/100|[from] Sandstorm
|-damage|p1a: Milotic|64/100|[from] Sandstorm
|-heal|p1a: Milotic|70/100|[from] item: Leftovers
|upkeep
|turn|12
|
|t:|1728408221
|switch|p2a: Skarmory|Skarmory, F|100/100
|move|p1a: Milotic|Recover|p1a: Milotic
|-heal|p1a: Milotic|100/100
|
|-weather|Sandstorm|[upkeep]
|-damage|p1a: Milotic|94/100|[from] Sandstorm
|-heal|p1a: Milotic|100/100|[from] item: Leftovers
|upkeep
|turn|13
|
|t:|1728408226
|move|p1a: Milotic|Surf|p2a: Skarmory
|-crit|p2a: Skarmory
|-damage|p2a: Skarmory|42/100
|move|p2a: Skarmory|Spikes|p1a: Milotic
|-sidestart|p1: Yuiis|Spikes
|
|-weather|Sandstorm|[upkeep]
|-damage|p1a: Milotic|94/100|[from] Sandstorm
|-heal|p1a: Milotic|100/100|[from] item: Leftovers
|-heal|p2a: Skarmory|48/100|[from] item: Leftovers
|upkeep
|turn|14
|
|t:|1728408250
|switch|p1a: Claydol|Claydol|100/100
|switch|p2a: Sceptile|Sceptile, F|79/100
|-damage|p2a: Sceptile|67/100|[from] Spikes
|
|-weather|Sandstorm|[upkeep]
|-damage|p2a: Sceptile|61/100|[from] Sandstorm
|-heal|p2a: Sceptile|67/100|[from] item: Leftovers
|upkeep
|turn|15
|
|t:|1728408262
|switch|p1a: Zapdos|Zapdos|87/100 par
|move|p2a: Sceptile|Leaf Blade|p1a: Zapdos
|-resisted|p1a: Zapdos
|-damage|p1a: Zapdos|77/100 par
|
|-weather|Sandstorm|[upkeep]
|-damage|p2a: Sceptile|61/100|[from] Sandstorm
|-damage|p1a: Zapdos|71/100 par|[from] Sandstorm
|-heal|p2a: Sceptile|67/100|[from] item: Leftovers
|-heal|p1a: Zapdos|77/100 par|[from] item: Leftovers
|upkeep
|turn|16
|inactive|Yuiis has 270 seconds left.
|inactive|bebra322 has 150 seconds left.
|inactive|bebra322 has 120 seconds left.
|
|t:|1728408327
|move|p2a: Sceptile|Hidden Power|p1a: Zapdos
|-supereffective|p1a: Zapdos
|-damage|p1a: Zapdos|49/100 par
|move|p1a: Zapdos|Toxic|p2a: Sceptile|[miss]
|-miss|p1a: Zapdos|p2a: Sceptile
|
|-weather|Sandstorm|[upkeep]
|-damage|p2a: Sceptile|61/100|[from] Sandstorm
|-damage|p1a: Zapdos|43/100 par|[from] Sandstorm
|-heal|p2a: Sceptile|67/100|[from] item: Leftovers
|-heal|p1a: Zapdos|49/100 par|[from] item: Leftovers
|upkeep
|turn|17
|inactive|Yuiis has 270 seconds left.
|
|t:|1728408340
|move|p2a: Sceptile|Hidden Power|p1a: Zapdos
|-supereffective|p1a: Zapdos
|-damage|p1a: Zapdos|18/100 par
|move|p1a: Zapdos|Rest|p1a: Zapdos
|-status|p1a: Zapdos|slp|[from] move: Rest
|-heal|p1a: Zapdos|100/100 slp|[silent]
|
|-weather|Sandstorm|[upkeep]
|-damage|p2a: Sceptile|61/100|[from] Sandstorm
|-damage|p1a: Zapdos|94/100 slp|[from] Sandstorm
|-heal|p2a: Sceptile|67/100|[from] item: Leftovers
|-heal|p1a: Zapdos|100/100 slp|[from] item: Leftovers
|upkeep
|turn|18
|inactive|bebra322 has 120 seconds left.
|
|t:|1728408357
|switch|p2a: Jirachi|Jirachi|100/100
|-damage|p2a: Jirachi|88/100|[from] Spikes
|switch|p1a: Skarmory|Skarmory, M|84/100
|
|-weather|Sandstorm|[upkeep]
|-heal|p2a: Jirachi|94/100|[from] item: Leftovers
|-heal|p1a: Skarmory|90/100|[from] item: Leftovers
|upkeep
|turn|19
|
|t:|1728408361
|move|p2a: Jirachi|Fire Punch|p1a: Skarmory
|-supereffective|p1a: Skarmory
|-damage|p1a: Skarmory|43/100
|move|p1a: Skarmory|Spikes|p2a: Jirachi
|-sidestart|p2: bebra322|Spikes
|
|-weather|Sandstorm|[upkeep]
|-heal|p2a: Jirachi|100/100|[from] item: Leftovers
|-heal|p1a: Skarmory|49/100|[from] item: Leftovers
|upkeep
|turn|20
|
|t:|1728408368
|switch|p2a: Charizard|Charizard, M|83/100
|move|p1a: Skarmory|Protect||[still]
|-fail|p1a: Skarmory
|
|-weather|Sandstorm|[upkeep]
|-damage|p2a: Charizard|77/100|[from] Sandstorm
|-heal|p1a: Skarmory|55/100|[from] item: Leftovers
|upkeep
|turn|21
|
|t:|1728408375
|switch|p1a: Zapdos|Zapdos|100/100 slp
|move|p2a: Charizard|Flamethrower|p1a: Zapdos
|-damage|p1a: Zapdos|69/100 slp
|
|-weather|Sandstorm|[upkeep]
|-damage|p2a: Charizard|71/100|[from] Sandstorm
|-damage|p1a: Zapdos|63/100 slp|[from] Sandstorm
|-heal|p1a: Zapdos|69/100 slp|[from] item: Leftovers
|upkeep
|turn|22
|
|t:|1728408390
|move|p2a: Charizard|Flamethrower|p1a: Zapdos
|-damage|p1a: Zapdos|36/100 slp
|cant|p1a: Zapdos|slp
|
|-weather|Sandstorm|[upkeep]
|-damage|p2a: Charizard|65/100|[from] Sandstorm
|-damage|p1a: Zapdos|30/100 slp|[from] Sandstorm
|-heal|p1a: Zapdos|36/100 slp|[from] item: Leftovers
|upkeep
|turn|23
|
|t:|1728408403
|switch|p1a: Milotic|Milotic, M, shiny|100/100
|-damage|p1a: Milotic|84/100|[from] Spikes
|move|p2a: Charizard|Flamethrower|p1a: Milotic
|-resisted|p1a: Milotic
|-damage|p1a: Milotic|66/100
|
|-weather|Sandstorm|[upkeep]
|-damage|p2a: Charizard|59/100|[from] Sandstorm
|-damage|p1a: Milotic|60/100|[from] Sandstorm
|-heal|p1a: Milotic|66/100|[from] item: Leftovers
|upkeep
|turn|24
|
|t:|1728408415
|switch|p2a: Sceptile|Sceptile, F|67/100
|-damage|p2a: Sceptile|50/100|[from] Spikes
|move|p1a: Milotic|Ice Beam|p2a: Sceptile
|-supereffective|p2a: Sceptile
|-damage|p2a: Sceptile|0 fnt
|faint|p2a: Sceptile
|inactive|bebra322 has 120 seconds left.
|
|t:|1728408449
|switch|p2a: Jirachi|Jirachi|100/100
|-damage|p2a: Jirachi|84/100|[from] Spikes
|
|-weather|Sandstorm|[upkeep]
|-damage|p1a: Milotic|60/100|[from] Sandstorm
|-heal|p2a: Jirachi|90/100|[from] item: Leftovers
|-heal|p1a: Milotic|66/100|[from] item: Leftovers
|upkeep
|turn|25
|
|t:|1728408467
|switch|p1a: Claydol|Claydol|100/100
|move|p2a: Jirachi|Body Slam|p1a: Claydol
|-damage|p1a: Claydol|79/100
|-status|p1a: Claydol|par
|
|-weather|Sandstorm|[upkeep]
|-heal|p2a: Jirachi|96/100|[from] item: Leftovers
|-heal|p1a: Claydol|86/100 par|[from] item: Leftovers
|upkeep
|turn|26
|inactive|bebra322 has 90 seconds left.
|
|t:|1728408523
|move|p2a: Jirachi|Dynamic Punch|p1a: Claydol|[miss]
|-miss|p2a: Jirachi|p1a: Claydol
|move|p1a: Claydol|Rapid Spin|p2a: Jirachi
|-resisted|p2a: Jirachi
|-damage|p2a: Jirachi|94/100
|-sideend|p1: Yuiis|Spikes|[from] move: Rapid Spin|[of] p1a: Claydol
|
|-weather|Sandstorm|[upkeep]
|-heal|p2a: Jirachi|100/100|[from] item: Leftovers
|-heal|p1a: Claydol|92/100 par|[from] item: Leftovers
|upkeep
|turn|27
|inactive|bebra322 has 60 seconds left.
|
|t:|1728408544
|move|p2a: Jirachi|Dynamic Punch|p1a: Claydol|[miss]
|-miss|p2a: Jirachi|p1a: Claydol
|move|p1a: Claydol|Earthquake|p2a: Jirachi
|-supereffective|p2a: Jirachi
|-damage|p2a: Jirachi|33/100
|
|-weather|Sandstorm|[upkeep]
|-heal|p2a: Jirachi|39/100|[from] item: Leftovers
|-heal|p1a: Claydol|98/100 par|[from] item: Leftovers
|upkeep
|turn|28
|inactive|bebra322 has 60 seconds left.
|
|t:|1728408563
|switch|p2a: Skarmory|Skarmory, F|48/100
|move|p1a: Claydol|Earthquake|p2a: Skarmory
|-immune|p2a: Skarmory
|
|-weather|Sandstorm|[upkeep]
|-heal|p2a: Skarmory|54/100|[from] item: Leftovers
|-heal|p1a: Claydol|100/100 par|[from] item: Leftovers
|upkeep
|turn|29
|
|t:|1728408580
|switch|p1a: Zapdos|Zapdos|36/100 slp
|move|p2a: Skarmory|Spikes|p1a: Zapdos
|-sidestart|p1: Yuiis|Spikes
|
|-weather|Sandstorm|[upkeep]
|-damage|p1a: Zapdos|30/100 slp|[from] Sandstorm
|-heal|p1a: Zapdos|36/100 slp|[from] item: Leftovers
|-heal|p2a: Skarmory|60/100|[from] item: Leftovers
|upkeep
|turn|30
|
|t:|1728408583
|switch|p2a: Charizard|Charizard, M|59/100
|cant|p1a: Zapdos|slp
|
|-weather|Sandstorm|[upkeep]
|-damage|p2a: Charizard|53/100|[from] Sandstorm
|-damage|p1a: Zapdos|30/100 slp|[from] Sandstorm
|-heal|p1a: Zapdos|36/100 slp|[from] item: Leftovers
|upkeep
|turn|31
|inactive|bebra322 has 60 seconds left.
|inactive|Yuiis has 270 seconds left.
|inactive|Yuiis has 240 seconds left.
|
|t:|1728408657
|switch|p1a: Claydol|Claydol|100/100 par
|move|p2a: Charizard|Flamethrower|p1a: Claydol
|-damage|p1a: Claydol|52/100 par
|
|-weather|Sandstorm|[upkeep]
|-damage|p2a: Charizard|47/100|[from] Sandstorm
|-heal|p1a: Claydol|58/100 par|[from] item: Leftovers
|upkeep
|turn|32
|inactive|bebra322 has 60 seconds left.
|
|t:|1728408696
|move|p2a: Charizard|Flamethrower|p1a: Claydol
|-damage|p1a: Claydol|10/100 par
|move|p1a: Claydol|Shadow Ball|p2a: Charizard
|-crit|p2a: Charizard
|-damage|p2a: Charizard|0 fnt
|faint|p2a: Charizard
|inactive|bebra322 has 30 seconds left.
|
|t:|1728408713
|switch|p2a: Jirachi|Jirachi|39/100
|-damage|p2a: Jirachi|23/100|[from] Spikes
|
|-weather|Sandstorm|[upkeep]
|-heal|p2a: Jirachi|29/100|[from] item: Leftovers
|-heal|p1a: Claydol|16/100 par|[from] item: Leftovers
|upkeep
|turn|33
|
|t:|1728408722
|move|p2a: Jirachi|Body Slam|p1a: Claydol
|-damage|p1a: Claydol|0 fnt
|faint|p1a: Claydol
|
|t:|1728408735
|switch|p1a: Dugtrio|Dugtrio, F|100/100
|-damage|p1a: Dugtrio|88/100|[from] Spikes
|
|-weather|Sandstorm|[upkeep]
|-heal|p2a: Jirachi|35/100|[from] item: Leftovers
|upkeep
|turn|34
|
|t:|1728408741
|move|p1a: Dugtrio|Earthquake|p2a: Jirachi
|-supereffective|p2a: Jirachi
|-damage|p2a: Jirachi|0 fnt
|faint|p2a: Jirachi
|
|t:|1728408751
|switch|p2a: Skarmory|Skarmory, F|60/100
|
|-weather|Sandstorm|[upkeep]
|-heal|p2a: Skarmory|66/100|[from] item: Leftovers
|upkeep
|turn|35
|inactive|Yuiis has 240 seconds left.
|inactive|bebra322 has 30 seconds left.
|
|t:|1728408775
|switch|p1a: Milotic|Milotic, M, shiny|66/100
|-damage|p1a: Milotic|53/100|[from] Spikes
|move|p2a: Skarmory|Roar|p1a: Milotic
|drag|p1a: Tyranitar|Tyranitar, M|100/100
|-damage|p1a: Tyranitar|88/100|[from] Spikes
|
|-weather|Sandstorm|[upkeep]
|-heal|p1a: Tyranitar|94/100|[from] item: Leftovers
|-heal|p2a: Skarmory|72/100|[from] item: Leftovers
|upkeep
|turn|36
|inactive|Yuiis has 240 seconds left.
|inactive|bebra322 has 30 seconds left.
|
|t:|1728408786
|switch|p2a: Swampert|Swampert, M|100/100
|-damage|p2a: Swampert|84/100|[from] Spikes
|move|p1a: Tyranitar|Dragon Dance|p1a: Tyranitar
|-boost|p1a: Tyranitar|atk|1
|-boost|p1a: Tyranitar|spe|1
|
|-weather|Sandstorm|[upkeep]
|-heal|p1a: Tyranitar|100/100|[from] item: Leftovers
|-heal|p2a: Swampert|90/100|[from] item: Leftovers
|upkeep
|turn|37
|inactive|Yuiis has 240 seconds left.
|inactive|bebra322 has 30 seconds left.
|inactive|bebra322 has 20 seconds left.
|inactive|Yuiis has 210 seconds left.
|
|t:|1728408850
|switch|p1a: Skarmory|Skarmory, M|55/100
|move|p2a: Swampert|Earthquake|p1a: Skarmory
|-immune|p1a: Skarmory
|
|-weather|Sandstorm|[upkeep]
|-heal|p1a: Skarmory|61/100|[from] item: Leftovers
|-heal|p2a: Swampert|97/100|[from] item: Leftovers
|upkeep
|turn|38
|inactive|bebra322 has 30 seconds left this turn.
|inactive|bebra322 has 20 seconds left.
|
|t:|1728408860
|move|p1a: Skarmory|Spikes|p2a: Swampert
|-sidestart|p2: bebra322|Spikes
|move|p2a: Swampert|Hydro Pump|p1a: Skarmory
|-damage|p1a: Skarmory|15/100
|
|-weather|Sandstorm|[upkeep]
|-heal|p1a: Skarmory|21/100|[from] item: Leftovers
|-heal|p2a: Swampert|100/100|[from] item: Leftovers
|upkeep
|turn|39
|inactive|bebra322 has 30 seconds left this turn.
|
|t:|1728408871
|move|p1a: Skarmory|Protect|p1a: Skarmory
|-singleturn|p1a: Skarmory|Protect
|move|p2a: Swampert|Curse|p2a: Swampert
|-unboost|p2a: Swampert|spe|1
|-boost|p2a: Swampert|atk|1
|-boost|p2a: Swampert|def|1
|
|-weather|Sandstorm|[upkeep]
|-heal|p1a: Skarmory|27/100|[from] item: Leftovers
|upkeep
|turn|40
|
|t:|1728408887
|move|p2a: Swampert|Hydro Pump|p1a: Skarmory
|-damage|p1a: Skarmory|0 fnt
|faint|p1a: Skarmory
|
|t:|1728408895
|switch|p1a: Milotic|Milotic, M, shiny|53/100
|-damage|p1a: Milotic|41/100|[from] Spikes
|
|-weather|Sandstorm|[upkeep]
|-damage|p1a: Milotic|35/100|[from] Sandstorm
|-heal|p1a: Milotic|41/100|[from] item: Leftovers
|upkeep
|turn|41
|
|t:|1728408906
|move|p1a: Milotic|Recover|p1a: Milotic
|-heal|p1a: Milotic|91/100
|move|p2a: Swampert|Earthquake|p1a: Milotic
|-damage|p1a: Milotic|47/100
|
|-weather|Sandstorm|[upkeep]
|-damage|p1a: Milotic|41/100|[from] Sandstorm
|-heal|p1a: Milotic|47/100|[from] item: Leftovers
|upkeep
|turn|42
|
|t:|1728408919
|move|p1a: Milotic|Recover|p1a: Milotic
|-heal|p1a: Milotic|97/100
|move|p2a: Swampert|Earthquake|p1a: Milotic
|-damage|p1a: Milotic|55/100
|
|-weather|Sandstorm|[upkeep]
|-damage|p1a: Milotic|49/100|[from] Sandstorm
|-heal|p1a: Milotic|55/100|[from] item: Leftovers
|upkeep
|turn|43
|
|t:|1728408923
|move|p1a: Milotic|Toxic|p2a: Swampert
|-status|p2a: Swampert|tox
|move|p2a: Swampert|Earthquake|p1a: Milotic
|-damage|p1a: Milotic|13/100
|
|-weather|Sandstorm|[upkeep]
|-damage|p1a: Milotic|7/100|[from] Sandstorm
|-heal|p1a: Milotic|13/100|[from] item: Leftovers
|-damage|p2a: Swampert|94/100 tox|[from] psn
|upkeep
|turn|44
|
|t:|1728408942
|move|p1a: Milotic|Recover|p1a: Milotic
|-heal|p1a: Milotic|63/100
|move|p2a: Swampert|Curse|p2a: Swampert
|-unboost|p2a: Swampert|spe|1
|-boost|p2a: Swampert|atk|1
|-boost|p2a: Swampert|def|1
|
|-weather|Sandstorm|[upkeep]
|-damage|p1a: Milotic|57/100|[from] Sandstorm
|-heal|p1a: Milotic|63/100|[from] item: Leftovers
|-heal|p2a: Swampert|100/100 tox|[from] item: Leftovers
|-damage|p2a: Swampert|88/100 tox|[from] psn
|upkeep
|turn|45
|inactive|Yuiis has 210 seconds left.
|
|t:|1728408999
|move|p1a: Milotic|Recover|p1a: Milotic
|-heal|p1a: Milotic|100/100
|move|p2a: Swampert|Earthquake|p1a: Milotic
|-damage|p1a: Milotic|44/100
|
|-weather|Sandstorm|[upkeep]
|-damage|p1a: Milotic|38/100|[from] Sandstorm
|-heal|p1a: Milotic|44/100|[from] item: Leftovers
|-heal|p2a: Swampert|94/100 tox|[from] item: Leftovers
|-damage|p2a: Swampert|76/100 tox|[from] psn
|upkeep
|turn|46
|
|t:|1728409004
|move|p1a: Milotic|Recover|p1a: Milotic
|-heal|p1a: Milotic|94/100
|move|p2a: Swampert|Earthquake|p1a: Milotic
|-damage|p1a: Milotic|38/100
|
|-weather|Sandstorm|[upkeep]
|-damage|p1a: Milotic|31/100|[from] Sandstorm
|-heal|p1a: Milotic|38/100|[from] item: Leftovers
|-heal|p2a: Swampert|82/100 tox|[from] item: Leftovers
|-damage|p2a: Swampert|57/100 tox|[from] psn
|upkeep
|turn|47
|
|t:|1728409007
|move|p1a: Milotic|Recover|p1a: Milotic
|-heal|p1a: Milotic|88/100
|move|p2a: Swampert|Earthquake|p1a: Milotic
|-damage|p1a: Milotic|31/100
|
|-weather|Sandstorm|[upkeep]
|-damage|p1a: Milotic|25/100|[from] Sandstorm
|-heal|p1a: Milotic|31/100|[from] item: Leftovers
|-heal|p2a: Swampert|63/100 tox|[from] item: Leftovers
|-damage|p2a: Swampert|32/100 tox|[from] psn
|upkeep
|turn|48
|inactive|Yuiis has 210 seconds left.
|
|t:|1728409020
|move|p1a: Milotic|Recover|p1a: Milotic
|-heal|p1a: Milotic|81/100
|move|p2a: Swampert|Ice Beam|p1a: Milotic
|-resisted|p1a: Milotic
|-damage|p1a: Milotic|71/100
|
|-weather|Sandstorm|[upkeep]
|-damage|p1a: Milotic|65/100|[from] Sandstorm
|-heal|p1a: Milotic|71/100|[from] item: Leftovers
|-heal|p2a: Swampert|38/100 tox|[from] item: Leftovers
|-damage|p2a: Swampert|1/100 tox|[from] psn
|upkeep
|turn|49
|inactive|Yuiis has 210 seconds left.
|
|t:|1728409034
|move|p1a: Milotic|Surf|p2a: Swampert
|-damage|p2a: Swampert|0 fnt
|faint|p2a: Swampert
|inactive|bebra322 has 60 seconds left.
|
|t:|1728409062
|switch|p2a: Tyranitar|Tyranitar, M|100/100
|-damage|p2a: Tyranitar|76/100|[from] Spikes
|
|-weather|Sandstorm|[upkeep]
|-damage|p1a: Milotic|65/100|[from] Sandstorm
|-heal|p2a: Tyranitar|82/100|[from] item: Leftovers
|-heal|p1a: Milotic|71/100|[from] item: Leftovers
|upkeep
|turn|50
|inactive|bebra322 has 60 seconds left.
|
|t:|1728409068
|move|p2a: Tyranitar|Dragon Dance|p2a: Tyranitar
|-boost|p2a: Tyranitar|atk|1
|-boost|p2a: Tyranitar|spe|1
|move|p1a: Milotic|Surf|p2a: Tyranitar
|-supereffective|p2a: Tyranitar
|-damage|p2a: Tyranitar|22/100
|
|-weather|Sandstorm|[upkeep]
|-damage|p1a: Milotic|65/100|[from] Sandstorm
|-heal|p2a: Tyranitar|28/100|[from] item: Leftovers
|-heal|p1a: Milotic|71/100|[from] item: Leftovers
|upkeep
|turn|51
|
|t:|1728409073
|move|p2a: Tyranitar|Rock Slide|p1a: Milotic
|-damage|p1a: Milotic|27/100
|move|p1a: Milotic|Surf|p2a: Tyranitar
|-supereffective|p2a: Tyranitar
|-damage|p2a: Tyranitar|0 fnt
|faint|p2a: Tyranitar
|
|t:|1728409075
|switch|p2a: Skarmory|Skarmory, F|72/100
|
|-weather|Sandstorm|[upkeep]
|-damage|p1a: Milotic|21/100|[from] Sandstorm
|-heal|p1a: Milotic|27/100|[from] item: Leftovers
|-heal|p2a: Skarmory|78/100|[from] item: Leftovers
|upkeep
|turn|52
|
|t:|1728409077
|move|p1a: Milotic|Recover|p1a: Milotic
|-heal|p1a: Milotic|77/100
|move|p2a: Skarmory|Spikes|p1a: Milotic
|-sidestart|p1: Yuiis|Spikes
|
|-weather|Sandstorm|[upkeep]
|-damage|p1a: Milotic|71/100|[from] Sandstorm
|-heal|p1a: Milotic|77/100|[from] item: Leftovers
|-heal|p2a: Skarmory|84/100|[from] item: Leftovers
|upkeep
|turn|53
|
|t:|1728409080
|move|p1a: Milotic|Surf|p2a: Skarmory
|-damage|p2a: Skarmory|51/100
|move|p2a: Skarmory|Toxic|p1a: Milotic
|-status|p1a: Milotic|tox
|
|-weather|Sandstorm|[upkeep]
|-damage|p1a: Milotic|71/100 tox|[from] Sandstorm
|-heal|p1a: Milotic|77/100 tox|[from] item: Leftovers
|-damage|p1a: Milotic|71/100 tox|[from] psn
|-heal|p2a: Skarmory|57/100|[from] item: Leftovers
|upkeep
|turn|54
|
|t:|1728409088
|switch|p1a: Zapdos|Zapdos|36/100 slp
|move|p2a: Skarmory|Drill Peck|p1a: Zapdos
|-resisted|p1a: Zapdos
|-damage|p1a: Zapdos|25/100 slp
|
|-weather|Sandstorm|[upkeep]
|-damage|p1a: Zapdos|19/100 slp|[from] Sandstorm
|-heal|p1a: Zapdos|25/100 slp|[from] item: Leftovers
|-heal|p2a: Skarmory|63/100|[from] item: Leftovers
|upkeep
|turn|55
|
|t:|1728409091
|-curestatus|p1a: Zapdos|slp|[msg]
|move|p1a: Zapdos|Thunderbolt|p2a: Skarmory
|-supereffective|p2a: Skarmory
|-damage|p2a: Skarmory|0 fnt
|faint|p2a: Skarmory
|
|win|Yuiis
|c|☆bebra322|gg
|c|☆Yuiis|gg

</script>
<script type="application/json" class="data" id="replaydata-smogtours-gen3ou-796408">
{"id":"smogtours-gen3ou-796408","format":"[Gen 3] OU","players":["Yuiis","bebra322"],"uploadtime":1728409091,"views":98,"formatid":"gen3ou","rating":null,"private":0,"password":null}
</script>

<script defer src="js/replays.js?9d40a366"></script>
