<!DOCTYPE html>
<meta charset="utf-8" />
<meta name="viewport" content="width=device-width" />

<title>[Gen 3] OU: azepto vs. niiiccck - Replays - Pok&eacute;mon Showdown!</title>

<meta name="description" content="Watch a replay of a Pok&eacute;mon battle between azepto and niiiccck! Format: [Gen 3] OU; Date: Oct 15, 2024" />
<!--

Hey, you! Looking in the source for the replay log?

You can find them in JSON format, just add `.json` at the end of a replay URL.

https://replay.pokemonshowdown.com/gen7randomdoublesbattle-865046831.json

Or, if you only need the log itself, add `.log` instead:

https://replay.pokemonshowdown.com/gen7randomdoublesbattle-865046831.log

-->

<link rel="stylesheet" href="//pokemonshowdown.com/style/global.css?0.023195364461161105" />
<link rel="stylesheet" href="//play.pokemonshowdown.com/style/font-awesome.css?0.13261647063804238" />
<link rel="stylesheet" href="//play.pokemonshowdown.com/style/battle.css?0.8753245789963631" />
<link rel="stylesheet" href="//play.pokemonshowdown.com/style/utilichart.css?0.8627959624976733" />

<!-- Global site tag (gtag.js) - Google Analytics -->
<script async src="https://www.googletagmanager.com/gtag/js?id=UA-26211653-1"></script>
<script>
  window.dataLayer = window.dataLayer || [];
  function gtag(){dataLayer.push(arguments);}
  gtag('js', new Date());

  gtag('config', 'UA-26211653-1');
</script>
<!-- End Google Analytics -->
<!-- Venatus Ad Manager - Install in <HEAD> of page -->
	<script src="https://hb.vntsm.com/v3/live/ad-manager.min.js" type="text/javascript" data-site-id="642aba63ec9a7b11c3c9c1be" data-mode="scan" async></script>
<!-- / Venatus Ad Manager -->

<style>
	@media (max-width:820px) {
		.battle {
			margin: 0 auto;
		}
		.battle-log {
			margin: 7px auto 0;
			max-width: 640px;
			height: 300px;
			position: static;
		}
	}
	.optgroup {
		display: inline-block;
		line-height: 22px;
		font-size: 10pt;
	}
	.optgroup .button {
		height: 25px;
		padding-top: 0;
		padding-bottom: 0;
	}
	.optgroup button.button {
		padding-left: 12px;
		padding-right: 12px;
	}
	.linklist {
		list-style: none;
		margin: 0.5em 0;
		padding: 0;
	}
	.linklist li {
		padding: 2px 0;
	}
	.sidebar {
		float: left;
		width: 320px;
	}
	.bar-wrapper {
		max-width: 1100px;
		margin: 0 auto;
	}
	.bar-wrapper.has-sidebar {
		max-width: 1430px;
	}
	.mainbar {
		margin: 0;
		padding-right: 1px;
	}
	.mainbar.has-sidebar {
		margin-left: 330px;
	}
	@media (min-width: 1511px) {
		.sidebar {
			width: 400px;
		}
		.bar-wrapper.has-sidebar {
			max-width: 1510px;
		}
		.mainbar.has-sidebar {
			margin-left: 410px;
		}
	}
	.section.first-section {
		margin-top: 9px;
	}
	.blocklink small {
		white-space: normal;
	}
	.button {
		vertical-align: middle;
	}
	.replay-controls {
		padding-top: 10px;
	}
	.replay-controls h1 {
		font-size: 16pt;
		font-weight: normal;
		color: #CCC;
	}
	.pagelink {
		text-align: center;
	}
	.pagelink a {
		width: 150px;
	}
	.textbox, .button {
		font-size: 11pt;
		vertical-align: middle;
	}
	@media (max-width: 450px) {
		.button {
			font-size: 9pt;
		}
	}
</style>

<div>

	<header>
		<div class="nav-wrapper"><ul class="nav">
			<li><a class="button nav-first" href="//pokemonshowdown.com/"><img src="//pokemonshowdown.com/images/pokemonshowdownbeta.png" srcset="//pokemonshowdown.com/images/pokemonshowdownbeta.png 1x, //pokemonshowdown.com/images/pokemonshowdownbeta@2x.png 2x" alt="Pok&eacute;mon Showdown" width="146" height="44" /> Home</a></li>
			<li><a class="button" href="//pokemonshowdown.com/dex/">Pok&eacute;dex</a></li>
			<li><a class="button cur" href="/">Replays</a></li>
			<li><a class="button" href="//pokemonshowdown.com/ladder/">Ladder</a></li>
			<li><a class="button nav-last" href="//pokemonshowdown.com/forums/">Forum</a></li>
			<li><a class="button greenbutton nav-first nav-last" href="//play.pokemonshowdown.com/">Play</a></li>
		</ul></div>
	</header>

	<div class="main" id="main">

		<noscript><section class="section">You need to enable JavaScript to use this page; sorry!</section></noscript>

	</div>

</div>

<script defer nomodule src="//play.pokemonshowdown.com/js/lib/ps-polyfill.js"></script>
<script defer src="//play.pokemonshowdown.com/js/lib/preact.min.js"></script>

<script defer src="//play.pokemonshowdown.com/config/config.js?2bddbc15"></script>
<script defer src="//play.pokemonshowdown.com/js/lib/jquery-1.11.0.min.js"></script>
<script defer src="//play.pokemonshowdown.com/js/lib/html-sanitizer-minified.js"></script>
<script defer src="//play.pokemonshowdown.com/js/battle-sound.js"></script>
<script defer src="//play.pokemonshowdown.com/js/battledata.js?0.7209276989879541"></script>
<script defer src="//play.pokemonshowdown.com/data/pokedex-mini.js?0.6111056340867951"></script>
<script defer src="//play.pokemonshowdown.com/data/pokedex-mini-bw.js?0.3532142036491459"></script>
<script defer src="//play.pokemonshowdown.com/data/graphics.js?0.24223875632456182"></script>
<script defer src="//play.pokemonshowdown.com/data/pokedex.js?0.38839984266356864"></script>
<script defer src="//play.pokemonshowdown.com/data/moves.js?0.21866028504024015"></script>
<script defer src="//play.pokemonshowdown.com/data/abilities.js?0.2005157953846628"></script>
<script defer src="//play.pokemonshowdown.com/data/items.js?0.9894211263848525"></script>
<script defer src="//play.pokemonshowdown.com/data/teambuilder-tables.js?0.6008791140282215"></script>
<script defer src="//play.pokemonshowdown.com/js/battle-tooltips.js?0.7580118955022959"></script>
<script defer src="//play.pokemonshowdown.com/js/battle.js?0.6057722274234274"></script>

<script defer src="js/utils.js?e31f9a17"></script>
<script defer src="js/replays-battle.js?7008c182"></script>

<!-- don't scrape this data! just add .json or .log after the URL!
Full API docs: https://github.com/smogon/pokemon-showdown-client/blob/master/WEB-API.md -->
<script type="text/plain" class="log" id="replaylog-smogtours-gen3ou-798877">
|inactive|Battle timer is ON: inactive players will automatically lose when time's up.
|t:|1728958854
|gametype|singles
|player|p1|azepto|officeworker|
|player|p2|niiiccck|101|
|teamsize|p1|6
|teamsize|p2|6
|gen|3
|tier|[Gen 3] OU
|rule|Sleep Clause Mod: Limit one foe put to sleep
|rule|Switch Priority Clause Mod: Faster Pokémon switch first
|rule|Species Clause: Limit one of each Pokémon
|rule|OHKO Clause: OHKO moves are banned
|rule|Evasion Items Clause: Evasion items are banned
|rule|Evasion Moves Clause: Evasion moves are banned
|rule|Endless Battle Clause: Forcing endless battles is banned
|rule|HP Percentage Mod: HP is shown in percentages
|rule|One Boost Passer Clause: Limit one Baton Passer that has a way to boost its stats
|rule|Freeze Clause Mod: Limit one foe frozen
|
|t:|1728958854
|start
|switch|p1a: Regirock|Regirock|100/100
|switch|p2a: Skarmory|Skarmory, M, shiny|100/100
|turn|1
|c|☆azepto|hf
|
|t:|1728958861
|move|p2a: Skarmory|Protect|p2a: Skarmory
|-singleturn|p2a: Skarmory|Protect
|move|p1a: Regirock|Thunder Wave|p2a: Skarmory
|-activate|p2a: Skarmory|Protect
|
|upkeep
|turn|2
|c|☆niiiccck|glhf
|
|t:|1728958870
|switch|p2a: Celebi|Celebi|100/100
|move|p1a: Regirock|Thunder Wave|p2a: Celebi
|-status|p2a: Celebi|par
|
|upkeep
|turn|3
|
|t:|1728958886
|move|p1a: Regirock|Rock Slide|p2a: Celebi
|-damage|p2a: Celebi|74/100 par
|move|p2a: Celebi|Toxic|p1a: Regirock
|-status|p1a: Regirock|tox
|
|-damage|p1a: Regirock|94/100 tox|[from] psn
|-heal|p2a: Celebi|80/100 par|[from] item: Leftovers
|upkeep
|turn|4
|inactive|azepto has 270 seconds left.
|
|t:|1728958929
|switch|p1a: Blissey|Blissey, F|100/100
|cant|p2a: Celebi|par
|
|-heal|p2a: Celebi|87/100 par|[from] item: Leftovers
|upkeep
|turn|5
|
|t:|1728958935
|move|p1a: Blissey|Seismic Toss|p2a: Celebi
|-damage|p2a: Celebi|62/100 par
|cant|p2a: Celebi|par
|
|-heal|p2a: Celebi|68/100 par|[from] item: Leftovers
|upkeep
|turn|6
|
|t:|1728958941
|move|p1a: Blissey|Seismic Toss|p2a: Celebi
|-damage|p2a: Celebi|43/100 par
|move|p2a: Celebi|Leech Seed|p1a: Blissey
|-start|p1a: Blissey|move: Leech Seed
|
|-damage|p1a: Blissey|88/100|[from] Leech Seed|[of] p2a: Celebi
|-heal|p2a: Celebi|65/100 par|[silent]
|-heal|p2a: Celebi|72/100 par|[from] item: Leftovers
|upkeep
|turn|7
|
|t:|1728958949
|switch|p1a: Regirock|Regirock|94/100 tox
|move|p2a: Celebi|Protect||[still]
|-fail|p2a: Celebi
|
|-heal|p1a: Regirock|100/100 tox|[from] item: Leftovers
|-damage|p1a: Regirock|94/100 tox|[from] psn
|-heal|p2a: Celebi|78/100 par|[from] item: Leftovers
|upkeep
|turn|8
|
|t:|1728958957
|switch|p1a: Blissey|Blissey, F|88/100
|cant|p2a: Celebi|par
|
|-heal|p1a: Blissey|94/100|[from] item: Leftovers
|-heal|p2a: Celebi|84/100 par|[from] item: Leftovers
|upkeep
|turn|9
|
|t:|1728958963
|move|p1a: Blissey|Seismic Toss|p2a: Celebi
|-damage|p2a: Celebi|59/100 par
|move|p2a: Celebi|Leech Seed|p1a: Blissey
|-start|p1a: Blissey|move: Leech Seed
|
|-heal|p1a: Blissey|99/100|[from] item: Leftovers
|-damage|p1a: Blissey|88/100|[from] Leech Seed|[of] p2a: Celebi
|-heal|p2a: Celebi|81/100 par|[silent]
|-heal|p2a: Celebi|87/100 par|[from] item: Leftovers
|upkeep
|turn|10
|
|t:|1728958977
|switch|p1a: Regirock|Regirock|94/100 tox
|move|p2a: Celebi|Leech Seed|p1a: Regirock
|-start|p1a: Regirock|move: Leech Seed
|
|-heal|p1a: Regirock|100/100 tox|[from] item: Leftovers
|-damage|p1a: Regirock|88/100 tox|[from] Leech Seed|[of] p2a: Celebi
|-heal|p2a: Celebi|99/100 par|[silent]
|-damage|p1a: Regirock|82/100 tox|[from] psn
|-heal|p2a: Celebi|100/100 par|[from] item: Leftovers
|upkeep
|turn|11
|
|t:|1728958986
|switch|p1a: Blissey|Blissey, F|88/100
|move|p2a: Celebi|Toxic|p1a: Blissey
|-status|p1a: Blissey|tox
|
|-heal|p1a: Blissey|94/100 tox|[from] item: Leftovers
|-damage|p1a: Blissey|88/100 tox|[from] psn
|upkeep
|turn|12
|
|t:|1728958997
|-curestatus|p1a: Blissey|tox|[from] ability: Natural Cure
|switch|p1a: Regirock|Regirock|82/100 tox
|-curestatus|p2a: Celebi|par|[from] ability: Natural Cure
|switch|p2a: Suicune|Suicune|100/100
|
|-heal|p1a: Regirock|88/100 tox|[from] item: Leftovers
|-damage|p1a: Regirock|82/100 tox|[from] psn
|upkeep
|turn|13
|inactive|azepto has 270 seconds left.
|
|t:|1728959030
|switch|p1a: Blissey|Blissey, F|88/100
|move|p2a: Suicune|Calm Mind|p2a: Suicune
|-boost|p2a: Suicune|spa|1
|-boost|p2a: Suicune|spd|1
|
|-heal|p1a: Blissey|94/100|[from] item: Leftovers
|upkeep
|turn|14
|
|t:|1728959039
|move|p2a: Suicune|Calm Mind|p2a: Suicune
|-boost|p2a: Suicune|spa|1
|-boost|p2a: Suicune|spd|1
|move|p1a: Blissey|Seismic Toss|p2a: Suicune
|-damage|p2a: Suicune|76/100
|
|-heal|p2a: Suicune|82/100|[from] item: Leftovers
|-heal|p1a: Blissey|99/100|[from] item: Leftovers
|upkeep
|turn|15
|
|t:|1728959047
|move|p2a: Suicune|Surf|p1a: Blissey
|-damage|p1a: Blissey|71/100
|move|p1a: Blissey|Seismic Toss|p2a: Suicune
|-damage|p2a: Suicune|57/100
|
|-heal|p2a: Suicune|63/100|[from] item: Leftovers
|-heal|p1a: Blissey|78/100|[from] item: Leftovers
|upkeep
|turn|16
|
|t:|1728959054
|move|p2a: Suicune|Surf|p1a: Blissey
|-damage|p1a: Blissey|50/100
|move|p1a: Blissey|Seismic Toss|p2a: Suicune
|-damage|p2a: Suicune|38/100
|
|-heal|p2a: Suicune|44/100|[from] item: Leftovers
|-heal|p1a: Blissey|57/100|[from] item: Leftovers
|upkeep
|turn|17
|
|t:|1728959062
|move|p2a: Suicune|Surf|p1a: Blissey
|-damage|p1a: Blissey|25/100
|move|p1a: Blissey|Soft-Boiled|p1a: Blissey
|-heal|p1a: Blissey|75/100
|
|-heal|p2a: Suicune|51/100|[from] item: Leftovers
|-heal|p1a: Blissey|81/100|[from] item: Leftovers
|upkeep
|turn|18
|
|t:|1728959070
|move|p2a: Suicune|Surf|p1a: Blissey
|-damage|p1a: Blissey|53/100
|move|p1a: Blissey|Seismic Toss|p2a: Suicune
|-damage|p2a: Suicune|26/100
|
|-heal|p2a: Suicune|32/100|[from] item: Leftovers
|-heal|p1a: Blissey|59/100|[from] item: Leftovers
|upkeep
|turn|19
|
|t:|1728959078
|move|p2a: Suicune|Rest|p2a: Suicune
|-status|p2a: Suicune|slp|[from] move: Rest
|-heal|p2a: Suicune|100/100 slp|[silent]
|move|p1a: Blissey|Soft-Boiled|p1a: Blissey
|-heal|p1a: Blissey|100/100
|
|upkeep
|turn|20
|
|t:|1728959096
|cant|p2a: Suicune|slp
|move|p2a: Suicune|Sleep Talk|p2a: Suicune
|move|p2a: Suicune|Calm Mind|p2a: Suicune|[from]Sleep Talk
|-boost|p2a: Suicune|spa|1
|-boost|p2a: Suicune|spd|1
|move|p1a: Blissey|Seismic Toss|p2a: Suicune
|-damage|p2a: Suicune|76/100 slp
|
|-heal|p2a: Suicune|82/100 slp|[from] item: Leftovers
|upkeep
|turn|21
|
|t:|1728959109
|cant|p2a: Suicune|slp
|move|p2a: Suicune|Sleep Talk|p2a: Suicune
|move|p2a: Suicune|Rest|p2a: Suicune|[from]Sleep Talk
|move|p1a: Blissey|Seismic Toss|p2a: Suicune
|-damage|p2a: Suicune|57/100 slp
|
|-heal|p2a: Suicune|63/100 slp|[from] item: Leftovers
|upkeep
|turn|22
|
|t:|1728959117
|-curestatus|p2a: Suicune|slp|[msg]
|move|p2a: Suicune|Surf|p1a: Blissey
|-damage|p1a: Blissey|61/100
|move|p1a: Blissey|Seismic Toss|p2a: Suicune
|-damage|p2a: Suicune|38/100
|
|-heal|p2a: Suicune|44/100|[from] item: Leftovers
|-heal|p1a: Blissey|68/100|[from] item: Leftovers
|upkeep
|turn|23
|
|t:|1728959144
|move|p2a: Suicune|Surf|p1a: Blissey
|-damage|p1a: Blissey|31/100
|move|p1a: Blissey|Soft-Boiled|p1a: Blissey
|-heal|p1a: Blissey|81/100
|
|-heal|p2a: Suicune|51/100|[from] item: Leftovers
|-heal|p1a: Blissey|87/100|[from] item: Leftovers
|upkeep
|turn|24
|
|t:|1728959152
|move|p2a: Suicune|Surf|p1a: Blissey
|-damage|p1a: Blissey|48/100
|move|p1a: Blissey|Seismic Toss|p2a: Suicune
|-damage|p2a: Suicune|26/100
|
|-heal|p2a: Suicune|32/100|[from] item: Leftovers
|-heal|p1a: Blissey|54/100|[from] item: Leftovers
|upkeep
|turn|25
|
|t:|1728959162
|move|p2a: Suicune|Surf|p1a: Blissey
|-damage|p1a: Blissey|20/100
|move|p1a: Blissey|Seismic Toss|p2a: Suicune
|-damage|p2a: Suicune|7/100
|
|-heal|p2a: Suicune|13/100|[from] item: Leftovers
|-heal|p1a: Blissey|26/100|[from] item: Leftovers
|upkeep
|turn|26
|
|t:|1728959184
|switch|p1a: Starmie|Starmie|100/100
|move|p2a: Suicune|Surf|p1a: Starmie
|-resisted|p1a: Starmie
|-damage|p1a: Starmie|37/100
|
|-heal|p1a: Starmie|43/100|[from] item: Leftovers
|-heal|p2a: Suicune|19/100|[from] item: Leftovers
|upkeep
|turn|27
|inactive|niiiccck has 270 seconds left.
|
|t:|1728959214
|switch|p2a: Celebi|Celebi|100/100
|move|p1a: Starmie|Thunderbolt|p2a: Celebi
|-resisted|p2a: Celebi
|-damage|p2a: Celebi|91/100
|
|-heal|p1a: Starmie|49/100|[from] item: Leftovers
|-heal|p2a: Celebi|97/100|[from] item: Leftovers
|upkeep
|turn|28
|
|t:|1728959231
|switch|p1a: Regirock|Regirock|82/100 tox
|move|p2a: Celebi|Leech Seed|p1a: Regirock
|-start|p1a: Regirock|move: Leech Seed
|
|-heal|p2a: Celebi|100/100|[from] item: Leftovers
|-heal|p1a: Regirock|88/100 tox|[from] item: Leftovers
|-damage|p1a: Regirock|76/100 tox|[from] Leech Seed|[of] p2a: Celebi
|-damage|p1a: Regirock|70/100 tox|[from] psn
|upkeep
|turn|29
|
|t:|1728959241
|move|p2a: Celebi|Toxic|p1a: Regirock
|-fail|p1a: Regirock|tox
|move|p1a: Regirock|Explosion|p2a: Celebi
|-damage|p2a: Celebi|1/100
|faint|p1a: Regirock
|c|☆niiiccck|def calced 
|c|☆azepto|hahaha
|inactive|azepto has 270 seconds left.
|
|t:|1728959262
|switch|p1a: Starmie|Starmie|49/100
|
|-heal|p1a: Starmie|55/100|[from] item: Leftovers
|-heal|p2a: Celebi|7/100|[from] item: Leftovers
|upkeep
|turn|30
|
|t:|1728959269
|move|p2a: Celebi|Protect|p2a: Celebi
|-singleturn|p2a: Celebi|Protect
|move|p1a: Starmie|Thunderbolt|p2a: Celebi
|-activate|p2a: Celebi|Protect
|
|-heal|p1a: Starmie|62/100|[from] item: Leftovers
|-heal|p2a: Celebi|13/100|[from] item: Leftovers
|upkeep
|turn|31
|inactive|azepto has 270 seconds left.
|
|t:|1728959293
|switch|p2a: Blissey|Blissey, F|100/100
|move|p1a: Starmie|Thunderbolt|p2a: Blissey
|-damage|p2a: Blissey|91/100
|
|-heal|p1a: Starmie|68/100|[from] item: Leftovers
|-heal|p2a: Blissey|97/100|[from] item: Leftovers
|upkeep
|turn|32
|inactive|azepto has 270 seconds left.
|
|t:|1728959310
|switch|p1a: Blissey|Blissey, F|26/100
|move|p2a: Blissey|Toxic|p1a: Blissey
|-status|p1a: Blissey|tox
|
|-heal|p1a: Blissey|32/100 tox|[from] item: Leftovers
|-damage|p1a: Blissey|26/100 tox|[from] psn
|-heal|p2a: Blissey|100/100|[from] item: Leftovers
|upkeep
|turn|33
|
|t:|1728959323
|switch|p2a: Celebi|Celebi|13/100
|move|p1a: Blissey|Soft-Boiled|p1a: Blissey
|-heal|p1a: Blissey|76/100 tox
|
|-heal|p2a: Celebi|20/100|[from] item: Leftovers
|-heal|p1a: Blissey|82/100 tox|[from] item: Leftovers
|-damage|p1a: Blissey|70/100 tox|[from] psn
|upkeep
|turn|34
|
|t:|1728959333
|move|p2a: Celebi|Protect|p2a: Celebi
|-singleturn|p2a: Celebi|Protect
|move|p1a: Blissey|Seismic Toss|p2a: Celebi
|-activate|p2a: Celebi|Protect
|
|-heal|p2a: Celebi|26/100|[from] item: Leftovers
|-heal|p1a: Blissey|76/100 tox|[from] item: Leftovers
|-damage|p1a: Blissey|58/100 tox|[from] psn
|upkeep
|turn|35
|inactive|azepto has 270 seconds left.
|
|t:|1728959355
|-curestatus|p1a: Blissey|tox|[from] ability: Natural Cure
|switch|p1a: Starmie|Starmie|68/100
|move|p2a: Celebi|Leech Seed|p1a: Starmie
|-start|p1a: Starmie|move: Leech Seed
|
|-heal|p1a: Starmie|74/100|[from] item: Leftovers
|-damage|p1a: Starmie|62/100|[from] Leech Seed|[of] p2a: Celebi
|-heal|p2a: Celebi|36/100|[silent]
|-heal|p2a: Celebi|42/100|[from] item: Leftovers
|upkeep
|turn|36
|inactive|azepto has 270 seconds left.
|
|t:|1728959375
|switch|p1a: Tyranitar|Tyranitar, M|100/100
|-weather|Sandstorm|[from] ability: Sand Stream|[of] p1a: Tyranitar
|move|p2a: Celebi|Protect||[still]
|-fail|p2a: Celebi
|
|-weather|Sandstorm|[upkeep]
|-damage|p2a: Celebi|36/100|[from] Sandstorm
|-heal|p2a: Celebi|42/100|[from] item: Leftovers
|upkeep
|turn|37
|inactive|azepto has 270 seconds left.
|inactive|azepto has 240 seconds left.
|
|t:|1728959435
|switch|p1a: Salamence|Salamence, F|100/100
|-ability|p1a: Salamence|Intimidate|boost
|-unboost|p2a: Celebi|atk|1
|move|p2a: Celebi|Protect||[still]
|-fail|p2a: Celebi
|
|-weather|Sandstorm|[upkeep]
|-damage|p1a: Salamence|94/100|[from] Sandstorm
|-damage|p2a: Celebi|36/100|[from] Sandstorm
|-heal|p1a: Salamence|100/100|[from] item: Leftovers
|-heal|p2a: Celebi|42/100|[from] item: Leftovers
|upkeep
|turn|38
|
|t:|1728959445
|move|p1a: Salamence|Fire Blast|p2a: Celebi
|-supereffective|p2a: Celebi
|-damage|p2a: Celebi|0 fnt
|faint|p2a: Celebi
|
|t:|1728959453
|switch|p2a: Blissey|Blissey, F|100/100
|
|-weather|Sandstorm|[upkeep]
|-damage|p1a: Salamence|94/100|[from] Sandstorm
|-damage|p2a: Blissey|94/100|[from] Sandstorm
|-heal|p1a: Salamence|100/100|[from] item: Leftovers
|-heal|p2a: Blissey|100/100|[from] item: Leftovers
|upkeep
|turn|39
|
|t:|1728959461
|switch|p1a: Blissey|Blissey, F|58/100
|move|p2a: Blissey|Ice Beam|p1a: Blissey
|-damage|p1a: Blissey|50/100
|
|-weather|Sandstorm|[upkeep]
|-damage|p1a: Blissey|44/100|[from] Sandstorm
|-damage|p2a: Blissey|94/100|[from] Sandstorm
|-heal|p1a: Blissey|50/100|[from] item: Leftovers
|-heal|p2a: Blissey|100/100|[from] item: Leftovers
|upkeep
|turn|40
|
|t:|1728959487
|move|p1a: Blissey|Soft-Boiled|p1a: Blissey
|-heal|p1a: Blissey|99/100
|move|p2a: Blissey|Toxic|p1a: Blissey
|-status|p1a: Blissey|tox
|
|-weather|Sandstorm|[upkeep]
|-damage|p1a: Blissey|93/100 tox|[from] Sandstorm
|-damage|p2a: Blissey|94/100|[from] Sandstorm
|-heal|p1a: Blissey|99/100 tox|[from] item: Leftovers
|-damage|p1a: Blissey|93/100 tox|[from] psn
|-heal|p2a: Blissey|100/100|[from] item: Leftovers
|upkeep
|turn|41
|
|t:|1728959505
|-curestatus|p1a: Blissey|tox|[from] ability: Natural Cure
|switch|p1a: Starmie|Starmie|62/100
|switch|p2a: Suicune|Suicune|19/100
|
|-weather|Sandstorm|[upkeep]
|-damage|p1a: Starmie|55/100|[from] Sandstorm
|-damage|p2a: Suicune|13/100|[from] Sandstorm
|-heal|p1a: Starmie|62/100|[from] item: Leftovers
|-heal|p2a: Suicune|19/100|[from] item: Leftovers
|upkeep
|turn|42
|
|t:|1728959518
|switch|p2a: Blissey|Blissey, F|100/100
|move|p1a: Starmie|Thunderbolt|p2a: Blissey
|-damage|p2a: Blissey|91/100
|-status|p2a: Blissey|par
|
|-weather|Sandstorm|[upkeep]
|-damage|p1a: Starmie|55/100|[from] Sandstorm
|-damage|p2a: Blissey|85/100 par|[from] Sandstorm
|-heal|p1a: Starmie|62/100|[from] item: Leftovers
|-heal|p2a: Blissey|91/100 par|[from] item: Leftovers
|upkeep
|turn|43
|inactive|azepto has 240 seconds left.
|
|t:|1728959544
|move|p1a: Starmie|Recover|p1a: Starmie
|-heal|p1a: Starmie|100/100
|move|p2a: Blissey|Aromatherapy|p2a: Blissey
|-cureteam|p2a: Blissey|[from] move: Aromatherapy
|
|-weather|Sandstorm|[upkeep]
|-damage|p1a: Starmie|94/100|[from] Sandstorm
|-damage|p2a: Blissey|85/100|[from] Sandstorm
|-heal|p1a: Starmie|100/100|[from] item: Leftovers
|-heal|p2a: Blissey|91/100|[from] item: Leftovers
|upkeep
|turn|44
|
|t:|1728959553
|move|p1a: Starmie|Toxic|p2a: Blissey
|-status|p2a: Blissey|tox
|move|p2a: Blissey|Toxic|p1a: Starmie
|-status|p1a: Starmie|tox
|
|-weather|Sandstorm|[upkeep]
|-damage|p1a: Starmie|94/100 tox|[from] Sandstorm
|-damage|p2a: Blissey|85/100 tox|[from] Sandstorm
|-heal|p1a: Starmie|100/100 tox|[from] item: Leftovers
|-damage|p1a: Starmie|94/100 tox|[from] psn
|-heal|p2a: Blissey|91/100 tox|[from] item: Leftovers
|-damage|p2a: Blissey|85/100 tox|[from] psn
|upkeep
|turn|45
|
|t:|1728959575
|-curestatus|p1a: Starmie|tox|[from] ability: Natural Cure
|switch|p1a: Blissey|Blissey, F|93/100
|-curestatus|p2a: Blissey|tox|[from] ability: Natural Cure
|switch|p2a: Snorlax|Snorlax, F|100/100
|
|-weather|Sandstorm|[upkeep]
|-damage|p1a: Blissey|87/100|[from] Sandstorm
|-damage|p2a: Snorlax|94/100|[from] Sandstorm
|-heal|p1a: Blissey|93/100|[from] item: Leftovers
|-heal|p2a: Snorlax|100/100|[from] item: Leftovers
|upkeep
|turn|46
|
|t:|1728959585
|move|p1a: Blissey|Thunder Wave|p2a: Snorlax
|-status|p2a: Snorlax|par
|cant|p2a: Snorlax|par
|
|-weather|Sandstorm|[upkeep]
|-damage|p1a: Blissey|87/100|[from] Sandstorm
|-damage|p2a: Snorlax|94/100 par|[from] Sandstorm
|-heal|p1a: Blissey|93/100|[from] item: Leftovers
|-heal|p2a: Snorlax|100/100 par|[from] item: Leftovers
|upkeep
|turn|47
|
|t:|1728959594
|switch|p1a: Salamence|Salamence, F|100/100
|-ability|p1a: Salamence|Intimidate|boost
|-unboost|p2a: Snorlax|atk|1
|cant|p2a: Snorlax|par
|
|-weather|Sandstorm|[upkeep]
|-damage|p1a: Salamence|94/100|[from] Sandstorm
|-damage|p2a: Snorlax|94/100 par|[from] Sandstorm
|-heal|p1a: Salamence|100/100|[from] item: Leftovers
|-heal|p2a: Snorlax|100/100 par|[from] item: Leftovers
|upkeep
|turn|48
|c|☆azepto|mb
|
|t:|1728959604
|switch|p2a: Blissey|Blissey, F|85/100
|move|p1a: Salamence|Brick Break|p2a: Blissey
|-supereffective|p2a: Blissey
|-damage|p2a: Blissey|40/100
|
|-weather|Sandstorm|[upkeep]
|-damage|p1a: Salamence|94/100|[from] Sandstorm
|-damage|p2a: Blissey|34/100|[from] Sandstorm
|-heal|p1a: Salamence|100/100|[from] item: Leftovers
|-heal|p2a: Blissey|40/100|[from] item: Leftovers
|upkeep
|turn|49
|
|t:|1728959616
|switch|p2a: Skarmory|Skarmory, M, shiny|100/100
|move|p1a: Salamence|Brick Break|p2a: Skarmory
|-damage|p2a: Skarmory|83/100
|
|-weather|Sandstorm|[upkeep]
|-damage|p1a: Salamence|94/100|[from] Sandstorm
|-heal|p1a: Salamence|100/100|[from] item: Leftovers
|-heal|p2a: Skarmory|89/100|[from] item: Leftovers
|upkeep
|turn|50
|
|t:|1728959626
|move|p1a: Salamence|Fire Blast|p2a: Skarmory
|-supereffective|p2a: Skarmory
|-damage|p2a: Skarmory|19/100
|move|p2a: Skarmory|Spikes|p1a: Salamence
|-sidestart|p1: azepto|Spikes
|
|-weather|Sandstorm|[upkeep]
|-damage|p1a: Salamence|94/100|[from] Sandstorm
|-heal|p1a: Salamence|100/100|[from] item: Leftovers
|-heal|p2a: Skarmory|25/100|[from] item: Leftovers
|upkeep
|turn|51
|
|t:|1728959636
|move|p2a: Skarmory|Protect|p2a: Skarmory
|-singleturn|p2a: Skarmory|Protect
|move|p1a: Salamence|Dragon Claw|p2a: Skarmory
|-activate|p2a: Skarmory|Protect
|
|-weather|Sandstorm|[upkeep]
|-damage|p1a: Salamence|94/100|[from] Sandstorm
|-heal|p1a: Salamence|100/100|[from] item: Leftovers
|-heal|p2a: Skarmory|31/100|[from] item: Leftovers
|upkeep
|turn|52
|c|☆niiiccck|I remember something
|c|☆niiiccck|I wish I had remmebered earlier
|
|t:|1728959665
|switch|p2a: Salamence|Salamence, M|100/100
|-ability|p2a: Salamence|Intimidate|boost
|-unboost|p1a: Salamence|atk|1
|move|p1a: Salamence|Fire Blast|p2a: Salamence|[miss]
|-miss|p1a: Salamence|p2a: Salamence
|
|-weather|Sandstorm|[upkeep]
|-damage|p1a: Salamence|94/100|[from] Sandstorm
|-damage|p2a: Salamence|94/100|[from] Sandstorm
|-heal|p1a: Salamence|100/100|[from] item: Leftovers
|-heal|p2a: Salamence|100/100|[from] item: Leftovers
|upkeep
|turn|53
|c|☆azepto|what is it
|inactive|niiiccck has 270 seconds left.
|c|☆niiiccck|the last member was supposed to be gengar not snorlax\
|c|☆niiiccck|I crafted this team earlier at work
|
|t:|1728959701
|move|p1a: Salamence|Dragon Claw|p2a: Salamence
|-supereffective|p2a: Salamence
|-damage|p2a: Salamence|29/100
|move|p2a: Salamence|Toxic|p1a: Salamence
|-status|p1a: Salamence|tox
|
|-weather|Sandstorm|[upkeep]
|-damage|p1a: Salamence|94/100 tox|[from] Sandstorm
|-damage|p2a: Salamence|23/100|[from] Sandstorm
|-heal|p1a: Salamence|100/100 tox|[from] item: Leftovers
|-damage|p1a: Salamence|94/100 tox|[from] psn
|-heal|p2a: Salamence|29/100|[from] item: Leftovers
|upkeep
|turn|54
|inactive|azepto has 270 seconds left.
|
|t:|1728959732
|move|p2a: Salamence|Protect|p2a: Salamence
|-singleturn|p2a: Salamence|Protect
|move|p1a: Salamence|Dragon Claw|p2a: Salamence
|-activate|p2a: Salamence|Protect
|
|-weather|Sandstorm|[upkeep]
|-damage|p1a: Salamence|88/100 tox|[from] Sandstorm
|-damage|p2a: Salamence|23/100|[from] Sandstorm
|-heal|p1a: Salamence|94/100 tox|[from] item: Leftovers
|-damage|p1a: Salamence|82/100 tox|[from] psn
|-heal|p2a: Salamence|29/100|[from] item: Leftovers
|upkeep
|turn|55
|
|t:|1728959749
|switch|p2a: Skarmory|Skarmory, M, shiny|31/100
|move|p1a: Salamence|Dragon Claw|p2a: Skarmory
|-resisted|p2a: Skarmory
|-damage|p2a: Skarmory|12/100
|
|-weather|Sandstorm|[upkeep]
|-damage|p1a: Salamence|76/100 tox|[from] Sandstorm
|-heal|p1a: Salamence|82/100 tox|[from] item: Leftovers
|-damage|p1a: Salamence|64/100 tox|[from] psn
|-heal|p2a: Skarmory|18/100|[from] item: Leftovers
|upkeep
|turn|56
|c|☆azepto|snorlax still works i think
|
|t:|1728959762
|switch|p1a: Starmie|Starmie|94/100
|-damage|p1a: Starmie|82/100|[from] Spikes
|move|p2a: Skarmory|Sunny Day|p2a: Skarmory
|-weather|SunnyDay
|
|-weather|SunnyDay|[upkeep]
|-heal|p1a: Starmie|88/100|[from] item: Leftovers
|-heal|p2a: Skarmory|24/100|[from] item: Leftovers
|upkeep
|turn|57
|
|t:|1728959773
|move|p2a: Skarmory|Protect|p2a: Skarmory
|-singleturn|p2a: Skarmory|Protect
|move|p1a: Starmie|Thunderbolt|p2a: Skarmory
|-activate|p2a: Skarmory|Protect
|
|-weather|SunnyDay|[upkeep]
|-heal|p1a: Starmie|94/100|[from] item: Leftovers
|-heal|p2a: Skarmory|30/100|[from] item: Leftovers
|upkeep
|turn|58
|
|t:|1728959780
|move|p1a: Starmie|Rapid Spin|p2a: Skarmory
|-resisted|p2a: Skarmory
|-damage|p2a: Skarmory|30/100
|-sideend|p1: azepto|Spikes|[from] move: Rapid Spin|[of] p1a: Starmie
|move|p2a: Skarmory|Spikes|p1a: Starmie
|-sidestart|p1: azepto|Spikes
|
|-weather|SunnyDay|[upkeep]
|-heal|p1a: Starmie|100/100|[from] item: Leftovers
|-heal|p2a: Skarmory|36/100|[from] item: Leftovers
|upkeep
|turn|59
|
|t:|1728959788
|move|p2a: Skarmory|Protect|p2a: Skarmory
|-singleturn|p2a: Skarmory|Protect
|move|p1a: Starmie|Thunderbolt|p2a: Skarmory
|-activate|p2a: Skarmory|Protect
|
|-weather|SunnyDay|[upkeep]
|-heal|p2a: Skarmory|42/100|[from] item: Leftovers
|upkeep
|turn|60
|
|t:|1728959802
|move|p1a: Starmie|Thunderbolt|p2a: Skarmory
|-supereffective|p2a: Skarmory
|-damage|p2a: Skarmory|0 fnt
|faint|p2a: Skarmory
|
|t:|1728959811
|switch|p2a: Suicune|Suicune|19/100
|
|-weather|none
|-heal|p2a: Suicune|26/100|[from] item: Leftovers
|upkeep
|turn|61
|
|t:|1728959817
|switch|p2a: Blissey|Blissey, F|40/100
|move|p1a: Starmie|Thunderbolt|p2a: Blissey
|-damage|p2a: Blissey|31/100
|
|-heal|p2a: Blissey|37/100|[from] item: Leftovers
|upkeep
|turn|62
|
|t:|1728959825
|move|p1a: Starmie|Toxic|p2a: Blissey|[miss]
|-miss|p1a: Starmie|p2a: Blissey
|move|p2a: Blissey|Toxic|p1a: Starmie
|-status|p1a: Starmie|tox
|
|-damage|p1a: Starmie|94/100 tox|[from] psn
|-heal|p2a: Blissey|43/100|[from] item: Leftovers
|upkeep
|turn|63
|inactive|niiiccck has 270 seconds left.
|
|t:|1728959835
|move|p1a: Starmie|Toxic|p2a: Blissey
|-status|p2a: Blissey|tox
|move|p2a: Blissey|Soft-Boiled|p2a: Blissey
|-heal|p2a: Blissey|93/100 tox
|
|-heal|p1a: Starmie|100/100 tox|[from] item: Leftovers
|-damage|p1a: Starmie|88/100 tox|[from] psn
|-heal|p2a: Blissey|99/100 tox|[from] item: Leftovers
|-damage|p2a: Blissey|93/100 tox|[from] psn
|upkeep
|turn|64
|inactive|niiiccck has 270 seconds left.
|
|t:|1728959845
|-curestatus|p2a: Blissey|tox|[from] ability: Natural Cure
|switch|p2a: Suicune|Suicune|26/100
|move|p1a: Starmie|Rapid Spin|p2a: Suicune
|-damage|p2a: Suicune|23/100
|-sideend|p1: azepto|Spikes|[from] move: Rapid Spin|[of] p1a: Starmie
|
|-heal|p1a: Starmie|94/100 tox|[from] item: Leftovers
|-damage|p1a: Starmie|76/100 tox|[from] psn
|-heal|p2a: Suicune|30/100|[from] item: Leftovers
|upkeep
|turn|65
|inactive|niiiccck has 270 seconds left.
|
|t:|1728959855
|switch|p2a: Snorlax|Snorlax, F|100/100 par
|move|p1a: Starmie|Thunderbolt|p2a: Snorlax
|-damage|p2a: Snorlax|89/100 par
|
|-heal|p1a: Starmie|82/100 tox|[from] item: Leftovers
|-damage|p1a: Starmie|57/100 tox|[from] psn
|-heal|p2a: Snorlax|95/100 par|[from] item: Leftovers
|upkeep
|turn|66
|
|t:|1728959865
|-curestatus|p1a: Starmie|tox|[from] ability: Natural Cure
|switch|p1a: Salamence|Salamence, F|64/100 tox
|-ability|p1a: Salamence|Intimidate|boost
|-unboost|p2a: Snorlax|atk|1
|move|p2a: Snorlax|Curse|p2a: Snorlax
|-unboost|p2a: Snorlax|spe|1
|-boost|p2a: Snorlax|atk|1
|-boost|p2a: Snorlax|def|1
|
|-heal|p1a: Salamence|70/100 tox|[from] item: Leftovers
|-damage|p1a: Salamence|64/100 tox|[from] psn
|-heal|p2a: Snorlax|100/100 par|[from] item: Leftovers
|upkeep
|turn|67
|
|t:|1728959887
|switch|p1a: Tyranitar|Tyranitar, M|100/100
|-weather|Sandstorm|[from] ability: Sand Stream|[of] p1a: Tyranitar
|cant|p2a: Snorlax|par
|
|-weather|Sandstorm|[upkeep]
|-damage|p2a: Snorlax|94/100 par|[from] Sandstorm
|-heal|p2a: Snorlax|100/100 par|[from] item: Leftovers
|upkeep
|turn|68
|
|t:|1728959900
|switch|p1a: Salamence|Salamence, F|64/100 tox
|-ability|p1a: Salamence|Intimidate|boost
|-unboost|p2a: Snorlax|atk|1
|switch|p2a: Blissey|Blissey, F|93/100
|
|-weather|Sandstorm|[upkeep]
|-damage|p1a: Salamence|58/100 tox|[from] Sandstorm
|-damage|p2a: Blissey|87/100|[from] Sandstorm
|-heal|p1a: Salamence|64/100 tox|[from] item: Leftovers
|-damage|p1a: Salamence|58/100 tox|[from] psn
|-heal|p2a: Blissey|93/100|[from] item: Leftovers
|upkeep
|turn|69
|
|t:|1728959911
|move|p1a: Salamence|Brick Break|p2a: Blissey
|-supereffective|p2a: Blissey
|-damage|p2a: Blissey|49/100
|move|p2a: Blissey|Aromatherapy|p2a: Blissey
|-cureteam|p2a: Blissey|[from] move: Aromatherapy
|
|-weather|Sandstorm|[upkeep]
|-damage|p1a: Salamence|51/100 tox|[from] Sandstorm
|-damage|p2a: Blissey|43/100|[from] Sandstorm
|-heal|p1a: Salamence|58/100 tox|[from] item: Leftovers
|-damage|p1a: Salamence|45/100 tox|[from] psn
|-heal|p2a: Blissey|49/100|[from] item: Leftovers
|upkeep
|turn|70
|
|t:|1728959923
|move|p1a: Salamence|Brick Break|p2a: Blissey
|-supereffective|p2a: Blissey
|-damage|p2a: Blissey|3/100
|move|p2a: Blissey|Soft-Boiled|p2a: Blissey
|-heal|p2a: Blissey|53/100
|
|-weather|Sandstorm|[upkeep]
|-damage|p1a: Salamence|39/100 tox|[from] Sandstorm
|-damage|p2a: Blissey|47/100|[from] Sandstorm
|-heal|p1a: Salamence|45/100 tox|[from] item: Leftovers
|-damage|p1a: Salamence|27/100 tox|[from] psn
|-heal|p2a: Blissey|53/100|[from] item: Leftovers
|upkeep
|turn|71
|
|t:|1728959945
|switch|p1a: Starmie|Starmie|57/100
|move|p2a: Blissey|Soft-Boiled|p2a: Blissey
|-heal|p2a: Blissey|100/100
|
|-weather|Sandstorm|[upkeep]
|-damage|p1a: Starmie|51/100|[from] Sandstorm
|-damage|p2a: Blissey|94/100|[from] Sandstorm
|-heal|p1a: Starmie|57/100|[from] item: Leftovers
|-heal|p2a: Blissey|100/100|[from] item: Leftovers
|upkeep
|turn|72
|
|t:|1728959953
|switch|p1a: Salamence|Salamence, F|27/100 tox
|-ability|p1a: Salamence|Intimidate|boost
|-unboost|p2a: Blissey|atk|1
|move|p2a: Blissey|Toxic|p1a: Salamence
|-fail|p1a: Salamence|tox
|
|-weather|Sandstorm|[upkeep]
|-damage|p1a: Salamence|21/100 tox|[from] Sandstorm
|-damage|p2a: Blissey|94/100|[from] Sandstorm
|-heal|p1a: Salamence|27/100 tox|[from] item: Leftovers
|-damage|p1a: Salamence|21/100 tox|[from] psn
|-heal|p2a: Blissey|100/100|[from] item: Leftovers
|upkeep
|turn|73
|
|t:|1728959976
|move|p1a: Salamence|Brick Break|p2a: Blissey
|-supereffective|p2a: Blissey
|-damage|p2a: Blissey|57/100
|move|p2a: Blissey|Ice Beam|p1a: Salamence
|-supereffective|p1a: Salamence
|-damage|p1a: Salamence|0 fnt
|faint|p1a: Salamence
|
|t:|1728959978
|switch|p1a: Tyranitar|Tyranitar, M|100/100
|
|-weather|Sandstorm|[upkeep]
|-damage|p2a: Blissey|51/100|[from] Sandstorm
|-heal|p2a: Blissey|57/100|[from] item: Leftovers
|upkeep
|turn|74
|inactive|niiiccck has 270 seconds left.
|c|☆niiiccck|chat theres no way he has two brick break psuedolegends right?
|
|t:|1728960006
|move|p1a: Tyranitar|Dragon Dance|p1a: Tyranitar
|-boost|p1a: Tyranitar|atk|1
|-boost|p1a: Tyranitar|spe|1
|move|p2a: Blissey|Soft-Boiled|p2a: Blissey
|-heal|p2a: Blissey|100/100
|
|-weather|Sandstorm|[upkeep]
|-damage|p2a: Blissey|94/100|[from] Sandstorm
|-heal|p2a: Blissey|100/100|[from] item: Leftovers
|upkeep
|turn|75
|c|☆niiiccck|oh its worse
|
|t:|1728960017
|move|p1a: Tyranitar|Dragon Dance|p1a: Tyranitar
|-boost|p1a: Tyranitar|atk|1
|-boost|p1a: Tyranitar|spe|1
|move|p2a: Blissey|Toxic|p1a: Tyranitar
|-status|p1a: Tyranitar|tox
|-enditem|p1a: Tyranitar|Lum Berry|[eat]
|-curestatus|p1a: Tyranitar|tox|[msg]
|
|-weather|Sandstorm|[upkeep]
|-damage|p2a: Blissey|94/100|[from] Sandstorm
|-heal|p2a: Blissey|100/100|[from] item: Leftovers
|upkeep
|turn|76
|
|t:|1728960027
|move|p1a: Tyranitar|Rock Slide|p2a: Blissey|[miss]
|-miss|p1a: Tyranitar|p2a: Blissey
|move|p2a: Blissey|Toxic|p1a: Tyranitar
|-status|p1a: Tyranitar|tox
|
|-weather|Sandstorm|[upkeep]
|-damage|p2a: Blissey|94/100|[from] Sandstorm
|-damage|p1a: Tyranitar|94/100 tox|[from] psn
|-heal|p2a: Blissey|100/100|[from] item: Leftovers
|upkeep
|turn|77
|c|☆azepto|uh oh
|
|t:|1728960039
|move|p1a: Tyranitar|Rock Slide|p2a: Blissey
|-damage|p2a: Blissey|21/100
|move|p2a: Blissey|Soft-Boiled|p2a: Blissey
|-heal|p2a: Blissey|71/100
|
|-weather|Sandstorm|[upkeep]
|-damage|p2a: Blissey|65/100|[from] Sandstorm
|-damage|p1a: Tyranitar|82/100 tox|[from] psn
|-heal|p2a: Blissey|71/100|[from] item: Leftovers
|upkeep
|turn|78
|
|t:|1728960050
|move|p1a: Tyranitar|Rock Slide|p2a: Blissey
|-damage|p2a: Blissey|0 fnt
|faint|p2a: Blissey
|
|t:|1728960057
|switch|p2a: Salamence|Salamence, M|29/100
|-ability|p2a: Salamence|Intimidate|boost
|-unboost|p1a: Tyranitar|atk|1
|
|-weather|Sandstorm|[upkeep]
|-damage|p2a: Salamence|23/100|[from] Sandstorm
|-damage|p1a: Tyranitar|64/100 tox|[from] psn
|-heal|p2a: Salamence|29/100|[from] item: Leftovers
|upkeep
|turn|79
|
|t:|1728960065
|move|p2a: Salamence|Protect|p2a: Salamence
|-singleturn|p2a: Salamence|Protect
|move|p1a: Tyranitar|Hidden Power|p2a: Salamence
|-activate|p2a: Salamence|Protect
|
|-weather|Sandstorm|[upkeep]
|-damage|p2a: Salamence|23/100|[from] Sandstorm
|-damage|p1a: Tyranitar|39/100 tox|[from] psn
|-heal|p2a: Salamence|29/100|[from] item: Leftovers
|upkeep
|turn|80
|c|☆niiiccck|if thats hp ice thats actually wild
|
|t:|1728960086
|switch|p2a: Suicune|Suicune|30/100
|move|p1a: Tyranitar|Rock Slide|p2a: Suicune
|-damage|p2a: Suicune|0 fnt
|faint|p2a: Suicune
|
|t:|1728960092
|switch|p2a: Salamence|Salamence, M|29/100
|-ability|p2a: Salamence|Intimidate|boost
|-unboost|p1a: Tyranitar|atk|1
|
|-weather|Sandstorm|[upkeep]
|-damage|p2a: Salamence|23/100|[from] Sandstorm
|-damage|p1a: Tyranitar|8/100 tox|[from] psn
|-heal|p2a: Salamence|29/100|[from] item: Leftovers
|upkeep
|turn|81
|inactive|azepto has 270 seconds left.
|c|☆azepto|that snorlax is suddenly looking really strong
|c|☆niiiccck|not with the set it has lol
|
|t:|1728960151
|move|p2a: Salamence|Protect|p2a: Salamence
|-singleturn|p2a: Salamence|Protect
|move|p1a: Tyranitar|Rock Slide|p2a: Salamence
|-activate|p2a: Salamence|Protect
|
|-weather|Sandstorm|[upkeep]
|-damage|p2a: Salamence|23/100|[from] Sandstorm
|-damage|p1a: Tyranitar|0 fnt|[from] psn
|faint|p1a: Tyranitar
|-heal|p2a: Salamence|29/100|[from] item: Leftovers
|upkeep
|c|☆niiiccck|its an interesting one
|c|☆azepto|oh no hahaha
|inactive|azepto has 240 seconds left.
|
|t:|1728960174
|switch|p1a: Starmie|Starmie|57/100
|turn|82
|
|t:|1728960180
|move|p1a: Starmie|Thunderbolt|p2a: Salamence
|-damage|p2a: Salamence|10/100
|move|p2a: Salamence|Sunny Day|p2a: Salamence
|-weather|SunnyDay
|
|-weather|SunnyDay|[upkeep]
|-heal|p1a: Starmie|63/100|[from] item: Leftovers
|-heal|p2a: Salamence|16/100|[from] item: Leftovers
|upkeep
|turn|83
|
|t:|1728960186
|move|p2a: Salamence|Protect|p2a: Salamence
|-singleturn|p2a: Salamence|Protect
|move|p1a: Starmie|Toxic|p2a: Salamence
|-activate|p2a: Salamence|Protect
|
|-weather|SunnyDay|[upkeep]
|-heal|p1a: Starmie|70/100|[from] item: Leftovers
|-heal|p2a: Salamence|22/100|[from] item: Leftovers
|upkeep
|turn|84
|
|t:|1728960195
|move|p1a: Starmie|Thunderbolt|p2a: Salamence
|-damage|p2a: Salamence|0 fnt
|faint|p2a: Salamence
|c|☆niiiccck|oh you low rolled the first one
|c|☆niiiccck|I shouldve calced that
|
|t:|1728960213
|switch|p2a: Snorlax|Snorlax, F|100/100
|
|-weather|SunnyDay|[upkeep]
|-heal|p1a: Starmie|76/100|[from] item: Leftovers
|upkeep
|turn|85
|c|☆azepto|i thought the  first one would kill, didnt expect such a bulky mence
|
|t:|1728960236
|switch|p1a: Blissey|Blissey, F|93/100
|move|p2a: Snorlax|Curse|p2a: Snorlax
|-unboost|p2a: Snorlax|spe|1
|-boost|p2a: Snorlax|atk|1
|-boost|p2a: Snorlax|def|1
|
|-weather|SunnyDay|[upkeep]
|-heal|p1a: Blissey|99/100|[from] item: Leftovers
|upkeep
|turn|86
|c|☆niiiccck|yeah its modified wish protect
|
|t:|1728960244
|move|p1a: Blissey|Thunder Wave|p2a: Snorlax
|-status|p2a: Snorlax|par
|move|p2a: Snorlax|Curse|p2a: Snorlax
|-unboost|p2a: Snorlax|spe|1
|-boost|p2a: Snorlax|atk|1
|-boost|p2a: Snorlax|def|1
|
|-weather|none
|-heal|p1a: Blissey|100/100|[from] item: Leftovers
|upkeep
|turn|87
|
|t:|1728960252
|move|p1a: Blissey|Seismic Toss|p2a: Snorlax
|-damage|p2a: Snorlax|80/100 par
|cant|p2a: Snorlax|par
|
|-heal|p2a: Snorlax|87/100 par|[from] item: Leftovers
|upkeep
|turn|88
|
|t:|1728960258
|move|p1a: Blissey|Seismic Toss|p2a: Snorlax
|-damage|p2a: Snorlax|66/100 par
|cant|p2a: Snorlax|par
|
|-heal|p2a: Snorlax|73/100 par|[from] item: Leftovers
|upkeep
|turn|89
|c|☆niiiccck|i'm pretty sure hes been full parad 6/9 turns
|
|t:|1728960281
|move|p1a: Blissey|Seismic Toss|p2a: Snorlax
|-damage|p2a: Snorlax|53/100 par
|cant|p2a: Snorlax|par
|
|-heal|p2a: Snorlax|59/100 par|[from] item: Leftovers
|upkeep
|turn|90
|c|☆azepto|7 now
|c|☆azepto|thats so unlucky hahah
|inactive|niiiccck has 270 seconds left.
|
|t:|1728960306
|move|p1a: Blissey|Seismic Toss|p2a: Snorlax
|-damage|p2a: Snorlax|39/100 par
|cant|p2a: Snorlax|par
|
|-heal|p2a: Snorlax|45/100 par|[from] item: Leftovers
|upkeep
|turn|91
|c|☆azepto|wait what 
|
|t:|1728960314
|move|p1a: Blissey|Seismic Toss|p2a: Snorlax
|-damage|p2a: Snorlax|25/100 par
|move|p2a: Snorlax|Rest|p2a: Snorlax
|-status|p2a: Snorlax|slp|[from] move: Rest
|-heal|p2a: Snorlax|100/100 slp|[silent]
|
|upkeep
|turn|92
|
|t:|1728960325
|move|p1a: Blissey|Thunder Wave||[still]
|-fail|p1a: Blissey
|cant|p2a: Snorlax|slp
|move|p2a: Snorlax|Sleep Talk|p2a: Snorlax
|move|p2a: Snorlax|Rest|p2a: Snorlax|[from]Sleep Talk
|
|upkeep
|turn|93
|
|t:|1728960333
|move|p1a: Blissey|Thunder Wave||[still]
|-fail|p1a: Blissey
|cant|p2a: Snorlax|slp
|move|p2a: Snorlax|Sleep Talk|p2a: Snorlax
|move|p2a: Snorlax|Rock Slide|p1a: Blissey|[from]Sleep Talk
|-damage|p1a: Blissey|68/100
|
|-heal|p1a: Blissey|74/100|[from] item: Leftovers
|upkeep
|turn|94
|c|☆niiiccck|im going to strangle snorlax
|
|t:|1728960355
|-curestatus|p2a: Snorlax|slp|[msg]
|move|p2a: Snorlax|Curse|p2a: Snorlax
|-unboost|p2a: Snorlax|spe|1
|-boost|p2a: Snorlax|atk|1
|-boost|p2a: Snorlax|def|1
|move|p1a: Blissey|Counter|p2a: Snorlax
|
|-heal|p1a: Blissey|80/100|[from] item: Leftovers
|upkeep
|turn|95
|inactive|azepto has 270 seconds left.
|c|☆azepto|hmm i dont think i win this 
|c|☆niiiccck|counter blissey is not something ive seen before
|c|☆niiiccck|not that ive seen a ton
|
|t:|1728960387
|move|p1a: Blissey|Soft-Boiled|p1a: Blissey
|-heal|p1a: Blissey|100/100
|move|p2a: Snorlax|Curse|p2a: Snorlax
|-unboost|p2a: Snorlax|spe|1
|-boost|p2a: Snorlax|atk|1
|-boost|p2a: Snorlax|def|1
|
|upkeep
|turn|96
|c|☆niiiccck|youll win because lax is worthless
|
|t:|1728960400
|switch|p1a: Starmie|Starmie|76/100
|move|p2a: Snorlax|Curse|p2a: Snorlax
|-unboost|p2a: Snorlax|spe|1
|-boost|p2a: Snorlax|atk|1
|-boost|p2a: Snorlax|def|1
|
|-heal|p1a: Starmie|82/100|[from] item: Leftovers
|upkeep
|turn|97
|
|t:|1728960408
|move|p1a: Starmie|Recover|p1a: Starmie
|-heal|p1a: Starmie|100/100
|move|p2a: Snorlax|Rock Slide|p1a: Starmie
|-damage|p1a: Starmie|37/100
|
|-heal|p1a: Starmie|43/100|[from] item: Leftovers
|upkeep
|turn|98
|
|t:|1728960416
|move|p1a: Starmie|Recover|p1a: Starmie
|-heal|p1a: Starmie|93/100
|move|p2a: Snorlax|Rock Slide|p1a: Starmie
|-damage|p1a: Starmie|30/100
|
|-heal|p1a: Starmie|36/100|[from] item: Leftovers
|upkeep
|turn|99
|
|t:|1728960424
|move|p1a: Starmie|Recover|p1a: Starmie
|-heal|p1a: Starmie|86/100
|move|p2a: Snorlax|Curse|p2a: Snorlax
|-unboost|p2a: Snorlax|spe|1
|-boost|p2a: Snorlax|atk|1
|-boost|p2a: Snorlax|def|1
|
|-heal|p1a: Starmie|92/100|[from] item: Leftovers
|upkeep
|turn|100
|
|t:|1728960437
|move|p1a: Starmie|Recover|p1a: Starmie
|-heal|p1a: Starmie|100/100
|move|p2a: Snorlax|Curse|p2a: Snorlax
|
|upkeep
|turn|101
|
|t:|1728960448
|move|p1a: Starmie|Rapid Spin|p2a: Snorlax
|-damage|p2a: Snorlax|99/100
|move|p2a: Snorlax|Rock Slide|p1a: Starmie
|-damage|p1a: Starmie|30/100
|
|-heal|p1a: Starmie|36/100|[from] item: Leftovers
|-heal|p2a: Snorlax|100/100|[from] item: Leftovers
|upkeep
|turn|102
|c|☆niiiccck|yeah you do win lol
|c|☆niiiccck|you stall enough
|
|t:|1728960466
|move|p1a: Starmie|Recover|p1a: Starmie
|-heal|p1a: Starmie|86/100
|move|p2a: Snorlax|Rock Slide|p1a: Starmie
|-damage|p1a: Starmie|16/100
|
|-heal|p1a: Starmie|22/100|[from] item: Leftovers
|upkeep
|turn|103
|c|☆azepto|my last is a physical mon
|c|☆niiiccck|esp with miss chance
|c|☆azepto|i might not break that lax
|
|t:|1728960487
|move|p1a: Starmie|Recover|p1a: Starmie
|-heal|p1a: Starmie|72/100
|move|p2a: Snorlax|Rock Slide|p1a: Starmie
|-damage|p1a: Starmie|2/100
|
|-heal|p1a: Starmie|8/100|[from] item: Leftovers
|upkeep
|turn|104
|
|t:|1728960496
|move|p1a: Starmie|Recover|p1a: Starmie
|-heal|p1a: Starmie|58/100
|move|p2a: Snorlax|Rock Slide|p1a: Starmie
|-damage|p1a: Starmie|0 fnt
|faint|p1a: Starmie
|inactive|azepto has 270 seconds left.
|
|t:|1728960535
|switch|p1a: Blissey|Blissey, F|100/100
|
|upkeep
|turn|105
|
|t:|1728960541
|move|p2a: Snorlax|Rock Slide|p1a: Blissey
|-damage|p1a: Blissey|24/100
|move|p1a: Blissey|Counter|p2a: Snorlax
|-damage|p2a: Snorlax|0 fnt
|faint|p2a: Snorlax
|
|win|azepto
|c|☆azepto|oh
|c|☆azepto|i didnt think about that
|c|☆azepto|gg
|c|☆niiiccck|yeah lol
|c|☆niiiccck|gg
|c|☆niiiccck|counter blissey is probably the only possible winning scenario there
|c|☆niiiccck|gl in the rest of the tournament
|c|☆niiiccck|i wonder if i couldve flinched it
|c|☆niiiccck|idk how counter works in that regard
|c|☆azepto|yeah flinch was scary
|c|☆azepto|counter always goes last
|c|☆azepto|oh wait you couldnt, the lax was slow as heck
|c|☆azepto|oh but counter goes last so yeah you actually couldve flinched
|c|☆niiiccck|yeah im not sure if it still beats flinch since youre technically faster
|c|☆azepto|weird end game from weird teams hahaha
|c|☆niiiccck|yeah lol
|c|☆niiiccck|this team has potential I think
|c|☆niiiccck|I need to play better
|player|p2|
|c|☆azepto|let me think
|c|☆azepto|maybe the salamence needs to be mixed
|c|☆azepto|to give the lax and suicune more chances to set up
|c|☆azepto|what's celebi's last move?
|c|☆azepto|you could explore a dugtrio trapping ttar, then also giving it sunny day so it serves as one singular weather clearer. two sunny days in your whole team is kinda bad i feel

</script>
<script type="application/json" class="data" id="replaydata-smogtours-gen3ou-798877">
{"id":"smogtours-gen3ou-798877","format":"[Gen 3] OU","players":["azepto","niiiccck"],"uploadtime":1728960541,"views":91,"formatid":"gen3ou","rating":null,"private":0,"password":null}
</script>

<script defer src="js/replays.js?9d40a366"></script>
