<!DOCTYPE html>
<meta charset="utf-8" />
<meta name="viewport" content="width=device-width" />

<title>[Gen 3] OU: ZPanther vs. b1urry - Replays - Pok&eacute;mon Showdown!</title>

<meta name="description" content="Watch a replay of a Pok&eacute;mon battle between ZPanther and b1urry! Format: [Gen 3] OU; Date: Oct 4, 2024" />
<!--

Hey, you! Looking in the source for the replay log?

You can find them in JSON format, just add `.json` at the end of a replay URL.

https://replay.pokemonshowdown.com/gen7randomdoublesbattle-865046831.json

Or, if you only need the log itself, add `.log` instead:

https://replay.pokemonshowdown.com/gen7randomdoublesbattle-865046831.log

-->

<link rel="stylesheet" href="//pokemonshowdown.com/style/global.css?0.023195364461161105" />
<link rel="stylesheet" href="//play.pokemonshowdown.com/style/font-awesome.css?0.13261647063804238" />
<link rel="stylesheet" href="//play.pokemonshowdown.com/style/battle.css?0.8753245789963631" />
<link rel="stylesheet" href="//play.pokemonshowdown.com/style/utilichart.css?0.8627959624976733" />

<!-- Global site tag (gtag.js) - Google Analytics -->
<script async src="https://www.googletagmanager.com/gtag/js?id=UA-26211653-1"></script>
<script>
  window.dataLayer = window.dataLayer || [];
  function gtag(){dataLayer.push(arguments);}
  gtag('js', new Date());

  gtag('config', 'UA-26211653-1');
</script>
<!-- End Google Analytics -->
<!-- Venatus Ad Manager - Install in <HEAD> of page -->
	<script src="https://hb.vntsm.com/v3/live/ad-manager.min.js" type="text/javascript" data-site-id="642aba63ec9a7b11c3c9c1be" data-mode="scan" async></script>
<!-- / Venatus Ad Manager -->

<style>
	@media (max-width:820px) {
		.battle {
			margin: 0 auto;
		}
		.battle-log {
			margin: 7px auto 0;
			max-width: 640px;
			height: 300px;
			position: static;
		}
	}
	.optgroup {
		display: inline-block;
		line-height: 22px;
		font-size: 10pt;
	}
	.optgroup .button {
		height: 25px;
		padding-top: 0;
		padding-bottom: 0;
	}
	.optgroup button.button {
		padding-left: 12px;
		padding-right: 12px;
	}
	.linklist {
		list-style: none;
		margin: 0.5em 0;
		padding: 0;
	}
	.linklist li {
		padding: 2px 0;
	}
	.sidebar {
		float: left;
		width: 320px;
	}
	.bar-wrapper {
		max-width: 1100px;
		margin: 0 auto;
	}
	.bar-wrapper.has-sidebar {
		max-width: 1430px;
	}
	.mainbar {
		margin: 0;
		padding-right: 1px;
	}
	.mainbar.has-sidebar {
		margin-left: 330px;
	}
	@media (min-width: 1511px) {
		.sidebar {
			width: 400px;
		}
		.bar-wrapper.has-sidebar {
			max-width: 1510px;
		}
		.mainbar.has-sidebar {
			margin-left: 410px;
		}
	}
	.section.first-section {
		margin-top: 9px;
	}
	.blocklink small {
		white-space: normal;
	}
	.button {
		vertical-align: middle;
	}
	.replay-controls {
		padding-top: 10px;
	}
	.replay-controls h1 {
		font-size: 16pt;
		font-weight: normal;
		color: #CCC;
	}
	.pagelink {
		text-align: center;
	}
	.pagelink a {
		width: 150px;
	}
	.textbox, .button {
		font-size: 11pt;
		vertical-align: middle;
	}
	@media (max-width: 450px) {
		.button {
			font-size: 9pt;
		}
	}
</style>

<div>

	<header>
		<div class="nav-wrapper"><ul class="nav">
			<li><a class="button nav-first" href="//pokemonshowdown.com/"><img src="//pokemonshowdown.com/images/pokemonshowdownbeta.png" srcset="//pokemonshowdown.com/images/pokemonshowdownbeta.png 1x, //pokemonshowdown.com/images/pokemonshowdownbeta@2x.png 2x" alt="Pok&eacute;mon Showdown" width="146" height="44" /> Home</a></li>
			<li><a class="button" href="//pokemonshowdown.com/dex/">Pok&eacute;dex</a></li>
			<li><a class="button cur" href="/">Replays</a></li>
			<li><a class="button" href="//pokemonshowdown.com/ladder/">Ladder</a></li>
			<li><a class="button nav-last" href="//pokemonshowdown.com/forums/">Forum</a></li>
			<li><a class="button greenbutton nav-first nav-last" href="//play.pokemonshowdown.com/">Play</a></li>
		</ul></div>
	</header>

	<div class="main" id="main">

		<noscript><section class="section">You need to enable JavaScript to use this page; sorry!</section></noscript>

	</div>

</div>

<script defer nomodule src="//play.pokemonshowdown.com/js/lib/ps-polyfill.js"></script>
<script defer src="//play.pokemonshowdown.com/js/lib/preact.min.js"></script>

<script defer src="//play.pokemonshowdown.com/config/config.js?2bddbc15"></script>
<script defer src="//play.pokemonshowdown.com/js/lib/jquery-1.11.0.min.js"></script>
<script defer src="//play.pokemonshowdown.com/js/lib/html-sanitizer-minified.js"></script>
<script defer src="//play.pokemonshowdown.com/js/battle-sound.js"></script>
<script defer src="//play.pokemonshowdown.com/js/battledata.js?0.7209276989879541"></script>
<script defer src="//play.pokemonshowdown.com/data/pokedex-mini.js?0.6111056340867951"></script>
<script defer src="//play.pokemonshowdown.com/data/pokedex-mini-bw.js?0.3532142036491459"></script>
<script defer src="//play.pokemonshowdown.com/data/graphics.js?0.24223875632456182"></script>
<script defer src="//play.pokemonshowdown.com/data/pokedex.js?0.38839984266356864"></script>
<script defer src="//play.pokemonshowdown.com/data/moves.js?0.21866028504024015"></script>
<script defer src="//play.pokemonshowdown.com/data/abilities.js?0.2005157953846628"></script>
<script defer src="//play.pokemonshowdown.com/data/items.js?0.9894211263848525"></script>
<script defer src="//play.pokemonshowdown.com/data/teambuilder-tables.js?0.6008791140282215"></script>
<script defer src="//play.pokemonshowdown.com/js/battle-tooltips.js?0.7580118955022959"></script>
<script defer src="//play.pokemonshowdown.com/js/battle.js?0.6057722274234274"></script>

<script defer src="js/utils.js?e31f9a17"></script>
<script defer src="js/replays-battle.js?7008c182"></script>

<!-- don't scrape this data! just add .json or .log after the URL!
Full API docs: https://github.com/smogon/pokemon-showdown-client/blob/master/WEB-API.md -->
<script type="text/plain" class="log" id="replaylog-smogtours-gen3ou-794488">
|inactive|Battle timer is ON: inactive players will automatically lose when time's up.
|t:|1728009347
|gametype|singles
|player|p1|ZPanther|rose-zerosuit|
|player|p2|b1urry|1|
|teamsize|p1|6
|teamsize|p2|6
|gen|3
|tier|[Gen 3] OU
|rule|Sleep Clause Mod: Limit one foe put to sleep
|rule|Switch Priority Clause Mod: Faster Pokémon switch first
|rule|Species Clause: Limit one of each Pokémon
|rule|OHKO Clause: OHKO moves are banned
|rule|Evasion Items Clause: Evasion items are banned
|rule|Evasion Moves Clause: Evasion moves are banned
|rule|Endless Battle Clause: Forcing endless battles is banned
|rule|HP Percentage Mod: HP is shown in percentages
|rule|One Boost Passer Clause: Limit one Baton Passer that has a way to boost its stats
|rule|Freeze Clause Mod: Limit one foe frozen
|
|t:|1728009347
|start
|switch|p1a: Tyranitar|Tyranitar, M|100/100
|switch|p2a: Salamence|Salamence, F|100/100
|-ability|p2a: Salamence|Intimidate|boost
|-unboost|p1a: Tyranitar|atk|1
|-weather|Sandstorm|[from] ability: Sand Stream|[of] p1a: Tyranitar
|turn|1
|c|☆ZPanther|hf
|
|t:|1728009366
|switch|p2a: Milotic|Milotic, F|100/100
|switch|p1a: Skarmory|Skarmory, F|100/100
|
|-weather|Sandstorm|[upkeep]
|-damage|p2a: Milotic|94/100|[from] Sandstorm
|-heal|p2a: Milotic|100/100|[from] item: Leftovers
|upkeep
|turn|2
|
|t:|1728009375
|switch|p2a: Magneton|Magneton|100/100
|move|p1a: Skarmory|Spikes|p2a: Magneton
|-sidestart|p2: b1urry|Spikes
|
|-weather|Sandstorm|[upkeep]
|upkeep
|turn|3
|
|t:|1728009379
|move|p2a: Magneton|Thunderbolt|p1a: Skarmory
|-supereffective|p1a: Skarmory
|-damage|p1a: Skarmory|1/100
|move|p1a: Skarmory|Spikes|p2a: Magneton
|-sidestart|p2: b1urry|Spikes
|
|-weather|Sandstorm|[upkeep]
|-heal|p1a: Skarmory|7/100|[from] item: Leftovers
|upkeep
|turn|4
|
|t:|1728009383
|move|p2a: Magneton|Thunderbolt|p1a: Skarmory
|-supereffective|p1a: Skarmory
|-damage|p1a: Skarmory|0 fnt
|faint|p1a: Skarmory
|
|t:|1728009387
|switch|p1a: Charizard|Charizard, M|100/100
|
|-weather|Sandstorm|[upkeep]
|-damage|p1a: Charizard|94/100|[from] Sandstorm
|-heal|p1a: Charizard|100/100|[from] item: Leftovers
|upkeep
|turn|5
|
|t:|1728009402
|switch|p2a: Salamence|Salamence, F|100/100
|-ability|p2a: Salamence|Intimidate|boost
|-unboost|p1a: Charizard|atk|1
|move|p1a: Charizard|Flamethrower|p2a: Salamence
|-resisted|p2a: Salamence
|-damage|p2a: Salamence|75/100
|
|-weather|Sandstorm|[upkeep]
|-damage|p1a: Charizard|94/100|[from] Sandstorm
|-damage|p2a: Salamence|69/100|[from] Sandstorm
|-heal|p1a: Charizard|100/100|[from] item: Leftovers
|-heal|p2a: Salamence|75/100|[from] item: Leftovers
|upkeep
|turn|6
|
|t:|1728009411
|move|p1a: Charizard|Hidden Power|p2a: Salamence
|-supereffective|p2a: Salamence
|-damage|p2a: Salamence|0 fnt
|faint|p2a: Salamence
|
|t:|1728009415
|switch|p2a: Claydol|Claydol|100/100
|
|-weather|Sandstorm|[upkeep]
|-damage|p1a: Charizard|94/100|[from] Sandstorm
|-heal|p1a: Charizard|100/100|[from] item: Leftovers
|upkeep
|turn|7
|
|t:|1728009419
|switch|p1a: Gengar|Gengar, F|100/100
|move|p2a: Claydol|Rapid Spin|p1a: Gengar
|-immune|p1a: Gengar
|
|-weather|Sandstorm|[upkeep]
|-damage|p1a: Gengar|94/100|[from] Sandstorm
|-heal|p1a: Gengar|100/100|[from] item: Leftovers
|upkeep
|turn|8
|
|t:|1728009432
|switch|p2a: Milotic|Milotic, F|100/100
|-damage|p2a: Milotic|84/100|[from] Spikes
|move|p1a: Gengar|Will-O-Wisp|p2a: Milotic|[miss]
|-miss|p1a: Gengar|p2a: Milotic
|
|-weather|Sandstorm|[upkeep]
|-damage|p1a: Gengar|94/100|[from] Sandstorm
|-damage|p2a: Milotic|78/100|[from] Sandstorm
|-heal|p1a: Gengar|100/100|[from] item: Leftovers
|-heal|p2a: Milotic|84/100|[from] item: Leftovers
|upkeep
|turn|9
|
|t:|1728009448
|move|p1a: Gengar|Thunderbolt|p2a: Milotic
|-supereffective|p2a: Milotic
|-damage|p2a: Milotic|52/100
|move|p2a: Milotic|Surf|p1a: Gengar
|-damage|p1a: Gengar|64/100
|
|-weather|Sandstorm|[upkeep]
|-damage|p1a: Gengar|58/100|[from] Sandstorm
|-damage|p2a: Milotic|46/100|[from] Sandstorm
|-heal|p1a: Gengar|64/100|[from] item: Leftovers
|-heal|p2a: Milotic|52/100|[from] item: Leftovers
|upkeep
|turn|10
|
|t:|1728009454
|move|p1a: Gengar|Taunt|p2a: Milotic
|-start|p2a: Milotic|move: Taunt
|cant|p2a: Milotic|move: Taunt|Recover
|
|-weather|Sandstorm|[upkeep]
|-damage|p1a: Gengar|58/100|[from] Sandstorm
|-damage|p2a: Milotic|46/100|[from] Sandstorm
|-heal|p1a: Gengar|64/100|[from] item: Leftovers
|-heal|p2a: Milotic|52/100|[from] item: Leftovers
|upkeep
|turn|11
|
|t:|1728009457
|move|p1a: Gengar|Giga Drain|p2a: Milotic
|-supereffective|p2a: Milotic
|-damage|p2a: Milotic|32/100
|-heal|p1a: Gengar|77/100|[from] drain|[of] p2a: Milotic
|move|p2a: Milotic|Surf|p1a: Gengar
|-damage|p1a: Gengar|39/100
|
|-weather|Sandstorm|[upkeep]
|-damage|p1a: Gengar|33/100|[from] Sandstorm
|-damage|p2a: Milotic|26/100|[from] Sandstorm
|-heal|p1a: Gengar|39/100|[from] item: Leftovers
|-heal|p2a: Milotic|32/100|[from] item: Leftovers
|-end|p2a: Milotic|move: Taunt|[silent]
|upkeep
|turn|12
|
|t:|1728009466
|switch|p2a: Magneton|Magneton|100/100
|-damage|p2a: Magneton|84/100|[from] Spikes
|move|p1a: Gengar|Thunderbolt|p2a: Magneton
|-resisted|p2a: Magneton
|-damage|p2a: Magneton|58/100
|
|-weather|Sandstorm|[upkeep]
|-damage|p1a: Gengar|33/100|[from] Sandstorm
|-heal|p1a: Gengar|39/100|[from] item: Leftovers
|upkeep
|turn|13
|
|t:|1728009475
|switch|p1a: Jolteon|Jolteon, F|100/100
|move|p2a: Magneton|Thunderbolt|p1a: Jolteon
|-immune|p1a: Jolteon|[from] ability: Volt Absorb
|
|-weather|Sandstorm|[upkeep]
|-damage|p1a: Jolteon|95/100|[from] Sandstorm
|-heal|p1a: Jolteon|100/100|[from] item: Leftovers
|upkeep
|turn|14
|
|t:|1728009488
|move|p1a: Jolteon|Thunderbolt|p2a: Magneton
|-resisted|p2a: Magneton
|-damage|p2a: Magneton|14/100
|move|p2a: Magneton|Toxic|p1a: Jolteon|[miss]
|-miss|p2a: Magneton|p1a: Jolteon
|
|-weather|Sandstorm|[upkeep]
|-damage|p1a: Jolteon|95/100|[from] Sandstorm
|-heal|p1a: Jolteon|100/100|[from] item: Leftovers
|upkeep
|turn|15
|
|t:|1728009495
|switch|p2a: Claydol|Claydol|100/100
|move|p1a: Jolteon|Hidden Power|p2a: Claydol
|-supereffective|p2a: Claydol
|-damage|p2a: Claydol|59/100
|
|-weather|Sandstorm|[upkeep]
|-damage|p1a: Jolteon|95/100|[from] Sandstorm
|-heal|p1a: Jolteon|100/100|[from] item: Leftovers
|-heal|p2a: Claydol|65/100|[from] item: Leftovers
|upkeep
|turn|16
|
|t:|1728009503
|move|p1a: Jolteon|Baton Pass|p1a: Jolteon
|
|t:|1728009504
|switch|p1a: Gengar|Gengar, F|39/100|[from] Baton Pass
|move|p2a: Claydol|Psychic|p1a: Gengar
|-supereffective|p1a: Gengar
|-damage|p1a: Gengar|0 fnt
|faint|p1a: Gengar
|
|t:|1728009508
|switch|p1a: Charizard|Charizard, M|100/100
|
|-weather|Sandstorm|[upkeep]
|-damage|p1a: Charizard|94/100|[from] Sandstorm
|-heal|p1a: Charizard|100/100|[from] item: Leftovers
|-heal|p2a: Claydol|71/100|[from] item: Leftovers
|upkeep
|turn|17
|
|t:|1728009522
|move|p1a: Charizard|Flamethrower|p2a: Claydol
|-damage|p2a: Claydol|32/100
|move|p2a: Claydol|Rapid Spin|p1a: Charizard
|-damage|p1a: Charizard|92/100
|-sideend|p2: b1urry|Spikes|[from] move: Rapid Spin|[of] p2a: Claydol
|
|-weather|Sandstorm|[upkeep]
|-damage|p1a: Charizard|86/100|[from] Sandstorm
|-heal|p1a: Charizard|92/100|[from] item: Leftovers
|-heal|p2a: Claydol|38/100|[from] item: Leftovers
|upkeep
|turn|18
|
|t:|1728009533
|switch|p2a: Magneton|Magneton|14/100
|move|p1a: Charizard|Flamethrower|p2a: Magneton
|-supereffective|p2a: Magneton
|-damage|p2a: Magneton|0 fnt
|faint|p2a: Magneton
|
|t:|1728009539
|switch|p2a: Milotic|Milotic, F|32/100
|
|-weather|Sandstorm|[upkeep]
|-damage|p1a: Charizard|86/100|[from] Sandstorm
|-damage|p2a: Milotic|26/100|[from] Sandstorm
|-heal|p1a: Charizard|92/100|[from] item: Leftovers
|-heal|p2a: Milotic|32/100|[from] item: Leftovers
|upkeep
|turn|19
|
|t:|1728009544
|switch|p1a: Jolteon|Jolteon, F|100/100
|move|p2a: Milotic|Recover|p2a: Milotic
|-heal|p2a: Milotic|82/100
|
|-weather|Sandstorm|[upkeep]
|-damage|p1a: Jolteon|95/100|[from] Sandstorm
|-damage|p2a: Milotic|76/100|[from] Sandstorm
|-heal|p1a: Jolteon|100/100|[from] item: Leftovers
|-heal|p2a: Milotic|82/100|[from] item: Leftovers
|upkeep
|turn|20
|
|t:|1728009557
|move|p1a: Jolteon|Thunderbolt|p2a: Milotic
|-supereffective|p2a: Milotic
|-damage|p2a: Milotic|35/100
|move|p2a: Milotic|Recover|p2a: Milotic
|-heal|p2a: Milotic|85/100
|
|-weather|Sandstorm|[upkeep]
|-damage|p1a: Jolteon|95/100|[from] Sandstorm
|-damage|p2a: Milotic|79/100|[from] Sandstorm
|-heal|p1a: Jolteon|100/100|[from] item: Leftovers
|-heal|p2a: Milotic|85/100|[from] item: Leftovers
|upkeep
|turn|21
|
|t:|1728009563
|move|p1a: Jolteon|Thunderbolt|p2a: Milotic
|-supereffective|p2a: Milotic
|-damage|p2a: Milotic|39/100
|move|p2a: Milotic|Toxic|p1a: Jolteon|[miss]
|-miss|p2a: Milotic|p1a: Jolteon
|
|-weather|Sandstorm|[upkeep]
|-damage|p1a: Jolteon|95/100|[from] Sandstorm
|-damage|p2a: Milotic|33/100|[from] Sandstorm
|-heal|p1a: Jolteon|100/100|[from] item: Leftovers
|-heal|p2a: Milotic|39/100|[from] item: Leftovers
|upkeep
|turn|22
|c|☆ZPanther|mb
|
|t:|1728009575
|switch|p2a: Claydol|Claydol|38/100
|move|p1a: Jolteon|Thunderbolt|p2a: Claydol
|-immune|p2a: Claydol
|
|-weather|Sandstorm|[upkeep]
|-damage|p1a: Jolteon|95/100|[from] Sandstorm
|-heal|p1a: Jolteon|100/100|[from] item: Leftovers
|-heal|p2a: Claydol|44/100|[from] item: Leftovers
|upkeep
|turn|23
|
|t:|1728009582
|switch|p2a: Snorlax|Snorlax, F|100/100
|move|p1a: Jolteon|Baton Pass|p1a: Jolteon
|
|t:|1728009585
|switch|p1a: Tyranitar|Tyranitar, M|100/100|[from] Baton Pass
|
|-weather|Sandstorm|[upkeep]
|-damage|p2a: Snorlax|94/100|[from] Sandstorm
|-heal|p2a: Snorlax|100/100|[from] item: Leftovers
|upkeep
|turn|24
|
|t:|1728009591
|switch|p2a: Milotic|Milotic, F|39/100
|move|p1a: Tyranitar|Rock Slide|p2a: Milotic|[miss]
|-miss|p1a: Tyranitar|p2a: Milotic
|
|-weather|Sandstorm|[upkeep]
|-damage|p2a: Milotic|33/100|[from] Sandstorm
|-heal|p2a: Milotic|39/100|[from] item: Leftovers
|upkeep
|turn|25
|
|t:|1728009595
|-singleturn|p1a: Tyranitar|move: Focus Punch
|move|p2a: Milotic|Recover|p2a: Milotic
|-heal|p2a: Milotic|89/100
|move|p1a: Tyranitar|Focus Punch|p2a: Milotic
|-damage|p2a: Milotic|22/100
|
|-weather|Sandstorm|[upkeep]
|-damage|p2a: Milotic|16/100|[from] Sandstorm
|-heal|p2a: Milotic|22/100|[from] item: Leftovers
|upkeep
|turn|26
|
|t:|1728009606
|-singleturn|p1a: Tyranitar|move: Focus Punch
|move|p2a: Milotic|Recover|p2a: Milotic
|-heal|p2a: Milotic|72/100
|move|p1a: Tyranitar|Focus Punch|p2a: Milotic
|-damage|p2a: Milotic|14/100
|
|-weather|Sandstorm|[upkeep]
|-damage|p2a: Milotic|8/100|[from] Sandstorm
|-heal|p2a: Milotic|14/100|[from] item: Leftovers
|upkeep
|turn|27
|
|t:|1728009611
|-singleturn|p1a: Tyranitar|move: Focus Punch
|move|p2a: Milotic|Surf|p1a: Tyranitar
|-supereffective|p1a: Tyranitar
|-damage|p1a: Tyranitar|47/100
|move|p1a: Tyranitar|Focus Punch||[still]
|cant|p1a: Tyranitar|Focus Punch|Focus Punch
|
|-weather|Sandstorm|[upkeep]
|-damage|p2a: Milotic|8/100|[from] Sandstorm
|-heal|p2a: Milotic|14/100|[from] item: Leftovers
|-heal|p1a: Tyranitar|54/100|[from] item: Leftovers
|upkeep
|turn|28
|
|t:|1728009617
|-singleturn|p1a: Tyranitar|move: Focus Punch
|move|p2a: Milotic|Recover|p2a: Milotic
|-heal|p2a: Milotic|64/100
|move|p1a: Tyranitar|Focus Punch|p2a: Milotic
|-damage|p2a: Milotic|0 fnt
|faint|p2a: Milotic
|
|t:|1728009623
|switch|p2a: Claydol|Claydol|44/100
|
|-weather|Sandstorm|[upkeep]
|-heal|p2a: Claydol|50/100|[from] item: Leftovers
|-heal|p1a: Tyranitar|60/100|[from] item: Leftovers
|upkeep
|turn|29
|
|t:|1728009628
|switch|p1a: Charizard|Charizard, M|92/100
|move|p2a: Claydol|Explosion|p1a: Charizard
|-damage|p1a: Charizard|0 fnt
|faint|p2a: Claydol
|faint|p1a: Charizard
|
|t:|1728009632
|switch|p1a: Tyranitar|Tyranitar, M|60/100
|switch|p2a: Metagross|Metagross|100/100
|
|-weather|Sandstorm|[upkeep]
|-heal|p1a: Tyranitar|66/100|[from] item: Leftovers
|upkeep
|turn|30
|
|t:|1728009638
|move|p2a: Metagross|Earthquake|p1a: Tyranitar
|-supereffective|p1a: Tyranitar
|-damage|p1a: Tyranitar|0 fnt
|faint|p1a: Tyranitar
|
|t:|1728009641
|switch|p1a: Swampert|Swampert, M|100/100
|
|-weather|Sandstorm|[upkeep]
|upkeep
|turn|31
|
|t:|1728009645
|move|p2a: Metagross|Earthquake|p1a: Swampert
|-damage|p1a: Swampert|50/100
|move|p1a: Swampert|Earthquake|p2a: Metagross
|-supereffective|p2a: Metagross
|-damage|p2a: Metagross|46/100
|
|-weather|Sandstorm|[upkeep]
|-heal|p1a: Swampert|57/100|[from] item: Leftovers
|upkeep
|turn|32
|
|t:|1728009651
|move|p2a: Metagross|Earthquake|p1a: Swampert
|-damage|p1a: Swampert|3/100
|move|p1a: Swampert|Earthquake|p2a: Metagross
|-supereffective|p2a: Metagross
|-damage|p2a: Metagross|0 fnt
|faint|p2a: Metagross
|
|t:|1728009654
|switch|p2a: Snorlax|Snorlax, F|100/100
|
|-weather|Sandstorm|[upkeep]
|-damage|p2a: Snorlax|94/100|[from] Sandstorm
|-heal|p1a: Swampert|9/100|[from] item: Leftovers
|-heal|p2a: Snorlax|100/100|[from] item: Leftovers
|upkeep
|turn|33
|
|t:|1728009661
|move|p1a: Swampert|Earthquake|p2a: Snorlax
|-damage|p2a: Snorlax|68/100
|move|p2a: Snorlax|Curse|p2a: Snorlax
|-unboost|p2a: Snorlax|spe|1
|-boost|p2a: Snorlax|atk|1
|-boost|p2a: Snorlax|def|1
|
|-weather|Sandstorm|[upkeep]
|-damage|p2a: Snorlax|62/100|[from] Sandstorm
|-heal|p1a: Swampert|15/100|[from] item: Leftovers
|-heal|p2a: Snorlax|68/100|[from] item: Leftovers
|upkeep
|turn|34
|
|t:|1728009666
|move|p1a: Swampert|Earthquake|p2a: Snorlax
|-damage|p2a: Snorlax|44/100
|move|p2a: Snorlax|Body Slam|p1a: Swampert
|-damage|p1a: Swampert|0 fnt
|faint|p1a: Swampert
|
|t:|1728009671
|switch|p1a: Jolteon|Jolteon, F|100/100
|
|-weather|Sandstorm|[upkeep]
|-damage|p1a: Jolteon|95/100|[from] Sandstorm
|-damage|p2a: Snorlax|38/100|[from] Sandstorm
|-heal|p1a: Jolteon|100/100|[from] item: Leftovers
|-heal|p2a: Snorlax|44/100|[from] item: Leftovers
|upkeep
|turn|35
|
|t:|1728009684
|move|p1a: Jolteon|Thunderbolt|p2a: Snorlax
|-damage|p2a: Snorlax|24/100
|move|p2a: Snorlax|Body Slam|p1a: Jolteon
|-crit|p1a: Jolteon
|-damage|p1a: Jolteon|0 fnt
|faint|p1a: Jolteon
|
|win|b1urry
|c|☆b1urry|gg
|c|☆ZPanther|gg
|player|p1|

</script>
<script type="application/json" class="data" id="replaydata-smogtours-gen3ou-794488">
{"id":"smogtours-gen3ou-794488","format":"[Gen 3] OU","players":["ZPanther","b1urry"],"uploadtime":1728009684,"views":127,"formatid":"gen3ou","rating":null,"private":0,"password":null}
</script>

<script defer src="js/replays.js?9d40a366"></script>
