<!DOCTYPE html>
<meta charset="utf-8" />
<meta name="viewport" content="width=device-width" />

<title>[Gen 3] OU: diegoyuhhi vs. incognidoqueen - Replays - Pok&eacute;mon Showdown!</title>

<meta name="description" content="Watch a replay of a Pok&eacute;mon battle between diegoyuhhi and incognidoqueen! Format: [Gen 3] OU; Date: Oct 18, 2024" />
<!--

Hey, you! Looking in the source for the replay log?

You can find them in JSON format, just add `.json` at the end of a replay URL.

https://replay.pokemonshowdown.com/gen7randomdoublesbattle-865046831.json

Or, if you only need the log itself, add `.log` instead:

https://replay.pokemonshowdown.com/gen7randomdoublesbattle-865046831.log

-->

<link rel="stylesheet" href="//pokemonshowdown.com/style/global.css?0.767286132409787" />
<link rel="stylesheet" href="//play.pokemonshowdown.com/style/font-awesome.css?0.9266228007934947" />
<link rel="stylesheet" href="//play.pokemonshowdown.com/style/battle.css?0.7924700842790926" />
<link rel="stylesheet" href="//play.pokemonshowdown.com/style/utilichart.css?0.8777417872839479" />

<!-- Global site tag (gtag.js) - Google Analytics -->
<script async src="https://www.googletagmanager.com/gtag/js?id=UA-26211653-1"></script>
<script>
  window.dataLayer = window.dataLayer || [];
  function gtag(){dataLayer.push(arguments);}
  gtag('js', new Date());

  gtag('config', 'UA-26211653-1');
</script>
<!-- End Google Analytics -->
<!-- Venatus Ad Manager - Install in <HEAD> of page -->
	<script src="https://hb.vntsm.com/v3/live/ad-manager.min.js" type="text/javascript" data-site-id="642aba63ec9a7b11c3c9c1be" data-mode="scan" async></script>
<!-- / Venatus Ad Manager -->

<style>
	@media (max-width:820px) {
		.battle {
			margin: 0 auto;
		}
		.battle-log {
			margin: 7px auto 0;
			max-width: 640px;
			height: 300px;
			position: static;
		}
	}
	.optgroup {
		display: inline-block;
		line-height: 22px;
		font-size: 10pt;
	}
	.optgroup .button {
		height: 25px;
		padding-top: 0;
		padding-bottom: 0;
	}
	.optgroup button.button {
		padding-left: 12px;
		padding-right: 12px;
	}
	.linklist {
		list-style: none;
		margin: 0.5em 0;
		padding: 0;
	}
	.linklist li {
		padding: 2px 0;
	}
	.sidebar {
		float: left;
		width: 320px;
	}
	.bar-wrapper {
		max-width: 1100px;
		margin: 0 auto;
	}
	.bar-wrapper.has-sidebar {
		max-width: 1430px;
	}
	.mainbar {
		margin: 0;
		padding-right: 1px;
	}
	.mainbar.has-sidebar {
		margin-left: 330px;
	}
	@media (min-width: 1511px) {
		.sidebar {
			width: 400px;
		}
		.bar-wrapper.has-sidebar {
			max-width: 1510px;
		}
		.mainbar.has-sidebar {
			margin-left: 410px;
		}
	}
	.section.first-section {
		margin-top: 9px;
	}
	.blocklink small {
		white-space: normal;
	}
	.button {
		vertical-align: middle;
	}
	.replay-controls {
		padding-top: 10px;
	}
	.replay-controls h1 {
		font-size: 16pt;
		font-weight: normal;
		color: #CCC;
	}
	.pagelink {
		text-align: center;
	}
	.pagelink a {
		width: 150px;
	}
	.textbox, .button {
		font-size: 11pt;
		vertical-align: middle;
	}
	@media (max-width: 450px) {
		.button {
			font-size: 9pt;
		}
	}
</style>

<div>

	<header>
		<div class="nav-wrapper"><ul class="nav">
			<li><a class="button nav-first" href="//pokemonshowdown.com/"><img src="//pokemonshowdown.com/images/pokemonshowdownbeta.png" srcset="//pokemonshowdown.com/images/pokemonshowdownbeta.png 1x, //pokemonshowdown.com/images/pokemonshowdownbeta@2x.png 2x" alt="Pok&eacute;mon Showdown" width="146" height="44" /> Home</a></li>
			<li><a class="button" href="//pokemonshowdown.com/dex/">Pok&eacute;dex</a></li>
			<li><a class="button cur" href="/">Replays</a></li>
			<li><a class="button" href="//pokemonshowdown.com/ladder/">Ladder</a></li>
			<li><a class="button nav-last" href="//pokemonshowdown.com/forums/">Forum</a></li>
			<li><a class="button greenbutton nav-first nav-last" href="//play.pokemonshowdown.com/">Play</a></li>
		</ul></div>
	</header>

	<div class="main" id="main">

		<noscript><section class="section">You need to enable JavaScript to use this page; sorry!</section></noscript>

	</div>

</div>

<script defer nomodule src="//play.pokemonshowdown.com/js/lib/ps-polyfill.js"></script>
<script defer src="//play.pokemonshowdown.com/js/lib/preact.min.js"></script>

<script defer src="//play.pokemonshowdown.com/config/config.js?6dec07f6"></script>
<script defer src="//play.pokemonshowdown.com/js/lib/jquery-1.11.0.min.js"></script>
<script defer src="//play.pokemonshowdown.com/js/lib/html-sanitizer-minified.js"></script>
<script defer src="//play.pokemonshowdown.com/js/battle-sound.js"></script>
<script defer src="//play.pokemonshowdown.com/js/battledata.js?0.6315294753075389"></script>
<script defer src="//play.pokemonshowdown.com/data/pokedex-mini.js?0.7603743185311358"></script>
<script defer src="//play.pokemonshowdown.com/data/pokedex-mini-bw.js?0.030888842834281283"></script>
<script defer src="//play.pokemonshowdown.com/data/graphics.js?0.05593094747507488"></script>
<script defer src="//play.pokemonshowdown.com/data/pokedex.js?0.47064822249611904"></script>
<script defer src="//play.pokemonshowdown.com/data/moves.js?0.8583693120512459"></script>
<script defer src="//play.pokemonshowdown.com/data/abilities.js?0.16017181182386842"></script>
<script defer src="//play.pokemonshowdown.com/data/items.js?0.4163379185673943"></script>
<script defer src="//play.pokemonshowdown.com/data/teambuilder-tables.js?0.31075597372830477"></script>
<script defer src="//play.pokemonshowdown.com/js/battle-tooltips.js?0.6536193500708172"></script>
<script defer src="//play.pokemonshowdown.com/js/battle.js?0.1916591943277901"></script>

<script defer src="js/utils.js?e31f9a17"></script>
<script defer src="js/replays-battle.js?7008c182"></script>

<!-- don't scrape this data! just add .json or .log after the URL!
Full API docs: https://github.com/smogon/pokemon-showdown-client/blob/master/WEB-API.md -->
<script type="text/plain" class="log" id="replaylog-smogtours-gen3ou-799700">
|inactive|Battle timer is ON: inactive players will automatically lose when time's up.
|t:|1729285432
|gametype|singles
|player|p1|diegoyuhhi|allister|
|player|p2|incognidoqueen|clerkf|
|teamsize|p1|6
|teamsize|p2|6
|gen|3
|tier|[Gen 3] OU
|rule|Sleep Clause Mod: Limit one foe put to sleep
|rule|Switch Priority Clause Mod: Faster Pokémon switch first
|rule|Species Clause: Limit one of each Pokémon
|rule|OHKO Clause: OHKO moves are banned
|rule|Evasion Items Clause: Evasion items are banned
|rule|Evasion Moves Clause: Evasion moves are banned
|rule|Endless Battle Clause: Forcing endless battles is banned
|rule|HP Percentage Mod: HP is shown in percentages
|rule|One Boost Passer Clause: Limit one Baton Passer that has a way to boost its stats
|rule|Freeze Clause Mod: Limit one foe frozen
|
|t:|1729285432
|start
|switch|p1a: Metagross|Metagross|100/100
|switch|p2a: Razzberry Beret|Breloom, M, shiny|100/100
|turn|1
|
|t:|1729285440
|move|p2a: Razzberry Beret|Spore|p1a: Metagross
|-status|p1a: Metagross|slp|[from] move: Spore
|cant|p1a: Metagross|slp
|move|p1a: Metagross|Sleep Talk|p1a: Metagross
|move|p1a: Metagross|Earthquake|p2a: Razzberry Beret|[from]Sleep Talk
|-resisted|p2a: Razzberry Beret
|-damage|p2a: Razzberry Beret|59/100
|
|-heal|p2a: Razzberry Beret|65/100|[from] item: Leftovers
|upkeep
|turn|2
|
|t:|1729285454
|-singleturn|p2a: Razzberry Beret|move: Focus Punch
|cant|p1a: Metagross|slp
|move|p1a: Metagross|Sleep Talk||[still]
|-fail|p1a: Metagross
|move|p2a: Razzberry Beret|Focus Punch|p1a: Metagross
|-damage|p1a: Metagross|34/100 slp
|
|-heal|p2a: Razzberry Beret|71/100|[from] item: Leftovers
|upkeep
|turn|3
|c|☆incognidoqueen|Yeah cb sleep talk only works once
|c|☆diegoyuhhi|oh
|c|☆diegoyuhhi|cool to know ig
|c|☆incognidoqueen|Gotta switch out
|
|t:|1729285482
|-singleturn|p2a: Razzberry Beret|move: Focus Punch
|switch|p1a: Celebi|Celebi|100/100
|move|p2a: Razzberry Beret|Focus Punch|p1a: Celebi
|-resisted|p1a: Celebi
|-damage|p1a: Celebi|66/100
|
|-heal|p1a: Celebi|72/100|[from] item: Leftovers
|-heal|p2a: Razzberry Beret|78/100|[from] item: Leftovers
|upkeep
|turn|4
|inactive|incognidoqueen has 270 seconds left.
|
|t:|1729285503
|switch|p2a: Blisy|Blissey, F|100/100
|move|p1a: Celebi|Calm Mind|p1a: Celebi
|-boost|p1a: Celebi|spa|1
|-boost|p1a: Celebi|spd|1
|
|-heal|p1a: Celebi|78/100|[from] item: Leftovers
|upkeep
|turn|5
|inactive|incognidoqueen has 270 seconds left.
|
|t:|1729285512
|switch|p1a: Metagross|Metagross|34/100 slp
|move|p2a: Blisy|Thunder Wave||[still]
|-fail|p2a: Blisy
|
|upkeep
|turn|6
|
|t:|1729285520
|switch|p2a: Harold|Skarmory, F|100/100
|cant|p1a: Metagross|slp
|move|p1a: Metagross|Sleep Talk|p1a: Metagross
|move|p1a: Metagross|Earthquake|p2a: Harold|[from]Sleep Talk
|-immune|p2a: Harold
|
|upkeep
|turn|7
|
|t:|1729285530
|switch|p1a: Raikou|Raikou|100/100
|move|p2a: Harold|Spikes|p1a: Raikou
|-sidestart|p1: diegoyuhhi|Spikes
|
|upkeep
|turn|8
|
|t:|1729285544
|switch|p1a: Jirachi|Jirachi|100/100
|-damage|p1a: Jirachi|88/100|[from] Spikes
|switch|p2a: Fast enough?|Claydol|100/100
|
|-heal|p1a: Jirachi|94/100|[from] item: Leftovers
|upkeep
|turn|9
|c|+bp|this is pokemon how god intended
|
|t:|1729285560
|switch|p1a: Porygon2|Porygon2|100/100
|-damage|p1a: Porygon2|88/100|[from] Spikes
|-ability|p1a: Porygon2|Levitate|[from] ability: Trace|[of] p2a: Fast enough?
|switch|p2a: Mr. Cif|Tyranitar, M|100/100
|-weather|Sandstorm|[from] ability: Sand Stream|[of] p2a: Mr. Cif
|
|-weather|Sandstorm|[upkeep]
|-damage|p1a: Porygon2|82/100|[from] Sandstorm
|-heal|p1a: Porygon2|88/100|[from] item: Leftovers
|upkeep
|turn|10
|
|t:|1729285572
|move|p2a: Mr. Cif|Brick Break|p1a: Porygon2
|-supereffective|p1a: Porygon2
|-damage|p1a: Porygon2|55/100
|move|p1a: Porygon2|Hidden Power|p2a: Mr. Cif
|-supereffective|p2a: Mr. Cif
|-damage|p2a: Mr. Cif|40/100
|
|-weather|Sandstorm|[upkeep]
|-damage|p1a: Porygon2|49/100|[from] Sandstorm
|-heal|p1a: Porygon2|55/100|[from] item: Leftovers
|upkeep
|turn|11
|
|t:|1729285595
|switch|p2a: Harold|Skarmory, F|100/100
|move|p1a: Porygon2|Recover|p1a: Porygon2
|-heal|p1a: Porygon2|100/100
|
|-weather|Sandstorm|[upkeep]
|-damage|p1a: Porygon2|94/100|[from] Sandstorm
|-heal|p1a: Porygon2|100/100|[from] item: Leftovers
|upkeep
|turn|12
|
|t:|1729285601
|switch|p1a: Metagross|Metagross|34/100 slp
|-damage|p1a: Metagross|22/100 slp|[from] Spikes
|move|p2a: Harold|Spikes|p1a: Metagross
|-sidestart|p1: diegoyuhhi|Spikes
|
|-weather|Sandstorm|[upkeep]
|upkeep
|turn|13
|
|t:|1729285604
|move|p2a: Harold|Protect|p2a: Harold
|-singleturn|p2a: Harold|Protect
|cant|p1a: Metagross|slp
|
|-weather|Sandstorm|[upkeep]
|upkeep
|turn|14
|
|t:|1729285611
|cant|p1a: Metagross|slp
|move|p2a: Harold|Spikes|p1a: Metagross
|-sidestart|p1: diegoyuhhi|Spikes
|
|-weather|Sandstorm|[upkeep]
|upkeep
|turn|15
|
|t:|1729285619
|move|p2a: Harold|Protect|p2a: Harold
|-singleturn|p2a: Harold|Protect
|cant|p1a: Metagross|slp
|
|-weather|Sandstorm|[upkeep]
|upkeep
|turn|16
|c|+OranBerryBlissey10|I sleep
|
|t:|1729285635
|switch|p2a: Mr. Cif|Tyranitar, M|40/100
|-curestatus|p1a: Metagross|slp|[msg]
|move|p1a: Metagross|Explosion|p2a: Mr. Cif
|-resisted|p2a: Mr. Cif
|-damage|p2a: Mr. Cif|0 fnt
|faint|p1a: Metagross
|faint|p2a: Mr. Cif
|
|t:|1729285657
|switch|p2a: Fast enough?|Claydol|100/100
|switch|p1a: Jirachi|Jirachi|94/100
|-damage|p1a: Jirachi|69/100|[from] Spikes
|
|-weather|Sandstorm|[upkeep]
|-heal|p1a: Jirachi|75/100|[from] item: Leftovers
|upkeep
|turn|17
|
|t:|1729285667
|move|p1a: Jirachi|Fire Punch|p2a: Fast enough?
|-damage|p2a: Fast enough?|83/100
|move|p2a: Fast enough?|Earthquake|p1a: Jirachi
|-supereffective|p1a: Jirachi
|-damage|p1a: Jirachi|10/100
|
|-weather|Sandstorm|[upkeep]
|-heal|p1a: Jirachi|16/100|[from] item: Leftovers
|-heal|p2a: Fast enough?|89/100|[from] item: Leftovers
|upkeep
|turn|18
|
|t:|1729285678
|switch|p2a: Harold|Skarmory, F|100/100
|move|p1a: Jirachi|Fire Punch|p2a: Harold
|-supereffective|p2a: Harold
|-damage|p2a: Harold|65/100
|
|-weather|Sandstorm|[upkeep]
|-heal|p1a: Jirachi|23/100|[from] item: Leftovers
|-heal|p2a: Harold|71/100|[from] item: Leftovers
|upkeep
|turn|19
|
|t:|1729285685
|move|p1a: Jirachi|Fire Punch|p2a: Harold
|-supereffective|p2a: Harold
|-damage|p2a: Harold|33/100
|move|p2a: Harold|Roar|p1a: Jirachi
|drag|p1a: Raikou|Raikou|100/100
|-damage|p1a: Raikou|76/100|[from] Spikes
|
|-weather|Sandstorm|[upkeep]
|-damage|p1a: Raikou|69/100|[from] Sandstorm
|-heal|p1a: Raikou|76/100|[from] item: Leftovers
|-heal|p2a: Harold|39/100|[from] item: Leftovers
|upkeep
|turn|20
|
|t:|1729285692
|move|p1a: Raikou|Thunderbolt|p2a: Harold
|-supereffective|p2a: Harold
|-damage|p2a: Harold|0 fnt
|faint|p2a: Harold
|
|t:|1729285696
|switch|p2a: Blisy|Blissey, F|100/100
|
|-weather|Sandstorm|[upkeep]
|-damage|p1a: Raikou|69/100|[from] Sandstorm
|-damage|p2a: Blisy|94/100|[from] Sandstorm
|-heal|p1a: Raikou|76/100|[from] item: Leftovers
|-heal|p2a: Blisy|100/100|[from] item: Leftovers
|upkeep
|turn|21
|
|t:|1729285705
|switch|p1a: Jirachi|Jirachi|23/100
|-damage|p1a: Jirachi|0 fnt|[from] Spikes
|faint|p1a: Jirachi
|
|t:|1729285719
|switch|p1a: Porygon2|Porygon2|100/100
|-damage|p1a: Porygon2|76/100|[from] Spikes
|-ability|p1a: Porygon2|Natural Cure|[from] ability: Trace|[of] p2a: Blisy
|
|-weather|Sandstorm|[upkeep]
|-damage|p2a: Blisy|94/100|[from] Sandstorm
|-damage|p1a: Porygon2|69/100|[from] Sandstorm
|-heal|p2a: Blisy|100/100|[from] item: Leftovers
|-heal|p1a: Porygon2|76/100|[from] item: Leftovers
|upkeep
|turn|22
|
|t:|1729285734
|move|p2a: Blisy|Ice Beam|p1a: Porygon2
|-damage|p1a: Porygon2|51/100
|move|p1a: Porygon2|Toxic|p2a: Blisy
|-status|p2a: Blisy|tox
|
|-weather|Sandstorm|[upkeep]
|-damage|p2a: Blisy|94/100 tox|[from] Sandstorm
|-damage|p1a: Porygon2|44/100|[from] Sandstorm
|-heal|p2a: Blisy|100/100 tox|[from] item: Leftovers
|-damage|p2a: Blisy|94/100 tox|[from] psn
|-heal|p1a: Porygon2|51/100|[from] item: Leftovers
|upkeep
|turn|23
|
|t:|1729285741
|-curestatus|p2a: Blisy|tox|[from] ability: Natural Cure
|switch|p2a: Razzberry Beret|Breloom, M, shiny|78/100
|move|p1a: Porygon2|Recover|p1a: Porygon2
|-heal|p1a: Porygon2|100/100
|
|-weather|Sandstorm|[upkeep]
|-damage|p2a: Razzberry Beret|71/100|[from] Sandstorm
|-damage|p1a: Porygon2|94/100|[from] Sandstorm
|-heal|p2a: Razzberry Beret|78/100|[from] item: Leftovers
|-heal|p1a: Porygon2|100/100|[from] item: Leftovers
|upkeep
|turn|24
|
|t:|1729285752
|switch|p1a: Raikou|Raikou|76/100
|-damage|p1a: Raikou|51/100|[from] Spikes
|move|p2a: Razzberry Beret|Spore|p1a: Raikou
|-status|p1a: Raikou|slp|[from] move: Spore
|
|-weather|Sandstorm|[upkeep]
|-damage|p1a: Raikou|45/100 slp|[from] Sandstorm
|-damage|p2a: Razzberry Beret|71/100|[from] Sandstorm
|-heal|p1a: Raikou|51/100 slp|[from] item: Leftovers
|-heal|p2a: Razzberry Beret|78/100|[from] item: Leftovers
|upkeep
|turn|25
|
|t:|1729285759
|-singleturn|p2a: Razzberry Beret|move: Focus Punch
|switch|p1a: Celebi|Celebi|78/100
|-damage|p1a: Celebi|53/100|[from] Spikes
|move|p2a: Razzberry Beret|Focus Punch|p1a: Celebi
|-resisted|p1a: Celebi
|-damage|p1a: Celebi|15/100
|
|-weather|Sandstorm|[upkeep]
|-damage|p1a: Celebi|9/100|[from] Sandstorm
|-damage|p2a: Razzberry Beret|71/100|[from] Sandstorm
|-heal|p1a: Celebi|15/100|[from] item: Leftovers
|-heal|p2a: Razzberry Beret|78/100|[from] item: Leftovers
|upkeep
|turn|26
|
|t:|1729285767
|move|p1a: Celebi|Psychic|p2a: Razzberry Beret
|-supereffective|p2a: Razzberry Beret
|-damage|p2a: Razzberry Beret|0 fnt
|faint|p2a: Razzberry Beret
|
|t:|1729285775
|switch|p2a: Blisy|Blissey, F|94/100
|
|-weather|Sandstorm|[upkeep]
|-damage|p1a: Celebi|9/100|[from] Sandstorm
|-damage|p2a: Blisy|88/100|[from] Sandstorm
|-heal|p1a: Celebi|15/100|[from] item: Leftovers
|-heal|p2a: Blisy|94/100|[from] item: Leftovers
|upkeep
|turn|27
|
|t:|1729285779
|move|p1a: Celebi|Psychic|p2a: Blisy
|-damage|p2a: Blisy|79/100
|move|p2a: Blisy|Ice Beam|p1a: Celebi
|-supereffective|p1a: Celebi
|-crit|p1a: Celebi
|-damage|p1a: Celebi|0 fnt
|faint|p1a: Celebi
|
|t:|1729285788
|switch|p1a: Porygon2|Porygon2|100/100
|-damage|p1a: Porygon2|76/100|[from] Spikes
|-ability|p1a: Porygon2|Natural Cure|[from] ability: Trace|[of] p2a: Blisy
|
|-weather|Sandstorm|[upkeep]
|-damage|p2a: Blisy|73/100|[from] Sandstorm
|-damage|p1a: Porygon2|69/100|[from] Sandstorm
|-heal|p2a: Blisy|79/100|[from] item: Leftovers
|-heal|p1a: Porygon2|76/100|[from] item: Leftovers
|upkeep
|turn|28
|
|t:|1729285792
|move|p2a: Blisy|Thunder Wave|p1a: Porygon2
|-status|p1a: Porygon2|par
|move|p1a: Porygon2|Toxic|p2a: Blisy
|-status|p2a: Blisy|tox
|
|-weather|Sandstorm|[upkeep]
|-damage|p2a: Blisy|73/100 tox|[from] Sandstorm
|-damage|p1a: Porygon2|69/100 par|[from] Sandstorm
|-heal|p2a: Blisy|79/100 tox|[from] item: Leftovers
|-damage|p2a: Blisy|73/100 tox|[from] psn
|-heal|p1a: Porygon2|76/100 par|[from] item: Leftovers
|upkeep
|turn|29
|
|t:|1729285799
|-curestatus|p2a: Blisy|tox|[from] ability: Natural Cure
|switch|p2a: Fast enough?|Claydol|89/100
|cant|p1a: Porygon2|par
|
|-weather|Sandstorm|[upkeep]
|-damage|p1a: Porygon2|69/100 par|[from] Sandstorm
|-heal|p2a: Fast enough?|95/100|[from] item: Leftovers
|-heal|p1a: Porygon2|76/100 par|[from] item: Leftovers
|upkeep
|turn|30
|
|t:|1729285810
|move|p2a: Fast enough?|Earthquake|p1a: Porygon2
|-damage|p1a: Porygon2|50/100 par
|move|p1a: Porygon2|Toxic|p2a: Fast enough?
|-status|p2a: Fast enough?|tox
|
|-weather|Sandstorm|[upkeep]
|-damage|p1a: Porygon2|43/100 par|[from] Sandstorm
|-heal|p2a: Fast enough?|100/100 tox|[from] item: Leftovers
|-damage|p2a: Fast enough?|94/100 tox|[from] psn
|-heal|p1a: Porygon2|50/100 par|[from] item: Leftovers
|upkeep
|turn|31
|
|t:|1729285815
|move|p2a: Fast enough?|Explosion|p1a: Porygon2
|-damage|p1a: Porygon2|0 fnt
|faint|p2a: Fast enough?
|faint|p1a: Porygon2
|
|t:|1729285821
|switch|p2a: Zabqos|Zapdos|100/100
|switch|p1a: Suicune|Suicune|100/100
|-damage|p1a: Suicune|75/100|[from] Spikes
|
|-weather|Sandstorm|[upkeep]
|-damage|p2a: Zabqos|94/100|[from] Sandstorm
|-damage|p1a: Suicune|69/100|[from] Sandstorm
|-heal|p2a: Zabqos|100/100|[from] item: Leftovers
|-heal|p1a: Suicune|75/100|[from] item: Leftovers
|upkeep
|turn|32
|c|☆diegoyuhhi|gg
|
|t:|1729285827
|move|p2a: Zabqos|Thunderbolt|p1a: Suicune
|-supereffective|p1a: Suicune
|-damage|p1a: Suicune|0 fnt
|faint|p1a: Suicune
|
|t:|1729285829
|switch|p1a: Raikou|Raikou|51/100 slp
|-damage|p1a: Raikou|26/100 slp|[from] Spikes
|
|-weather|Sandstorm|[upkeep]
|-damage|p1a: Raikou|20/100 slp|[from] Sandstorm
|-damage|p2a: Zabqos|94/100|[from] Sandstorm
|-heal|p1a: Raikou|26/100 slp|[from] item: Leftovers
|-heal|p2a: Zabqos|100/100|[from] item: Leftovers
|upkeep
|turn|33
|
|t:|1729285835
|cant|p1a: Raikou|slp
|move|p2a: Zabqos|Thunderbolt|p1a: Raikou
|-resisted|p1a: Raikou
|-damage|p1a: Raikou|1/100 slp
|
|-weather|Sandstorm|[upkeep]
|-damage|p1a: Raikou|0 fnt|[from] Sandstorm
|-damage|p2a: Zabqos|94/100|[from] Sandstorm
|faint|p1a: Raikou
|
|win|incognidoqueen
|upkeep
|c|☆incognidoqueen|Gg
|player|p1|

</script>
<script type="application/json" class="data" id="replaydata-smogtours-gen3ou-799700">
{"id":"smogtours-gen3ou-799700","format":"[Gen 3] OU","players":["diegoyuhhi","incognidoqueen"],"uploadtime":1729285835,"views":98,"formatid":"gen3ou","rating":null,"private":0,"password":null}
</script>

<script defer src="js/replays.js?9d40a366"></script>
