<!DOCTYPE html>
<meta charset="utf-8" />
<meta name="viewport" content="width=device-width" />

<title>[Gen 3] OU: almarkowbender vs. Hummusfan - Replays - Pok&eacute;mon Showdown!</title>

<meta name="description" content="Watch a replay of a Pok&eacute;mon battle between almarkowbender and Hummusfan! Format: [Gen 3] OU; Date: Oct 11, 2024" />
<!--

Hey, you! Looking in the source for the replay log?

You can find them in JSON format, just add `.json` at the end of a replay URL.

https://replay.pokemonshowdown.com/gen7randomdoublesbattle-865046831.json

Or, if you only need the log itself, add `.log` instead:

https://replay.pokemonshowdown.com/gen7randomdoublesbattle-865046831.log

-->

<link rel="stylesheet" href="//pokemonshowdown.com/style/global.css?0.023195364461161105" />
<link rel="stylesheet" href="//play.pokemonshowdown.com/style/font-awesome.css?0.13261647063804238" />
<link rel="stylesheet" href="//play.pokemonshowdown.com/style/battle.css?0.8753245789963631" />
<link rel="stylesheet" href="//play.pokemonshowdown.com/style/utilichart.css?0.8627959624976733" />

<!-- Global site tag (gtag.js) - Google Analytics -->
<script async src="https://www.googletagmanager.com/gtag/js?id=UA-26211653-1"></script>
<script>
  window.dataLayer = window.dataLayer || [];
  function gtag(){dataLayer.push(arguments);}
  gtag('js', new Date());

  gtag('config', 'UA-26211653-1');
</script>
<!-- End Google Analytics -->
<!-- Venatus Ad Manager - Install in <HEAD> of page -->
	<script src="https://hb.vntsm.com/v3/live/ad-manager.min.js" type="text/javascript" data-site-id="642aba63ec9a7b11c3c9c1be" data-mode="scan" async></script>
<!-- / Venatus Ad Manager -->

<style>
	@media (max-width:820px) {
		.battle {
			margin: 0 auto;
		}
		.battle-log {
			margin: 7px auto 0;
			max-width: 640px;
			height: 300px;
			position: static;
		}
	}
	.optgroup {
		display: inline-block;
		line-height: 22px;
		font-size: 10pt;
	}
	.optgroup .button {
		height: 25px;
		padding-top: 0;
		padding-bottom: 0;
	}
	.optgroup button.button {
		padding-left: 12px;
		padding-right: 12px;
	}
	.linklist {
		list-style: none;
		margin: 0.5em 0;
		padding: 0;
	}
	.linklist li {
		padding: 2px 0;
	}
	.sidebar {
		float: left;
		width: 320px;
	}
	.bar-wrapper {
		max-width: 1100px;
		margin: 0 auto;
	}
	.bar-wrapper.has-sidebar {
		max-width: 1430px;
	}
	.mainbar {
		margin: 0;
		padding-right: 1px;
	}
	.mainbar.has-sidebar {
		margin-left: 330px;
	}
	@media (min-width: 1511px) {
		.sidebar {
			width: 400px;
		}
		.bar-wrapper.has-sidebar {
			max-width: 1510px;
		}
		.mainbar.has-sidebar {
			margin-left: 410px;
		}
	}
	.section.first-section {
		margin-top: 9px;
	}
	.blocklink small {
		white-space: normal;
	}
	.button {
		vertical-align: middle;
	}
	.replay-controls {
		padding-top: 10px;
	}
	.replay-controls h1 {
		font-size: 16pt;
		font-weight: normal;
		color: #CCC;
	}
	.pagelink {
		text-align: center;
	}
	.pagelink a {
		width: 150px;
	}
	.textbox, .button {
		font-size: 11pt;
		vertical-align: middle;
	}
	@media (max-width: 450px) {
		.button {
			font-size: 9pt;
		}
	}
</style>

<div>

	<header>
		<div class="nav-wrapper"><ul class="nav">
			<li><a class="button nav-first" href="//pokemonshowdown.com/"><img src="//pokemonshowdown.com/images/pokemonshowdownbeta.png" srcset="//pokemonshowdown.com/images/pokemonshowdownbeta.png 1x, //pokemonshowdown.com/images/pokemonshowdownbeta@2x.png 2x" alt="Pok&eacute;mon Showdown" width="146" height="44" /> Home</a></li>
			<li><a class="button" href="//pokemonshowdown.com/dex/">Pok&eacute;dex</a></li>
			<li><a class="button cur" href="/">Replays</a></li>
			<li><a class="button" href="//pokemonshowdown.com/ladder/">Ladder</a></li>
			<li><a class="button nav-last" href="//pokemonshowdown.com/forums/">Forum</a></li>
			<li><a class="button greenbutton nav-first nav-last" href="//play.pokemonshowdown.com/">Play</a></li>
		</ul></div>
	</header>

	<div class="main" id="main">

		<noscript><section class="section">You need to enable JavaScript to use this page; sorry!</section></noscript>

	</div>

</div>

<script defer nomodule src="//play.pokemonshowdown.com/js/lib/ps-polyfill.js"></script>
<script defer src="//play.pokemonshowdown.com/js/lib/preact.min.js"></script>

<script defer src="//play.pokemonshowdown.com/config/config.js?2bddbc15"></script>
<script defer src="//play.pokemonshowdown.com/js/lib/jquery-1.11.0.min.js"></script>
<script defer src="//play.pokemonshowdown.com/js/lib/html-sanitizer-minified.js"></script>
<script defer src="//play.pokemonshowdown.com/js/battle-sound.js"></script>
<script defer src="//play.pokemonshowdown.com/js/battledata.js?0.7209276989879541"></script>
<script defer src="//play.pokemonshowdown.com/data/pokedex-mini.js?0.6111056340867951"></script>
<script defer src="//play.pokemonshowdown.com/data/pokedex-mini-bw.js?0.3532142036491459"></script>
<script defer src="//play.pokemonshowdown.com/data/graphics.js?0.24223875632456182"></script>
<script defer src="//play.pokemonshowdown.com/data/pokedex.js?0.38839984266356864"></script>
<script defer src="//play.pokemonshowdown.com/data/moves.js?0.21866028504024015"></script>
<script defer src="//play.pokemonshowdown.com/data/abilities.js?0.2005157953846628"></script>
<script defer src="//play.pokemonshowdown.com/data/items.js?0.9894211263848525"></script>
<script defer src="//play.pokemonshowdown.com/data/teambuilder-tables.js?0.6008791140282215"></script>
<script defer src="//play.pokemonshowdown.com/js/battle-tooltips.js?0.7580118955022959"></script>
<script defer src="//play.pokemonshowdown.com/js/battle.js?0.6057722274234274"></script>

<script defer src="js/utils.js?e31f9a17"></script>
<script defer src="js/replays-battle.js?7008c182"></script>

<!-- don't scrape this data! just add .json or .log after the URL!
Full API docs: https://github.com/smogon/pokemon-showdown-client/blob/master/WEB-API.md -->
<script type="text/plain" class="log" id="replaylog-smogtours-gen3ou-797282">
|inactive|Battle timer is ON: inactive players will automatically lose when time's up.
|t:|1728680138
|gametype|singles
|player|p1|almarkowbender|102|
|player|p2|Hummusfan|266|
|teamsize|p1|6
|teamsize|p2|6
|gen|3
|tier|[Gen 3] OU
|rule|Sleep Clause Mod: Limit one foe put to sleep
|rule|Switch Priority Clause Mod: Faster Pokémon switch first
|rule|Species Clause: Limit one of each Pokémon
|rule|OHKO Clause: OHKO moves are banned
|rule|Evasion Items Clause: Evasion items are banned
|rule|Evasion Moves Clause: Evasion moves are banned
|rule|Endless Battle Clause: Forcing endless battles is banned
|rule|HP Percentage Mod: HP is shown in percentages
|rule|One Boost Passer Clause: Limit one Baton Passer that has a way to boost its stats
|rule|Freeze Clause Mod: Limit one foe frozen
|
|t:|1728680138
|start
|switch|p1a: Computer|Metagross|100/100
|switch|p2a: Dagon Drance|Salamence, F|100/100
|-ability|p2a: Dagon Drance|Intimidate|boost
|-fail|p1a: Computer|unboost|[from] ability: Clear Body|[of] p1a: Computer
|turn|1
|
|t:|1728680163
|switch|p2a: Pice Unch|Jirachi|100/100
|move|p1a: Computer|Meteor Mash|p2a: Pice Unch
|-resisted|p2a: Pice Unch
|-damage|p2a: Pice Unch|78/100
|-boost|p1a: Computer|atk|1
|
|-heal|p2a: Pice Unch|84/100|[from] item: Leftovers
|upkeep
|turn|2
|
|t:|1728680178
|move|p1a: Computer|Meteor Mash|p2a: Pice Unch
|-resisted|p2a: Pice Unch
|-damage|p2a: Pice Unch|45/100
|move|p2a: Pice Unch|Thunder|p1a: Computer
|-damage|p1a: Computer|68/100
|
|-heal|p2a: Pice Unch|51/100|[from] item: Leftovers
|upkeep
|turn|3
|
|t:|1728680187
|move|p1a: Computer|Meteor Mash|p2a: Pice Unch
|-resisted|p2a: Pice Unch
|-damage|p2a: Pice Unch|12/100
|move|p2a: Pice Unch|Wish|p2a: Pice Unch
|
|-heal|p2a: Pice Unch|18/100|[from] item: Leftovers
|upkeep
|turn|4
|
|t:|1728680192
|move|p2a: Pice Unch|Protect|p2a: Pice Unch
|-singleturn|p2a: Pice Unch|Protect
|move|p1a: Computer|Meteor Mash|p2a: Pice Unch
|-activate|p2a: Pice Unch|Protect
|
|-heal|p2a: Pice Unch|68/100|[from] move: Wish|[wisher] Pice Unch
|-heal|p2a: Pice Unch|74/100|[from] item: Leftovers
|upkeep
|turn|5
|
|t:|1728680196
|move|p1a: Computer|Meteor Mash|p2a: Pice Unch|[miss]
|-miss|p1a: Computer|p2a: Pice Unch
|move|p2a: Pice Unch|Thunder|p1a: Computer|[miss]
|-miss|p2a: Pice Unch|p1a: Computer
|
|-heal|p2a: Pice Unch|81/100|[from] item: Leftovers
|upkeep
|turn|6
|
|t:|1728680200
|move|p1a: Computer|Meteor Mash|p2a: Pice Unch
|-resisted|p2a: Pice Unch
|-damage|p2a: Pice Unch|45/100
|move|p2a: Pice Unch|Thunder|p1a: Computer
|-damage|p1a: Computer|34/100
|
|-heal|p2a: Pice Unch|51/100|[from] item: Leftovers
|upkeep
|turn|7
|
|t:|1728680209
|move|p1a: Computer|Meteor Mash|p2a: Pice Unch|[miss]
|-miss|p1a: Computer|p2a: Pice Unch
|move|p2a: Pice Unch|Thunder|p1a: Computer
|-damage|p1a: Computer|1/100
|
|-heal|p2a: Pice Unch|57/100|[from] item: Leftovers
|upkeep
|turn|8
|
|t:|1728680217
|move|p2a: Pice Unch|Protect|p2a: Pice Unch
|-singleturn|p2a: Pice Unch|Protect
|move|p1a: Computer|Meteor Mash|p2a: Pice Unch
|-activate|p2a: Pice Unch|Protect
|
|-heal|p2a: Pice Unch|63/100|[from] item: Leftovers
|upkeep
|turn|9
|
|t:|1728680221
|move|p1a: Computer|Meteor Mash|p2a: Pice Unch|[miss]
|-miss|p1a: Computer|p2a: Pice Unch
|move|p2a: Pice Unch|Thunder|p1a: Computer
|-damage|p1a: Computer|0 fnt
|faint|p1a: Computer
|
|t:|1728680225
|switch|p1a: Superconductor|Magneton|100/100
|
|-heal|p2a: Pice Unch|69/100|[from] item: Leftovers
|upkeep
|turn|10
|
|t:|1728680230
|move|p2a: Pice Unch|Protect|p2a: Pice Unch
|-singleturn|p2a: Pice Unch|Protect
|move|p1a: Superconductor|Thunderbolt|p2a: Pice Unch
|-activate|p2a: Pice Unch|Protect
|
|-heal|p2a: Pice Unch|76/100|[from] item: Leftovers
|upkeep
|turn|11
|
|t:|1728680233
|move|p1a: Superconductor|Thunderbolt|p2a: Pice Unch
|-damage|p2a: Pice Unch|37/100
|move|p2a: Pice Unch|Wish|p2a: Pice Unch
|
|-heal|p2a: Pice Unch|44/100|[from] item: Leftovers
|upkeep
|turn|12
|
|t:|1728680241
|move|p1a: Superconductor|Substitute|p1a: Superconductor
|-start|p1a: Superconductor|Substitute
|-damage|p1a: Superconductor|76/100
|move|p2a: Pice Unch|Thunder|p1a: Superconductor
|-resisted|p1a: Superconductor
|-activate|p1a: Superconductor|Substitute|[damage]
|
|-heal|p2a: Pice Unch|94/100|[from] move: Wish|[wisher] Pice Unch
|-heal|p2a: Pice Unch|99/100|[from] item: Leftovers
|upkeep
|turn|13
|
|t:|1728680250
|move|p1a: Superconductor|Thunderbolt|p2a: Pice Unch
|-damage|p2a: Pice Unch|60/100
|move|p2a: Pice Unch|Thunder|p1a: Superconductor
|-resisted|p1a: Superconductor
|-end|p1a: Superconductor|Substitute
|
|-heal|p2a: Pice Unch|66/100|[from] item: Leftovers
|upkeep
|turn|14
|
|t:|1728680258
|move|p1a: Superconductor|Substitute|p1a: Superconductor
|-start|p1a: Superconductor|Substitute
|-damage|p1a: Superconductor|51/100
|move|p2a: Pice Unch|Thunder|p1a: Superconductor
|-resisted|p1a: Superconductor
|-activate|p1a: Superconductor|Substitute|[damage]
|
|-heal|p2a: Pice Unch|72/100|[from] item: Leftovers
|upkeep
|turn|15
|
|t:|1728680262
|move|p1a: Superconductor|Thunderbolt|p2a: Pice Unch
|-damage|p2a: Pice Unch|33/100
|move|p2a: Pice Unch|Thunder|p1a: Superconductor
|-resisted|p1a: Superconductor
|-crit|p1a: Superconductor
|-end|p1a: Superconductor|Substitute
|
|-heal|p2a: Pice Unch|39/100|[from] item: Leftovers
|upkeep
|turn|16
|
|t:|1728680275
|move|p2a: Pice Unch|Protect|p2a: Pice Unch
|-singleturn|p2a: Pice Unch|Protect
|move|p1a: Superconductor|Thunderbolt|p2a: Pice Unch
|-activate|p2a: Pice Unch|Protect
|
|-heal|p2a: Pice Unch|45/100|[from] item: Leftovers
|upkeep
|turn|17
|
|t:|1728680280
|move|p1a: Superconductor|Thunderbolt|p2a: Pice Unch
|-damage|p2a: Pice Unch|9/100
|move|p2a: Pice Unch|Wish|p2a: Pice Unch
|
|-heal|p2a: Pice Unch|15/100|[from] item: Leftovers
|upkeep
|turn|18
|
|t:|1728680284
|move|p2a: Pice Unch|Protect|p2a: Pice Unch
|-singleturn|p2a: Pice Unch|Protect
|move|p1a: Superconductor|Substitute|p1a: Superconductor
|-start|p1a: Superconductor|Substitute
|-damage|p1a: Superconductor|26/100
|
|-heal|p2a: Pice Unch|65/100|[from] move: Wish|[wisher] Pice Unch
|-heal|p2a: Pice Unch|71/100|[from] item: Leftovers
|upkeep
|turn|19
|
|t:|1728680290
|move|p1a: Superconductor|Thunderbolt|p2a: Pice Unch
|-damage|p2a: Pice Unch|34/100
|move|p2a: Pice Unch|Wish|p2a: Pice Unch
|
|-heal|p2a: Pice Unch|40/100|[from] item: Leftovers
|upkeep
|turn|20
|
|t:|1728680297
|move|p2a: Pice Unch|Protect|p2a: Pice Unch
|-singleturn|p2a: Pice Unch|Protect
|move|p1a: Superconductor|Thunderbolt|p2a: Pice Unch
|-activate|p2a: Pice Unch|Protect
|
|-heal|p2a: Pice Unch|90/100|[from] move: Wish|[wisher] Pice Unch
|-heal|p2a: Pice Unch|96/100|[from] item: Leftovers
|upkeep
|turn|21
|
|t:|1728680301
|move|p1a: Superconductor|Thunderbolt|p2a: Pice Unch
|-damage|p2a: Pice Unch|57/100
|move|p2a: Pice Unch|Wish|p2a: Pice Unch
|
|-heal|p2a: Pice Unch|63/100|[from] item: Leftovers
|upkeep
|turn|22
|
|t:|1728680306
|move|p1a: Superconductor|Hidden Power|p2a: Pice Unch
|-resisted|p2a: Pice Unch
|-damage|p2a: Pice Unch|54/100
|move|p2a: Pice Unch|Thunder|p1a: Superconductor
|-resisted|p1a: Superconductor
|-activate|p1a: Superconductor|Substitute|[damage]
|
|-heal|p2a: Pice Unch|100/100|[from] move: Wish|[wisher] Pice Unch
|upkeep
|turn|23
|
|t:|1728680314
|move|p1a: Superconductor|Thunderbolt|p2a: Pice Unch
|-damage|p2a: Pice Unch|62/100
|move|p2a: Pice Unch|Wish|p2a: Pice Unch
|
|-heal|p2a: Pice Unch|68/100|[from] item: Leftovers
|upkeep
|turn|24
|
|t:|1728680318
|move|p1a: Superconductor|Hidden Power|p2a: Pice Unch
|-resisted|p2a: Pice Unch
|-damage|p2a: Pice Unch|58/100
|move|p2a: Pice Unch|Thunder|p1a: Superconductor
|-resisted|p1a: Superconductor
|-end|p1a: Superconductor|Substitute
|
|-heal|p2a: Pice Unch|100/100|[from] move: Wish|[wisher] Pice Unch
|upkeep
|turn|25
|
|t:|1728680326
|move|p1a: Superconductor|Substitute|p1a: Superconductor
|-start|p1a: Superconductor|Substitute
|-damage|p1a: Superconductor|1/100
|move|p2a: Pice Unch|Wish|p2a: Pice Unch
|
|-enditem|p1a: Superconductor|Salac Berry|[eat]
|-boost|p1a: Superconductor|spe|1|[from] item: Salac Berry
|upkeep
|turn|26
|
|t:|1728680330
|move|p1a: Superconductor|Thunderbolt|p2a: Pice Unch
|-damage|p2a: Pice Unch|64/100
|move|p2a: Pice Unch|Thunder|p1a: Superconductor
|-resisted|p1a: Superconductor
|-end|p1a: Superconductor|Substitute
|
|-heal|p2a: Pice Unch|100/100|[from] move: Wish|[wisher] Pice Unch
|upkeep
|turn|27
|
|t:|1728680340
|move|p1a: Superconductor|Thunderbolt|p2a: Pice Unch
|-damage|p2a: Pice Unch|61/100
|move|p2a: Pice Unch|Thunder|p1a: Superconductor
|-resisted|p1a: Superconductor
|-damage|p1a: Superconductor|0 fnt
|faint|p1a: Superconductor
|
|t:|1728680344
|switch|p1a: Celebi|Celebi|100/100
|
|-heal|p2a: Pice Unch|67/100|[from] item: Leftovers
|upkeep
|turn|28
|inactive|Hummusfan has 270 seconds left.
|
|t:|1728680386
|switch|p2a: Dagon Drance|Salamence, F|100/100
|-ability|p2a: Dagon Drance|Intimidate|boost
|-unboost|p1a: Celebi|atk|1
|move|p1a: Celebi|Substitute|p1a: Celebi
|-start|p1a: Celebi|Substitute
|-damage|p1a: Celebi|75/100
|
|-heal|p1a: Celebi|82/100|[from] item: Leftovers
|upkeep
|turn|29
|
|t:|1728680406
|switch|p2a: Pocus Funch|Hariyama, F|100/100
|move|p1a: Celebi|Leech Seed|p2a: Pocus Funch
|-start|p2a: Pocus Funch|move: Leech Seed
|
|-heal|p1a: Celebi|88/100|[from] item: Leftovers
|-damage|p2a: Pocus Funch|88/100|[from] Leech Seed|[of] p1a: Celebi
|-heal|p1a: Celebi|100/100|[silent]
|upkeep
|turn|30
|
|t:|1728680413
|move|p1a: Celebi|Psychic|p2a: Pocus Funch
|-supereffective|p2a: Pocus Funch
|-damage|p2a: Pocus Funch|33/100
|move|p2a: Pocus Funch|Hidden Power|p1a: Celebi
|-supereffective|p1a: Celebi
|-end|p1a: Celebi|Substitute
|
|-heal|p2a: Pocus Funch|39/100|[from] item: Leftovers
|-damage|p2a: Pocus Funch|27/100|[from] Leech Seed|[of] p1a: Celebi
|upkeep
|turn|31
|
|t:|1728680440
|switch|p2a: Pice Unch|Jirachi|67/100
|move|p1a: Celebi|Psychic|p2a: Pice Unch
|-resisted|p2a: Pice Unch
|-damage|p2a: Pice Unch|60/100
|
|-heal|p2a: Pice Unch|66/100|[from] item: Leftovers
|upkeep
|turn|32
|
|t:|1728680451
|move|p1a: Celebi|Substitute|p1a: Celebi
|-start|p1a: Celebi|Substitute
|-damage|p1a: Celebi|75/100
|move|p2a: Pice Unch|Toxic||[still]
|-fail|p2a: Pice Unch
|
|-heal|p1a: Celebi|82/100|[from] item: Leftovers
|-heal|p2a: Pice Unch|72/100|[from] item: Leftovers
|upkeep
|turn|33
|inactive|Hummusfan has 240 seconds left.
|
|t:|1728680466
|switch|p2a: Dagon Drance|Salamence, F|100/100
|move|p1a: Celebi|Leech Seed|p2a: Dagon Drance
|-start|p2a: Dagon Drance|move: Leech Seed
|
|-heal|p1a: Celebi|88/100|[from] item: Leftovers
|-damage|p2a: Dagon Drance|88/100|[from] Leech Seed|[of] p1a: Celebi
|-heal|p1a: Celebi|98/100|[silent]
|upkeep
|turn|34
|
|t:|1728680478
|move|p2a: Dagon Drance|Hidden Power|p1a: Celebi
|-supereffective|p1a: Celebi
|-end|p1a: Celebi|Substitute
|move|p1a: Celebi|Baton Pass|p1a: Celebi
|
|t:|1728680482
|switch|p1a: Terror|Tyranitar, F|100/100|[from] Baton Pass
|-weather|Sandstorm|[from] ability: Sand Stream|[of] p1a: Terror
|
|-weather|Sandstorm|[upkeep]
|-damage|p2a: Dagon Drance|82/100|[from] Sandstorm
|-damage|p2a: Dagon Drance|70/100|[from] Leech Seed|[of] p1a: Terror
|upkeep
|turn|35
|inactive|Hummusfan has 240 seconds left.
|
|t:|1728680507
|switch|p2a: Plexosion|Claydol|100/100
|switch|p1a: Celebi|Celebi|98/100
|
|-weather|Sandstorm|[upkeep]
|-damage|p1a: Celebi|92/100|[from] Sandstorm
|-heal|p1a: Celebi|98/100|[from] item: Leftovers
|upkeep
|turn|36
|
|t:|1728680512
|move|p1a: Celebi|Substitute|p1a: Celebi
|-start|p1a: Celebi|Substitute
|-damage|p1a: Celebi|73/100
|move|p2a: Plexosion|Shadow Ball|p1a: Celebi
|-supereffective|p1a: Celebi
|-end|p1a: Celebi|Substitute
|
|-weather|Sandstorm|[upkeep]
|-damage|p1a: Celebi|67/100|[from] Sandstorm
|-heal|p1a: Celebi|73/100|[from] item: Leftovers
|upkeep
|turn|37
|
|t:|1728680521
|switch|p1a: Gyarados|Gyarados, M|100/100
|-ability|p1a: Gyarados|Intimidate|boost
|-unboost|p2a: Plexosion|atk|1
|move|p2a: Plexosion|Shadow Ball|p1a: Gyarados
|-damage|p1a: Gyarados|85/100
|
|-weather|Sandstorm|[upkeep]
|-damage|p1a: Gyarados|79/100|[from] Sandstorm
|-heal|p1a: Gyarados|85/100|[from] item: Leftovers
|upkeep
|turn|38
|
|t:|1728680535
|switch|p2a: Dagon Drance|Salamence, F|70/100
|-ability|p2a: Dagon Drance|Intimidate|boost
|-unboost|p1a: Gyarados|atk|1
|move|p1a: Gyarados|Dragon Dance|p1a: Gyarados
|-boost|p1a: Gyarados|atk|1
|-boost|p1a: Gyarados|spe|1
|
|-weather|Sandstorm|[upkeep]
|-damage|p1a: Gyarados|79/100|[from] Sandstorm
|-damage|p2a: Dagon Drance|64/100|[from] Sandstorm
|-heal|p1a: Gyarados|85/100|[from] item: Leftovers
|upkeep
|turn|39
|
|t:|1728680560
|move|p1a: Gyarados|Double-Edge|p2a: Dagon Drance
|-damage|p2a: Dagon Drance|13/100
|-damage|p1a: Gyarados|68/100|[from] Recoil|[of] p2a: Dagon Drance
|move|p2a: Dagon Drance|Rock Slide|p1a: Gyarados
|-supereffective|p1a: Gyarados
|-damage|p1a: Gyarados|0 fnt
|faint|p1a: Gyarados
|
|t:|1728680569
|switch|p1a: Terror|Tyranitar, F|100/100
|
|-weather|Sandstorm|[upkeep]
|-damage|p2a: Dagon Drance|7/100|[from] Sandstorm
|upkeep
|turn|40
|
|t:|1728680585
|switch|p2a: Plexosion|Claydol|100/100
|move|p1a: Terror|Dragon Dance|p1a: Terror
|-boost|p1a: Terror|atk|1
|-boost|p1a: Terror|spe|1
|
|-weather|Sandstorm|[upkeep]
|upkeep
|turn|41
|
|t:|1728680590
|move|p1a: Terror|Hidden Power|p2a: Plexosion
|-supereffective|p2a: Plexosion
|-damage|p2a: Plexosion|18/100
|move|p2a: Plexosion|Earthquake|p1a: Terror
|-supereffective|p1a: Terror
|-damage|p1a: Terror|15/100
|
|-weather|Sandstorm|[upkeep]
|-heal|p2a: Plexosion|24/100|[from] item: Leftovers
|upkeep
|turn|42
|
|t:|1728680599
|switch|p2a: Pice Unch|Jirachi|72/100
|move|p1a: Terror|Hidden Power|p2a: Pice Unch
|-damage|p2a: Pice Unch|49/100
|
|-weather|Sandstorm|[upkeep]
|-heal|p2a: Pice Unch|55/100|[from] item: Leftovers
|upkeep
|turn|43
|
|t:|1728680608
|switch|p2a: Dagon Drance|Salamence, F|7/100
|-ability|p2a: Dagon Drance|Intimidate|boost
|-unboost|p1a: Terror|atk|1
|move|p1a: Terror|Earthquake|p2a: Dagon Drance
|-immune|p2a: Dagon Drance
|
|-weather|Sandstorm|[upkeep]
|-damage|p2a: Dagon Drance|1/100|[from] Sandstorm
|upkeep
|turn|44
|inactive|Hummusfan has 270 seconds left.
|
|t:|1728680617
|move|p1a: Terror|Hidden Power|p2a: Dagon Drance
|-resisted|p2a: Dagon Drance
|-damage|p2a: Dagon Drance|0 fnt
|faint|p2a: Dagon Drance
|inactive|Hummusfan has 270 seconds left.
|
|t:|1728680628
|switch|p2a: Pice Unch|Jirachi|55/100
|
|-weather|Sandstorm|[upkeep]
|-heal|p2a: Pice Unch|62/100|[from] item: Leftovers
|upkeep
|turn|45
|inactive|Hummusfan has 270 seconds left.
|
|t:|1728680659
|move|p1a: Terror|Earthquake|p2a: Pice Unch
|-supereffective|p2a: Pice Unch
|-damage|p2a: Pice Unch|13/100
|move|p2a: Pice Unch|Toxic|p1a: Terror
|-status|p1a: Terror|tox
|-enditem|p1a: Terror|Lum Berry|[eat]
|-curestatus|p1a: Terror|tox|[msg]
|
|-weather|Sandstorm|[upkeep]
|-heal|p2a: Pice Unch|19/100|[from] item: Leftovers
|upkeep
|turn|46
|
|t:|1728680666
|move|p2a: Pice Unch|Protect|p2a: Pice Unch
|-singleturn|p2a: Pice Unch|Protect
|move|p1a: Terror|Earthquake|p2a: Pice Unch
|-activate|p2a: Pice Unch|Protect
|
|-weather|Sandstorm|[upkeep]
|-heal|p2a: Pice Unch|25/100|[from] item: Leftovers
|upkeep
|turn|47
|inactive|Hummusfan has 270 seconds left.
|
|t:|1728680673
|switch|p2a: Plexosion|Claydol|24/100
|move|p1a: Terror|Earthquake|p2a: Plexosion
|-immune|p2a: Plexosion
|
|-weather|Sandstorm|[upkeep]
|-heal|p2a: Plexosion|30/100|[from] item: Leftovers
|upkeep
|turn|48
|inactive|Hummusfan has 270 seconds left.
|
|t:|1728680686
|move|p1a: Terror|Hidden Power|p2a: Plexosion
|-supereffective|p2a: Plexosion
|-damage|p2a: Plexosion|0 fnt
|faint|p2a: Plexosion
|
|t:|1728680689
|switch|p2a: Dain Rance|Kingdra, F|100/100
|
|-weather|Sandstorm|[upkeep]
|-damage|p2a: Dain Rance|95/100|[from] Sandstorm
|-heal|p2a: Dain Rance|100/100|[from] item: Leftovers
|upkeep
|turn|49
|inactive|almarkowbender has 270 seconds left.
|
|t:|1728680722
|move|p1a: Terror|Rock Slide|p2a: Dain Rance
|-damage|p2a: Dain Rance|51/100
|cant|p2a: Dain Rance|flinch
|
|-weather|Sandstorm|[upkeep]
|-damage|p2a: Dain Rance|45/100|[from] Sandstorm
|-heal|p2a: Dain Rance|51/100|[from] item: Leftovers
|upkeep
|turn|50
|
|t:|1728680730
|move|p1a: Terror|Rock Slide|p2a: Dain Rance
|-damage|p2a: Dain Rance|1/100
|move|p2a: Dain Rance|Surf|p1a: Terror
|-supereffective|p1a: Terror
|-damage|p1a: Terror|0 fnt
|faint|p1a: Terror
|
|t:|1728680735
|switch|p1a: Celebi|Celebi|73/100
|
|-weather|Sandstorm|[upkeep]
|-damage|p1a: Celebi|67/100|[from] Sandstorm
|-damage|p2a: Dain Rance|0 fnt|[from] Sandstorm
|faint|p2a: Dain Rance
|-heal|p1a: Celebi|73/100|[from] item: Leftovers
|upkeep
|
|t:|1728680748
|switch|p2a: Pice Unch|Jirachi|25/100
|turn|51
|
|t:|1728680750
|move|p1a: Celebi|Substitute|p1a: Celebi
|-start|p1a: Celebi|Substitute
|-damage|p1a: Celebi|48/100
|move|p2a: Pice Unch|Wish|p2a: Pice Unch
|
|-weather|Sandstorm|[upkeep]
|-damage|p1a: Celebi|42/100|[from] Sandstorm
|-heal|p1a: Celebi|48/100|[from] item: Leftovers
|-heal|p2a: Pice Unch|32/100|[from] item: Leftovers
|upkeep
|turn|52
|
|t:|1728680761
|move|p1a: Celebi|Leech Seed|p2a: Pice Unch
|-start|p2a: Pice Unch|move: Leech Seed
|move|p2a: Pice Unch|Thunder|p1a: Celebi
|-resisted|p1a: Celebi
|-activate|p1a: Celebi|Substitute|[damage]
|
|-heal|p2a: Pice Unch|81/100|[from] move: Wish|[wisher] Pice Unch
|-weather|Sandstorm|[upkeep]
|-damage|p1a: Celebi|42/100|[from] Sandstorm
|-heal|p1a: Celebi|48/100|[from] item: Leftovers
|-heal|p2a: Pice Unch|88/100|[from] item: Leftovers
|-damage|p2a: Pice Unch|75/100|[from] Leech Seed|[of] p1a: Celebi
|-heal|p1a: Celebi|60/100|[silent]
|upkeep
|turn|53
|
|t:|1728680773
|switch|p2a: Boft-Soiled|Blissey, F|100/100
|move|p1a: Celebi|Psychic|p2a: Boft-Soiled
|-damage|p2a: Boft-Soiled|88/100
|
|-weather|Sandstorm|[upkeep]
|-damage|p1a: Celebi|54/100|[from] Sandstorm
|-damage|p2a: Boft-Soiled|82/100|[from] Sandstorm
|-heal|p1a: Celebi|60/100|[from] item: Leftovers
|-heal|p2a: Boft-Soiled|88/100|[from] item: Leftovers
|upkeep
|turn|54
|
|t:|1728680780
|switch|p2a: Pice Unch|Jirachi|75/100
|move|p1a: Celebi|Leech Seed|p2a: Pice Unch
|-start|p2a: Pice Unch|move: Leech Seed
|
|-weather|Sandstorm|[upkeep]
|-damage|p1a: Celebi|54/100|[from] Sandstorm
|-heal|p1a: Celebi|60/100|[from] item: Leftovers
|-heal|p2a: Pice Unch|81/100|[from] item: Leftovers
|-damage|p2a: Pice Unch|69/100|[from] Leech Seed|[of] p1a: Celebi
|-heal|p1a: Celebi|73/100|[silent]
|upkeep
|turn|55
|
|t:|1728680786
|move|p1a: Celebi|Psychic|p2a: Pice Unch
|-resisted|p2a: Pice Unch
|-damage|p2a: Pice Unch|63/100
|move|p2a: Pice Unch|Wish|p2a: Pice Unch
|
|-weather|Sandstorm|[upkeep]
|-damage|p1a: Celebi|67/100|[from] Sandstorm
|-heal|p1a: Celebi|73/100|[from] item: Leftovers
|-heal|p2a: Pice Unch|69/100|[from] item: Leftovers
|-damage|p2a: Pice Unch|57/100|[from] Leech Seed|[of] p1a: Celebi
|-heal|p1a: Celebi|85/100|[silent]
|upkeep
|turn|56
|
|t:|1728680795
|move|p1a: Celebi|Baton Pass|p1a: Celebi
|
|t:|1728680797
|switch|p1a: Salamence|Salamence, F|100/100|[from] Baton Pass
|-ability|p1a: Salamence|Intimidate|boost
|-unboost|p2a: Pice Unch|atk|1
|move|p2a: Pice Unch|Thunder|p1a: Salamence|[miss]
|-miss|p2a: Pice Unch|p1a: Salamence
|
|-heal|p2a: Pice Unch|100/100|[from] move: Wish|[wisher] Pice Unch
|-weather|Sandstorm|[upkeep]
|-damage|p1a: Salamence|94/100|[from] Sandstorm
|-heal|p1a: Salamence|100/100|[from] item: Leftovers
|-damage|p2a: Pice Unch|88/100|[from] Leech Seed|[of] p1a: Salamence
|upkeep
|turn|57
|
|t:|1728680814
|move|p1a: Salamence|Dragon Dance|p1a: Salamence
|-boost|p1a: Salamence|atk|1
|-boost|p1a: Salamence|spe|1
|move|p2a: Pice Unch|Thunder|p1a: Salamence|[miss]
|-miss|p2a: Pice Unch|p1a: Salamence
|
|-weather|Sandstorm|[upkeep]
|-damage|p1a: Salamence|94/100|[from] Sandstorm
|-heal|p1a: Salamence|100/100|[from] item: Leftovers
|-heal|p2a: Pice Unch|94/100|[from] item: Leftovers
|-damage|p2a: Pice Unch|82/100|[from] Leech Seed|[of] p1a: Salamence
|upkeep
|turn|58
|inactive|almarkowbender has 270 seconds left.
|inactive|almarkowbender has 240 seconds left.
|
|t:|1728680877
|switch|p2a: Boft-Soiled|Blissey, F|88/100
|move|p1a: Salamence|Earthquake|p2a: Boft-Soiled
|-damage|p2a: Boft-Soiled|30/100
|
|-weather|Sandstorm|[upkeep]
|-damage|p1a: Salamence|94/100|[from] Sandstorm
|-damage|p2a: Boft-Soiled|24/100|[from] Sandstorm
|-heal|p1a: Salamence|100/100|[from] item: Leftovers
|-heal|p2a: Boft-Soiled|30/100|[from] item: Leftovers
|upkeep
|turn|59
|
|t:|1728680886
|move|p1a: Salamence|Hidden Power|p2a: Boft-Soiled
|-damage|p2a: Boft-Soiled|0 fnt
|faint|p2a: Boft-Soiled
|
|t:|1728680894
|switch|p2a: Pocus Funch|Hariyama, F|27/100
|
|-weather|Sandstorm|[upkeep]
|-damage|p1a: Salamence|94/100|[from] Sandstorm
|-damage|p2a: Pocus Funch|21/100|[from] Sandstorm
|-heal|p1a: Salamence|100/100|[from] item: Leftovers
|-heal|p2a: Pocus Funch|27/100|[from] item: Leftovers
|upkeep
|turn|60
|
|t:|1728680896
|move|p1a: Salamence|Hidden Power|p2a: Pocus Funch
|-supereffective|p2a: Pocus Funch
|-damage|p2a: Pocus Funch|0 fnt
|faint|p2a: Pocus Funch
|
|t:|1728680898
|switch|p2a: Pice Unch|Jirachi|82/100
|
|-weather|Sandstorm|[upkeep]
|-damage|p1a: Salamence|94/100|[from] Sandstorm
|-heal|p1a: Salamence|100/100|[from] item: Leftovers
|-heal|p2a: Pice Unch|88/100|[from] item: Leftovers
|upkeep
|turn|61
|
|t:|1728680900
|move|p1a: Salamence|Earthquake|p2a: Pice Unch
|-supereffective|p2a: Pice Unch
|-damage|p2a: Pice Unch|23/100
|move|p2a: Pice Unch|Toxic||[still]
|-fail|p2a: Pice Unch
|
|-weather|Sandstorm|[upkeep]
|-damage|p1a: Salamence|94/100|[from] Sandstorm
|-heal|p1a: Salamence|100/100|[from] item: Leftovers
|-heal|p2a: Pice Unch|30/100|[from] item: Leftovers
|upkeep
|turn|62
|
|t:|1728680903
|move|p1a: Salamence|Earthquake|p2a: Pice Unch
|-supereffective|p2a: Pice Unch
|-damage|p2a: Pice Unch|0 fnt
|faint|p2a: Pice Unch
|
|win|almarkowbender
|c|☆Hummusfan|ggs
|c|☆almarkowbender|gg

</script>
<script type="application/json" class="data" id="replaydata-smogtours-gen3ou-797282">
{"id":"smogtours-gen3ou-797282","format":"[Gen 3] OU","players":["almarkowbender","Hummusfan"],"uploadtime":1728680903,"views":83,"formatid":"gen3ou","rating":null,"private":0,"password":null}
</script>

<script defer src="js/replays.js?9d40a366"></script>
