<!DOCTYPE html>
<meta charset="utf-8" />
<meta name="viewport" content="width=device-width" />

<title>[Gen 3] OU: melninja vs. Rovels - Replays - Pok&eacute;mon Showdown!</title>

<meta name="description" content="Watch a replay of a Pok&eacute;mon battle between melninja and Rovels! Format: [Gen 3] OU; Date: Oct 2, 2024" />
<!--

Hey, you! Looking in the source for the replay log?

You can find them in JSON format, just add `.json` at the end of a replay URL.

https://replay.pokemonshowdown.com/gen7randomdoublesbattle-865046831.json

Or, if you only need the log itself, add `.log` instead:

https://replay.pokemonshowdown.com/gen7randomdoublesbattle-865046831.log

-->

<link rel="stylesheet" href="//pokemonshowdown.com/style/global.css?0.767286132409787" />
<link rel="stylesheet" href="//play.pokemonshowdown.com/style/font-awesome.css?0.9266228007934947" />
<link rel="stylesheet" href="//play.pokemonshowdown.com/style/battle.css?0.7924700842790926" />
<link rel="stylesheet" href="//play.pokemonshowdown.com/style/utilichart.css?0.8777417872839479" />

<!-- Global site tag (gtag.js) - Google Analytics -->
<script async src="https://www.googletagmanager.com/gtag/js?id=UA-26211653-1"></script>
<script>
  window.dataLayer = window.dataLayer || [];
  function gtag(){dataLayer.push(arguments);}
  gtag('js', new Date());

  gtag('config', 'UA-26211653-1');
</script>
<!-- End Google Analytics -->
<!-- Venatus Ad Manager - Install in <HEAD> of page -->
	<script src="https://hb.vntsm.com/v3/live/ad-manager.min.js" type="text/javascript" data-site-id="642aba63ec9a7b11c3c9c1be" data-mode="scan" async></script>
<!-- / Venatus Ad Manager -->

<style>
	@media (max-width:820px) {
		.battle {
			margin: 0 auto;
		}
		.battle-log {
			margin: 7px auto 0;
			max-width: 640px;
			height: 300px;
			position: static;
		}
	}
	.optgroup {
		display: inline-block;
		line-height: 22px;
		font-size: 10pt;
	}
	.optgroup .button {
		height: 25px;
		padding-top: 0;
		padding-bottom: 0;
	}
	.optgroup button.button {
		padding-left: 12px;
		padding-right: 12px;
	}
	.linklist {
		list-style: none;
		margin: 0.5em 0;
		padding: 0;
	}
	.linklist li {
		padding: 2px 0;
	}
	.sidebar {
		float: left;
		width: 320px;
	}
	.bar-wrapper {
		max-width: 1100px;
		margin: 0 auto;
	}
	.bar-wrapper.has-sidebar {
		max-width: 1430px;
	}
	.mainbar {
		margin: 0;
		padding-right: 1px;
	}
	.mainbar.has-sidebar {
		margin-left: 330px;
	}
	@media (min-width: 1511px) {
		.sidebar {
			width: 400px;
		}
		.bar-wrapper.has-sidebar {
			max-width: 1510px;
		}
		.mainbar.has-sidebar {
			margin-left: 410px;
		}
	}
	.section.first-section {
		margin-top: 9px;
	}
	.blocklink small {
		white-space: normal;
	}
	.button {
		vertical-align: middle;
	}
	.replay-controls {
		padding-top: 10px;
	}
	.replay-controls h1 {
		font-size: 16pt;
		font-weight: normal;
		color: #CCC;
	}
	.pagelink {
		text-align: center;
	}
	.pagelink a {
		width: 150px;
	}
	.textbox, .button {
		font-size: 11pt;
		vertical-align: middle;
	}
	@media (max-width: 450px) {
		.button {
			font-size: 9pt;
		}
	}
</style>

<div>

	<header>
		<div class="nav-wrapper"><ul class="nav">
			<li><a class="button nav-first" href="//pokemonshowdown.com/"><img src="//pokemonshowdown.com/images/pokemonshowdownbeta.png" srcset="//pokemonshowdown.com/images/pokemonshowdownbeta.png 1x, //pokemonshowdown.com/images/pokemonshowdownbeta@2x.png 2x" alt="Pok&eacute;mon Showdown" width="146" height="44" /> Home</a></li>
			<li><a class="button" href="//pokemonshowdown.com/dex/">Pok&eacute;dex</a></li>
			<li><a class="button cur" href="/">Replays</a></li>
			<li><a class="button" href="//pokemonshowdown.com/ladder/">Ladder</a></li>
			<li><a class="button nav-last" href="//pokemonshowdown.com/forums/">Forum</a></li>
			<li><a class="button greenbutton nav-first nav-last" href="//play.pokemonshowdown.com/">Play</a></li>
		</ul></div>
	</header>

	<div class="main" id="main">

		<noscript><section class="section">You need to enable JavaScript to use this page; sorry!</section></noscript>

	</div>

</div>

<script defer nomodule src="//play.pokemonshowdown.com/js/lib/ps-polyfill.js"></script>
<script defer src="//play.pokemonshowdown.com/js/lib/preact.min.js"></script>

<script defer src="//play.pokemonshowdown.com/config/config.js?6dec07f6"></script>
<script defer src="//play.pokemonshowdown.com/js/lib/jquery-1.11.0.min.js"></script>
<script defer src="//play.pokemonshowdown.com/js/lib/html-sanitizer-minified.js"></script>
<script defer src="//play.pokemonshowdown.com/js/battle-sound.js"></script>
<script defer src="//play.pokemonshowdown.com/js/battledata.js?0.6315294753075389"></script>
<script defer src="//play.pokemonshowdown.com/data/pokedex-mini.js?0.7603743185311358"></script>
<script defer src="//play.pokemonshowdown.com/data/pokedex-mini-bw.js?0.030888842834281283"></script>
<script defer src="//play.pokemonshowdown.com/data/graphics.js?0.05593094747507488"></script>
<script defer src="//play.pokemonshowdown.com/data/pokedex.js?0.47064822249611904"></script>
<script defer src="//play.pokemonshowdown.com/data/moves.js?0.8583693120512459"></script>
<script defer src="//play.pokemonshowdown.com/data/abilities.js?0.16017181182386842"></script>
<script defer src="//play.pokemonshowdown.com/data/items.js?0.4163379185673943"></script>
<script defer src="//play.pokemonshowdown.com/data/teambuilder-tables.js?0.31075597372830477"></script>
<script defer src="//play.pokemonshowdown.com/js/battle-tooltips.js?0.6536193500708172"></script>
<script defer src="//play.pokemonshowdown.com/js/battle.js?0.1916591943277901"></script>

<script defer src="js/utils.js?e31f9a17"></script>
<script defer src="js/replays-battle.js?7008c182"></script>

<!-- don't scrape this data! just add .json or .log after the URL!
Full API docs: https://github.com/smogon/pokemon-showdown-client/blob/master/WEB-API.md -->
<script type="text/plain" class="log" id="replaylog-smogtours-gen3ou-794042">
|inactive|Battle timer is ON: inactive players will automatically lose when time's up.
|t:|1727901820
|gametype|singles
|player|p1|melninja|colress|
|player|p2|Rovels|artist|
|teamsize|p1|6
|teamsize|p2|6
|gen|3
|tier|[Gen 3] OU
|rule|Sleep Clause Mod: Limit one foe put to sleep
|rule|Switch Priority Clause Mod: Faster Pokémon switch first
|rule|Species Clause: Limit one of each Pokémon
|rule|OHKO Clause: OHKO moves are banned
|rule|Evasion Items Clause: Evasion items are banned
|rule|Evasion Moves Clause: Evasion moves are banned
|rule|Endless Battle Clause: Forcing endless battles is banned
|rule|HP Percentage Mod: HP is shown in percentages
|rule|One Boost Passer Clause: Limit one Baton Passer that has a way to boost its stats
|rule|Freeze Clause Mod: Limit one foe frozen
|
|t:|1727901820
|start
|switch|p1a: Metagross|Metagross|100/100
|switch|p2a: Jigsaw|Slaking, M, shiny|100/100
|turn|1
|inactive|melninja has 270 seconds left.
|
|t:|1727901872
|switch|p1a: Skarmory|Skarmory, M|100/100
|move|p2a: Jigsaw|Earthquake|p1a: Skarmory
|-immune|p1a: Skarmory
|
|upkeep
|turn|2
|
|t:|1727901884
|switch|p2a: Skarmory|Skarmory, F|100/100
|move|p1a: Skarmory|Spikes|p2a: Skarmory
|-sidestart|p2: Rovels|Spikes
|
|upkeep
|turn|3
|
|t:|1727901904
|switch|p1a: Salamence|Salamence, M|100/100
|-ability|p1a: Salamence|Intimidate|boost
|-unboost|p2a: Skarmory|atk|1
|move|p2a: Skarmory|Spikes|p1a: Salamence
|-sidestart|p1: melninja|Spikes
|
|upkeep
|turn|4
|
|t:|1727901920
|move|p1a: Salamence|Fire Blast|p2a: Skarmory
|-supereffective|p2a: Skarmory
|-damage|p2a: Skarmory|19/100
|move|p2a: Skarmory|Spikes|p1a: Salamence
|-sidestart|p1: melninja|Spikes
|
|-heal|p2a: Skarmory|25/100|[from] item: Leftovers
|upkeep
|turn|5
|
|t:|1727901930
|move|p2a: Skarmory|Protect|p2a: Skarmory
|-singleturn|p2a: Skarmory|Protect
|move|p1a: Salamence|Fire Blast|p2a: Skarmory
|-activate|p2a: Skarmory|Protect
|
|-heal|p2a: Skarmory|31/100|[from] item: Leftovers
|upkeep
|turn|6
|inactive|melninja has 270 seconds left.
|
|t:|1727901975
|switch|p2a: Blastoise|Blastoise, M|100/100
|-damage|p2a: Blastoise|88/100|[from] Spikes
|move|p1a: Salamence|Hidden Power|p2a: Blastoise
|-supereffective|p2a: Blastoise
|-damage|p2a: Blastoise|44/100
|
|-heal|p2a: Blastoise|50/100|[from] item: Leftovers
|upkeep
|turn|7
|
|t:|1727901993
|switch|p1a: Porygon2|Porygon2|100/100
|-damage|p1a: Porygon2|84/100|[from] Spikes
|-ability|p1a: Porygon2|Torrent|[from] ability: Trace|[of] p2a: Blastoise
|switch|p2a: Blissey|Blissey, F|100/100
|-damage|p2a: Blissey|88/100|[from] Spikes
|
|-heal|p1a: Porygon2|90/100|[from] item: Leftovers
|-heal|p2a: Blissey|94/100|[from] item: Leftovers
|upkeep
|turn|8
|inactive|Rovels has 270 seconds left.
|
|t:|1727902033
|switch|p1a: Metagross|Metagross|100/100
|-damage|p1a: Metagross|84/100|[from] Spikes
|move|p2a: Blissey|Calm Mind|p2a: Blissey
|-boost|p2a: Blissey|spa|1
|-boost|p2a: Blissey|spd|1
|
|-heal|p2a: Blissey|99/100|[from] item: Leftovers
|upkeep
|turn|9
|
|t:|1727902050
|switch|p2a: Skarmory|Skarmory, F|31/100
|move|p1a: Metagross|Meteor Mash|p2a: Skarmory|[miss]
|-miss|p1a: Metagross|p2a: Skarmory
|
|-heal|p2a: Skarmory|37/100|[from] item: Leftovers
|upkeep
|turn|10
|
|t:|1727902056
|move|p2a: Skarmory|Protect|p2a: Skarmory
|-singleturn|p2a: Skarmory|Protect
|move|p1a: Metagross|Meteor Mash|p2a: Skarmory
|-activate|p2a: Skarmory|Protect
|
|-heal|p2a: Skarmory|43/100|[from] item: Leftovers
|upkeep
|turn|11
|
|t:|1727902059
|move|p1a: Metagross|Meteor Mash|p2a: Skarmory
|-resisted|p2a: Skarmory
|-crit|p2a: Skarmory
|-damage|p2a: Skarmory|0 fnt
|faint|p2a: Skarmory
|inactive|Rovels has 270 seconds left.
|
|t:|1727902070
|switch|p2a: Jirachi|Jirachi|100/100
|-damage|p2a: Jirachi|88/100|[from] Spikes
|
|-heal|p2a: Jirachi|94/100|[from] item: Leftovers
|upkeep
|turn|12
|
|t:|1727902084
|switch|p1a: Porygon2|Porygon2|90/100
|-damage|p1a: Porygon2|73/100|[from] Spikes
|-ability|p1a: Porygon2|Serene Grace|[from] ability: Trace|[of] p2a: Jirachi
|move|p2a: Jirachi|Fire Punch|p1a: Porygon2
|-damage|p1a: Porygon2|58/100
|-status|p1a: Porygon2|brn
|
|-heal|p2a: Jirachi|100/100|[from] item: Leftovers
|-heal|p1a: Porygon2|64/100 brn|[from] item: Leftovers
|-damage|p1a: Porygon2|52/100 brn|[from] brn
|upkeep
|turn|13
|inactive|Rovels has 270 seconds left.
|
|t:|1727902110
|switch|p2a: Blissey|Blissey, F|99/100
|-damage|p2a: Blissey|88/100|[from] Spikes
|move|p1a: Porygon2|Thunder Wave|p2a: Blissey
|-status|p2a: Blissey|par
|
|-heal|p1a: Porygon2|58/100 brn|[from] item: Leftovers
|-damage|p1a: Porygon2|45/100 brn|[from] brn
|-heal|p2a: Blissey|94/100 par|[from] item: Leftovers
|upkeep
|turn|14
|
|t:|1727902115
|move|p1a: Porygon2|Recover|p1a: Porygon2
|-heal|p1a: Porygon2|95/100 brn
|cant|p2a: Blissey|par
|
|-heal|p1a: Porygon2|100/100 brn|[from] item: Leftovers
|-damage|p1a: Porygon2|88/100 brn|[from] brn
|-heal|p2a: Blissey|99/100 par|[from] item: Leftovers
|upkeep
|turn|15
|inactive|Rovels has 270 seconds left.
|
|t:|1727902128
|switch|p1a: Metagross|Metagross|84/100
|-damage|p1a: Metagross|67/100|[from] Spikes
|-curestatus|p2a: Blissey|par|[from] ability: Natural Cure
|switch|p2a: Jirachi|Jirachi|100/100
|-damage|p2a: Jirachi|88/100|[from] Spikes
|
|-heal|p2a: Jirachi|94/100|[from] item: Leftovers
|upkeep
|turn|16
|inactive|melninja has 270 seconds left.
|inactive|Rovels has 270 seconds left.
|inactive|melninja has 240 seconds left.
|
|t:|1727902191
|switch|p1a: Porygon2|Porygon2|88/100 brn
|-damage|p1a: Porygon2|72/100 brn|[from] Spikes
|-ability|p1a: Porygon2|Serene Grace|[from] ability: Trace|[of] p2a: Jirachi
|move|p2a: Jirachi|Protect||[still]
|-fail|p2a: Jirachi
|
|-heal|p2a: Jirachi|100/100|[from] item: Leftovers
|-heal|p1a: Porygon2|78/100 brn|[from] item: Leftovers
|-damage|p1a: Porygon2|65/100 brn|[from] brn
|upkeep
|turn|17
|inactive|Rovels has 270 seconds left.
|
|t:|1727902201
|switch|p2a: Flygon|Flygon, M|100/100
|move|p1a: Porygon2|Thunder Wave|p2a: Flygon
|-immune|p2a: Flygon
|
|-heal|p1a: Porygon2|72/100 brn|[from] item: Leftovers
|-damage|p1a: Porygon2|59/100 brn|[from] brn
|upkeep
|turn|18
|inactive|Rovels has 270 seconds left.
|
|t:|1727902222
|switch|p2a: Jigsaw|Slaking, M, shiny|100/100
|-damage|p2a: Jigsaw|88/100|[from] Spikes
|move|p1a: Porygon2|Recover|p1a: Porygon2
|-heal|p1a: Porygon2|100/100 brn
|
|-damage|p1a: Porygon2|88/100 brn|[from] brn
|upkeep
|turn|19
|
|t:|1727902228
|-singleturn|p2a: Jigsaw|move: Focus Punch
|switch|p1a: Skarmory|Skarmory, M|100/100
|move|p2a: Jigsaw|Focus Punch|p1a: Skarmory
|-damage|p1a: Skarmory|22/100
|
|-heal|p1a: Skarmory|28/100|[from] item: Leftovers
|upkeep
|turn|20
|inactive|Rovels has 270 seconds left.
|
|t:|1727902242
|switch|p2a: Jirachi|Jirachi|100/100
|-damage|p2a: Jirachi|88/100|[from] Spikes
|move|p1a: Skarmory|Roar|p2a: Jirachi
|drag|p2a: Jigsaw|Slaking, M, shiny|88/100
|-damage|p2a: Jigsaw|76/100|[from] Spikes
|
|-heal|p1a: Skarmory|34/100|[from] item: Leftovers
|upkeep
|turn|21
|inactive|Rovels has 270 seconds left.
|
|t:|1727902255
|-singleturn|p2a: Jigsaw|move: Focus Punch
|move|p1a: Skarmory|Protect|p1a: Skarmory
|-singleturn|p1a: Skarmory|Protect
|move|p2a: Jigsaw|Focus Punch|p1a: Skarmory
|-activate|p1a: Skarmory|Protect
|
|-heal|p1a: Skarmory|40/100|[from] item: Leftovers
|upkeep
|turn|22
|inactive|Rovels has 270 seconds left.
|
|t:|1727902268
|switch|p2a: Blastoise|Blastoise, M|50/100
|-damage|p2a: Blastoise|37/100|[from] Spikes
|move|p1a: Skarmory|Spikes|p2a: Blastoise
|-sidestart|p2: Rovels|Spikes
|
|-heal|p2a: Blastoise|43/100|[from] item: Leftovers
|-heal|p1a: Skarmory|46/100|[from] item: Leftovers
|upkeep
|turn|23
|
|t:|1727902282
|switch|p1a: Tyranitar|Tyranitar, F|100/100
|-damage|p1a: Tyranitar|84/100|[from] Spikes
|-weather|Sandstorm|[from] ability: Sand Stream|[of] p1a: Tyranitar
|move|p2a: Blastoise|Rapid Spin|p1a: Tyranitar
|-resisted|p1a: Tyranitar
|-damage|p1a: Tyranitar|82/100
|-sideend|p2: Rovels|Spikes|[from] move: Rapid Spin|[of] p2a: Blastoise
|
|-weather|Sandstorm|[upkeep]
|-damage|p2a: Blastoise|37/100|[from] Sandstorm
|-heal|p2a: Blastoise|43/100|[from] item: Leftovers
|upkeep
|turn|24
|
|t:|1727902299
|switch|p2a: Flygon|Flygon, M|100/100
|move|p1a: Tyranitar|Rock Slide|p2a: Flygon
|-resisted|p2a: Flygon
|-damage|p2a: Flygon|84/100
|
|-weather|Sandstorm|[upkeep]
|-heal|p2a: Flygon|90/100|[from] item: Leftovers
|upkeep
|turn|25
|
|t:|1727902315
|switch|p1a: Porygon2|Porygon2|88/100 brn
|-damage|p1a: Porygon2|72/100 brn|[from] Spikes
|-ability|p1a: Porygon2|Levitate|[from] ability: Trace|[of] p2a: Flygon
|move|p2a: Flygon|Rock Slide|p1a: Porygon2
|-crit|p1a: Porygon2
|-damage|p1a: Porygon2|47/100 brn
|
|-weather|Sandstorm|[upkeep]
|-damage|p1a: Porygon2|41/100 brn|[from] Sandstorm
|-heal|p2a: Flygon|96/100|[from] item: Leftovers
|-heal|p1a: Porygon2|47/100 brn|[from] item: Leftovers
|-damage|p1a: Porygon2|34/100 brn|[from] brn
|upkeep
|turn|26
|
|t:|1727902323
|move|p2a: Flygon|Rock Slide|p1a: Porygon2
|-damage|p1a: Porygon2|21/100 brn
|move|p1a: Porygon2|Recover|p1a: Porygon2
|-heal|p1a: Porygon2|71/100 brn
|
|-weather|Sandstorm|[upkeep]
|-damage|p1a: Porygon2|65/100 brn|[from] Sandstorm
|-heal|p2a: Flygon|100/100|[from] item: Leftovers
|-heal|p1a: Porygon2|71/100 brn|[from] item: Leftovers
|-damage|p1a: Porygon2|59/100 brn|[from] brn
|upkeep
|turn|27
|inactive|melninja has 270 seconds left.
|
|t:|1727902336
|switch|p2a: Jigsaw|Slaking, M, shiny|76/100
|move|p1a: Porygon2|Recover|p1a: Porygon2
|-heal|p1a: Porygon2|100/100 brn
|
|-weather|Sandstorm|[upkeep]
|-damage|p2a: Jigsaw|70/100|[from] Sandstorm
|-damage|p1a: Porygon2|94/100 brn|[from] Sandstorm
|-heal|p1a: Porygon2|100/100 brn|[from] item: Leftovers
|-damage|p1a: Porygon2|88/100 brn|[from] brn
|upkeep
|turn|28
|
|t:|1727902345
|move|p2a: Jigsaw|Return|p1a: Porygon2
|-crit|p1a: Porygon2
|-damage|p1a: Porygon2|0 fnt
|faint|p1a: Porygon2
|inactive|melninja has 270 seconds left.
|
|t:|1727902358
|switch|p1a: Metagross|Metagross|67/100
|-damage|p1a: Metagross|51/100|[from] Spikes
|
|-weather|Sandstorm|[upkeep]
|-damage|p2a: Jigsaw|63/100|[from] Sandstorm
|upkeep
|turn|29
|
|t:|1727902366
|switch|p2a: Flygon|Flygon, M|100/100
|move|p1a: Metagross|Meteor Mash|p2a: Flygon
|-damage|p2a: Flygon|27/100
|
|-weather|Sandstorm|[upkeep]
|-heal|p2a: Flygon|33/100|[from] item: Leftovers
|upkeep
|turn|30
|
|t:|1727902374
|switch|p1a: Skarmory|Skarmory, M|46/100
|move|p2a: Flygon|Protect||[still]
|-fail|p2a: Flygon
|
|-weather|Sandstorm|[upkeep]
|-heal|p2a: Flygon|39/100|[from] item: Leftovers
|-heal|p1a: Skarmory|52/100|[from] item: Leftovers
|upkeep
|turn|31
|
|t:|1727902384
|move|p2a: Flygon|Rock Slide|p1a: Skarmory
|-damage|p1a: Skarmory|39/100
|cant|p1a: Skarmory|flinch
|
|-weather|Sandstorm|[upkeep]
|-heal|p2a: Flygon|45/100|[from] item: Leftovers
|-heal|p1a: Skarmory|45/100|[from] item: Leftovers
|upkeep
|turn|32
|
|t:|1727902392
|switch|p2a: Jirachi|Jirachi|88/100
|move|p1a: Skarmory|Toxic|p2a: Jirachi
|-immune|p2a: Jirachi
|
|-weather|Sandstorm|[upkeep]
|-heal|p2a: Jirachi|94/100|[from] item: Leftovers
|-heal|p1a: Skarmory|51/100|[from] item: Leftovers
|upkeep
|turn|33
|
|t:|1727902397
|move|p1a: Skarmory|Protect|p1a: Skarmory
|-singleturn|p1a: Skarmory|Protect
|move|p2a: Jirachi|Fire Punch|p1a: Skarmory
|-activate|p1a: Skarmory|Protect
|
|-weather|Sandstorm|[upkeep]
|-heal|p2a: Jirachi|100/100|[from] item: Leftovers
|-heal|p1a: Skarmory|57/100|[from] item: Leftovers
|upkeep
|turn|34
|
|t:|1727902412
|switch|p1a: Salamence|Salamence, M|100/100
|-ability|p1a: Salamence|Intimidate|boost
|-unboost|p2a: Jirachi|atk|1
|move|p2a: Jirachi|Fire Punch|p1a: Salamence
|-resisted|p1a: Salamence
|-damage|p1a: Salamence|90/100
|
|-weather|Sandstorm|[upkeep]
|-damage|p1a: Salamence|84/100|[from] Sandstorm
|-heal|p1a: Salamence|90/100|[from] item: Leftovers
|upkeep
|turn|35
|
|t:|1727902426
|move|p1a: Salamence|Fire Blast|p2a: Jirachi
|-supereffective|p2a: Jirachi
|-damage|p2a: Jirachi|49/100
|move|p2a: Jirachi|Body Slam|p1a: Salamence
|-damage|p1a: Salamence|72/100
|-status|p1a: Salamence|par
|
|-weather|Sandstorm|[upkeep]
|-damage|p1a: Salamence|66/100 par|[from] Sandstorm
|-heal|p2a: Jirachi|55/100|[from] item: Leftovers
|-heal|p1a: Salamence|72/100 par|[from] item: Leftovers
|upkeep
|turn|36
|
|t:|1727902438
|move|p2a: Jirachi|Wish|p2a: Jirachi
|cant|p1a: Salamence|par
|
|-weather|Sandstorm|[upkeep]
|-damage|p1a: Salamence|66/100 par|[from] Sandstorm
|-heal|p2a: Jirachi|61/100|[from] item: Leftovers
|-heal|p1a: Salamence|72/100 par|[from] item: Leftovers
|upkeep
|turn|37
|
|t:|1727902450
|move|p2a: Jirachi|Protect|p2a: Jirachi
|-singleturn|p2a: Jirachi|Protect
|move|p1a: Salamence|Hidden Power|p2a: Jirachi
|-activate|p2a: Jirachi|Protect
|
|-heal|p2a: Jirachi|100/100|[from] move: Wish|[wisher] Jirachi
|-weather|Sandstorm|[upkeep]
|-damage|p1a: Salamence|66/100 par|[from] Sandstorm
|-heal|p1a: Salamence|72/100 par|[from] item: Leftovers
|upkeep
|turn|38
|
|t:|1727902453
|move|p2a: Jirachi|Wish|p2a: Jirachi
|cant|p1a: Salamence|par
|
|-weather|Sandstorm|[upkeep]
|-damage|p1a: Salamence|66/100 par|[from] Sandstorm
|-heal|p1a: Salamence|72/100 par|[from] item: Leftovers
|upkeep
|turn|39
|
|t:|1727902459
|switch|p2a: Jigsaw|Slaking, M, shiny|63/100
|cant|p1a: Salamence|par
|
|-heal|p2a: Jigsaw|100/100|[from] move: Wish|[wisher] Jirachi
|-weather|Sandstorm|[upkeep]
|-damage|p2a: Jigsaw|94/100|[from] Sandstorm
|-damage|p1a: Salamence|66/100 par|[from] Sandstorm
|-heal|p1a: Salamence|72/100 par|[from] item: Leftovers
|upkeep
|turn|40
|c|☆Rovels|sorry about full para
|
|t:|1727902469
|switch|p1a: Skarmory|Skarmory, M|57/100
|move|p2a: Jigsaw|Return|p1a: Skarmory
|-resisted|p1a: Skarmory
|-damage|p1a: Skarmory|17/100
|
|-weather|Sandstorm|[upkeep]
|-damage|p2a: Jigsaw|88/100|[from] Sandstorm
|-heal|p1a: Skarmory|23/100|[from] item: Leftovers
|upkeep
|turn|41
|
|t:|1727902477
|switch|p2a: Jirachi|Jirachi|100/100
|move|p1a: Skarmory|Spikes|p2a: Jirachi
|-sidestart|p2: Rovels|Spikes
|
|-weather|Sandstorm|[upkeep]
|-heal|p1a: Skarmory|29/100|[from] item: Leftovers
|upkeep
|turn|42
|
|t:|1727902482
|move|p1a: Skarmory|Protect|p1a: Skarmory
|-singleturn|p1a: Skarmory|Protect
|move|p2a: Jirachi|Wish|p2a: Jirachi
|
|-weather|Sandstorm|[upkeep]
|-heal|p1a: Skarmory|35/100|[from] item: Leftovers
|upkeep
|turn|43
|
|t:|1727902489
|switch|p2a: Flygon|Flygon, M|45/100
|move|p1a: Skarmory|Roar|p2a: Flygon
|drag|p2a: Jirachi|Jirachi|100/100
|-damage|p2a: Jirachi|88/100|[from] Spikes
|
|-heal|p2a: Jirachi|100/100|[from] move: Wish|[wisher] Jirachi
|-weather|Sandstorm|[upkeep]
|-heal|p1a: Skarmory|41/100|[from] item: Leftovers
|upkeep
|turn|44
|
|t:|1727902518
|move|p2a: Jirachi|Body Slam|p1a: Skarmory
|-resisted|p1a: Skarmory
|-damage|p1a: Skarmory|33/100
|-status|p1a: Skarmory|par
|move|p1a: Skarmory|Spikes|p2a: Jirachi
|-sidestart|p2: Rovels|Spikes
|
|-weather|Sandstorm|[upkeep]
|-heal|p1a: Skarmory|39/100 par|[from] item: Leftovers
|upkeep
|turn|45
|
|t:|1727902529
|move|p2a: Jirachi|Wish|p2a: Jirachi
|move|p1a: Skarmory|Roar|p2a: Jirachi
|drag|p2a: Blastoise|Blastoise, M|43/100
|-damage|p2a: Blastoise|27/100|[from] Spikes
|
|-weather|Sandstorm|[upkeep]
|-damage|p2a: Blastoise|21/100|[from] Sandstorm
|-heal|p2a: Blastoise|27/100|[from] item: Leftovers
|-heal|p1a: Skarmory|45/100 par|[from] item: Leftovers
|upkeep
|turn|46
|inactive|melninja has 270 seconds left.
|
|t:|1727902545
|move|p2a: Blastoise|Rapid Spin|p1a: Skarmory
|-resisted|p1a: Skarmory
|-damage|p1a: Skarmory|44/100 par
|-sideend|p2: Rovels|Spikes|[from] move: Rapid Spin|[of] p2a: Blastoise
|move|p1a: Skarmory|Roar|p2a: Blastoise
|drag|p2a: Blissey|Blissey, F|99/100
|
|-heal|p2a: Blissey|100/100|[from] move: Wish|[wisher] Jirachi
|-weather|Sandstorm|[upkeep]
|-damage|p2a: Blissey|94/100|[from] Sandstorm
|-heal|p2a: Blissey|100/100|[from] item: Leftovers
|-heal|p1a: Skarmory|50/100 par|[from] item: Leftovers
|upkeep
|turn|47
|inactive|melninja has 270 seconds left.
|
|t:|1727902556
|move|p2a: Blissey|Thunderbolt|p1a: Skarmory
|-supereffective|p1a: Skarmory
|-damage|p1a: Skarmory|2/100 par
|move|p1a: Skarmory|Spikes|p2a: Blissey
|-sidestart|p2: Rovels|Spikes
|
|-weather|Sandstorm|[upkeep]
|-damage|p2a: Blissey|94/100|[from] Sandstorm
|-heal|p2a: Blissey|100/100|[from] item: Leftovers
|-heal|p1a: Skarmory|8/100 par|[from] item: Leftovers
|upkeep
|turn|48
|
|t:|1727902562
|move|p2a: Blissey|Calm Mind|p2a: Blissey
|-boost|p2a: Blissey|spa|1
|-boost|p2a: Blissey|spd|1
|cant|p1a: Skarmory|par
|
|-weather|Sandstorm|[upkeep]
|-damage|p2a: Blissey|94/100|[from] Sandstorm
|-heal|p2a: Blissey|100/100|[from] item: Leftovers
|-heal|p1a: Skarmory|14/100 par|[from] item: Leftovers
|upkeep
|turn|49
|
|t:|1727902567
|move|p2a: Blissey|Thunderbolt|p1a: Skarmory
|-supereffective|p1a: Skarmory
|-damage|p1a: Skarmory|0 fnt
|faint|p1a: Skarmory
|
|t:|1727902571
|switch|p1a: Metagross|Metagross|51/100
|-damage|p1a: Metagross|34/100|[from] Spikes
|
|-weather|Sandstorm|[upkeep]
|-damage|p2a: Blissey|94/100|[from] Sandstorm
|-heal|p2a: Blissey|100/100|[from] item: Leftovers
|upkeep
|turn|50
|
|t:|1727902583
|switch|p2a: Jirachi|Jirachi|100/100
|-damage|p2a: Jirachi|88/100|[from] Spikes
|move|p1a: Metagross|Explosion|p2a: Jirachi
|-resisted|p2a: Jirachi
|-damage|p2a: Jirachi|0 fnt
|faint|p1a: Metagross
|faint|p2a: Jirachi
|
|t:|1727902599
|switch|p2a: Jigsaw|Slaking, M, shiny|88/100
|switch|p1a: Tyranitar|Tyranitar, F|82/100
|-damage|p2a: Jigsaw|76/100|[from] Spikes
|-damage|p1a: Tyranitar|66/100|[from] Spikes
|
|-weather|Sandstorm|[upkeep]
|-damage|p2a: Jigsaw|70/100|[from] Sandstorm
|upkeep
|turn|51
|
|t:|1727902624
|move|p2a: Jigsaw|Return|p1a: Tyranitar
|-resisted|p1a: Tyranitar
|-crit|p1a: Tyranitar
|-damage|p1a: Tyranitar|0 fnt
|faint|p1a: Tyranitar
|inactive|melninja has 270 seconds left.
|
|t:|1727902641
|switch|p1a: Raikou|Raikou|100/100
|-damage|p1a: Raikou|84/100|[from] Spikes
|
|-weather|Sandstorm|[upkeep]
|-damage|p1a: Raikou|78/100|[from] Sandstorm
|-damage|p2a: Jigsaw|64/100|[from] Sandstorm
|-heal|p1a: Raikou|84/100|[from] item: Leftovers
|upkeep
|turn|52
|inactive|Rovels has 270 seconds left.
|
|t:|1727902678
|switch|p2a: Flygon|Flygon, M|45/100
|move|p1a: Raikou|Substitute|p1a: Raikou
|-start|p1a: Raikou|Substitute
|-damage|p1a: Raikou|59/100
|
|-weather|Sandstorm|[upkeep]
|-damage|p1a: Raikou|53/100|[from] Sandstorm
|-heal|p1a: Raikou|59/100|[from] item: Leftovers
|-heal|p2a: Flygon|51/100|[from] item: Leftovers
|upkeep
|turn|53
|
|t:|1727902683
|move|p1a: Raikou|Hidden Power|p2a: Flygon
|-damage|p2a: Flygon|26/100
|move|p2a: Flygon|Earthquake|p1a: Raikou
|-supereffective|p1a: Raikou
|-end|p1a: Raikou|Substitute
|
|-weather|Sandstorm|[upkeep]
|-damage|p1a: Raikou|53/100|[from] Sandstorm
|-heal|p1a: Raikou|59/100|[from] item: Leftovers
|-heal|p2a: Flygon|32/100|[from] item: Leftovers
|upkeep
|turn|54
|inactive|Rovels has 270 seconds left.
|
|t:|1727902690
|move|p1a: Raikou|Hidden Power|p2a: Flygon
|-damage|p2a: Flygon|6/100
|move|p2a: Flygon|Earthquake|p1a: Raikou
|-supereffective|p1a: Raikou
|-damage|p1a: Raikou|0 fnt
|faint|p1a: Raikou
|
|t:|1727902695
|switch|p1a: Salamence|Salamence, M|72/100 par
|-ability|p1a: Salamence|Intimidate|boost
|-unboost|p2a: Flygon|atk|1
|
|-weather|Sandstorm|[upkeep]
|-damage|p1a: Salamence|66/100 par|[from] Sandstorm
|-heal|p2a: Flygon|12/100|[from] item: Leftovers
|-heal|p1a: Salamence|72/100 par|[from] item: Leftovers
|upkeep
|turn|55
|
|t:|1727902698
|move|p2a: Flygon|Rock Slide|p1a: Salamence
|-supereffective|p1a: Salamence
|-damage|p1a: Salamence|42/100 par
|cant|p1a: Salamence|flinch
|
|-weather|Sandstorm|[upkeep]
|-damage|p1a: Salamence|36/100 par|[from] Sandstorm
|-heal|p2a: Flygon|18/100|[from] item: Leftovers
|-heal|p1a: Salamence|42/100 par|[from] item: Leftovers
|upkeep
|turn|56
|c|☆melninja|yeah
|
|t:|1727902705
|move|p2a: Flygon|Rock Slide|p1a: Salamence|[miss]
|-miss|p2a: Flygon|p1a: Salamence
|move|p1a: Salamence|Brick Break|p2a: Flygon
|-damage|p2a: Flygon|0 fnt
|faint|p2a: Flygon
|c|☆Rovels|I had fortunate rng this one, my b
|
|t:|1727902716
|switch|p2a: Jigsaw|Slaking, M, shiny|64/100
|-damage|p2a: Jigsaw|51/100|[from] Spikes
|
|-weather|Sandstorm|[upkeep]
|-damage|p2a: Jigsaw|45/100|[from] Sandstorm
|-damage|p1a: Salamence|36/100 par|[from] Sandstorm
|-heal|p1a: Salamence|42/100 par|[from] item: Leftovers
|upkeep
|turn|57
|c|☆melninja|yeah
|c|☆melninja|gg
|
|t:|1727902723
|move|p2a: Jigsaw|Return|p1a: Salamence
|-damage|p1a: Salamence|0 fnt
|faint|p1a: Salamence
|
|win|Rovels
|c|☆Rovels|ggs
|player|p1|

</script>
<script type="application/json" class="data" id="replaydata-smogtours-gen3ou-794042">
{"id":"smogtours-gen3ou-794042","format":"[Gen 3] OU","players":["melninja","Rovels"],"uploadtime":1727902723,"views":140,"formatid":"gen3ou","rating":null,"private":0,"password":null}
</script>

<script defer src="js/replays.js?9d40a366"></script>
