<!DOCTYPE html>
<meta charset="utf-8" />
<meta name="viewport" content="width=device-width" />

<title>[Gen 3] OU: Elian vs. Jnho - Replays - Pok&eacute;mon Showdown!</title>

<meta name="description" content="Watch a replay of a Pok&eacute;mon battle between Elian and Jnho! Format: [Gen 3] OU; Date: Oct 27, 2024" />
<!--

Hey, you! Looking in the source for the replay log?

You can find them in JSON format, just add `.json` at the end of a replay URL.

https://replay.pokemonshowdown.com/gen7randomdoublesbattle-865046831.json

Or, if you only need the log itself, add `.log` instead:

https://replay.pokemonshowdown.com/gen7randomdoublesbattle-865046831.log

-->

<link rel="stylesheet" href="//pokemonshowdown.com/style/global.css?0.767286132409787" />
<link rel="stylesheet" href="//play.pokemonshowdown.com/style/font-awesome.css?0.9266228007934947" />
<link rel="stylesheet" href="//play.pokemonshowdown.com/style/battle.css?0.7924700842790926" />
<link rel="stylesheet" href="//play.pokemonshowdown.com/style/utilichart.css?0.8777417872839479" />

<!-- Global site tag (gtag.js) - Google Analytics -->
<script async src="https://www.googletagmanager.com/gtag/js?id=UA-26211653-1"></script>
<script>
  window.dataLayer = window.dataLayer || [];
  function gtag(){dataLayer.push(arguments);}
  gtag('js', new Date());

  gtag('config', 'UA-26211653-1');
</script>
<!-- End Google Analytics -->
<!-- Venatus Ad Manager - Install in <HEAD> of page -->
	<script src="https://hb.vntsm.com/v3/live/ad-manager.min.js" type="text/javascript" data-site-id="642aba63ec9a7b11c3c9c1be" data-mode="scan" async></script>
<!-- / Venatus Ad Manager -->

<style>
	@media (max-width:820px) {
		.battle {
			margin: 0 auto;
		}
		.battle-log {
			margin: 7px auto 0;
			max-width: 640px;
			height: 300px;
			position: static;
		}
	}
	.optgroup {
		display: inline-block;
		line-height: 22px;
		font-size: 10pt;
	}
	.optgroup .button {
		height: 25px;
		padding-top: 0;
		padding-bottom: 0;
	}
	.optgroup button.button {
		padding-left: 12px;
		padding-right: 12px;
	}
	.linklist {
		list-style: none;
		margin: 0.5em 0;
		padding: 0;
	}
	.linklist li {
		padding: 2px 0;
	}
	.sidebar {
		float: left;
		width: 320px;
	}
	.bar-wrapper {
		max-width: 1100px;
		margin: 0 auto;
	}
	.bar-wrapper.has-sidebar {
		max-width: 1430px;
	}
	.mainbar {
		margin: 0;
		padding-right: 1px;
	}
	.mainbar.has-sidebar {
		margin-left: 330px;
	}
	@media (min-width: 1511px) {
		.sidebar {
			width: 400px;
		}
		.bar-wrapper.has-sidebar {
			max-width: 1510px;
		}
		.mainbar.has-sidebar {
			margin-left: 410px;
		}
	}
	.section.first-section {
		margin-top: 9px;
	}
	.blocklink small {
		white-space: normal;
	}
	.button {
		vertical-align: middle;
	}
	.replay-controls {
		padding-top: 10px;
	}
	.replay-controls h1 {
		font-size: 16pt;
		font-weight: normal;
		color: #CCC;
	}
	.pagelink {
		text-align: center;
	}
	.pagelink a {
		width: 150px;
	}
	.textbox, .button {
		font-size: 11pt;
		vertical-align: middle;
	}
	@media (max-width: 450px) {
		.button {
			font-size: 9pt;
		}
	}
</style>

<div>

	<header>
		<div class="nav-wrapper"><ul class="nav">
			<li><a class="button nav-first" href="//pokemonshowdown.com/"><img src="//pokemonshowdown.com/images/pokemonshowdownbeta.png" srcset="//pokemonshowdown.com/images/pokemonshowdownbeta.png 1x, //pokemonshowdown.com/images/pokemonshowdownbeta@2x.png 2x" alt="Pok&eacute;mon Showdown" width="146" height="44" /> Home</a></li>
			<li><a class="button" href="//pokemonshowdown.com/dex/">Pok&eacute;dex</a></li>
			<li><a class="button cur" href="/">Replays</a></li>
			<li><a class="button" href="//pokemonshowdown.com/ladder/">Ladder</a></li>
			<li><a class="button nav-last" href="//pokemonshowdown.com/forums/">Forum</a></li>
			<li><a class="button greenbutton nav-first nav-last" href="//play.pokemonshowdown.com/">Play</a></li>
		</ul></div>
	</header>

	<div class="main" id="main">

		<noscript><section class="section">You need to enable JavaScript to use this page; sorry!</section></noscript>

	</div>

</div>

<script defer nomodule src="//play.pokemonshowdown.com/js/lib/ps-polyfill.js"></script>
<script defer src="//play.pokemonshowdown.com/js/lib/preact.min.js"></script>

<script defer src="//play.pokemonshowdown.com/config/config.js?6dec07f6"></script>
<script defer src="//play.pokemonshowdown.com/js/lib/jquery-1.11.0.min.js"></script>
<script defer src="//play.pokemonshowdown.com/js/lib/html-sanitizer-minified.js"></script>
<script defer src="//play.pokemonshowdown.com/js/battle-sound.js"></script>
<script defer src="//play.pokemonshowdown.com/js/battledata.js?0.6315294753075389"></script>
<script defer src="//play.pokemonshowdown.com/data/pokedex-mini.js?0.7603743185311358"></script>
<script defer src="//play.pokemonshowdown.com/data/pokedex-mini-bw.js?0.030888842834281283"></script>
<script defer src="//play.pokemonshowdown.com/data/graphics.js?0.05593094747507488"></script>
<script defer src="//play.pokemonshowdown.com/data/pokedex.js?0.47064822249611904"></script>
<script defer src="//play.pokemonshowdown.com/data/moves.js?0.8583693120512459"></script>
<script defer src="//play.pokemonshowdown.com/data/abilities.js?0.16017181182386842"></script>
<script defer src="//play.pokemonshowdown.com/data/items.js?0.4163379185673943"></script>
<script defer src="//play.pokemonshowdown.com/data/teambuilder-tables.js?0.31075597372830477"></script>
<script defer src="//play.pokemonshowdown.com/js/battle-tooltips.js?0.6536193500708172"></script>
<script defer src="//play.pokemonshowdown.com/js/battle.js?0.1916591943277901"></script>

<script defer src="js/utils.js?e31f9a17"></script>
<script defer src="js/replays-battle.js?7008c182"></script>

<!-- don't scrape this data! just add .json or .log after the URL!
Full API docs: https://github.com/smogon/pokemon-showdown-client/blob/master/WEB-API.md -->
<script type="text/plain" class="log" id="replaylog-smogtours-gen3ou-802696">
|inactive|Battle timer is ON: inactive players will automatically lose when time's up.
|t:|1730059741
|gametype|singles
|player|p1|Elian|erika-gen2|
|player|p2|Jnho|caitlin|
|teamsize|p1|6
|teamsize|p2|6
|gen|3
|tier|[Gen 3] OU
|rule|Sleep Clause Mod: Limit one foe put to sleep
|rule|Switch Priority Clause Mod: Faster Pokémon switch first
|rule|Species Clause: Limit one of each Pokémon
|rule|OHKO Clause: OHKO moves are banned
|rule|Evasion Items Clause: Evasion items are banned
|rule|Evasion Moves Clause: Evasion moves are banned
|rule|Endless Battle Clause: Forcing endless battles is banned
|rule|HP Percentage Mod: HP is shown in percentages
|rule|One Boost Passer Clause: Limit one Baton Passer that has a way to boost its stats
|rule|Freeze Clause Mod: Limit one foe frozen
|
|t:|1730059741
|start
|switch|p1a: Havertz|Tyranitar, M|100/100
|switch|p2a: Tyranitar|Tyranitar, F|100/100
|-weather|Sandstorm|[from] ability: Sand Stream|[of] p1a: Havertz
|turn|1
|c|☆Jnho|glhf
|c|☆Elian|hf
|
|t:|1730059756
|switch|p1a: Zinchenko|Salamence, F|100/100
|-ability|p1a: Zinchenko|Intimidate|boost
|-unboost|p2a: Tyranitar|atk|1
|move|p2a: Tyranitar|Earthquake|p1a: Zinchenko
|-immune|p1a: Zinchenko
|
|-weather|Sandstorm|[upkeep]
|-damage|p1a: Zinchenko|94/100|[from] Sandstorm
|-heal|p1a: Zinchenko|100/100|[from] item: Leftovers
|upkeep
|turn|2
|
|t:|1730059765
|switch|p2a: Blissey|Blissey, F|100/100
|move|p1a: Zinchenko|Hydro Pump|p2a: Blissey
|-damage|p2a: Blissey|86/100
|
|-weather|Sandstorm|[upkeep]
|-damage|p1a: Zinchenko|94/100|[from] Sandstorm
|-damage|p2a: Blissey|80/100|[from] Sandstorm
|-heal|p1a: Zinchenko|100/100|[from] item: Leftovers
|-heal|p2a: Blissey|86/100|[from] item: Leftovers
|upkeep
|turn|3
|
|t:|1730059770
|switch|p1a: Trossard|Swampert, M|100/100
|move|p2a: Blissey|Ice Beam|p1a: Trossard
|-damage|p1a: Trossard|75/100
|
|-weather|Sandstorm|[upkeep]
|-damage|p2a: Blissey|80/100|[from] Sandstorm
|-heal|p1a: Trossard|81/100|[from] item: Leftovers
|-heal|p2a: Blissey|86/100|[from] item: Leftovers
|upkeep
|turn|4
|
|t:|1730059774
|move|p1a: Trossard|Earthquake|p2a: Blissey
|-damage|p2a: Blissey|52/100
|move|p2a: Blissey|Toxic|p1a: Trossard
|-status|p1a: Trossard|tox
|
|-weather|Sandstorm|[upkeep]
|-damage|p2a: Blissey|46/100|[from] Sandstorm
|-heal|p1a: Trossard|87/100 tox|[from] item: Leftovers
|-damage|p1a: Trossard|81/100 tox|[from] psn
|-heal|p2a: Blissey|52/100|[from] item: Leftovers
|upkeep
|turn|5
|
|t:|1730059778
|-singleturn|p1a: Trossard|move: Focus Punch
|move|p2a: Blissey|Soft-Boiled|p2a: Blissey
|-heal|p2a: Blissey|100/100
|move|p1a: Trossard|Focus Punch|p2a: Blissey
|-supereffective|p2a: Blissey
|-damage|p2a: Blissey|34/100
|
|-weather|Sandstorm|[upkeep]
|-damage|p2a: Blissey|28/100|[from] Sandstorm
|-heal|p1a: Trossard|87/100 tox|[from] item: Leftovers
|-damage|p1a: Trossard|75/100 tox|[from] psn
|-heal|p2a: Blissey|34/100|[from] item: Leftovers
|upkeep
|turn|6
|
|t:|1730059783
|move|p1a: Trossard|Earthquake|p2a: Blissey
|-damage|p2a: Blissey|0 fnt
|faint|p2a: Blissey
|
|t:|1730059787
|switch|p2a: Skarmory|Skarmory, M|100/100
|
|-weather|Sandstorm|[upkeep]
|-heal|p1a: Trossard|81/100 tox|[from] item: Leftovers
|-damage|p1a: Trossard|63/100 tox|[from] psn
|upkeep
|turn|7
|
|t:|1730059791
|move|p1a: Trossard|Hydro Pump|p2a: Skarmory
|-damage|p2a: Skarmory|52/100
|move|p2a: Skarmory|Spikes|p1a: Trossard
|-sidestart|p1: Elian|Spikes
|
|-weather|Sandstorm|[upkeep]
|-heal|p1a: Trossard|69/100 tox|[from] item: Leftovers
|-damage|p1a: Trossard|45/100 tox|[from] psn
|-heal|p2a: Skarmory|58/100|[from] item: Leftovers
|upkeep
|turn|8
|
|t:|1730059797
|move|p1a: Trossard|Hydro Pump|p2a: Skarmory
|-damage|p2a: Skarmory|4/100
|move|p2a: Skarmory|Spikes|p1a: Trossard
|-sidestart|p1: Elian|Spikes
|
|-weather|Sandstorm|[upkeep]
|-heal|p1a: Trossard|51/100 tox|[from] item: Leftovers
|-damage|p1a: Trossard|21/100 tox|[from] psn
|-heal|p2a: Skarmory|10/100|[from] item: Leftovers
|upkeep
|turn|9
|
|t:|1730059803
|switch|p2a: Swampert|Swampert, M|100/100
|move|p1a: Trossard|Ice Beam|p2a: Swampert
|-damage|p2a: Swampert|73/100
|
|-weather|Sandstorm|[upkeep]
|-heal|p1a: Trossard|27/100 tox|[from] item: Leftovers
|-damage|p1a: Trossard|0 fnt|[from] psn
|faint|p1a: Trossard
|-heal|p2a: Swampert|79/100|[from] item: Leftovers
|upkeep
|
|t:|1730059805
|switch|p1a: Saliva|Celebi|100/100
|-damage|p1a: Saliva|84/100|[from] Spikes
|turn|10
|
|t:|1730059814
|switch|p2a: Skarmory|Skarmory, M|10/100
|move|p1a: Saliva|Leech Seed|p2a: Skarmory|[miss]
|-miss|p1a: Saliva|p2a: Skarmory
|
|-weather|Sandstorm|[upkeep]
|-damage|p1a: Saliva|78/100|[from] Sandstorm
|-heal|p1a: Saliva|84/100|[from] item: Leftovers
|-heal|p2a: Skarmory|16/100|[from] item: Leftovers
|upkeep
|turn|11
|
|t:|1730059817
|move|p1a: Saliva|Hidden Power|p2a: Skarmory
|-supereffective|p2a: Skarmory
|-damage|p2a: Skarmory|0 fnt
|faint|p2a: Skarmory
|
|t:|1730059820
|switch|p2a: Moltres|Moltres|100/100
|
|-weather|Sandstorm|[upkeep]
|-damage|p2a: Moltres|94/100|[from] Sandstorm
|-damage|p1a: Saliva|78/100|[from] Sandstorm
|-heal|p2a: Moltres|100/100|[from] item: Leftovers
|-heal|p1a: Saliva|84/100|[from] item: Leftovers
|upkeep
|turn|12
|
|t:|1730059823
|switch|p1a: Zinchenko|Salamence, F|100/100
|-ability|p1a: Zinchenko|Intimidate|boost
|-unboost|p2a: Moltres|atk|1
|move|p2a: Moltres|Will-O-Wisp|p1a: Zinchenko
|-status|p1a: Zinchenko|brn
|
|-weather|Sandstorm|[upkeep]
|-damage|p1a: Zinchenko|94/100 brn|[from] Sandstorm
|-damage|p2a: Moltres|94/100|[from] Sandstorm
|-heal|p1a: Zinchenko|100/100 brn|[from] item: Leftovers
|-damage|p1a: Zinchenko|88/100 brn|[from] brn
|-heal|p2a: Moltres|100/100|[from] item: Leftovers
|upkeep
|turn|13
|
|t:|1730059836
|switch|p2a: Swampert|Swampert, M|79/100
|move|p1a: Zinchenko|Hydro Pump|p2a: Swampert|[miss]
|-miss|p1a: Zinchenko|p2a: Swampert
|
|-weather|Sandstorm|[upkeep]
|-damage|p1a: Zinchenko|82/100 brn|[from] Sandstorm
|-heal|p1a: Zinchenko|88/100 brn|[from] item: Leftovers
|-damage|p1a: Zinchenko|76/100 brn|[from] brn
|-heal|p2a: Swampert|86/100|[from] item: Leftovers
|upkeep
|turn|14
|
|t:|1730059842
|switch|p1a: Saliva|Celebi|84/100
|-damage|p1a: Saliva|67/100|[from] Spikes
|move|p2a: Swampert|Ice Beam|p1a: Saliva
|-supereffective|p1a: Saliva
|-damage|p1a: Saliva|30/100
|
|-weather|Sandstorm|[upkeep]
|-damage|p1a: Saliva|24/100|[from] Sandstorm
|-heal|p1a: Saliva|30/100|[from] item: Leftovers
|-heal|p2a: Swampert|92/100|[from] item: Leftovers
|upkeep
|turn|15
|
|t:|1730059846
|move|p2a: Swampert|Protect|p2a: Swampert
|-singleturn|p2a: Swampert|Protect
|move|p1a: Saliva|Giga Drain|p2a: Swampert
|-activate|p2a: Swampert|Protect
|
|-weather|Sandstorm|[upkeep]
|-damage|p1a: Saliva|24/100|[from] Sandstorm
|-heal|p1a: Saliva|30/100|[from] item: Leftovers
|-heal|p2a: Swampert|98/100|[from] item: Leftovers
|upkeep
|turn|16
|
|t:|1730059851
|switch|p2a: Moltres|Moltres|100/100
|move|p1a: Saliva|Psychic|p2a: Moltres
|-damage|p2a: Moltres|51/100
|
|-weather|Sandstorm|[upkeep]
|-damage|p2a: Moltres|45/100|[from] Sandstorm
|-damage|p1a: Saliva|24/100|[from] Sandstorm
|-heal|p2a: Moltres|51/100|[from] item: Leftovers
|-heal|p1a: Saliva|30/100|[from] item: Leftovers
|upkeep
|turn|17
|
|t:|1730059856
|switch|p1a: Zinchenko|Salamence, F|76/100 brn
|-ability|p1a: Zinchenko|Intimidate|boost
|-unboost|p2a: Moltres|atk|1
|move|p2a: Moltres|Flamethrower|p1a: Zinchenko
|-resisted|p1a: Zinchenko
|-damage|p1a: Zinchenko|42/100 brn
|
|-weather|Sandstorm|[upkeep]
|-damage|p1a: Zinchenko|36/100 brn|[from] Sandstorm
|-damage|p2a: Moltres|45/100|[from] Sandstorm
|-heal|p1a: Zinchenko|42/100 brn|[from] item: Leftovers
|-damage|p1a: Zinchenko|29/100 brn|[from] brn
|-heal|p2a: Moltres|51/100|[from] item: Leftovers
|upkeep
|turn|18
|
|t:|1730059865
|switch|p2a: Swampert|Swampert, M|98/100
|move|p1a: Zinchenko|Dragon Claw|p2a: Swampert
|-damage|p2a: Swampert|65/100
|
|-weather|Sandstorm|[upkeep]
|-damage|p1a: Zinchenko|23/100 brn|[from] Sandstorm
|-heal|p1a: Zinchenko|29/100 brn|[from] item: Leftovers
|-damage|p1a: Zinchenko|17/100 brn|[from] brn
|-heal|p2a: Swampert|71/100|[from] item: Leftovers
|upkeep
|turn|19
|
|t:|1730059868
|move|p2a: Swampert|Protect|p2a: Swampert
|-singleturn|p2a: Swampert|Protect
|move|p1a: Zinchenko|Hidden Power|p2a: Swampert
|-activate|p2a: Swampert|Protect
|
|-weather|Sandstorm|[upkeep]
|-damage|p1a: Zinchenko|11/100 brn|[from] Sandstorm
|-heal|p1a: Zinchenko|17/100 brn|[from] item: Leftovers
|-damage|p1a: Zinchenko|5/100 brn|[from] brn
|-heal|p2a: Swampert|77/100|[from] item: Leftovers
|upkeep
|turn|20
|
|t:|1730059881
|switch|p2a: Moltres|Moltres|51/100
|move|p1a: Zinchenko|Dragon Claw|p2a: Moltres
|-damage|p2a: Moltres|4/100
|
|-weather|Sandstorm|[upkeep]
|-damage|p1a: Zinchenko|0 fnt|[from] Sandstorm
|-damage|p2a: Moltres|0 fnt|[from] Sandstorm
|faint|p1a: Zinchenko
|faint|p2a: Moltres
|upkeep
|
|t:|1730059890
|switch|p1a: Rice|Jirachi|100/100
|switch|p2a: Tyranitar|Tyranitar, F|100/100
|-damage|p1a: Rice|84/100|[from] Spikes
|turn|21
|
|t:|1730059894
|move|p1a: Rice|Substitute|p1a: Rice
|-start|p1a: Rice|Substitute
|-damage|p1a: Rice|59/100
|move|p2a: Tyranitar|Earthquake|p1a: Rice
|-supereffective|p1a: Rice
|-end|p1a: Rice|Substitute
|
|-weather|Sandstorm|[upkeep]
|-heal|p1a: Rice|65/100|[from] item: Leftovers
|upkeep
|turn|22
|
|t:|1730059897
|switch|p1a: Tomiyasu|Skarmory, M|100/100
|move|p2a: Tyranitar|Earthquake|p1a: Tomiyasu
|-immune|p1a: Tomiyasu
|
|-weather|Sandstorm|[upkeep]
|upkeep
|turn|23
|
|t:|1730059899
|move|p1a: Tomiyasu|Spikes|p2a: Tyranitar
|-sidestart|p2: Jnho|Spikes
|move|p2a: Tyranitar|Taunt|p1a: Tomiyasu
|-start|p1a: Tomiyasu|move: Taunt
|
|-weather|Sandstorm|[upkeep]
|upkeep
|turn|24
|
|t:|1730059902
|move|p1a: Tomiyasu|Struggle|p2a: Tyranitar
|-damage|p2a: Tyranitar|94/100
|-damage|p1a: Tomiyasu|99/100|[from] Recoil|[of] p2a: Tyranitar
|move|p2a: Tyranitar|Rock Slide|p1a: Tomiyasu
|-damage|p1a: Tomiyasu|68/100
|
|-weather|Sandstorm|[upkeep]
|-heal|p1a: Tomiyasu|74/100|[from] item: Leftovers
|-end|p1a: Tomiyasu|move: Taunt|[silent]
|-heal|p2a: Tyranitar|99/100|[from] item: Leftovers
|upkeep
|turn|25
|
|t:|1730059905
|move|p1a: Tomiyasu|Taunt|p2a: Tyranitar
|-start|p2a: Tyranitar|move: Taunt
|cant|p2a: Tyranitar|move: Taunt|Taunt
|
|-weather|Sandstorm|[upkeep]
|-heal|p1a: Tomiyasu|80/100|[from] item: Leftovers
|-heal|p2a: Tyranitar|100/100|[from] item: Leftovers
|upkeep
|turn|26
|
|t:|1730059909
|switch|p2a: Gengar|Gengar, F|100/100
|move|p1a: Tomiyasu|Roar|p2a: Gengar
|drag|p2a: Tyranitar|Tyranitar, F|100/100
|-damage|p2a: Tyranitar|88/100|[from] Spikes
|
|-weather|Sandstorm|[upkeep]
|-heal|p1a: Tomiyasu|86/100|[from] item: Leftovers
|-heal|p2a: Tyranitar|94/100|[from] item: Leftovers
|upkeep
|turn|27
|
|t:|1730059917
|switch|p2a: Gengar|Gengar, F|100/100
|move|p1a: Tomiyasu|Taunt|p2a: Gengar
|-start|p2a: Gengar|move: Taunt
|
|-weather|Sandstorm|[upkeep]
|-damage|p2a: Gengar|94/100|[from] Sandstorm
|-heal|p2a: Gengar|100/100|[from] item: Leftovers
|-heal|p1a: Tomiyasu|92/100|[from] item: Leftovers
|upkeep
|turn|28
|
|t:|1730059921
|switch|p1a: Havertz|Tyranitar, M|100/100
|-damage|p1a: Havertz|84/100|[from] Spikes
|move|p2a: Gengar|Thunderbolt|p1a: Havertz
|-damage|p1a: Havertz|61/100
|
|-weather|Sandstorm|[upkeep]
|-damage|p2a: Gengar|94/100|[from] Sandstorm
|-heal|p2a: Gengar|100/100|[from] item: Leftovers
|-end|p2a: Gengar|move: Taunt|[silent]
|-heal|p1a: Havertz|67/100|[from] item: Leftovers
|upkeep
|turn|29
|
|t:|1730059924
|switch|p2a: Tyranitar|Tyranitar, F|94/100
|-damage|p2a: Tyranitar|82/100|[from] Spikes
|move|p1a: Havertz|Rock Slide|p2a: Tyranitar|[miss]
|-miss|p1a: Havertz|p2a: Tyranitar
|
|-weather|Sandstorm|[upkeep]
|-heal|p1a: Havertz|73/100|[from] item: Leftovers
|-heal|p2a: Tyranitar|88/100|[from] item: Leftovers
|upkeep
|turn|30
|
|t:|1730059930
|move|p1a: Havertz|Earthquake|p2a: Tyranitar
|-supereffective|p2a: Tyranitar
|-damage|p2a: Tyranitar|40/100
|move|p2a: Tyranitar|Taunt|p1a: Havertz
|-start|p1a: Havertz|move: Taunt
|
|-weather|Sandstorm|[upkeep]
|-heal|p1a: Havertz|79/100|[from] item: Leftovers
|-heal|p2a: Tyranitar|46/100|[from] item: Leftovers
|upkeep
|turn|31
|
|t:|1730059935
|move|p1a: Havertz|Earthquake|p2a: Tyranitar
|-supereffective|p2a: Tyranitar
|-damage|p2a: Tyranitar|0 fnt
|faint|p2a: Tyranitar
|
|t:|1730059937
|switch|p2a: Swampert|Swampert, M|77/100
|-damage|p2a: Swampert|65/100|[from] Spikes
|
|-weather|Sandstorm|[upkeep]
|-heal|p1a: Havertz|85/100|[from] item: Leftovers
|-end|p1a: Havertz|move: Taunt|[silent]
|-heal|p2a: Swampert|71/100|[from] item: Leftovers
|upkeep
|turn|32
|
|t:|1730059948
|move|p1a: Havertz|Earthquake|p2a: Swampert
|-damage|p2a: Swampert|46/100
|move|p2a: Swampert|Hydro Pump|p1a: Havertz
|-supereffective|p1a: Havertz
|-damage|p1a: Havertz|15/100
|
|-weather|Sandstorm|[upkeep]
|-heal|p1a: Havertz|21/100|[from] item: Leftovers
|-heal|p2a: Swampert|52/100|[from] item: Leftovers
|upkeep
|turn|33
|
|t:|1730059952
|move|p1a: Havertz|Earthquake|p2a: Swampert
|-damage|p2a: Swampert|26/100
|move|p2a: Swampert|Hydro Pump|p1a: Havertz
|-supereffective|p1a: Havertz
|-damage|p1a: Havertz|0 fnt
|faint|p1a: Havertz
|
|t:|1730059957
|switch|p1a: Saliva|Celebi|30/100
|-damage|p1a: Saliva|13/100|[from] Spikes
|
|-weather|Sandstorm|[upkeep]
|-damage|p1a: Saliva|7/100|[from] Sandstorm
|-heal|p1a: Saliva|13/100|[from] item: Leftovers
|-heal|p2a: Swampert|32/100|[from] item: Leftovers
|upkeep
|turn|34
|
|t:|1730059962
|move|p2a: Swampert|Protect|p2a: Swampert
|-singleturn|p2a: Swampert|Protect
|move|p1a: Saliva|Psychic|p2a: Swampert
|-activate|p2a: Swampert|Protect
|
|-weather|Sandstorm|[upkeep]
|-damage|p1a: Saliva|7/100|[from] Sandstorm
|-heal|p1a: Saliva|13/100|[from] item: Leftovers
|-heal|p2a: Swampert|38/100|[from] item: Leftovers
|upkeep
|turn|35
|
|t:|1730059964
|move|p1a: Saliva|Psychic|p2a: Swampert
|-damage|p2a: Swampert|1/100
|move|p2a: Swampert|Ice Beam|p1a: Saliva
|-supereffective|p1a: Saliva
|-damage|p1a: Saliva|0 fnt
|faint|p1a: Saliva
|
|t:|1730059966
|switch|p1a: Rice|Jirachi|65/100
|-damage|p1a: Rice|49/100|[from] Spikes
|
|-weather|Sandstorm|[upkeep]
|-heal|p1a: Rice|55/100|[from] item: Leftovers
|-heal|p2a: Swampert|8/100|[from] item: Leftovers
|upkeep
|turn|36
|
|t:|1730059969
|move|p1a: Rice|Ice Punch|p2a: Swampert
|-damage|p2a: Swampert|0 fnt
|faint|p2a: Swampert
|
|t:|1730059972
|switch|p2a: Gengar|Gengar, F|100/100
|
|-weather|Sandstorm|[upkeep]
|-damage|p2a: Gengar|94/100|[from] Sandstorm
|-heal|p2a: Gengar|100/100|[from] item: Leftovers
|-heal|p1a: Rice|61/100|[from] item: Leftovers
|upkeep
|turn|37
|
|t:|1730059975
|move|p2a: Gengar|Will-O-Wisp|p1a: Rice
|-status|p1a: Rice|brn
|move|p1a: Rice|Thunder|p2a: Gengar
|-damage|p2a: Gengar|61/100
|-status|p2a: Gengar|par
|
|-weather|Sandstorm|[upkeep]
|-damage|p2a: Gengar|55/100 par|[from] Sandstorm
|-heal|p1a: Rice|67/100 brn|[from] item: Leftovers
|-damage|p1a: Rice|55/100 brn|[from] brn
|-heal|p2a: Gengar|61/100 par|[from] item: Leftovers
|upkeep
|turn|38
|
|t:|1730059979
|move|p1a: Rice|Ice Punch|p2a: Gengar
|-damage|p2a: Gengar|35/100 par
|cant|p2a: Gengar|par
|
|-weather|Sandstorm|[upkeep]
|-damage|p2a: Gengar|29/100 par|[from] Sandstorm
|-heal|p1a: Rice|61/100 brn|[from] item: Leftovers
|-damage|p1a: Rice|49/100 brn|[from] brn
|-heal|p2a: Gengar|35/100 par|[from] item: Leftovers
|upkeep
|turn|39
|
|t:|1730059983
|move|p1a: Rice|Ice Punch|p2a: Gengar
|-damage|p2a: Gengar|9/100 par
|move|p2a: Gengar|Thunderbolt|p1a: Rice
|-damage|p1a: Rice|24/100 brn
|
|-weather|Sandstorm|[upkeep]
|-damage|p2a: Gengar|3/100 par|[from] Sandstorm
|-heal|p1a: Rice|30/100 brn|[from] item: Leftovers
|-damage|p1a: Rice|18/100 brn|[from] brn
|-heal|p2a: Gengar|9/100 par|[from] item: Leftovers
|upkeep
|turn|40
|
|t:|1730059988
|move|p1a: Rice|Ice Punch|p2a: Gengar
|-damage|p2a: Gengar|0 fnt
|faint|p2a: Gengar
|
|win|Elian
|c|☆Jnho|gg
|c|☆Elian|gg

</script>
<script type="application/json" class="data" id="replaydata-smogtours-gen3ou-802696">
{"id":"smogtours-gen3ou-802696","format":"[Gen 3] OU","players":["Elian","Jnho"],"uploadtime":1730059988,"views":104,"formatid":"gen3ou","rating":null,"private":0,"password":null}
</script>

<script defer src="js/replays.js?9d40a366"></script>
