<!DOCTYPE html>
<meta charset="utf-8" />
<meta name="viewport" content="width=device-width" />

<title>[Gen 3] OU: BongMoodeus vs. luisin - Replays - Pok&eacute;mon Showdown!</title>

<meta name="description" content="Watch a replay of a Pok&eacute;mon battle between BongMoodeus and luisin! Format: [Gen 3] OU; Date: Oct 17, 2024" />
<!--

Hey, you! Looking in the source for the replay log?

You can find them in JSON format, just add `.json` at the end of a replay URL.

https://replay.pokemonshowdown.com/gen7randomdoublesbattle-865046831.json

Or, if you only need the log itself, add `.log` instead:

https://replay.pokemonshowdown.com/gen7randomdoublesbattle-865046831.log

-->

<link rel="stylesheet" href="//pokemonshowdown.com/style/global.css?0.023195364461161105" />
<link rel="stylesheet" href="//play.pokemonshowdown.com/style/font-awesome.css?0.13261647063804238" />
<link rel="stylesheet" href="//play.pokemonshowdown.com/style/battle.css?0.8753245789963631" />
<link rel="stylesheet" href="//play.pokemonshowdown.com/style/utilichart.css?0.8627959624976733" />

<!-- Global site tag (gtag.js) - Google Analytics -->
<script async src="https://www.googletagmanager.com/gtag/js?id=UA-26211653-1"></script>
<script>
  window.dataLayer = window.dataLayer || [];
  function gtag(){dataLayer.push(arguments);}
  gtag('js', new Date());

  gtag('config', 'UA-26211653-1');
</script>
<!-- End Google Analytics -->
<!-- Venatus Ad Manager - Install in <HEAD> of page -->
	<script src="https://hb.vntsm.com/v3/live/ad-manager.min.js" type="text/javascript" data-site-id="642aba63ec9a7b11c3c9c1be" data-mode="scan" async></script>
<!-- / Venatus Ad Manager -->

<style>
	@media (max-width:820px) {
		.battle {
			margin: 0 auto;
		}
		.battle-log {
			margin: 7px auto 0;
			max-width: 640px;
			height: 300px;
			position: static;
		}
	}
	.optgroup {
		display: inline-block;
		line-height: 22px;
		font-size: 10pt;
	}
	.optgroup .button {
		height: 25px;
		padding-top: 0;
		padding-bottom: 0;
	}
	.optgroup button.button {
		padding-left: 12px;
		padding-right: 12px;
	}
	.linklist {
		list-style: none;
		margin: 0.5em 0;
		padding: 0;
	}
	.linklist li {
		padding: 2px 0;
	}
	.sidebar {
		float: left;
		width: 320px;
	}
	.bar-wrapper {
		max-width: 1100px;
		margin: 0 auto;
	}
	.bar-wrapper.has-sidebar {
		max-width: 1430px;
	}
	.mainbar {
		margin: 0;
		padding-right: 1px;
	}
	.mainbar.has-sidebar {
		margin-left: 330px;
	}
	@media (min-width: 1511px) {
		.sidebar {
			width: 400px;
		}
		.bar-wrapper.has-sidebar {
			max-width: 1510px;
		}
		.mainbar.has-sidebar {
			margin-left: 410px;
		}
	}
	.section.first-section {
		margin-top: 9px;
	}
	.blocklink small {
		white-space: normal;
	}
	.button {
		vertical-align: middle;
	}
	.replay-controls {
		padding-top: 10px;
	}
	.replay-controls h1 {
		font-size: 16pt;
		font-weight: normal;
		color: #CCC;
	}
	.pagelink {
		text-align: center;
	}
	.pagelink a {
		width: 150px;
	}
	.textbox, .button {
		font-size: 11pt;
		vertical-align: middle;
	}
	@media (max-width: 450px) {
		.button {
			font-size: 9pt;
		}
	}
</style>

<div>

	<header>
		<div class="nav-wrapper"><ul class="nav">
			<li><a class="button nav-first" href="//pokemonshowdown.com/"><img src="//pokemonshowdown.com/images/pokemonshowdownbeta.png" srcset="//pokemonshowdown.com/images/pokemonshowdownbeta.png 1x, //pokemonshowdown.com/images/pokemonshowdownbeta@2x.png 2x" alt="Pok&eacute;mon Showdown" width="146" height="44" /> Home</a></li>
			<li><a class="button" href="//pokemonshowdown.com/dex/">Pok&eacute;dex</a></li>
			<li><a class="button cur" href="/">Replays</a></li>
			<li><a class="button" href="//pokemonshowdown.com/ladder/">Ladder</a></li>
			<li><a class="button nav-last" href="//pokemonshowdown.com/forums/">Forum</a></li>
			<li><a class="button greenbutton nav-first nav-last" href="//play.pokemonshowdown.com/">Play</a></li>
		</ul></div>
	</header>

	<div class="main" id="main">

		<noscript><section class="section">You need to enable JavaScript to use this page; sorry!</section></noscript>

	</div>

</div>

<script defer nomodule src="//play.pokemonshowdown.com/js/lib/ps-polyfill.js"></script>
<script defer src="//play.pokemonshowdown.com/js/lib/preact.min.js"></script>

<script defer src="//play.pokemonshowdown.com/config/config.js?2bddbc15"></script>
<script defer src="//play.pokemonshowdown.com/js/lib/jquery-1.11.0.min.js"></script>
<script defer src="//play.pokemonshowdown.com/js/lib/html-sanitizer-minified.js"></script>
<script defer src="//play.pokemonshowdown.com/js/battle-sound.js"></script>
<script defer src="//play.pokemonshowdown.com/js/battledata.js?0.7209276989879541"></script>
<script defer src="//play.pokemonshowdown.com/data/pokedex-mini.js?0.6111056340867951"></script>
<script defer src="//play.pokemonshowdown.com/data/pokedex-mini-bw.js?0.3532142036491459"></script>
<script defer src="//play.pokemonshowdown.com/data/graphics.js?0.24223875632456182"></script>
<script defer src="//play.pokemonshowdown.com/data/pokedex.js?0.38839984266356864"></script>
<script defer src="//play.pokemonshowdown.com/data/moves.js?0.21866028504024015"></script>
<script defer src="//play.pokemonshowdown.com/data/abilities.js?0.2005157953846628"></script>
<script defer src="//play.pokemonshowdown.com/data/items.js?0.9894211263848525"></script>
<script defer src="//play.pokemonshowdown.com/data/teambuilder-tables.js?0.6008791140282215"></script>
<script defer src="//play.pokemonshowdown.com/js/battle-tooltips.js?0.7580118955022959"></script>
<script defer src="//play.pokemonshowdown.com/js/battle.js?0.6057722274234274"></script>

<script defer src="js/utils.js?e31f9a17"></script>
<script defer src="js/replays-battle.js?7008c182"></script>

<!-- don't scrape this data! just add .json or .log after the URL!
Full API docs: https://github.com/smogon/pokemon-showdown-client/blob/master/WEB-API.md -->
<script type="text/plain" class="log" id="replaylog-smogtours-gen3ou-799226">
|inactive|Battle timer is ON: inactive players will automatically lose when time's up.
|t:|1729128348
|gametype|singles
|player|p1|BongMoodeus|2|
|player|p2|luisin|#luisin|
|teamsize|p1|6
|teamsize|p2|6
|gen|3
|tier|[Gen 3] OU
|rule|Sleep Clause Mod: Limit one foe put to sleep
|rule|Switch Priority Clause Mod: Faster Pokémon switch first
|rule|Species Clause: Limit one of each Pokémon
|rule|OHKO Clause: OHKO moves are banned
|rule|Evasion Items Clause: Evasion items are banned
|rule|Evasion Moves Clause: Evasion moves are banned
|rule|Endless Battle Clause: Forcing endless battles is banned
|rule|HP Percentage Mod: HP is shown in percentages
|rule|One Boost Passer Clause: Limit one Baton Passer that has a way to boost its stats
|rule|Freeze Clause Mod: Limit one foe frozen
|
|t:|1729128348
|start
|switch|p1a: Tricknology|Zapdos|100/100
|switch|p2a: Salamence|Salamence, F|100/100
|-ability|p2a: Salamence|Intimidate|boost
|-unboost|p1a: Tricknology|atk|1
|turn|1
|c|☆luisin|hf
|
|t:|1729128359
|switch|p1a: Root of Deceit|Suicune|100/100
|move|p2a: Salamence|Rock Slide|p1a: Root of Deceit
|-damage|p1a: Root of Deceit|72/100
|
|-heal|p1a: Root of Deceit|78/100|[from] item: Leftovers
|upkeep
|turn|2
|
|t:|1729128372
|switch|p2a: Hariyama|Hariyama, M|100/100
|move|p1a: Root of Deceit|Calm Mind|p1a: Root of Deceit
|-boost|p1a: Root of Deceit|spa|1
|-boost|p1a: Root of Deceit|spd|1
|
|-heal|p1a: Root of Deceit|84/100|[from] item: Leftovers
|upkeep
|turn|3
|
|t:|1729128378
|move|p1a: Root of Deceit|Surf|p2a: Hariyama
|-crit|p2a: Hariyama
|-damage|p2a: Hariyama|0 fnt
|faint|p2a: Hariyama
|c|☆luisin|Rip 
|
|t:|1729128385
|switch|p2a: Suicune|Suicune|100/100
|
|-heal|p1a: Root of Deceit|90/100|[from] item: Leftovers
|upkeep
|turn|4
|
|t:|1729128389
|switch|p1a: Tricknology|Zapdos|100/100
|move|p2a: Suicune|Roar|p1a: Tricknology
|drag|p1a: Root of Deceit|Suicune|90/100
|
|-heal|p1a: Root of Deceit|97/100|[from] item: Leftovers
|upkeep
|turn|5
|
|t:|1729128399
|switch|p1a: Evil White Man|Snorlax, F|100/100
|move|p2a: Suicune|Calm Mind|p2a: Suicune
|-boost|p2a: Suicune|spa|1
|-boost|p2a: Suicune|spd|1
|
|upkeep
|turn|6
|
|t:|1729128404
|switch|p2a: Jirachi|Jirachi|100/100
|move|p1a: Evil White Man|Curse|p1a: Evil White Man
|-unboost|p1a: Evil White Man|spe|1
|-boost|p1a: Evil White Man|atk|1
|-boost|p1a: Evil White Man|def|1
|
|upkeep
|turn|7
|
|t:|1729128414
|move|p2a: Jirachi|Fire Punch|p1a: Evil White Man
|-damage|p1a: Evil White Man|91/100
|move|p1a: Evil White Man|Curse|p1a: Evil White Man
|-unboost|p1a: Evil White Man|spe|1
|-boost|p1a: Evil White Man|atk|1
|-boost|p1a: Evil White Man|def|1
|
|-heal|p1a: Evil White Man|97/100|[from] item: Leftovers
|upkeep
|turn|8
|
|t:|1729128418
|move|p2a: Jirachi|Fire Punch|p1a: Evil White Man
|-damage|p1a: Evil White Man|88/100
|move|p1a: Evil White Man|Shadow Ball|p2a: Jirachi
|-damage|p2a: Jirachi|72/100
|
|-heal|p2a: Jirachi|78/100|[from] item: Leftovers
|-heal|p1a: Evil White Man|94/100|[from] item: Leftovers
|upkeep
|turn|9
|
|t:|1729128423
|move|p2a: Jirachi|Fire Punch|p1a: Evil White Man
|-damage|p1a: Evil White Man|86/100
|move|p1a: Evil White Man|Shadow Ball|p2a: Jirachi
|-damage|p2a: Jirachi|52/100
|
|-heal|p2a: Jirachi|58/100|[from] item: Leftovers
|-heal|p1a: Evil White Man|92/100|[from] item: Leftovers
|upkeep
|turn|10
|
|t:|1729128427
|move|p2a: Jirachi|Wish|p2a: Jirachi
|move|p1a: Evil White Man|Shadow Ball|p2a: Jirachi
|-damage|p2a: Jirachi|33/100
|
|-heal|p2a: Jirachi|39/100|[from] item: Leftovers
|-heal|p1a: Evil White Man|98/100|[from] item: Leftovers
|upkeep
|turn|11
|
|t:|1729128439
|switch|p1a: Devil|Metagross|100/100
|move|p2a: Jirachi|Fire Punch|p1a: Devil
|-supereffective|p1a: Devil
|-damage|p1a: Devil|64/100
|
|-heal|p2a: Jirachi|89/100|[from] move: Wish|[wisher] Jirachi
|-heal|p2a: Jirachi|95/100|[from] item: Leftovers
|-heal|p1a: Devil|70/100|[from] item: Leftovers
|upkeep
|turn|12
|
|t:|1729128444
|move|p2a: Jirachi|Fire Punch|p1a: Devil
|-supereffective|p1a: Devil
|-damage|p1a: Devil|36/100
|move|p1a: Devil|Earthquake|p2a: Jirachi
|-supereffective|p2a: Jirachi
|-damage|p2a: Jirachi|51/100
|
|-heal|p2a: Jirachi|57/100|[from] item: Leftovers
|-heal|p1a: Devil|42/100|[from] item: Leftovers
|upkeep
|turn|13
|
|t:|1729128450
|move|p2a: Jirachi|Protect|p2a: Jirachi
|-singleturn|p2a: Jirachi|Protect
|move|p1a: Devil|Protect||[still]
|-fail|p1a: Devil
|
|-heal|p2a: Jirachi|63/100|[from] item: Leftovers
|-heal|p1a: Devil|48/100|[from] item: Leftovers
|upkeep
|turn|14
|
|t:|1729128453
|move|p2a: Jirachi|Fire Punch|p1a: Devil
|-supereffective|p1a: Devil
|-crit|p1a: Devil
|-damage|p1a: Devil|0 fnt
|faint|p1a: Devil
|
|t:|1729128462
|switch|p1a: Yakub's Magnets|Magneton|100/100
|
|-heal|p2a: Jirachi|69/100|[from] item: Leftovers
|upkeep
|turn|15
|
|t:|1729128468
|move|p2a: Jirachi|Protect|p2a: Jirachi
|-singleturn|p2a: Jirachi|Protect
|move|p1a: Yakub's Magnets|Thunderbolt|p2a: Jirachi
|-activate|p2a: Jirachi|Protect
|
|-heal|p2a: Jirachi|75/100|[from] item: Leftovers
|upkeep
|turn|16
|
|t:|1729128471
|move|p2a: Jirachi|Wish|p2a: Jirachi
|move|p1a: Yakub's Magnets|Thunderbolt|p2a: Jirachi
|-damage|p2a: Jirachi|30/100
|
|-heal|p2a: Jirachi|36/100|[from] item: Leftovers
|upkeep
|turn|17
|
|t:|1729128474
|move|p2a: Jirachi|Protect|p2a: Jirachi
|-singleturn|p2a: Jirachi|Protect
|move|p1a: Yakub's Magnets|Thunderbolt|p2a: Jirachi
|-activate|p2a: Jirachi|Protect
|
|-heal|p2a: Jirachi|86/100|[from] move: Wish|[wisher] Jirachi
|-heal|p2a: Jirachi|92/100|[from] item: Leftovers
|upkeep
|turn|18
|
|t:|1729128476
|move|p2a: Jirachi|Wish|p2a: Jirachi
|move|p1a: Yakub's Magnets|Thunderbolt|p2a: Jirachi
|-crit|p2a: Jirachi
|-damage|p2a: Jirachi|2/100
|
|-heal|p2a: Jirachi|9/100|[from] item: Leftovers
|upkeep
|turn|19
|
|t:|1729128480
|move|p2a: Jirachi|Protect|p2a: Jirachi
|-singleturn|p2a: Jirachi|Protect
|move|p1a: Yakub's Magnets|Thunderbolt|p2a: Jirachi
|-activate|p2a: Jirachi|Protect
|
|-heal|p2a: Jirachi|59/100|[from] move: Wish|[wisher] Jirachi
|-heal|p2a: Jirachi|65/100|[from] item: Leftovers
|upkeep
|turn|20
|
|t:|1729128481
|move|p2a: Jirachi|Wish|p2a: Jirachi
|move|p1a: Yakub's Magnets|Thunderbolt|p2a: Jirachi
|-damage|p2a: Jirachi|21/100
|
|-heal|p2a: Jirachi|27/100|[from] item: Leftovers
|upkeep
|turn|21
|
|t:|1729128484
|move|p2a: Jirachi|Protect|p2a: Jirachi
|-singleturn|p2a: Jirachi|Protect
|move|p1a: Yakub's Magnets|Thunderbolt|p2a: Jirachi
|-activate|p2a: Jirachi|Protect
|
|-heal|p2a: Jirachi|77/100|[from] move: Wish|[wisher] Jirachi
|-heal|p2a: Jirachi|83/100|[from] item: Leftovers
|upkeep
|turn|22
|
|t:|1729128486
|move|p2a: Jirachi|Wish|p2a: Jirachi
|move|p1a: Yakub's Magnets|Thunderbolt|p2a: Jirachi
|-damage|p2a: Jirachi|34/100
|
|-heal|p2a: Jirachi|40/100|[from] item: Leftovers
|upkeep
|turn|23
|
|t:|1729128488
|move|p2a: Jirachi|Protect|p2a: Jirachi
|-singleturn|p2a: Jirachi|Protect
|move|p1a: Yakub's Magnets|Thunderbolt|p2a: Jirachi
|-activate|p2a: Jirachi|Protect
|
|-heal|p2a: Jirachi|90/100|[from] move: Wish|[wisher] Jirachi
|-heal|p2a: Jirachi|97/100|[from] item: Leftovers
|upkeep
|turn|24
|
|t:|1729128489
|move|p2a: Jirachi|Wish|p2a: Jirachi
|move|p1a: Yakub's Magnets|Thunderbolt|p2a: Jirachi
|-damage|p2a: Jirachi|54/100
|
|-heal|p2a: Jirachi|60/100|[from] item: Leftovers
|upkeep
|turn|25
|
|t:|1729128491
|move|p2a: Jirachi|Fire Punch|p1a: Yakub's Magnets
|-supereffective|p1a: Yakub's Magnets
|-damage|p1a: Yakub's Magnets|37/100
|move|p1a: Yakub's Magnets|Thunderbolt|p2a: Jirachi
|-damage|p2a: Jirachi|12/100
|-status|p2a: Jirachi|par
|
|-heal|p2a: Jirachi|62/100 par|[from] move: Wish|[wisher] Jirachi
|-heal|p2a: Jirachi|68/100 par|[from] item: Leftovers
|upkeep
|turn|26
|
|t:|1729128497
|move|p1a: Yakub's Magnets|Thunderbolt|p2a: Jirachi
|-damage|p2a: Jirachi|24/100 par
|move|p2a: Jirachi|Fire Punch|p1a: Yakub's Magnets
|-supereffective|p1a: Yakub's Magnets
|-damage|p1a: Yakub's Magnets|0 fnt
|faint|p1a: Yakub's Magnets
|
|t:|1729128503
|switch|p1a: Tricknology|Zapdos|100/100
|
|-heal|p2a: Jirachi|30/100 par|[from] item: Leftovers
|upkeep
|turn|27
|
|t:|1729128506
|switch|p2a: Blissey|Blissey, F|100/100
|move|p1a: Tricknology|Thunderbolt|p2a: Blissey
|-damage|p2a: Blissey|85/100
|
|-heal|p2a: Blissey|91/100|[from] item: Leftovers
|upkeep
|turn|28
|
|t:|1729128509
|switch|p1a: Evil White Man|Snorlax, F|98/100
|move|p2a: Blissey|Aromatherapy|p2a: Blissey
|-cureteam|p2a: Blissey|[from] move: Aromatherapy
|
|-heal|p2a: Blissey|97/100|[from] item: Leftovers
|-heal|p1a: Evil White Man|100/100|[from] item: Leftovers
|upkeep
|turn|29
|
|t:|1729128515
|switch|p2a: Jirachi|Jirachi|30/100
|move|p1a: Evil White Man|Return|p2a: Jirachi
|-resisted|p2a: Jirachi
|-damage|p2a: Jirachi|16/100
|
|-heal|p2a: Jirachi|22/100|[from] item: Leftovers
|upkeep
|turn|30
|
|t:|1729128523
|move|p2a: Jirachi|Wish|p2a: Jirachi
|move|p1a: Evil White Man|Curse|p1a: Evil White Man
|-unboost|p1a: Evil White Man|spe|1
|-boost|p1a: Evil White Man|atk|1
|-boost|p1a: Evil White Man|def|1
|
|-heal|p2a: Jirachi|29/100|[from] item: Leftovers
|upkeep
|turn|31
|
|t:|1729128528
|move|p2a: Jirachi|Fire Punch|p1a: Evil White Man
|-damage|p1a: Evil White Man|92/100
|-status|p1a: Evil White Man|brn
|move|p1a: Evil White Man|Curse|p1a: Evil White Man
|-unboost|p1a: Evil White Man|spe|1
|-boost|p1a: Evil White Man|atk|1
|-boost|p1a: Evil White Man|def|1
|
|-heal|p2a: Jirachi|78/100|[from] move: Wish|[wisher] Jirachi
|-heal|p2a: Jirachi|85/100|[from] item: Leftovers
|-heal|p1a: Evil White Man|98/100 brn|[from] item: Leftovers
|-damage|p1a: Evil White Man|86/100 brn|[from] brn
|upkeep
|turn|32
|
|t:|1729128531
|move|p2a: Jirachi|Wish|p2a: Jirachi
|move|p1a: Evil White Man|Curse|p1a: Evil White Man
|-unboost|p1a: Evil White Man|spe|1
|-boost|p1a: Evil White Man|atk|1
|-boost|p1a: Evil White Man|def|1
|
|-heal|p2a: Jirachi|91/100|[from] item: Leftovers
|-heal|p1a: Evil White Man|92/100 brn|[from] item: Leftovers
|-damage|p1a: Evil White Man|80/100 brn|[from] brn
|upkeep
|turn|33
|
|t:|1729128537
|move|p2a: Jirachi|Fire Punch|p1a: Evil White Man
|-damage|p1a: Evil White Man|72/100 brn
|move|p1a: Evil White Man|Rest|p1a: Evil White Man
|-status|p1a: Evil White Man|slp|[from] move: Rest
|-heal|p1a: Evil White Man|100/100 slp|[silent]
|
|-heal|p2a: Jirachi|100/100|[from] move: Wish|[wisher] Jirachi
|upkeep
|turn|34
|
|t:|1729128540
|switch|p2a: Suicune|Suicune|100/100
|cant|p1a: Evil White Man|slp
|
|upkeep
|turn|35
|
|t:|1729128542
|cant|p1a: Evil White Man|slp
|move|p2a: Suicune|Roar|p1a: Evil White Man
|drag|p1a: Root of Deceit|Suicune|97/100
|
|-heal|p1a: Root of Deceit|100/100|[from] item: Leftovers
|upkeep
|turn|36
|
|t:|1729128546
|switch|p1a: Tricknology|Zapdos|100/100
|move|p2a: Suicune|Calm Mind|p2a: Suicune
|-boost|p2a: Suicune|spa|1
|-boost|p2a: Suicune|spd|1
|
|upkeep
|turn|37
|
|t:|1729128549
|switch|p2a: Blissey|Blissey, F|97/100
|move|p1a: Tricknology|Thunderbolt|p2a: Blissey
|-damage|p2a: Blissey|81/100
|
|-heal|p2a: Blissey|87/100|[from] item: Leftovers
|upkeep
|turn|38
|
|t:|1729128551
|switch|p1a: Evil White Man|Snorlax, F|100/100 slp
|move|p2a: Blissey|Ice Beam|p1a: Evil White Man
|-damage|p1a: Evil White Man|88/100 slp
|
|-heal|p2a: Blissey|93/100|[from] item: Leftovers
|-heal|p1a: Evil White Man|94/100 slp|[from] item: Leftovers
|upkeep
|turn|39
|
|t:|1729128555
|switch|p2a: Salamence|Salamence, F|100/100
|-ability|p2a: Salamence|Intimidate|boost
|-unboost|p1a: Evil White Man|atk|1
|-curestatus|p1a: Evil White Man|slp|[msg]
|move|p1a: Evil White Man|Curse|p1a: Evil White Man
|-unboost|p1a: Evil White Man|spe|1
|-boost|p1a: Evil White Man|atk|1
|-boost|p1a: Evil White Man|def|1
|
|-heal|p1a: Evil White Man|100/100|[from] item: Leftovers
|upkeep
|turn|40
|
|t:|1729128563
|switch|p2a: Suicune|Suicune|100/100
|move|p1a: Evil White Man|Curse|p1a: Evil White Man
|-unboost|p1a: Evil White Man|spe|1
|-boost|p1a: Evil White Man|atk|1
|-boost|p1a: Evil White Man|def|1
|
|upkeep
|turn|41
|
|t:|1729128567
|move|p1a: Evil White Man|Return|p2a: Suicune
|-damage|p2a: Suicune|62/100
|move|p2a: Suicune|Roar|p1a: Evil White Man
|drag|p1a: Yakub|Claydol|100/100
|
|-heal|p2a: Suicune|68/100|[from] item: Leftovers
|upkeep
|turn|42
|
|t:|1729128572
|switch|p2a: Claydol|Claydol|100/100
|switch|p1a: Evil White Man|Snorlax, F|100/100
|
|upkeep
|turn|43
|
|t:|1729128583
|switch|p2a: Suicune|Suicune|68/100
|switch|p1a: Yakub|Claydol|100/100
|
|-heal|p2a: Suicune|74/100|[from] item: Leftovers
|upkeep
|turn|44
|
|t:|1729128588
|switch|p2a: Claydol|Claydol|100/100
|switch|p1a: Tricknology|Zapdos|100/100
|
|upkeep
|turn|45
|
|t:|1729128599
|switch|p2a: Blissey|Blissey, F|93/100
|move|p1a: Tricknology|Drill Peck|p2a: Blissey
|-damage|p2a: Blissey|42/100
|
|-heal|p2a: Blissey|48/100|[from] item: Leftovers
|upkeep
|turn|46
|
|t:|1729128602
|move|p1a: Tricknology|Drill Peck|p2a: Blissey
|-damage|p2a: Blissey|0 fnt
|faint|p2a: Blissey
|
|t:|1729128607
|switch|p2a: Salamence|Salamence, F|100/100
|-ability|p2a: Salamence|Intimidate|boost
|-unboost|p1a: Tricknology|atk|1
|
|upkeep
|turn|47
|
|t:|1729128613
|move|p2a: Salamence|Hidden Power|p1a: Tricknology
|-resisted|p1a: Tricknology
|-crit|p1a: Tricknology
|-damage|p1a: Tricknology|19/100
|move|p1a: Tricknology|Drill Peck|p2a: Salamence
|-damage|p2a: Salamence|59/100
|
|upkeep
|turn|48
|
|t:|1729128627
|switch|p1a: Yakub|Claydol|100/100
|move|p2a: Salamence|Hidden Power|p1a: Yakub
|-damage|p1a: Yakub|44/100
|
|-heal|p1a: Yakub|50/100|[from] item: Leftovers
|upkeep
|turn|49
|
|t:|1729128630
|move|p2a: Salamence|Hidden Power|p1a: Yakub
|-damage|p1a: Yakub|0 fnt
|faint|p1a: Yakub
|
|t:|1729128633
|switch|p1a: Root of Deceit|Suicune|100/100
|
|upkeep
|turn|50
|
|t:|1729128641
|switch|p2a: Suicune|Suicune|74/100
|move|p1a: Root of Deceit|Surf|p2a: Suicune
|-resisted|p2a: Suicune
|-damage|p2a: Suicune|59/100
|
|-heal|p2a: Suicune|65/100|[from] item: Leftovers
|upkeep
|turn|51
|
|t:|1729128644
|switch|p1a: Evil White Man|Snorlax, F|100/100
|move|p2a: Suicune|Calm Mind|p2a: Suicune
|-boost|p2a: Suicune|spa|1
|-boost|p2a: Suicune|spd|1
|
|-heal|p2a: Suicune|71/100|[from] item: Leftovers
|upkeep
|turn|52
|
|t:|1729128648
|switch|p2a: Jirachi|Jirachi|100/100
|move|p1a: Evil White Man|Return|p2a: Jirachi
|-resisted|p2a: Jirachi
|-damage|p2a: Jirachi|88/100
|
|-heal|p2a: Jirachi|95/100|[from] item: Leftovers
|upkeep
|turn|53
|
|t:|1729128652
|move|p2a: Jirachi|Fire Punch|p1a: Evil White Man
|-damage|p1a: Evil White Man|92/100
|-status|p1a: Evil White Man|brn
|move|p1a: Evil White Man|Curse|p1a: Evil White Man
|-unboost|p1a: Evil White Man|spe|1
|-boost|p1a: Evil White Man|atk|1
|-boost|p1a: Evil White Man|def|1
|
|-heal|p2a: Jirachi|100/100|[from] item: Leftovers
|-heal|p1a: Evil White Man|99/100 brn|[from] item: Leftovers
|-damage|p1a: Evil White Man|86/100 brn|[from] brn
|upkeep
|turn|54
|
|t:|1729128654
|move|p2a: Jirachi|Wish|p2a: Jirachi
|move|p1a: Evil White Man|Curse|p1a: Evil White Man
|-unboost|p1a: Evil White Man|spe|1
|-boost|p1a: Evil White Man|atk|1
|-boost|p1a: Evil White Man|def|1
|
|-heal|p1a: Evil White Man|92/100 brn|[from] item: Leftovers
|-damage|p1a: Evil White Man|80/100 brn|[from] brn
|upkeep
|turn|55
|
|t:|1729128656
|switch|p2a: Suicune|Suicune|71/100
|move|p1a: Evil White Man|Rest|p1a: Evil White Man
|-status|p1a: Evil White Man|slp|[from] move: Rest
|-heal|p1a: Evil White Man|100/100 slp|[silent]
|
|-heal|p2a: Suicune|100/100|[from] move: Wish|[wisher] Jirachi
|upkeep
|turn|56
|
|t:|1729128660
|move|p2a: Suicune|Calm Mind|p2a: Suicune
|-boost|p2a: Suicune|spa|1
|-boost|p2a: Suicune|spd|1
|cant|p1a: Evil White Man|slp
|
|upkeep
|turn|57
|
|t:|1729128662
|move|p2a: Suicune|Calm Mind|p2a: Suicune
|-boost|p2a: Suicune|spa|1
|-boost|p2a: Suicune|spd|1
|cant|p1a: Evil White Man|slp
|
|upkeep
|turn|58
|
|t:|1729128665
|move|p2a: Suicune|Calm Mind|p2a: Suicune
|-boost|p2a: Suicune|spa|1
|-boost|p2a: Suicune|spd|1
|-curestatus|p1a: Evil White Man|slp|[msg]
|move|p1a: Evil White Man|Return|p2a: Suicune
|-crit|p2a: Suicune
|-damage|p2a: Suicune|0 fnt
|faint|p2a: Suicune
|
|t:|1729128670
|switch|p2a: Jirachi|Jirachi|100/100
|
|upkeep
|turn|59
|
|t:|1729128674
|move|p2a: Jirachi|Fire Punch|p1a: Evil White Man
|-damage|p1a: Evil White Man|92/100
|move|p1a: Evil White Man|Curse|p1a: Evil White Man
|-unboost|p1a: Evil White Man|spe|1
|-boost|p1a: Evil White Man|atk|1
|-boost|p1a: Evil White Man|def|1
|
|-heal|p1a: Evil White Man|98/100|[from] item: Leftovers
|upkeep
|turn|60
|
|t:|1729128677
|move|p2a: Jirachi|Protect|p2a: Jirachi
|-singleturn|p2a: Jirachi|Protect
|move|p1a: Evil White Man|Curse|p1a: Evil White Man
|-unboost|p1a: Evil White Man|spe|1
|-boost|p1a: Evil White Man|atk|1
|-boost|p1a: Evil White Man|def|1
|
|-heal|p1a: Evil White Man|100/100|[from] item: Leftovers
|upkeep
|turn|61
|
|t:|1729128681
|move|p2a: Jirachi|Fire Punch|p1a: Evil White Man
|-damage|p1a: Evil White Man|91/100
|move|p1a: Evil White Man|Curse|p1a: Evil White Man
|-unboost|p1a: Evil White Man|spe|1
|-boost|p1a: Evil White Man|atk|1
|-boost|p1a: Evil White Man|def|1
|
|-heal|p1a: Evil White Man|97/100|[from] item: Leftovers
|upkeep
|turn|62
|
|t:|1729128683
|move|p2a: Jirachi|Fire Punch|p1a: Evil White Man
|-damage|p1a: Evil White Man|88/100
|move|p1a: Evil White Man|Return|p2a: Jirachi
|-resisted|p2a: Jirachi
|-damage|p2a: Jirachi|54/100
|
|-heal|p2a: Jirachi|61/100|[from] item: Leftovers
|-heal|p1a: Evil White Man|94/100|[from] item: Leftovers
|upkeep
|turn|63
|
|t:|1729128686
|move|p2a: Jirachi|Protect|p2a: Jirachi
|-singleturn|p2a: Jirachi|Protect
|move|p1a: Evil White Man|Return|p2a: Jirachi
|-activate|p2a: Jirachi|Protect
|
|-heal|p2a: Jirachi|67/100|[from] item: Leftovers
|-heal|p1a: Evil White Man|99/100|[from] item: Leftovers
|upkeep
|turn|64
|
|t:|1729128688
|move|p2a: Jirachi|Wish|p2a: Jirachi
|move|p1a: Evil White Man|Return|p2a: Jirachi
|-resisted|p2a: Jirachi
|-damage|p2a: Jirachi|24/100
|
|-heal|p2a: Jirachi|30/100|[from] item: Leftovers
|-heal|p1a: Evil White Man|100/100|[from] item: Leftovers
|upkeep
|turn|65
|
|t:|1729128690
|move|p2a: Jirachi|Protect|p2a: Jirachi
|-singleturn|p2a: Jirachi|Protect
|move|p1a: Evil White Man|Curse|p1a: Evil White Man
|-unboost|p1a: Evil White Man|spe|1
|-boost|p1a: Evil White Man|atk|1
|-boost|p1a: Evil White Man|def|1
|
|-heal|p2a: Jirachi|80/100|[from] move: Wish|[wisher] Jirachi
|-heal|p2a: Jirachi|86/100|[from] item: Leftovers
|upkeep
|turn|66
|
|t:|1729128692
|move|p2a: Jirachi|Wish|p2a: Jirachi
|move|p1a: Evil White Man|Shadow Ball|p2a: Jirachi
|-damage|p2a: Jirachi|36/100
|
|-heal|p2a: Jirachi|42/100|[from] item: Leftovers
|upkeep
|turn|67
|
|t:|1729128698
|move|p2a: Jirachi|Protect|p2a: Jirachi
|-singleturn|p2a: Jirachi|Protect
|move|p1a: Evil White Man|Return|p2a: Jirachi
|-activate|p2a: Jirachi|Protect
|
|-heal|p2a: Jirachi|92/100|[from] move: Wish|[wisher] Jirachi
|-heal|p2a: Jirachi|98/100|[from] item: Leftovers
|upkeep
|turn|68
|
|t:|1729128701
|move|p2a: Jirachi|Wish|p2a: Jirachi
|move|p1a: Evil White Man|Return|p2a: Jirachi
|-resisted|p2a: Jirachi
|-damage|p2a: Jirachi|51/100
|
|-heal|p2a: Jirachi|57/100|[from] item: Leftovers
|upkeep
|turn|69
|
|t:|1729128705
|move|p2a: Jirachi|Fire Punch|p1a: Evil White Man
|-damage|p1a: Evil White Man|92/100
|move|p1a: Evil White Man|Shadow Ball|p2a: Jirachi
|-damage|p2a: Jirachi|0 fnt
|faint|p2a: Jirachi
|-message|luisin forfeited.
|
|win|BongMoodeus

</script>
<script type="application/json" class="data" id="replaydata-smogtours-gen3ou-799226">
{"id":"smogtours-gen3ou-799226","format":"[Gen 3] OU","players":["BongMoodeus","luisin"],"uploadtime":1729128710,"views":127,"formatid":"gen3ou","rating":null,"private":0,"password":null}
</script>

<script defer src="js/replays.js?9d40a366"></script>
