<!DOCTYPE html>
<meta charset="utf-8" />
<meta name="viewport" content="width=device-width" />

<title>[Gen 3] OU: Key to Life vs. Ooziegib - Replays - Pok&eacute;mon Showdown!</title>

<meta name="description" content="Watch a replay of a Pok&eacute;mon battle between Key to Life and Ooziegib! Format: [Gen 3] OU; Date: Nov 6, 2024" />
<!--

Hey, you! Looking in the source for the replay log?

You can find them in JSON format, just add `.json` at the end of a replay URL.

https://replay.pokemonshowdown.com/gen7randomdoublesbattle-865046831.json

Or, if you only need the log itself, add `.log` instead:

https://replay.pokemonshowdown.com/gen7randomdoublesbattle-865046831.log

-->

<link rel="stylesheet" href="//pokemonshowdown.com/style/global.css?0.023195364461161105" />
<link rel="stylesheet" href="//play.pokemonshowdown.com/style/font-awesome.css?0.13261647063804238" />
<link rel="stylesheet" href="//play.pokemonshowdown.com/style/battle.css?0.8753245789963631" />
<link rel="stylesheet" href="//play.pokemonshowdown.com/style/utilichart.css?0.8627959624976733" />

<!-- Global site tag (gtag.js) - Google Analytics -->
<script async src="https://www.googletagmanager.com/gtag/js?id=UA-26211653-1"></script>
<script>
  window.dataLayer = window.dataLayer || [];
  function gtag(){dataLayer.push(arguments);}
  gtag('js', new Date());

  gtag('config', 'UA-26211653-1');
</script>
<!-- End Google Analytics -->
<!-- Venatus Ad Manager - Install in <HEAD> of page -->
	<script src="https://hb.vntsm.com/v3/live/ad-manager.min.js" type="text/javascript" data-site-id="642aba63ec9a7b11c3c9c1be" data-mode="scan" async></script>
<!-- / Venatus Ad Manager -->

<style>
	@media (max-width:820px) {
		.battle {
			margin: 0 auto;
		}
		.battle-log {
			margin: 7px auto 0;
			max-width: 640px;
			height: 300px;
			position: static;
		}
	}
	.optgroup {
		display: inline-block;
		line-height: 22px;
		font-size: 10pt;
	}
	.optgroup .button {
		height: 25px;
		padding-top: 0;
		padding-bottom: 0;
	}
	.optgroup button.button {
		padding-left: 12px;
		padding-right: 12px;
	}
	.linklist {
		list-style: none;
		margin: 0.5em 0;
		padding: 0;
	}
	.linklist li {
		padding: 2px 0;
	}
	.sidebar {
		float: left;
		width: 320px;
	}
	.bar-wrapper {
		max-width: 1100px;
		margin: 0 auto;
	}
	.bar-wrapper.has-sidebar {
		max-width: 1430px;
	}
	.mainbar {
		margin: 0;
		padding-right: 1px;
	}
	.mainbar.has-sidebar {
		margin-left: 330px;
	}
	@media (min-width: 1511px) {
		.sidebar {
			width: 400px;
		}
		.bar-wrapper.has-sidebar {
			max-width: 1510px;
		}
		.mainbar.has-sidebar {
			margin-left: 410px;
		}
	}
	.section.first-section {
		margin-top: 9px;
	}
	.blocklink small {
		white-space: normal;
	}
	.button {
		vertical-align: middle;
	}
	.replay-controls {
		padding-top: 10px;
	}
	.replay-controls h1 {
		font-size: 16pt;
		font-weight: normal;
		color: #CCC;
	}
	.pagelink {
		text-align: center;
	}
	.pagelink a {
		width: 150px;
	}
	.textbox, .button {
		font-size: 11pt;
		vertical-align: middle;
	}
	@media (max-width: 450px) {
		.button {
			font-size: 9pt;
		}
	}
</style>

<div>

	<header>
		<div class="nav-wrapper"><ul class="nav">
			<li><a class="button nav-first" href="//pokemonshowdown.com/"><img src="//pokemonshowdown.com/images/pokemonshowdownbeta.png" srcset="//pokemonshowdown.com/images/pokemonshowdownbeta.png 1x, //pokemonshowdown.com/images/pokemonshowdownbeta@2x.png 2x" alt="Pok&eacute;mon Showdown" width="146" height="44" /> Home</a></li>
			<li><a class="button" href="//pokemonshowdown.com/dex/">Pok&eacute;dex</a></li>
			<li><a class="button cur" href="/">Replays</a></li>
			<li><a class="button" href="//pokemonshowdown.com/ladder/">Ladder</a></li>
			<li><a class="button nav-last" href="//pokemonshowdown.com/forums/">Forum</a></li>
			<li><a class="button greenbutton nav-first nav-last" href="//play.pokemonshowdown.com/">Play</a></li>
		</ul></div>
	</header>

	<div class="main" id="main">

		<noscript><section class="section">You need to enable JavaScript to use this page; sorry!</section></noscript>

	</div>

</div>

<script defer nomodule src="//play.pokemonshowdown.com/js/lib/ps-polyfill.js"></script>
<script defer src="//play.pokemonshowdown.com/js/lib/preact.min.js"></script>

<script defer src="//play.pokemonshowdown.com/config/config.js?2bddbc15"></script>
<script defer src="//play.pokemonshowdown.com/js/lib/jquery-1.11.0.min.js"></script>
<script defer src="//play.pokemonshowdown.com/js/lib/html-sanitizer-minified.js"></script>
<script defer src="//play.pokemonshowdown.com/js/battle-sound.js"></script>
<script defer src="//play.pokemonshowdown.com/js/battledata.js?0.7209276989879541"></script>
<script defer src="//play.pokemonshowdown.com/data/pokedex-mini.js?0.6111056340867951"></script>
<script defer src="//play.pokemonshowdown.com/data/pokedex-mini-bw.js?0.3532142036491459"></script>
<script defer src="//play.pokemonshowdown.com/data/graphics.js?0.24223875632456182"></script>
<script defer src="//play.pokemonshowdown.com/data/pokedex.js?0.38839984266356864"></script>
<script defer src="//play.pokemonshowdown.com/data/moves.js?0.21866028504024015"></script>
<script defer src="//play.pokemonshowdown.com/data/abilities.js?0.2005157953846628"></script>
<script defer src="//play.pokemonshowdown.com/data/items.js?0.9894211263848525"></script>
<script defer src="//play.pokemonshowdown.com/data/teambuilder-tables.js?0.6008791140282215"></script>
<script defer src="//play.pokemonshowdown.com/js/battle-tooltips.js?0.7580118955022959"></script>
<script defer src="//play.pokemonshowdown.com/js/battle.js?0.6057722274234274"></script>

<script defer src="js/utils.js?e31f9a17"></script>
<script defer src="js/replays-battle.js?7008c182"></script>

<!-- don't scrape this data! just add .json or .log after the URL!
Full API docs: https://github.com/smogon/pokemon-showdown-client/blob/master/WEB-API.md -->
<script type="text/plain" class="log" id="replaylog-smogtours-gen3ou-804973">
|inactive|Battle timer is ON: inactive players will automatically lose when time's up.
|t:|1730867392
|gametype|singles
|player|p1|Key to Life|caitlin|
|player|p2|Ooziegib|101|
|teamsize|p1|6
|teamsize|p2|6
|gen|3
|tier|[Gen 3] OU
|rule|Sleep Clause Mod: Limit one foe put to sleep
|rule|Switch Priority Clause Mod: Faster Pokémon switch first
|rule|Species Clause: Limit one of each Pokémon
|rule|OHKO Clause: OHKO moves are banned
|rule|Evasion Items Clause: Evasion items are banned
|rule|Evasion Moves Clause: Evasion moves are banned
|rule|Endless Battle Clause: Forcing endless battles is banned
|rule|HP Percentage Mod: HP is shown in percentages
|rule|One Boost Passer Clause: Limit one Baton Passer that has a way to boost its stats
|rule|Freeze Clause Mod: Limit one foe frozen
|
|t:|1730867392
|start
|switch|p1a: Diamond Dust|Suicune, shiny|100/100
|switch|p2a: Tyranitar|Tyranitar, F|100/100
|-weather|Sandstorm|[from] ability: Sand Stream|[of] p2a: Tyranitar
|turn|1
|
|t:|1730867407
|switch|p2a: Blissey|Blissey, F|100/100
|move|p1a: Diamond Dust|Calm Mind|p1a: Diamond Dust
|-boost|p1a: Diamond Dust|spa|1
|-boost|p1a: Diamond Dust|spd|1
|
|-weather|Sandstorm|[upkeep]
|-damage|p1a: Diamond Dust|94/100|[from] Sandstorm
|-damage|p2a: Blissey|94/100|[from] Sandstorm
|-heal|p1a: Diamond Dust|100/100|[from] item: Leftovers
|-heal|p2a: Blissey|100/100|[from] item: Leftovers
|upkeep
|turn|2
|
|t:|1730867416
|move|p1a: Diamond Dust|Substitute|p1a: Diamond Dust
|-start|p1a: Diamond Dust|Substitute
|-damage|p1a: Diamond Dust|75/100
|move|p2a: Blissey|Thunderbolt|p1a: Diamond Dust
|-supereffective|p1a: Diamond Dust
|-end|p1a: Diamond Dust|Substitute
|
|-weather|Sandstorm|[upkeep]
|-damage|p1a: Diamond Dust|69/100|[from] Sandstorm
|-damage|p2a: Blissey|94/100|[from] Sandstorm
|-heal|p1a: Diamond Dust|75/100|[from] item: Leftovers
|-heal|p2a: Blissey|100/100|[from] item: Leftovers
|upkeep
|turn|3
|
|t:|1730867423
|switch|p1a: Profaned Land|Dugtrio, M|100/100
|move|p2a: Blissey|Calm Mind|p2a: Blissey
|-boost|p2a: Blissey|spa|1
|-boost|p2a: Blissey|spd|1
|
|-weather|Sandstorm|[upkeep]
|-damage|p2a: Blissey|94/100|[from] Sandstorm
|-heal|p2a: Blissey|100/100|[from] item: Leftovers
|upkeep
|turn|4
|
|t:|1730867426
|move|p1a: Profaned Land|Beat Up|p2a: Blissey
|-crit|p2a: Blissey
|-damage|p2a: Blissey|81/100
|-crit|p2a: Blissey
|-damage|p2a: Blissey|63/100
|-damage|p2a: Blissey|46/100
|-damage|p2a: Blissey|35/100
|-damage|p2a: Blissey|23/100
|-damage|p2a: Blissey|14/100
|-hitcount|p2a: Blissey|6
|move|p2a: Blissey|Ice Beam|p1a: Profaned Land
|-supereffective|p1a: Profaned Land
|-damage|p1a: Profaned Land|0 fnt
|faint|p1a: Profaned Land
|
|t:|1730867430
|switch|p1a: Mjölnir|Zapdos|100/100
|
|-weather|Sandstorm|[upkeep]
|-damage|p1a: Mjölnir|94/100|[from] Sandstorm
|-damage|p2a: Blissey|7/100|[from] Sandstorm
|-heal|p1a: Mjölnir|100/100|[from] item: Leftovers
|-heal|p2a: Blissey|14/100|[from] item: Leftovers
|upkeep
|turn|5
|c|☆Ooziegib|rip
|
|t:|1730867455
|switch|p2a: Claydol|Claydol|100/100
|move|p1a: Mjölnir|Thunderbolt|p2a: Claydol
|-immune|p2a: Claydol
|
|-weather|Sandstorm|[upkeep]
|-damage|p1a: Mjölnir|94/100|[from] Sandstorm
|-heal|p1a: Mjölnir|100/100|[from] item: Leftovers
|upkeep
|turn|6
|
|t:|1730867464
|move|p1a: Mjölnir|Substitute|p1a: Mjölnir
|-start|p1a: Mjölnir|Substitute
|-damage|p1a: Mjölnir|76/100
|move|p2a: Claydol|Psychic|p1a: Mjölnir
|-activate|p1a: Mjölnir|Substitute|[damage]
|
|-weather|Sandstorm|[upkeep]
|-damage|p1a: Mjölnir|69/100|[from] Sandstorm
|-heal|p1a: Mjölnir|76/100|[from] item: Leftovers
|upkeep
|turn|7
|
|t:|1730867468
|move|p1a: Mjölnir|Baton Pass|p1a: Mjölnir
|
|t:|1730867474
|switch|p1a: Thalassic Calamity|Starmie, shiny|100/100|[from] Baton Pass
|move|p2a: Claydol|Psychic|p1a: Thalassic Calamity
|-resisted|p1a: Thalassic Calamity
|-end|p1a: Thalassic Calamity|Substitute
|
|-weather|Sandstorm|[upkeep]
|-damage|p1a: Thalassic Calamity|94/100|[from] Sandstorm
|-heal|p1a: Thalassic Calamity|100/100|[from] item: Leftovers
|upkeep
|turn|8
|
|t:|1730867481
|switch|p2a: Milotic|Milotic, F|100/100
|move|p1a: Thalassic Calamity|Surf|p2a: Milotic
|-resisted|p2a: Milotic
|-damage|p2a: Milotic|87/100
|
|-weather|Sandstorm|[upkeep]
|-damage|p1a: Thalassic Calamity|94/100|[from] Sandstorm
|-damage|p2a: Milotic|81/100|[from] Sandstorm
|-heal|p1a: Thalassic Calamity|100/100|[from] item: Leftovers
|-heal|p2a: Milotic|87/100|[from] item: Leftovers
|upkeep
|turn|9
|
|t:|1730867488
|move|p1a: Thalassic Calamity|Thunderbolt|p2a: Milotic
|-supereffective|p2a: Milotic
|-damage|p2a: Milotic|46/100
|-status|p2a: Milotic|par
|move|p2a: Milotic|Toxic|p1a: Thalassic Calamity
|-status|p1a: Thalassic Calamity|tox
|
|-weather|Sandstorm|[upkeep]
|-damage|p1a: Thalassic Calamity|94/100 tox|[from] Sandstorm
|-damage|p2a: Milotic|40/100 par|[from] Sandstorm
|-heal|p1a: Thalassic Calamity|100/100 tox|[from] item: Leftovers
|-damage|p1a: Thalassic Calamity|94/100 tox|[from] psn
|-heal|p2a: Milotic|46/100 par|[from] item: Leftovers
|upkeep
|turn|10
|c|☆Key to Life|sry
|c|☆Key to Life|this ones kinda messed up
|
|t:|1730867500
|-curestatus|p1a: Thalassic Calamity|tox|[from] ability: Natural Cure
|switch|p1a: Salvation|Celebi|100/100
|move|p2a: Milotic|Recover|p2a: Milotic
|-heal|p2a: Milotic|96/100 par
|
|-weather|Sandstorm|[upkeep]
|-damage|p1a: Salvation|94/100|[from] Sandstorm
|-damage|p2a: Milotic|90/100 par|[from] Sandstorm
|-heal|p1a: Salvation|100/100|[from] item: Leftovers
|-heal|p2a: Milotic|96/100 par|[from] item: Leftovers
|upkeep
|turn|11
|
|t:|1730867505
|switch|p2a: Tyranitar|Tyranitar, F|100/100
|move|p1a: Salvation|Calm Mind|p1a: Salvation
|-boost|p1a: Salvation|spa|1
|-boost|p1a: Salvation|spd|1
|
|-weather|Sandstorm|[upkeep]
|-damage|p1a: Salvation|94/100|[from] Sandstorm
|-heal|p1a: Salvation|100/100|[from] item: Leftovers
|upkeep
|turn|12
|
|t:|1730867510
|move|p1a: Salvation|Baton Pass|p1a: Salvation
|
|t:|1730867515
|switch|p1a: Diamond Dust|Suicune, shiny|75/100|[from] Baton Pass
|move|p2a: Tyranitar|Hidden Power|p1a: Diamond Dust
|-damage|p1a: Diamond Dust|46/100
|
|-weather|Sandstorm|[upkeep]
|-damage|p1a: Diamond Dust|40/100|[from] Sandstorm
|-heal|p1a: Diamond Dust|46/100|[from] item: Leftovers
|upkeep
|turn|13
|
|t:|1730867525
|switch|p2a: Milotic|Milotic, F|96/100 par
|move|p1a: Diamond Dust|Hydro Pump|p2a: Milotic
|-resisted|p2a: Milotic
|-damage|p2a: Milotic|70/100 par
|
|-weather|Sandstorm|[upkeep]
|-damage|p1a: Diamond Dust|40/100|[from] Sandstorm
|-damage|p2a: Milotic|64/100 par|[from] Sandstorm
|-heal|p1a: Diamond Dust|46/100|[from] item: Leftovers
|-heal|p2a: Milotic|70/100 par|[from] item: Leftovers
|upkeep
|turn|14
|
|t:|1730867532
|move|p1a: Diamond Dust|Substitute|p1a: Diamond Dust
|-start|p1a: Diamond Dust|Substitute
|-damage|p1a: Diamond Dust|21/100
|cant|p2a: Milotic|par
|
|-weather|Sandstorm|[upkeep]
|-damage|p1a: Diamond Dust|15/100|[from] Sandstorm
|-damage|p2a: Milotic|64/100 par|[from] Sandstorm
|-heal|p1a: Diamond Dust|21/100|[from] item: Leftovers
|-heal|p2a: Milotic|70/100 par|[from] item: Leftovers
|upkeep
|turn|15
|
|t:|1730867540
|move|p1a: Diamond Dust|Calm Mind|p1a: Diamond Dust
|-boost|p1a: Diamond Dust|spa|1
|-boost|p1a: Diamond Dust|spd|1
|cant|p2a: Milotic|par
|
|-weather|Sandstorm|[upkeep]
|-damage|p1a: Diamond Dust|15/100|[from] Sandstorm
|-damage|p2a: Milotic|64/100 par|[from] Sandstorm
|-heal|p1a: Diamond Dust|21/100|[from] item: Leftovers
|-heal|p2a: Milotic|70/100 par|[from] item: Leftovers
|upkeep
|turn|16
|
|t:|1730867542
|move|p1a: Diamond Dust|Calm Mind|p1a: Diamond Dust
|-boost|p1a: Diamond Dust|spa|1
|-boost|p1a: Diamond Dust|spd|1
|move|p2a: Milotic|Surf|p1a: Diamond Dust
|-resisted|p1a: Diamond Dust
|-activate|p1a: Diamond Dust|Substitute|[damage]
|
|-weather|Sandstorm|[upkeep]
|-damage|p1a: Diamond Dust|15/100|[from] Sandstorm
|-damage|p2a: Milotic|64/100 par|[from] Sandstorm
|-heal|p1a: Diamond Dust|21/100|[from] item: Leftovers
|-heal|p2a: Milotic|70/100 par|[from] item: Leftovers
|upkeep
|turn|17
|
|t:|1730867547
|move|p1a: Diamond Dust|Hydro Pump|p2a: Milotic
|-resisted|p2a: Milotic
|-crit|p2a: Milotic
|-damage|p2a: Milotic|0 fnt
|faint|p2a: Milotic
|c|☆Key to Life|omg
|inactive|Ooziegib has 270 seconds left.
|inactive|Ooziegib has 240 seconds left.
|inactive|Ooziegib has 210 seconds left.
|
|t:|1730867646
|switch|p2a: Metagross|Metagross|100/100
|
|-weather|Sandstorm|[upkeep]
|-damage|p1a: Diamond Dust|15/100|[from] Sandstorm
|-heal|p1a: Diamond Dust|21/100|[from] item: Leftovers
|upkeep
|turn|18
|
|t:|1730867653
|move|p1a: Diamond Dust|Hydro Pump|p2a: Metagross
|-damage|p2a: Metagross|0 fnt
|faint|p2a: Metagross
|inactive|Ooziegib has 210 seconds left.
|
|t:|1730867665
|switch|p2a: Tyranitar|Tyranitar, F|100/100
|
|-weather|Sandstorm|[upkeep]
|-damage|p1a: Diamond Dust|15/100|[from] Sandstorm
|-heal|p1a: Diamond Dust|21/100|[from] item: Leftovers
|upkeep
|turn|19
|
|t:|1730867673
|move|p1a: Diamond Dust|Hydro Pump|p2a: Tyranitar
|-supereffective|p2a: Tyranitar
|-damage|p2a: Tyranitar|0 fnt
|faint|p2a: Tyranitar
|
|t:|1730867680
|switch|p2a: Dugtrio|Dugtrio, F|100/100
|
|-weather|Sandstorm|[upkeep]
|-damage|p1a: Diamond Dust|15/100|[from] Sandstorm
|-heal|p1a: Diamond Dust|21/100|[from] item: Leftovers
|upkeep
|turn|20
|
|t:|1730867684
|move|p2a: Dugtrio|Earthquake|p1a: Diamond Dust
|-end|p1a: Diamond Dust|Substitute
|move|p1a: Diamond Dust|Ice Beam|p2a: Dugtrio
|-supereffective|p2a: Dugtrio
|-damage|p2a: Dugtrio|0 fnt
|faint|p2a: Dugtrio
|
|t:|1730867690
|switch|p2a: Claydol|Claydol|100/100
|
|-weather|Sandstorm|[upkeep]
|-damage|p1a: Diamond Dust|15/100|[from] Sandstorm
|-heal|p1a: Diamond Dust|21/100|[from] item: Leftovers
|upkeep
|turn|21
|
|t:|1730867691
|move|p1a: Diamond Dust|Ice Beam|p2a: Claydol
|-supereffective|p2a: Claydol
|-crit|p2a: Claydol
|-damage|p2a: Claydol|0 fnt
|faint|p2a: Claydol
|
|t:|1730867694
|switch|p2a: Blissey|Blissey, F|14/100
|
|-weather|Sandstorm|[upkeep]
|-damage|p1a: Diamond Dust|15/100|[from] Sandstorm
|-damage|p2a: Blissey|7/100|[from] Sandstorm
|-heal|p1a: Diamond Dust|21/100|[from] item: Leftovers
|-heal|p2a: Blissey|14/100|[from] item: Leftovers
|upkeep
|turn|22
|
|t:|1730867696
|move|p1a: Diamond Dust|Ice Beam|p2a: Blissey
|-damage|p2a: Blissey|0 fnt
|faint|p2a: Blissey
|
|win|Key to Life
|c|☆Ooziegib|gg
|c|☆Key to Life|gg

</script>
<script type="application/json" class="data" id="replaydata-smogtours-gen3ou-804973">
{"id":"smogtours-gen3ou-804973","format":"[Gen 3] OU","players":["Key to Life","Ooziegib"],"uploadtime":1730867696,"views":54,"formatid":"gen3ou","rating":null,"private":0,"password":null}
</script>

<script defer src="js/replays.js?9d40a366"></script>
