<!DOCTYPE html>
<meta charset="utf-8" />
<meta name="viewport" content="width=device-width" />

<title>[Gen 3] OU: jerdgerd vs. duckstroyer - Replays - Pok&eacute;mon Showdown!</title>

<meta name="description" content="Watch a replay of a Pok&eacute;mon battle between jerdgerd and duckstroyer! Format: [Gen 3] OU; Date: Oct 18, 2024" />
<!--

Hey, you! Looking in the source for the replay log?

You can find them in JSON format, just add `.json` at the end of a replay URL.

https://replay.pokemonshowdown.com/gen7randomdoublesbattle-865046831.json

Or, if you only need the log itself, add `.log` instead:

https://replay.pokemonshowdown.com/gen7randomdoublesbattle-865046831.log

-->

<link rel="stylesheet" href="//pokemonshowdown.com/style/global.css?0.023195364461161105" />
<link rel="stylesheet" href="//play.pokemonshowdown.com/style/font-awesome.css?0.13261647063804238" />
<link rel="stylesheet" href="//play.pokemonshowdown.com/style/battle.css?0.8753245789963631" />
<link rel="stylesheet" href="//play.pokemonshowdown.com/style/utilichart.css?0.8627959624976733" />

<!-- Global site tag (gtag.js) - Google Analytics -->
<script async src="https://www.googletagmanager.com/gtag/js?id=UA-26211653-1"></script>
<script>
  window.dataLayer = window.dataLayer || [];
  function gtag(){dataLayer.push(arguments);}
  gtag('js', new Date());

  gtag('config', 'UA-26211653-1');
</script>
<!-- End Google Analytics -->
<!-- Venatus Ad Manager - Install in <HEAD> of page -->
	<script src="https://hb.vntsm.com/v3/live/ad-manager.min.js" type="text/javascript" data-site-id="642aba63ec9a7b11c3c9c1be" data-mode="scan" async></script>
<!-- / Venatus Ad Manager -->

<style>
	@media (max-width:820px) {
		.battle {
			margin: 0 auto;
		}
		.battle-log {
			margin: 7px auto 0;
			max-width: 640px;
			height: 300px;
			position: static;
		}
	}
	.optgroup {
		display: inline-block;
		line-height: 22px;
		font-size: 10pt;
	}
	.optgroup .button {
		height: 25px;
		padding-top: 0;
		padding-bottom: 0;
	}
	.optgroup button.button {
		padding-left: 12px;
		padding-right: 12px;
	}
	.linklist {
		list-style: none;
		margin: 0.5em 0;
		padding: 0;
	}
	.linklist li {
		padding: 2px 0;
	}
	.sidebar {
		float: left;
		width: 320px;
	}
	.bar-wrapper {
		max-width: 1100px;
		margin: 0 auto;
	}
	.bar-wrapper.has-sidebar {
		max-width: 1430px;
	}
	.mainbar {
		margin: 0;
		padding-right: 1px;
	}
	.mainbar.has-sidebar {
		margin-left: 330px;
	}
	@media (min-width: 1511px) {
		.sidebar {
			width: 400px;
		}
		.bar-wrapper.has-sidebar {
			max-width: 1510px;
		}
		.mainbar.has-sidebar {
			margin-left: 410px;
		}
	}
	.section.first-section {
		margin-top: 9px;
	}
	.blocklink small {
		white-space: normal;
	}
	.button {
		vertical-align: middle;
	}
	.replay-controls {
		padding-top: 10px;
	}
	.replay-controls h1 {
		font-size: 16pt;
		font-weight: normal;
		color: #CCC;
	}
	.pagelink {
		text-align: center;
	}
	.pagelink a {
		width: 150px;
	}
	.textbox, .button {
		font-size: 11pt;
		vertical-align: middle;
	}
	@media (max-width: 450px) {
		.button {
			font-size: 9pt;
		}
	}
</style>

<div>

	<header>
		<div class="nav-wrapper"><ul class="nav">
			<li><a class="button nav-first" href="//pokemonshowdown.com/"><img src="//pokemonshowdown.com/images/pokemonshowdownbeta.png" srcset="//pokemonshowdown.com/images/pokemonshowdownbeta.png 1x, //pokemonshowdown.com/images/pokemonshowdownbeta@2x.png 2x" alt="Pok&eacute;mon Showdown" width="146" height="44" /> Home</a></li>
			<li><a class="button" href="//pokemonshowdown.com/dex/">Pok&eacute;dex</a></li>
			<li><a class="button cur" href="/">Replays</a></li>
			<li><a class="button" href="//pokemonshowdown.com/ladder/">Ladder</a></li>
			<li><a class="button nav-last" href="//pokemonshowdown.com/forums/">Forum</a></li>
			<li><a class="button greenbutton nav-first nav-last" href="//play.pokemonshowdown.com/">Play</a></li>
		</ul></div>
	</header>

	<div class="main" id="main">

		<noscript><section class="section">You need to enable JavaScript to use this page; sorry!</section></noscript>

	</div>

</div>

<script defer nomodule src="//play.pokemonshowdown.com/js/lib/ps-polyfill.js"></script>
<script defer src="//play.pokemonshowdown.com/js/lib/preact.min.js"></script>

<script defer src="//play.pokemonshowdown.com/config/config.js?2bddbc15"></script>
<script defer src="//play.pokemonshowdown.com/js/lib/jquery-1.11.0.min.js"></script>
<script defer src="//play.pokemonshowdown.com/js/lib/html-sanitizer-minified.js"></script>
<script defer src="//play.pokemonshowdown.com/js/battle-sound.js"></script>
<script defer src="//play.pokemonshowdown.com/js/battledata.js?0.7209276989879541"></script>
<script defer src="//play.pokemonshowdown.com/data/pokedex-mini.js?0.6111056340867951"></script>
<script defer src="//play.pokemonshowdown.com/data/pokedex-mini-bw.js?0.3532142036491459"></script>
<script defer src="//play.pokemonshowdown.com/data/graphics.js?0.24223875632456182"></script>
<script defer src="//play.pokemonshowdown.com/data/pokedex.js?0.38839984266356864"></script>
<script defer src="//play.pokemonshowdown.com/data/moves.js?0.21866028504024015"></script>
<script defer src="//play.pokemonshowdown.com/data/abilities.js?0.2005157953846628"></script>
<script defer src="//play.pokemonshowdown.com/data/items.js?0.9894211263848525"></script>
<script defer src="//play.pokemonshowdown.com/data/teambuilder-tables.js?0.6008791140282215"></script>
<script defer src="//play.pokemonshowdown.com/js/battle-tooltips.js?0.7580118955022959"></script>
<script defer src="//play.pokemonshowdown.com/js/battle.js?0.6057722274234274"></script>

<script defer src="js/utils.js?e31f9a17"></script>
<script defer src="js/replays-battle.js?7008c182"></script>

<!-- don't scrape this data! just add .json or .log after the URL!
Full API docs: https://github.com/smogon/pokemon-showdown-client/blob/master/WEB-API.md -->
<script type="text/plain" class="log" id="replaylog-smogtours-gen3ou-799755">
|inactive|Battle timer is ON: inactive players will automatically lose when time's up.
|t:|1729294359
|gametype|singles
|player|p1|jerdgerd|266|
|player|p2|duckstroyer|wallace|
|teamsize|p1|6
|teamsize|p2|6
|gen|3
|tier|[Gen 3] OU
|rule|Sleep Clause Mod: Limit one foe put to sleep
|rule|Switch Priority Clause Mod: Faster Pokémon switch first
|rule|Species Clause: Limit one of each Pokémon
|rule|OHKO Clause: OHKO moves are banned
|rule|Evasion Items Clause: Evasion items are banned
|rule|Evasion Moves Clause: Evasion moves are banned
|rule|Endless Battle Clause: Forcing endless battles is banned
|rule|HP Percentage Mod: HP is shown in percentages
|rule|One Boost Passer Clause: Limit one Baton Passer that has a way to boost its stats
|rule|Freeze Clause Mod: Limit one foe frozen
|
|t:|1729294359
|start
|switch|p1a: Zapdos|Zapdos|100/100
|switch|p2a: Skarmory|Skarmory, F|100/100
|turn|1
|c|☆duckstroyer|glhf
|
|t:|1729294365
|move|p2a: Skarmory|Protect|p2a: Skarmory
|-singleturn|p2a: Skarmory|Protect
|move|p1a: Zapdos|Substitute|p1a: Zapdos
|-start|p1a: Zapdos|Substitute
|-damage|p1a: Zapdos|76/100
|
|-heal|p1a: Zapdos|82/100|[from] item: Leftovers
|upkeep
|turn|2
|c|☆jerdgerd|glhf
|
|t:|1729294375
|switch|p2a: Blissey|Blissey, F|100/100
|move|p1a: Zapdos|Thunderbolt|p2a: Blissey
|-damage|p2a: Blissey|79/100
|
|-heal|p1a: Zapdos|88/100|[from] item: Leftovers
|-heal|p2a: Blissey|86/100|[from] item: Leftovers
|upkeep
|turn|3
|
|t:|1729294383
|move|p1a: Zapdos|Baton Pass|p1a: Zapdos
|
|t:|1729294385
|switch|p1a: Dugtrio|Dugtrio, M|100/100|[from] Baton Pass
|move|p2a: Blissey|Ice Beam|p1a: Dugtrio
|-supereffective|p1a: Dugtrio
|-end|p1a: Dugtrio|Substitute
|
|-heal|p2a: Blissey|92/100|[from] item: Leftovers
|upkeep
|turn|4
|
|t:|1729294395
|move|p1a: Dugtrio|Earthquake|p2a: Blissey
|-damage|p2a: Blissey|42/100
|move|p2a: Blissey|Ice Beam|p1a: Dugtrio
|-supereffective|p1a: Dugtrio
|-damage|p1a: Dugtrio|22/100
|
|-heal|p2a: Blissey|48/100|[from] item: Leftovers
|upkeep
|turn|5
|
|t:|1729294404
|move|p1a: Dugtrio|Earthquake|p2a: Blissey
|-damage|p2a: Blissey|0 fnt
|faint|p2a: Blissey
|
|t:|1729294415
|switch|p2a: Skarmory|Skarmory, F|100/100
|
|upkeep
|turn|6
|
|t:|1729294419
|switch|p1a: Zapdos|Zapdos|88/100
|move|p2a: Skarmory|Spikes|p1a: Zapdos
|-sidestart|p1: jerdgerd|Spikes
|
|-heal|p1a: Zapdos|94/100|[from] item: Leftovers
|upkeep
|turn|7
|
|t:|1729294430
|switch|p2a: Tyranitar|Tyranitar, F|100/100
|-weather|Sandstorm|[from] ability: Sand Stream|[of] p2a: Tyranitar
|move|p1a: Zapdos|Thunderbolt|p2a: Tyranitar
|-damage|p2a: Tyranitar|60/100
|
|-weather|Sandstorm|[upkeep]
|-damage|p1a: Zapdos|88/100|[from] Sandstorm
|-heal|p1a: Zapdos|94/100|[from] item: Leftovers
|-heal|p2a: Tyranitar|66/100|[from] item: Leftovers
|upkeep
|turn|8
|
|t:|1729294452
|move|p1a: Zapdos|Baton Pass|p1a: Zapdos
|
|t:|1729294459
|switch|p1a: Suicune|Suicune|100/100|[from] Baton Pass
|-damage|p1a: Suicune|88/100|[from] Spikes
|move|p2a: Tyranitar|Rock Slide|p1a: Suicune
|-crit|p1a: Suicune
|-damage|p1a: Suicune|14/100
|
|-weather|Sandstorm|[upkeep]
|-damage|p1a: Suicune|8/100|[from] Sandstorm
|-heal|p1a: Suicune|14/100|[from] item: Leftovers
|-heal|p2a: Tyranitar|72/100|[from] item: Leftovers
|upkeep
|turn|9
|
|t:|1729294474
|move|p1a: Suicune|Hydro Pump|p2a: Tyranitar
|-supereffective|p2a: Tyranitar
|-damage|p2a: Tyranitar|0 fnt
|faint|p2a: Tyranitar
|
|t:|1729294481
|switch|p2a: Gengar|Gengar, F|100/100
|
|-weather|Sandstorm|[upkeep]
|-damage|p2a: Gengar|94/100|[from] Sandstorm
|-damage|p1a: Suicune|8/100|[from] Sandstorm
|-heal|p2a: Gengar|100/100|[from] item: Leftovers
|-heal|p1a: Suicune|14/100|[from] item: Leftovers
|upkeep
|turn|10
|
|t:|1729294491
|move|p2a: Gengar|Will-O-Wisp|p1a: Suicune|[miss]
|-miss|p2a: Gengar|p1a: Suicune
|move|p1a: Suicune|Hydro Pump|p2a: Gengar
|-damage|p2a: Gengar|36/100
|
|-weather|Sandstorm|[upkeep]
|-damage|p2a: Gengar|30/100|[from] Sandstorm
|-damage|p1a: Suicune|8/100|[from] Sandstorm
|-heal|p2a: Gengar|36/100|[from] item: Leftovers
|-heal|p1a: Suicune|14/100|[from] item: Leftovers
|upkeep
|turn|11
|
|t:|1729294501
|move|p2a: Gengar|Thunderbolt|p1a: Suicune
|-supereffective|p1a: Suicune
|-damage|p1a: Suicune|0 fnt
|faint|p1a: Suicune
|
|t:|1729294516
|switch|p1a: Gengar|Gengar, M|100/100
|
|-weather|Sandstorm|[upkeep]
|-damage|p1a: Gengar|94/100|[from] Sandstorm
|-damage|p2a: Gengar|30/100|[from] Sandstorm
|-heal|p1a: Gengar|100/100|[from] item: Leftovers
|-heal|p2a: Gengar|36/100|[from] item: Leftovers
|upkeep
|turn|12
|
|t:|1729294523
|move|p1a: Gengar|Thunderbolt|p2a: Gengar
|-damage|p2a: Gengar|5/100
|move|p2a: Gengar|Thunderbolt|p1a: Gengar
|-damage|p1a: Gengar|64/100
|
|-weather|Sandstorm|[upkeep]
|-damage|p1a: Gengar|58/100|[from] Sandstorm
|-damage|p2a: Gengar|0 fnt|[from] Sandstorm
|faint|p2a: Gengar
|-heal|p1a: Gengar|64/100|[from] item: Leftovers
|upkeep
|
|t:|1729294539
|switch|p2a: Swampert|Swampert, F|100/100
|turn|13
|
|t:|1729294551
|move|p1a: Gengar|Will-O-Wisp|p2a: Swampert
|-status|p2a: Swampert|brn
|move|p2a: Swampert|Hydro Pump|p1a: Gengar
|-damage|p1a: Gengar|17/100
|
|-weather|Sandstorm|[upkeep]
|-damage|p1a: Gengar|11/100|[from] Sandstorm
|-heal|p1a: Gengar|17/100|[from] item: Leftovers
|-damage|p2a: Swampert|88/100 brn|[from] brn
|upkeep
|turn|14
|
|t:|1729294561
|switch|p1a: Celebi|Celebi|100/100
|-damage|p1a: Celebi|88/100|[from] Spikes
|move|p2a: Swampert|Ice Beam|p1a: Celebi
|-supereffective|p1a: Celebi
|-damage|p1a: Celebi|56/100
|
|-weather|Sandstorm|[upkeep]
|-damage|p1a: Celebi|50/100|[from] Sandstorm
|-heal|p1a: Celebi|56/100|[from] item: Leftovers
|-heal|p2a: Swampert|94/100 brn|[from] item: Leftovers
|-damage|p2a: Swampert|82/100 brn|[from] brn
|upkeep
|turn|15
|
|t:|1729294574
|switch|p2a: Skarmory|Skarmory, F|100/100
|move|p1a: Celebi|Calm Mind|p1a: Celebi
|-boost|p1a: Celebi|spa|1
|-boost|p1a: Celebi|spd|1
|
|-weather|Sandstorm|[upkeep]
|-damage|p1a: Celebi|50/100|[from] Sandstorm
|-heal|p1a: Celebi|56/100|[from] item: Leftovers
|upkeep
|turn|16
|
|t:|1729294583
|move|p1a: Celebi|Hidden Power|p2a: Skarmory
|-supereffective|p2a: Skarmory
|-damage|p2a: Skarmory|52/100
|move|p2a: Skarmory|Whirlwind|p1a: Celebi
|drag|p1a: Dugtrio|Dugtrio, M|22/100
|-damage|p1a: Dugtrio|10/100|[from] Spikes
|
|-weather|Sandstorm|[upkeep]
|-heal|p2a: Skarmory|58/100|[from] item: Leftovers
|upkeep
|turn|17
|
|t:|1729294598
|switch|p1a: Jirachi|Jirachi|100/100
|-damage|p1a: Jirachi|88/100|[from] Spikes
|move|p2a: Skarmory|Toxic|p1a: Jirachi
|-immune|p1a: Jirachi
|
|-weather|Sandstorm|[upkeep]
|-heal|p1a: Jirachi|94/100|[from] item: Leftovers
|-heal|p2a: Skarmory|64/100|[from] item: Leftovers
|upkeep
|turn|18
|
|t:|1729294607
|move|p2a: Skarmory|Protect|p2a: Skarmory
|-singleturn|p2a: Skarmory|Protect
|move|p1a: Jirachi|Fire Punch|p2a: Skarmory
|-activate|p2a: Skarmory|Protect
|
|-weather|Sandstorm|[upkeep]
|-heal|p1a: Jirachi|99/100|[from] item: Leftovers
|-heal|p2a: Skarmory|70/100|[from] item: Leftovers
|upkeep
|turn|19
|
|t:|1729294620
|switch|p2a: Swampert|Swampert, F|82/100 brn
|move|p1a: Jirachi|Psychic|p2a: Swampert
|-damage|p2a: Swampert|49/100 brn
|
|-weather|Sandstorm|[upkeep]
|-heal|p1a: Jirachi|100/100|[from] item: Leftovers
|-heal|p2a: Swampert|56/100 brn|[from] item: Leftovers
|-damage|p2a: Swampert|43/100 brn|[from] brn
|upkeep
|turn|20
|
|t:|1729294632
|move|p1a: Jirachi|Calm Mind|p1a: Jirachi
|-boost|p1a: Jirachi|spa|1
|-boost|p1a: Jirachi|spd|1
|move|p2a: Swampert|Hydro Pump|p1a: Jirachi
|-damage|p1a: Jirachi|75/100
|
|-weather|Sandstorm|[upkeep]
|-heal|p1a: Jirachi|81/100|[from] item: Leftovers
|-heal|p2a: Swampert|49/100 brn|[from] item: Leftovers
|-damage|p2a: Swampert|37/100 brn|[from] brn
|upkeep
|turn|21
|
|t:|1729294642
|move|p1a: Jirachi|Calm Mind|p1a: Jirachi
|-boost|p1a: Jirachi|spa|1
|-boost|p1a: Jirachi|spd|1
|move|p2a: Swampert|Earthquake|p1a: Jirachi
|-supereffective|p1a: Jirachi
|-damage|p1a: Jirachi|46/100
|
|-weather|Sandstorm|[upkeep]
|-heal|p1a: Jirachi|52/100|[from] item: Leftovers
|-heal|p2a: Swampert|43/100 brn|[from] item: Leftovers
|-damage|p2a: Swampert|31/100 brn|[from] brn
|upkeep
|turn|22
|
|t:|1729294654
|move|p1a: Jirachi|Psychic|p2a: Swampert
|-damage|p2a: Swampert|0 fnt
|faint|p2a: Swampert
|
|t:|1729294658
|switch|p2a: Starmie|Starmie|100/100
|
|-weather|Sandstorm|[upkeep]
|-damage|p2a: Starmie|94/100|[from] Sandstorm
|-heal|p2a: Starmie|100/100|[from] item: Leftovers
|-heal|p1a: Jirachi|58/100|[from] item: Leftovers
|upkeep
|turn|23
|
|t:|1729294666
|move|p2a: Starmie|Hydro Pump|p1a: Jirachi|[miss]
|-miss|p2a: Starmie|p1a: Jirachi
|move|p1a: Jirachi|Hidden Power|p2a: Starmie
|-supereffective|p2a: Starmie
|-damage|p2a: Starmie|0 fnt
|faint|p2a: Starmie
|c|☆duckstroyer|lol rough g1 for me
|
|t:|1729294679
|switch|p2a: Skarmory|Skarmory, F|70/100
|
|-weather|Sandstorm|[upkeep]
|-heal|p1a: Jirachi|64/100|[from] item: Leftovers
|-heal|p2a: Skarmory|76/100|[from] item: Leftovers
|upkeep
|turn|24
|c|☆jerdgerd|really rough team mu too
|
|t:|1729294686
|move|p2a: Skarmory|Protect|p2a: Skarmory
|-singleturn|p2a: Skarmory|Protect
|move|p1a: Jirachi|Fire Punch|p2a: Skarmory
|-activate|p2a: Skarmory|Protect
|
|-weather|Sandstorm|[upkeep]
|-heal|p1a: Jirachi|70/100|[from] item: Leftovers
|-heal|p2a: Skarmory|82/100|[from] item: Leftovers
|upkeep
|turn|25
|
|t:|1729294698
|move|p1a: Jirachi|Fire Punch|p2a: Skarmory
|-supereffective|p2a: Skarmory
|-damage|p2a: Skarmory|8/100
|move|p2a: Skarmory|Whirlwind|p1a: Jirachi
|drag|p1a: Celebi|Celebi|56/100
|-damage|p1a: Celebi|44/100|[from] Spikes
|
|-weather|Sandstorm|[upkeep]
|-damage|p1a: Celebi|37/100|[from] Sandstorm
|-heal|p1a: Celebi|44/100|[from] item: Leftovers
|-heal|p2a: Skarmory|14/100|[from] item: Leftovers
|upkeep
|turn|26
|c|☆jerdgerd|wait skarm lives that?
|c|☆jerdgerd|thats kinda wild
|c|☆duckstroyer|he's epic like that
|
|t:|1729294717
|move|p2a: Skarmory|Protect|p2a: Skarmory
|-singleturn|p2a: Skarmory|Protect
|move|p1a: Celebi|Hidden Power|p2a: Skarmory
|-activate|p2a: Skarmory|Protect
|
|-weather|Sandstorm|[upkeep]
|-damage|p1a: Celebi|37/100|[from] Sandstorm
|-heal|p1a: Celebi|44/100|[from] item: Leftovers
|-heal|p2a: Skarmory|20/100|[from] item: Leftovers
|upkeep
|turn|27
|c|☆jerdgerd|that's a FAT bird lol
|
|t:|1729294726
|move|p2a: Skarmory|Protect||[still]
|-fail|p2a: Skarmory
|move|p1a: Celebi|Hidden Power|p2a: Skarmory
|-supereffective|p2a: Skarmory
|-damage|p2a: Skarmory|0 fnt
|faint|p2a: Skarmory
|
|win|jerdgerd
|c|☆jerdgerd|gg
|c|☆duckstroyer|gg
|player|p1|
|player|p2|
|player|p1|jerdgerd|266|

</script>
<script type="application/json" class="data" id="replaydata-smogtours-gen3ou-799755">
{"id":"smogtours-gen3ou-799755","format":"[Gen 3] OU","players":["jerdgerd","duckstroyer"],"uploadtime":1729294726,"views":76,"formatid":"gen3ou","rating":null,"private":0,"password":null}
</script>

<script defer src="js/replays.js?9d40a366"></script>
