<!DOCTYPE html>
<meta charset="utf-8" />
<meta name="viewport" content="width=device-width" />

<title>[Gen 3] OU: FaceOFF3141 vs. asbolus verrucosus - Replays - Pok&eacute;mon Showdown!</title>

<meta name="description" content="Watch a replay of a Pok&eacute;mon battle between FaceOFF3141 and asbolus verrucosus! Format: [Gen 3] OU; Date: Oct 4, 2024" />
<!--

Hey, you! Looking in the source for the replay log?

You can find them in JSON format, just add `.json` at the end of a replay URL.

https://replay.pokemonshowdown.com/gen7randomdoublesbattle-865046831.json

Or, if you only need the log itself, add `.log` instead:

https://replay.pokemonshowdown.com/gen7randomdoublesbattle-865046831.log

-->

<link rel="stylesheet" href="//pokemonshowdown.com/style/global.css?0.023195364461161105" />
<link rel="stylesheet" href="//play.pokemonshowdown.com/style/font-awesome.css?0.13261647063804238" />
<link rel="stylesheet" href="//play.pokemonshowdown.com/style/battle.css?0.8753245789963631" />
<link rel="stylesheet" href="//play.pokemonshowdown.com/style/utilichart.css?0.8627959624976733" />

<!-- Global site tag (gtag.js) - Google Analytics -->
<script async src="https://www.googletagmanager.com/gtag/js?id=UA-26211653-1"></script>
<script>
  window.dataLayer = window.dataLayer || [];
  function gtag(){dataLayer.push(arguments);}
  gtag('js', new Date());

  gtag('config', 'UA-26211653-1');
</script>
<!-- End Google Analytics -->
<!-- Venatus Ad Manager - Install in <HEAD> of page -->
	<script src="https://hb.vntsm.com/v3/live/ad-manager.min.js" type="text/javascript" data-site-id="642aba63ec9a7b11c3c9c1be" data-mode="scan" async></script>
<!-- / Venatus Ad Manager -->

<style>
	@media (max-width:820px) {
		.battle {
			margin: 0 auto;
		}
		.battle-log {
			margin: 7px auto 0;
			max-width: 640px;
			height: 300px;
			position: static;
		}
	}
	.optgroup {
		display: inline-block;
		line-height: 22px;
		font-size: 10pt;
	}
	.optgroup .button {
		height: 25px;
		padding-top: 0;
		padding-bottom: 0;
	}
	.optgroup button.button {
		padding-left: 12px;
		padding-right: 12px;
	}
	.linklist {
		list-style: none;
		margin: 0.5em 0;
		padding: 0;
	}
	.linklist li {
		padding: 2px 0;
	}
	.sidebar {
		float: left;
		width: 320px;
	}
	.bar-wrapper {
		max-width: 1100px;
		margin: 0 auto;
	}
	.bar-wrapper.has-sidebar {
		max-width: 1430px;
	}
	.mainbar {
		margin: 0;
		padding-right: 1px;
	}
	.mainbar.has-sidebar {
		margin-left: 330px;
	}
	@media (min-width: 1511px) {
		.sidebar {
			width: 400px;
		}
		.bar-wrapper.has-sidebar {
			max-width: 1510px;
		}
		.mainbar.has-sidebar {
			margin-left: 410px;
		}
	}
	.section.first-section {
		margin-top: 9px;
	}
	.blocklink small {
		white-space: normal;
	}
	.button {
		vertical-align: middle;
	}
	.replay-controls {
		padding-top: 10px;
	}
	.replay-controls h1 {
		font-size: 16pt;
		font-weight: normal;
		color: #CCC;
	}
	.pagelink {
		text-align: center;
	}
	.pagelink a {
		width: 150px;
	}
	.textbox, .button {
		font-size: 11pt;
		vertical-align: middle;
	}
	@media (max-width: 450px) {
		.button {
			font-size: 9pt;
		}
	}
</style>

<div>

	<header>
		<div class="nav-wrapper"><ul class="nav">
			<li><a class="button nav-first" href="//pokemonshowdown.com/"><img src="//pokemonshowdown.com/images/pokemonshowdownbeta.png" srcset="//pokemonshowdown.com/images/pokemonshowdownbeta.png 1x, //pokemonshowdown.com/images/pokemonshowdownbeta@2x.png 2x" alt="Pok&eacute;mon Showdown" width="146" height="44" /> Home</a></li>
			<li><a class="button" href="//pokemonshowdown.com/dex/">Pok&eacute;dex</a></li>
			<li><a class="button cur" href="/">Replays</a></li>
			<li><a class="button" href="//pokemonshowdown.com/ladder/">Ladder</a></li>
			<li><a class="button nav-last" href="//pokemonshowdown.com/forums/">Forum</a></li>
			<li><a class="button greenbutton nav-first nav-last" href="//play.pokemonshowdown.com/">Play</a></li>
		</ul></div>
	</header>

	<div class="main" id="main">

		<noscript><section class="section">You need to enable JavaScript to use this page; sorry!</section></noscript>

	</div>

</div>

<script defer nomodule src="//play.pokemonshowdown.com/js/lib/ps-polyfill.js"></script>
<script defer src="//play.pokemonshowdown.com/js/lib/preact.min.js"></script>

<script defer src="//play.pokemonshowdown.com/config/config.js?2bddbc15"></script>
<script defer src="//play.pokemonshowdown.com/js/lib/jquery-1.11.0.min.js"></script>
<script defer src="//play.pokemonshowdown.com/js/lib/html-sanitizer-minified.js"></script>
<script defer src="//play.pokemonshowdown.com/js/battle-sound.js"></script>
<script defer src="//play.pokemonshowdown.com/js/battledata.js?0.7209276989879541"></script>
<script defer src="//play.pokemonshowdown.com/data/pokedex-mini.js?0.6111056340867951"></script>
<script defer src="//play.pokemonshowdown.com/data/pokedex-mini-bw.js?0.3532142036491459"></script>
<script defer src="//play.pokemonshowdown.com/data/graphics.js?0.24223875632456182"></script>
<script defer src="//play.pokemonshowdown.com/data/pokedex.js?0.38839984266356864"></script>
<script defer src="//play.pokemonshowdown.com/data/moves.js?0.21866028504024015"></script>
<script defer src="//play.pokemonshowdown.com/data/abilities.js?0.2005157953846628"></script>
<script defer src="//play.pokemonshowdown.com/data/items.js?0.9894211263848525"></script>
<script defer src="//play.pokemonshowdown.com/data/teambuilder-tables.js?0.6008791140282215"></script>
<script defer src="//play.pokemonshowdown.com/js/battle-tooltips.js?0.7580118955022959"></script>
<script defer src="//play.pokemonshowdown.com/js/battle.js?0.6057722274234274"></script>

<script defer src="js/utils.js?e31f9a17"></script>
<script defer src="js/replays-battle.js?7008c182"></script>

<!-- don't scrape this data! just add .json or .log after the URL!
Full API docs: https://github.com/smogon/pokemon-showdown-client/blob/master/WEB-API.md -->
<script type="text/plain" class="log" id="replaylog-smogtours-gen3ou-794705">
|inactive|Battle timer is ON: inactive players will automatically lose when time's up.
|t:|1728074118
|gametype|singles
|player|p1|FaceOFF3141|170|
|player|p2|asbolus verrucosus|bugsy-gen2|
|teamsize|p1|6
|teamsize|p2|6
|gen|3
|tier|[Gen 3] OU
|rule|Sleep Clause Mod: Limit one foe put to sleep
|rule|Switch Priority Clause Mod: Faster Pokémon switch first
|rule|Species Clause: Limit one of each Pokémon
|rule|OHKO Clause: OHKO moves are banned
|rule|Evasion Items Clause: Evasion items are banned
|rule|Evasion Moves Clause: Evasion moves are banned
|rule|Endless Battle Clause: Forcing endless battles is banned
|rule|HP Percentage Mod: HP is shown in percentages
|rule|One Boost Passer Clause: Limit one Baton Passer that has a way to boost its stats
|rule|Freeze Clause Mod: Limit one foe frozen
|
|t:|1728074118
|start
|switch|p1a: Salamence|Salamence, M|100/100
|switch|p2a: Kryomars|Skarmory, M, shiny|100/100
|-ability|p1a: Salamence|Intimidate|boost
|-unboost|p2a: Kryomars|atk|1
|turn|1
|
|t:|1728074128
|switch|p2a: Timolic|Milotic, M|100/100
|move|p1a: Salamence|Fire Blast|p2a: Timolic
|-resisted|p2a: Timolic
|-damage|p2a: Timolic|86/100
|
|-heal|p2a: Timolic|92/100|[from] item: Leftovers
|upkeep
|turn|2
|
|t:|1728074153
|switch|p1a: Forretress|Forretress, M|100/100
|switch|p2a: Seçeplit|Sceptile, M, shiny|100/100
|
|upkeep
|turn|3
|inactive|FaceOFF3141 has 270 seconds left.
|inactive|FaceOFF3141 has 240 seconds left.
|
|t:|1728074215
|switch|p1a: Tyranitar|Tyranitar, F|100/100
|-weather|Sandstorm|[from] ability: Sand Stream|[of] p1a: Tyranitar
|move|p2a: Seçeplit|Leech Seed|p1a: Tyranitar|[miss]
|-miss|p2a: Seçeplit|p1a: Tyranitar
|
|-weather|Sandstorm|[upkeep]
|-damage|p2a: Seçeplit|94/100|[from] Sandstorm
|-heal|p2a: Seçeplit|100/100|[from] item: Leftovers
|upkeep
|turn|4
|
|t:|1728074227
|move|p2a: Seçeplit|Leaf Blade|p1a: Tyranitar
|-supereffective|p1a: Tyranitar
|-damage|p1a: Tyranitar|44/100
|move|p1a: Tyranitar|Fire Blast|p2a: Seçeplit
|-supereffective|p2a: Seçeplit
|-damage|p2a: Seçeplit|0 fnt
|faint|p2a: Seçeplit
|
|t:|1728074239
|switch|p2a: Otigrud|Dugtrio, M, shiny|100/100
|
|-weather|Sandstorm|[upkeep]
|-heal|p1a: Tyranitar|51/100|[from] item: Leftovers
|upkeep
|turn|5
|
|t:|1728074243
|move|p2a: Otigrud|Earthquake|p1a: Tyranitar
|-supereffective|p1a: Tyranitar
|-crit|p1a: Tyranitar
|-damage|p1a: Tyranitar|0 fnt
|faint|p1a: Tyranitar
|inactive|FaceOFF3141 has 240 seconds left.
|
|t:|1728074268
|switch|p1a: Aerodactyl|Aerodactyl, M|100/100
|
|-weather|Sandstorm|[upkeep]
|upkeep
|turn|6
|
|t:|1728074277
|switch|p1a: Forretress|Forretress, M|100/100
|switch|p2a: Timolic|Milotic, M|92/100
|
|-weather|Sandstorm|[upkeep]
|-damage|p2a: Timolic|86/100|[from] Sandstorm
|-heal|p2a: Timolic|92/100|[from] item: Leftovers
|upkeep
|turn|7
|
|t:|1728074281
|move|p2a: Timolic|Surf|p1a: Forretress
|-damage|p1a: Forretress|68/100
|move|p1a: Forretress|Spikes|p2a: Timolic
|-sidestart|p2: asbolus verrucosus|Spikes
|
|-weather|Sandstorm|[upkeep]
|-damage|p2a: Timolic|86/100|[from] Sandstorm
|-heal|p2a: Timolic|92/100|[from] item: Leftovers
|-heal|p1a: Forretress|74/100|[from] item: Leftovers
|upkeep
|turn|8
|
|t:|1728074286
|switch|p1a: Jirachi|Jirachi|100/100
|move|p2a: Timolic|Surf|p1a: Jirachi
|-damage|p1a: Jirachi|72/100
|
|-weather|Sandstorm|[upkeep]
|-damage|p2a: Timolic|86/100|[from] Sandstorm
|-heal|p1a: Jirachi|78/100|[from] item: Leftovers
|-heal|p2a: Timolic|92/100|[from] item: Leftovers
|upkeep
|turn|9
|
|t:|1728074299
|switch|p1a: Salamence|Salamence, M|100/100
|-ability|p1a: Salamence|Intimidate|boost
|-unboost|p2a: Timolic|atk|1
|switch|p2a: Otigrud|Dugtrio, M, shiny|100/100
|-damage|p2a: Otigrud|88/100|[from] Spikes
|
|-weather|Sandstorm|[upkeep]
|-damage|p1a: Salamence|95/100|[from] Sandstorm
|-heal|p1a: Salamence|100/100|[from] item: Leftovers
|upkeep
|turn|10
|
|t:|1728074314
|switch|p2a: Timolic|Milotic, M|92/100
|-damage|p2a: Timolic|80/100|[from] Spikes
|move|p1a: Salamence|Dragon Claw|p2a: Timolic
|-damage|p2a: Timolic|53/100
|
|-weather|Sandstorm|[upkeep]
|-damage|p1a: Salamence|95/100|[from] Sandstorm
|-damage|p2a: Timolic|46/100|[from] Sandstorm
|-heal|p1a: Salamence|100/100|[from] item: Leftovers
|-heal|p2a: Timolic|53/100|[from] item: Leftovers
|upkeep
|turn|11
|
|t:|1728074325
|switch|p1a: Forretress|Forretress, M|74/100
|move|p2a: Timolic|Surf|p1a: Forretress
|-damage|p1a: Forretress|45/100
|
|-weather|Sandstorm|[upkeep]
|-damage|p2a: Timolic|46/100|[from] Sandstorm
|-heal|p2a: Timolic|53/100|[from] item: Leftovers
|-heal|p1a: Forretress|52/100|[from] item: Leftovers
|upkeep
|turn|12
|
|t:|1728074330
|move|p2a: Timolic|Recover|p2a: Timolic
|-heal|p2a: Timolic|100/100
|move|p1a: Forretress|Spikes|p2a: Timolic
|-sidestart|p2: asbolus verrucosus|Spikes
|
|-weather|Sandstorm|[upkeep]
|-damage|p2a: Timolic|94/100|[from] Sandstorm
|-heal|p2a: Timolic|100/100|[from] item: Leftovers
|-heal|p1a: Forretress|58/100|[from] item: Leftovers
|upkeep
|turn|13
|
|t:|1728074334
|move|p2a: Timolic|Surf|p1a: Forretress
|-damage|p1a: Forretress|25/100
|move|p1a: Forretress|Spikes|p2a: Timolic
|-sidestart|p2: asbolus verrucosus|Spikes
|
|-weather|Sandstorm|[upkeep]
|-damage|p2a: Timolic|94/100|[from] Sandstorm
|-heal|p2a: Timolic|100/100|[from] item: Leftovers
|-heal|p1a: Forretress|31/100|[from] item: Leftovers
|upkeep
|turn|14
|
|t:|1728074347
|switch|p1a: Blissey|Blissey, F|100/100
|move|p2a: Timolic|Surf|p1a: Blissey
|-damage|p1a: Blissey|89/100
|
|-weather|Sandstorm|[upkeep]
|-damage|p2a: Timolic|94/100|[from] Sandstorm
|-damage|p1a: Blissey|83/100|[from] Sandstorm
|-heal|p2a: Timolic|100/100|[from] item: Leftovers
|-heal|p1a: Blissey|89/100|[from] item: Leftovers
|upkeep
|turn|15
|
|t:|1728074352
|move|p2a: Timolic|Toxic|p1a: Blissey
|-status|p1a: Blissey|tox
|move|p1a: Blissey|Thunder Wave|p2a: Timolic
|-status|p2a: Timolic|par
|
|-weather|Sandstorm|[upkeep]
|-damage|p1a: Blissey|83/100 tox|[from] Sandstorm
|-damage|p2a: Timolic|94/100 par|[from] Sandstorm
|-heal|p1a: Blissey|89/100 tox|[from] item: Leftovers
|-damage|p1a: Blissey|83/100 tox|[from] psn
|-heal|p2a: Timolic|100/100 par|[from] item: Leftovers
|upkeep
|turn|16
|
|t:|1728074362
|-curestatus|p1a: Blissey|tox|[from] ability: Natural Cure
|switch|p1a: Forretress|Forretress, M|31/100
|move|p2a: Timolic|Surf|p1a: Forretress
|-damage|p1a: Forretress|2/100
|
|-weather|Sandstorm|[upkeep]
|-damage|p2a: Timolic|94/100 par|[from] Sandstorm
|-heal|p1a: Forretress|8/100|[from] item: Leftovers
|-heal|p2a: Timolic|100/100 par|[from] item: Leftovers
|upkeep
|turn|17
|
|t:|1728074374
|switch|p1a: Jirachi|Jirachi|78/100
|move|p2a: Timolic|Surf|p1a: Jirachi
|-damage|p1a: Jirachi|49/100
|
|-weather|Sandstorm|[upkeep]
|-damage|p2a: Timolic|94/100 par|[from] Sandstorm
|-heal|p1a: Jirachi|55/100|[from] item: Leftovers
|-heal|p2a: Timolic|100/100 par|[from] item: Leftovers
|upkeep
|turn|18
|
|t:|1728074384
|move|p1a: Jirachi|Wish|p1a: Jirachi
|move|p2a: Timolic|Surf|p1a: Jirachi
|-damage|p1a: Jirachi|26/100
|
|-weather|Sandstorm|[upkeep]
|-damage|p2a: Timolic|94/100 par|[from] Sandstorm
|-heal|p1a: Jirachi|33/100|[from] item: Leftovers
|-heal|p2a: Timolic|100/100 par|[from] item: Leftovers
|upkeep
|turn|19
|
|t:|1728074392
|move|p1a: Jirachi|Toxic||[still]
|-fail|p1a: Jirachi
|move|p2a: Timolic|Surf|p1a: Jirachi
|-damage|p1a: Jirachi|3/100
|
|-heal|p1a: Jirachi|53/100|[from] move: Wish|[wisher] Jirachi
|-weather|Sandstorm|[upkeep]
|-damage|p2a: Timolic|94/100 par|[from] Sandstorm
|-heal|p1a: Jirachi|60/100|[from] item: Leftovers
|-heal|p2a: Timolic|100/100 par|[from] item: Leftovers
|upkeep
|turn|20
|
|t:|1728074398
|move|p1a: Jirachi|Wish|p1a: Jirachi
|move|p2a: Timolic|Surf|p1a: Jirachi
|-damage|p1a: Jirachi|29/100
|
|-weather|Sandstorm|[upkeep]
|-damage|p2a: Timolic|94/100 par|[from] Sandstorm
|-heal|p1a: Jirachi|35/100|[from] item: Leftovers
|-heal|p2a: Timolic|100/100 par|[from] item: Leftovers
|upkeep
|turn|21
|
|t:|1728074402
|move|p1a: Jirachi|Protect|p1a: Jirachi
|-singleturn|p1a: Jirachi|Protect
|move|p2a: Timolic|Surf|p1a: Jirachi
|-activate|p1a: Jirachi|Protect
|
|-heal|p1a: Jirachi|85/100|[from] move: Wish|[wisher] Jirachi
|-weather|Sandstorm|[upkeep]
|-damage|p2a: Timolic|94/100 par|[from] Sandstorm
|-heal|p1a: Jirachi|92/100|[from] item: Leftovers
|-heal|p2a: Timolic|100/100 par|[from] item: Leftovers
|upkeep
|turn|22
|
|t:|1728074404
|move|p1a: Jirachi|Wish|p1a: Jirachi
|move|p2a: Timolic|Surf|p1a: Jirachi
|-damage|p1a: Jirachi|63/100
|
|-weather|Sandstorm|[upkeep]
|-damage|p2a: Timolic|94/100 par|[from] Sandstorm
|-heal|p1a: Jirachi|70/100|[from] item: Leftovers
|-heal|p2a: Timolic|100/100 par|[from] item: Leftovers
|upkeep
|turn|23
|
|t:|1728074413
|move|p1a: Jirachi|Toxic||[still]
|-fail|p1a: Jirachi
|move|p2a: Timolic|Surf|p1a: Jirachi
|-damage|p1a: Jirachi|42/100
|
|-heal|p1a: Jirachi|92/100|[from] move: Wish|[wisher] Jirachi
|-weather|Sandstorm|[upkeep]
|-damage|p2a: Timolic|94/100 par|[from] Sandstorm
|-heal|p1a: Jirachi|98/100|[from] item: Leftovers
|-heal|p2a: Timolic|100/100 par|[from] item: Leftovers
|upkeep
|turn|24
|
|t:|1728074419
|move|p1a: Jirachi|Toxic||[still]
|-fail|p1a: Jirachi
|move|p2a: Timolic|Surf|p1a: Jirachi
|-damage|p1a: Jirachi|71/100
|
|-weather|Sandstorm|[upkeep]
|-damage|p2a: Timolic|94/100 par|[from] Sandstorm
|-heal|p1a: Jirachi|77/100|[from] item: Leftovers
|-heal|p2a: Timolic|100/100 par|[from] item: Leftovers
|upkeep
|turn|25
|
|t:|1728074421
|switch|p2a: Otigrud|Dugtrio, M, shiny|88/100
|-damage|p2a: Otigrud|64/100|[from] Spikes
|move|p1a: Jirachi|Wish|p1a: Jirachi
|
|-weather|Sandstorm|[upkeep]
|-heal|p1a: Jirachi|84/100|[from] item: Leftovers
|upkeep
|turn|26
|
|t:|1728074430
|move|p2a: Otigrud|Earthquake|p1a: Jirachi
|-supereffective|p1a: Jirachi
|-damage|p1a: Jirachi|10/100
|move|p1a: Jirachi|Toxic|p2a: Otigrud
|-status|p2a: Otigrud|tox
|
|-heal|p1a: Jirachi|60/100|[from] move: Wish|[wisher] Jirachi
|-weather|Sandstorm|[upkeep]
|-damage|p2a: Otigrud|57/100 tox|[from] psn
|-heal|p1a: Jirachi|66/100|[from] item: Leftovers
|upkeep
|turn|27
|
|t:|1728074435
|move|p1a: Jirachi|Protect|p1a: Jirachi
|-singleturn|p1a: Jirachi|Protect
|move|p2a: Otigrud|Earthquake|p1a: Jirachi
|-activate|p1a: Jirachi|Protect
|
|-weather|Sandstorm|[upkeep]
|-damage|p2a: Otigrud|45/100 tox|[from] psn
|-heal|p1a: Jirachi|72/100|[from] item: Leftovers
|upkeep
|turn|28
|
|t:|1728074440
|move|p1a: Jirachi|Protect||[still]
|-fail|p1a: Jirachi
|move|p2a: Otigrud|Earthquake|p1a: Jirachi
|-supereffective|p1a: Jirachi
|-damage|p1a: Jirachi|0 fnt
|faint|p1a: Jirachi
|
|t:|1728074451
|switch|p1a: Aerodactyl|Aerodactyl, M|100/100
|
|-weather|Sandstorm|[upkeep]
|-damage|p2a: Otigrud|27/100 tox|[from] psn
|upkeep
|turn|29
|inactive|asbolus verrucosus has 270 seconds left.
|
|t:|1728074491
|switch|p2a: Kryomars|Skarmory, M, shiny|100/100
|move|p1a: Aerodactyl|Rock Slide|p2a: Kryomars
|-damage|p2a: Kryomars|67/100
|
|-weather|Sandstorm|[upkeep]
|-heal|p2a: Kryomars|73/100|[from] item: Leftovers
|upkeep
|turn|30
|
|t:|1728074502
|switch|p1a: Forretress|Forretress, M|8/100
|switch|p2a: Dayloc|Claydol|100/100
|
|-weather|Sandstorm|[upkeep]
|-heal|p1a: Forretress|15/100|[from] item: Leftovers
|upkeep
|turn|31
|
|t:|1728074520
|move|p2a: Dayloc|Earthquake|p1a: Forretress
|-damage|p1a: Forretress|0 fnt
|faint|p1a: Forretress
|
|t:|1728074531
|switch|p1a: Salamence|Salamence, M|100/100
|-ability|p1a: Salamence|Intimidate|boost
|-unboost|p2a: Dayloc|atk|1
|
|-weather|Sandstorm|[upkeep]
|-damage|p1a: Salamence|95/100|[from] Sandstorm
|-heal|p1a: Salamence|100/100|[from] item: Leftovers
|upkeep
|turn|32
|
|t:|1728074538
|move|p1a: Salamence|Dragon Claw|p2a: Dayloc
|-damage|p2a: Dayloc|61/100
|move|p2a: Dayloc|Rapid Spin|p1a: Salamence
|-damage|p1a: Salamence|97/100
|-sideend|p2: asbolus verrucosus|Spikes|[from] move: Rapid Spin|[of] p2a: Dayloc
|
|-weather|Sandstorm|[upkeep]
|-damage|p1a: Salamence|91/100|[from] Sandstorm
|-heal|p1a: Salamence|97/100|[from] item: Leftovers
|-heal|p2a: Dayloc|67/100|[from] item: Leftovers
|upkeep
|turn|33
|
|t:|1728074544
|switch|p2a: Timolic|Milotic, M|100/100 par
|move|p1a: Salamence|Dragon Claw|p2a: Timolic
|-damage|p2a: Timolic|69/100 par
|
|-weather|Sandstorm|[upkeep]
|-damage|p1a: Salamence|91/100|[from] Sandstorm
|-damage|p2a: Timolic|63/100 par|[from] Sandstorm
|-heal|p1a: Salamence|97/100|[from] item: Leftovers
|-heal|p2a: Timolic|69/100 par|[from] item: Leftovers
|upkeep
|turn|34
|
|t:|1728074552
|move|p1a: Salamence|Dragon Claw|p2a: Timolic
|-damage|p2a: Timolic|42/100 par
|cant|p2a: Timolic|par
|
|-weather|Sandstorm|[upkeep]
|-damage|p1a: Salamence|91/100|[from] Sandstorm
|-damage|p2a: Timolic|36/100 par|[from] Sandstorm
|-heal|p1a: Salamence|97/100|[from] item: Leftovers
|-heal|p2a: Timolic|42/100 par|[from] item: Leftovers
|upkeep
|turn|35
|
|t:|1728074556
|move|p1a: Salamence|Dragon Claw|p2a: Timolic
|-damage|p2a: Timolic|15/100 par
|move|p2a: Timolic|Recover|p2a: Timolic
|-heal|p2a: Timolic|65/100 par
|
|-weather|Sandstorm|[upkeep]
|-damage|p1a: Salamence|91/100|[from] Sandstorm
|-damage|p2a: Timolic|59/100 par|[from] Sandstorm
|-heal|p1a: Salamence|97/100|[from] item: Leftovers
|-heal|p2a: Timolic|65/100 par|[from] item: Leftovers
|upkeep
|turn|36
|
|t:|1728074566
|move|p1a: Salamence|Dragon Claw|p2a: Timolic
|-damage|p2a: Timolic|36/100 par
|move|p2a: Timolic|Recover|p2a: Timolic
|-heal|p2a: Timolic|86/100 par
|
|-weather|Sandstorm|[upkeep]
|-damage|p1a: Salamence|91/100|[from] Sandstorm
|-damage|p2a: Timolic|80/100 par|[from] Sandstorm
|-heal|p1a: Salamence|97/100|[from] item: Leftovers
|-heal|p2a: Timolic|86/100 par|[from] item: Leftovers
|upkeep
|turn|37
|
|t:|1728074569
|move|p1a: Salamence|Dragon Claw|p2a: Timolic
|-crit|p2a: Timolic
|-damage|p2a: Timolic|24/100 par
|cant|p2a: Timolic|par
|
|-weather|Sandstorm|[upkeep]
|-damage|p1a: Salamence|91/100|[from] Sandstorm
|-damage|p2a: Timolic|18/100 par|[from] Sandstorm
|-heal|p1a: Salamence|97/100|[from] item: Leftovers
|-heal|p2a: Timolic|24/100 par|[from] item: Leftovers
|upkeep
|turn|38
|
|t:|1728074572
|switch|p2a: Silléby|Blissey, F, shiny|100/100
|move|p1a: Salamence|Dragon Claw|p2a: Silléby
|-damage|p2a: Silléby|85/100
|
|-weather|Sandstorm|[upkeep]
|-damage|p1a: Salamence|91/100|[from] Sandstorm
|-damage|p2a: Silléby|79/100|[from] Sandstorm
|-heal|p1a: Salamence|97/100|[from] item: Leftovers
|-heal|p2a: Silléby|85/100|[from] item: Leftovers
|upkeep
|turn|39
|
|t:|1728074589
|switch|p1a: Blissey|Blissey, F|83/100
|switch|p2a: Otigrud|Dugtrio, M, shiny|27/100 tox
|
|-weather|Sandstorm|[upkeep]
|-damage|p1a: Blissey|77/100|[from] Sandstorm
|-damage|p2a: Otigrud|20/100 tox|[from] psn
|-heal|p1a: Blissey|83/100|[from] item: Leftovers
|upkeep
|turn|40
|
|t:|1728074595
|move|p2a: Otigrud|Earthquake|p1a: Blissey
|-crit|p1a: Blissey
|-damage|p1a: Blissey|0 fnt
|faint|p1a: Blissey
|
|t:|1728074605
|switch|p1a: Aerodactyl|Aerodactyl, M|100/100
|
|-weather|Sandstorm|[upkeep]
|-damage|p2a: Otigrud|8/100 tox|[from] psn
|upkeep
|turn|41
|
|t:|1728074610
|move|p1a: Aerodactyl|Double-Edge|p2a: Otigrud
|-damage|p2a: Otigrud|0 fnt
|faint|p2a: Otigrud
|
|t:|1728074613
|switch|p2a: Kryomars|Skarmory, M, shiny|73/100
|
|-weather|Sandstorm|[upkeep]
|-heal|p2a: Kryomars|79/100|[from] item: Leftovers
|upkeep
|turn|42
|
|t:|1728074617
|switch|p1a: Salamence|Salamence, M|97/100
|-ability|p1a: Salamence|Intimidate|boost
|-unboost|p2a: Kryomars|atk|1
|move|p2a: Kryomars|Toxic|p1a: Salamence
|-status|p1a: Salamence|tox
|
|-weather|Sandstorm|[upkeep]
|-damage|p1a: Salamence|91/100 tox|[from] Sandstorm
|-heal|p1a: Salamence|97/100 tox|[from] item: Leftovers
|-damage|p1a: Salamence|91/100 tox|[from] psn
|-heal|p2a: Kryomars|85/100|[from] item: Leftovers
|upkeep
|turn|43
|
|t:|1728074623
|switch|p2a: Silléby|Blissey, F, shiny|85/100
|move|p1a: Salamence|Fire Blast|p2a: Silléby
|-damage|p2a: Silléby|69/100
|
|-weather|Sandstorm|[upkeep]
|-damage|p1a: Salamence|85/100 tox|[from] Sandstorm
|-damage|p2a: Silléby|63/100|[from] Sandstorm
|-heal|p1a: Salamence|91/100 tox|[from] item: Leftovers
|-damage|p1a: Salamence|79/100 tox|[from] psn
|-heal|p2a: Silléby|69/100|[from] item: Leftovers
|upkeep
|turn|44
|
|t:|1728074628
|move|p1a: Salamence|Brick Break|p2a: Silléby
|-supereffective|p2a: Silléby
|-damage|p2a: Silléby|25/100
|move|p2a: Silléby|Soft-Boiled|p2a: Silléby
|-heal|p2a: Silléby|75/100
|
|-weather|Sandstorm|[upkeep]
|-damage|p1a: Salamence|73/100 tox|[from] Sandstorm
|-damage|p2a: Silléby|69/100|[from] Sandstorm
|-heal|p1a: Salamence|79/100 tox|[from] item: Leftovers
|-damage|p1a: Salamence|61/100 tox|[from] psn
|-heal|p2a: Silléby|75/100|[from] item: Leftovers
|upkeep
|turn|45
|
|t:|1728074631
|move|p1a: Salamence|Brick Break|p2a: Silléby
|-supereffective|p2a: Silléby
|-crit|p2a: Silléby
|-damage|p2a: Silléby|0 fnt
|faint|p2a: Silléby
|
|t:|1728074647
|switch|p2a: Timolic|Milotic, M|24/100 par
|
|-weather|Sandstorm|[upkeep]
|-damage|p1a: Salamence|55/100 tox|[from] Sandstorm
|-damage|p2a: Timolic|18/100 par|[from] Sandstorm
|-heal|p1a: Salamence|61/100 tox|[from] item: Leftovers
|-damage|p1a: Salamence|37/100 tox|[from] psn
|-heal|p2a: Timolic|24/100 par|[from] item: Leftovers
|upkeep
|turn|46
|
|t:|1728074655
|move|p1a: Salamence|Dragon Claw|p2a: Timolic
|-damage|p2a: Timolic|0 fnt
|faint|p2a: Timolic
|
|t:|1728074656
|switch|p2a: Kryomars|Skarmory, M, shiny|85/100
|
|-weather|Sandstorm|[upkeep]
|-damage|p1a: Salamence|31/100 tox|[from] Sandstorm
|-heal|p1a: Salamence|37/100 tox|[from] item: Leftovers
|-damage|p1a: Salamence|7/100 tox|[from] psn
|-heal|p2a: Kryomars|91/100|[from] item: Leftovers
|upkeep
|turn|47
|
|t:|1728074664
|move|p2a: Kryomars|Protect|p2a: Kryomars
|-singleturn|p2a: Kryomars|Protect
|move|p1a: Salamence|Fire Blast|p2a: Kryomars
|-activate|p2a: Kryomars|Protect
|
|-weather|Sandstorm|[upkeep]
|-damage|p1a: Salamence|1/100 tox|[from] Sandstorm
|-heal|p1a: Salamence|7/100 tox|[from] item: Leftovers
|-damage|p1a: Salamence|0 fnt|[from] psn
|faint|p1a: Salamence
|-heal|p2a: Kryomars|97/100|[from] item: Leftovers
|upkeep
|
|t:|1728074665
|switch|p1a: Aerodactyl|Aerodactyl, M|100/100
|turn|48
|
|t:|1728074669
|move|p1a: Aerodactyl|Rock Slide|p2a: Kryomars
|-damage|p2a: Kryomars|65/100
|move|p2a: Kryomars|Toxic|p1a: Aerodactyl
|-status|p1a: Aerodactyl|tox
|
|-weather|Sandstorm|[upkeep]
|-damage|p1a: Aerodactyl|95/100 tox|[from] psn
|-heal|p2a: Kryomars|71/100|[from] item: Leftovers
|upkeep
|turn|49
|
|t:|1728074673
|move|p2a: Kryomars|Protect|p2a: Kryomars
|-singleturn|p2a: Kryomars|Protect
|move|p1a: Aerodactyl|Rock Slide|p2a: Kryomars
|-activate|p2a: Kryomars|Protect
|
|-weather|Sandstorm|[upkeep]
|-damage|p1a: Aerodactyl|83/100 tox|[from] psn
|-heal|p2a: Kryomars|77/100|[from] item: Leftovers
|upkeep
|turn|50
|
|t:|1728074681
|move|p2a: Kryomars|Protect||[still]
|-fail|p2a: Kryomars
|move|p1a: Aerodactyl|Rock Slide|p2a: Kryomars
|-damage|p2a: Kryomars|45/100
|
|-weather|Sandstorm|[upkeep]
|-damage|p1a: Aerodactyl|65/100 tox|[from] psn
|-heal|p2a: Kryomars|51/100|[from] item: Leftovers
|upkeep
|turn|51
|
|t:|1728074683
|move|p2a: Kryomars|Protect|p2a: Kryomars
|-singleturn|p2a: Kryomars|Protect
|move|p1a: Aerodactyl|Rock Slide|p2a: Kryomars
|-activate|p2a: Kryomars|Protect
|
|-weather|Sandstorm|[upkeep]
|-damage|p1a: Aerodactyl|41/100 tox|[from] psn
|-heal|p2a: Kryomars|57/100|[from] item: Leftovers
|upkeep
|turn|52
|
|t:|1728074685
|move|p2a: Kryomars|Protect|p2a: Kryomars
|-singleturn|p2a: Kryomars|Protect
|move|p1a: Aerodactyl|Rock Slide|p2a: Kryomars
|-activate|p2a: Kryomars|Protect
|
|-weather|Sandstorm|[upkeep]
|-damage|p1a: Aerodactyl|11/100 tox|[from] psn
|-heal|p2a: Kryomars|63/100|[from] item: Leftovers
|upkeep
|turn|53
|
|t:|1728074687
|move|p2a: Kryomars|Protect||[still]
|-fail|p2a: Kryomars
|move|p1a: Aerodactyl|Rock Slide|p2a: Kryomars
|-damage|p2a: Kryomars|32/100
|
|-weather|Sandstorm|[upkeep]
|-damage|p1a: Aerodactyl|0 fnt|[from] psn
|faint|p1a: Aerodactyl
|
|win|asbolus verrucosus
|upkeep
|c|☆asbolus verrucosus|gg
|player|p2|

</script>
<script type="application/json" class="data" id="replaydata-smogtours-gen3ou-794705">
{"id":"smogtours-gen3ou-794705","format":"[Gen 3] OU","players":["FaceOFF3141","asbolus verrucosus"],"uploadtime":1728074687,"views":88,"formatid":"gen3ou","rating":null,"private":0,"password":null}
</script>

<script defer src="js/replays.js?9d40a366"></script>
