<!DOCTYPE html>
<meta charset="utf-8" />
<meta name="viewport" content="width=device-width" />

<title>[Gen 3] OU: mcgowin vs. UDM31 - Replays - Pok&eacute;mon Showdown!</title>

<meta name="description" content="Watch a replay of a Pok&eacute;mon battle between mcgowin and UDM31! Format: [Gen 3] OU; Date: Oct 10, 2024" />
<!--

Hey, you! Looking in the source for the replay log?

You can find them in JSON format, just add `.json` at the end of a replay URL.

https://replay.pokemonshowdown.com/gen7randomdoublesbattle-865046831.json

Or, if you only need the log itself, add `.log` instead:

https://replay.pokemonshowdown.com/gen7randomdoublesbattle-865046831.log

-->

<link rel="stylesheet" href="//pokemonshowdown.com/style/global.css?0.767286132409787" />
<link rel="stylesheet" href="//play.pokemonshowdown.com/style/font-awesome.css?0.9266228007934947" />
<link rel="stylesheet" href="//play.pokemonshowdown.com/style/battle.css?0.7924700842790926" />
<link rel="stylesheet" href="//play.pokemonshowdown.com/style/utilichart.css?0.8777417872839479" />

<!-- Global site tag (gtag.js) - Google Analytics -->
<script async src="https://www.googletagmanager.com/gtag/js?id=UA-26211653-1"></script>
<script>
  window.dataLayer = window.dataLayer || [];
  function gtag(){dataLayer.push(arguments);}
  gtag('js', new Date());

  gtag('config', 'UA-26211653-1');
</script>
<!-- End Google Analytics -->
<!-- Venatus Ad Manager - Install in <HEAD> of page -->
	<script src="https://hb.vntsm.com/v3/live/ad-manager.min.js" type="text/javascript" data-site-id="642aba63ec9a7b11c3c9c1be" data-mode="scan" async></script>
<!-- / Venatus Ad Manager -->

<style>
	@media (max-width:820px) {
		.battle {
			margin: 0 auto;
		}
		.battle-log {
			margin: 7px auto 0;
			max-width: 640px;
			height: 300px;
			position: static;
		}
	}
	.optgroup {
		display: inline-block;
		line-height: 22px;
		font-size: 10pt;
	}
	.optgroup .button {
		height: 25px;
		padding-top: 0;
		padding-bottom: 0;
	}
	.optgroup button.button {
		padding-left: 12px;
		padding-right: 12px;
	}
	.linklist {
		list-style: none;
		margin: 0.5em 0;
		padding: 0;
	}
	.linklist li {
		padding: 2px 0;
	}
	.sidebar {
		float: left;
		width: 320px;
	}
	.bar-wrapper {
		max-width: 1100px;
		margin: 0 auto;
	}
	.bar-wrapper.has-sidebar {
		max-width: 1430px;
	}
	.mainbar {
		margin: 0;
		padding-right: 1px;
	}
	.mainbar.has-sidebar {
		margin-left: 330px;
	}
	@media (min-width: 1511px) {
		.sidebar {
			width: 400px;
		}
		.bar-wrapper.has-sidebar {
			max-width: 1510px;
		}
		.mainbar.has-sidebar {
			margin-left: 410px;
		}
	}
	.section.first-section {
		margin-top: 9px;
	}
	.blocklink small {
		white-space: normal;
	}
	.button {
		vertical-align: middle;
	}
	.replay-controls {
		padding-top: 10px;
	}
	.replay-controls h1 {
		font-size: 16pt;
		font-weight: normal;
		color: #CCC;
	}
	.pagelink {
		text-align: center;
	}
	.pagelink a {
		width: 150px;
	}
	.textbox, .button {
		font-size: 11pt;
		vertical-align: middle;
	}
	@media (max-width: 450px) {
		.button {
			font-size: 9pt;
		}
	}
</style>

<div>

	<header>
		<div class="nav-wrapper"><ul class="nav">
			<li><a class="button nav-first" href="//pokemonshowdown.com/"><img src="//pokemonshowdown.com/images/pokemonshowdownbeta.png" srcset="//pokemonshowdown.com/images/pokemonshowdownbeta.png 1x, //pokemonshowdown.com/images/pokemonshowdownbeta@2x.png 2x" alt="Pok&eacute;mon Showdown" width="146" height="44" /> Home</a></li>
			<li><a class="button" href="//pokemonshowdown.com/dex/">Pok&eacute;dex</a></li>
			<li><a class="button cur" href="/">Replays</a></li>
			<li><a class="button" href="//pokemonshowdown.com/ladder/">Ladder</a></li>
			<li><a class="button nav-last" href="//pokemonshowdown.com/forums/">Forum</a></li>
			<li><a class="button greenbutton nav-first nav-last" href="//play.pokemonshowdown.com/">Play</a></li>
		</ul></div>
	</header>

	<div class="main" id="main">

		<noscript><section class="section">You need to enable JavaScript to use this page; sorry!</section></noscript>

	</div>

</div>

<script defer nomodule src="//play.pokemonshowdown.com/js/lib/ps-polyfill.js"></script>
<script defer src="//play.pokemonshowdown.com/js/lib/preact.min.js"></script>

<script defer src="//play.pokemonshowdown.com/config/config.js?6dec07f6"></script>
<script defer src="//play.pokemonshowdown.com/js/lib/jquery-1.11.0.min.js"></script>
<script defer src="//play.pokemonshowdown.com/js/lib/html-sanitizer-minified.js"></script>
<script defer src="//play.pokemonshowdown.com/js/battle-sound.js"></script>
<script defer src="//play.pokemonshowdown.com/js/battledata.js?0.6315294753075389"></script>
<script defer src="//play.pokemonshowdown.com/data/pokedex-mini.js?0.7603743185311358"></script>
<script defer src="//play.pokemonshowdown.com/data/pokedex-mini-bw.js?0.030888842834281283"></script>
<script defer src="//play.pokemonshowdown.com/data/graphics.js?0.05593094747507488"></script>
<script defer src="//play.pokemonshowdown.com/data/pokedex.js?0.47064822249611904"></script>
<script defer src="//play.pokemonshowdown.com/data/moves.js?0.8583693120512459"></script>
<script defer src="//play.pokemonshowdown.com/data/abilities.js?0.16017181182386842"></script>
<script defer src="//play.pokemonshowdown.com/data/items.js?0.4163379185673943"></script>
<script defer src="//play.pokemonshowdown.com/data/teambuilder-tables.js?0.31075597372830477"></script>
<script defer src="//play.pokemonshowdown.com/js/battle-tooltips.js?0.6536193500708172"></script>
<script defer src="//play.pokemonshowdown.com/js/battle.js?0.1916591943277901"></script>

<script defer src="js/utils.js?e31f9a17"></script>
<script defer src="js/replays-battle.js?7008c182"></script>

<!-- don't scrape this data! just add .json or .log after the URL!
Full API docs: https://github.com/smogon/pokemon-showdown-client/blob/master/WEB-API.md -->
<script type="text/plain" class="log" id="replaylog-smogtours-gen3ou-797023">
|inactive|Battle timer is ON: inactive players will automatically lose when time's up.
|t:|1728595206
|gametype|singles
|player|p1|mcgowin|265|
|player|p2|UDM31|#advpliv|
|teamsize|p1|6
|teamsize|p2|6
|gen|3
|tier|[Gen 3] OU
|rule|Sleep Clause Mod: Limit one foe put to sleep
|rule|Switch Priority Clause Mod: Faster Pokémon switch first
|rule|Species Clause: Limit one of each Pokémon
|rule|OHKO Clause: OHKO moves are banned
|rule|Evasion Items Clause: Evasion items are banned
|rule|Evasion Moves Clause: Evasion moves are banned
|rule|Endless Battle Clause: Forcing endless battles is banned
|rule|HP Percentage Mod: HP is shown in percentages
|rule|One Boost Passer Clause: Limit one Baton Passer that has a way to boost its stats
|rule|Freeze Clause Mod: Limit one foe frozen
|
|t:|1728595206
|start
|switch|p1a: Veridis Quo|Tyranitar, F|100/100
|switch|p2a: Skarmory|Skarmory, M|100/100
|-weather|Sandstorm|[from] ability: Sand Stream|[of] p1a: Veridis Quo
|turn|1
|
|t:|1728595222
|switch|p1a: Crescendoll|Blissey, F|100/100
|move|p2a: Skarmory|Spikes|p1a: Crescendoll
|-sidestart|p1: mcgowin|Spikes
|
|-weather|Sandstorm|[upkeep]
|-damage|p1a: Crescendoll|94/100|[from] Sandstorm
|-heal|p1a: Crescendoll|100/100|[from] item: Leftovers
|upkeep
|turn|2
|inactive|UDM31 has 270 seconds left.
|
|t:|1728595255
|switch|p2a: Blissey|Blissey, F|100/100
|switch|p1a: Voyager|Skarmory, M|100/100
|
|-weather|Sandstorm|[upkeep]
|-damage|p2a: Blissey|94/100|[from] Sandstorm
|-heal|p2a: Blissey|100/100|[from] item: Leftovers
|upkeep
|turn|3
|
|t:|1728595268
|move|p2a: Blissey|Fire Blast|p1a: Voyager|[miss]
|-miss|p2a: Blissey|p1a: Voyager
|move|p1a: Voyager|Whirlwind|p2a: Blissey
|drag|p2a: Swampert|Swampert, F|100/100
|
|-weather|Sandstorm|[upkeep]
|upkeep
|turn|4
|inactive|UDM31 has 270 seconds left.
|
|t:|1728595285
|switch|p2a: Skarmory|Skarmory, M|100/100
|move|p1a: Voyager|Spikes|p2a: Skarmory
|-sidestart|p2: UDM31|Spikes
|
|-weather|Sandstorm|[upkeep]
|upkeep
|turn|5
|
|t:|1728595289
|move|p2a: Skarmory|Taunt|p1a: Voyager
|-start|p1a: Voyager|move: Taunt
|cant|p1a: Voyager|move: Taunt|Taunt
|
|-weather|Sandstorm|[upkeep]
|upkeep
|turn|6
|c|☆mcgowin|lol
|inactive|UDM31 has 270 seconds left.
|c|☆UDM31|my middle finger was faster sorry
|c|☆mcgowin|<\/3
|
|t:|1728595326
|switch|p1a: Aerodynamic|Moltres|100/100
|move|p2a: Skarmory|Spikes|p1a: Aerodynamic
|-sidestart|p1: mcgowin|Spikes
|
|-weather|Sandstorm|[upkeep]
|-damage|p1a: Aerodynamic|94/100|[from] Sandstorm
|-heal|p1a: Aerodynamic|100/100|[from] item: Leftovers
|upkeep
|turn|7
|
|t:|1728595338
|switch|p2a: Blissey|Blissey, F|100/100
|-damage|p2a: Blissey|88/100|[from] Spikes
|move|p1a: Aerodynamic|Will-O-Wisp|p2a: Blissey
|-status|p2a: Blissey|brn
|
|-weather|Sandstorm|[upkeep]
|-damage|p1a: Aerodynamic|94/100|[from] Sandstorm
|-damage|p2a: Blissey|82/100 brn|[from] Sandstorm
|-heal|p1a: Aerodynamic|100/100|[from] item: Leftovers
|-heal|p2a: Blissey|88/100 brn|[from] item: Leftovers
|-damage|p2a: Blissey|76/100 brn|[from] brn
|upkeep
|turn|8
|
|t:|1728595357
|switch|p1a: Veridis Quo|Tyranitar, F|100/100
|-damage|p1a: Veridis Quo|84/100|[from] Spikes
|-curestatus|p2a: Blissey|brn|[from] ability: Natural Cure
|switch|p2a: Tyranitar|Tyranitar, M|100/100
|-damage|p2a: Tyranitar|88/100|[from] Spikes
|
|-weather|Sandstorm|[upkeep]
|-heal|p1a: Veridis Quo|90/100|[from] item: Leftovers
|-heal|p2a: Tyranitar|94/100|[from] item: Leftovers
|upkeep
|turn|9
|
|t:|1728595365
|switch|p2a: Skarmory|Skarmory, M|100/100
|move|p1a: Veridis Quo|Earthquake|p2a: Skarmory
|-immune|p2a: Skarmory
|
|-weather|Sandstorm|[upkeep]
|-heal|p1a: Veridis Quo|96/100|[from] item: Leftovers
|upkeep
|turn|10
|
|t:|1728595373
|move|p2a: Skarmory|Spikes|p1a: Veridis Quo
|-sidestart|p1: mcgowin|Spikes
|move|p1a: Veridis Quo|Rock Slide|p2a: Skarmory
|-crit|p2a: Skarmory
|-damage|p2a: Skarmory|34/100
|
|-weather|Sandstorm|[upkeep]
|-heal|p2a: Skarmory|40/100|[from] item: Leftovers
|-heal|p1a: Veridis Quo|100/100|[from] item: Leftovers
|upkeep
|turn|11
|inactive|UDM31 has 270 seconds left.
|
|t:|1728595382
|switch|p2a: Swampert|Swampert, F|100/100
|-damage|p2a: Swampert|88/100|[from] Spikes
|switch|p1a: Crescendoll|Blissey, F|100/100
|-damage|p1a: Crescendoll|76/100|[from] Spikes
|
|-weather|Sandstorm|[upkeep]
|-damage|p1a: Crescendoll|69/100|[from] Sandstorm
|-heal|p1a: Crescendoll|76/100|[from] item: Leftovers
|-heal|p2a: Swampert|94/100|[from] item: Leftovers
|upkeep
|turn|12
|inactive|UDM31 has 270 seconds left.
|
|t:|1728595409
|switch|p2a: Blissey|Blissey, F|76/100
|-damage|p2a: Blissey|63/100|[from] Spikes
|move|p1a: Crescendoll|Soft-Boiled|p1a: Crescendoll
|-heal|p1a: Crescendoll|100/100
|
|-weather|Sandstorm|[upkeep]
|-damage|p2a: Blissey|57/100|[from] Sandstorm
|-damage|p1a: Crescendoll|94/100|[from] Sandstorm
|-heal|p2a: Blissey|63/100|[from] item: Leftovers
|-heal|p1a: Crescendoll|100/100|[from] item: Leftovers
|upkeep
|turn|13
|
|t:|1728595414
|move|p2a: Blissey|Soft-Boiled|p2a: Blissey
|-heal|p2a: Blissey|100/100
|move|p1a: Crescendoll|Toxic|p2a: Blissey
|-status|p2a: Blissey|tox
|
|-weather|Sandstorm|[upkeep]
|-damage|p2a: Blissey|94/100 tox|[from] Sandstorm
|-damage|p1a: Crescendoll|94/100|[from] Sandstorm
|-heal|p2a: Blissey|100/100 tox|[from] item: Leftovers
|-damage|p2a: Blissey|94/100 tox|[from] psn
|-heal|p1a: Crescendoll|100/100|[from] item: Leftovers
|upkeep
|turn|14
|inactive|UDM31 has 270 seconds left.
|
|t:|1728595426
|-curestatus|p2a: Blissey|tox|[from] ability: Natural Cure
|switch|p2a: Jirachi|Jirachi|100/100
|-damage|p2a: Jirachi|88/100|[from] Spikes
|move|p1a: Crescendoll|Seismic Toss|p2a: Jirachi
|-damage|p2a: Jirachi|59/100
|
|-weather|Sandstorm|[upkeep]
|-damage|p1a: Crescendoll|94/100|[from] Sandstorm
|-heal|p2a: Jirachi|65/100|[from] item: Leftovers
|-heal|p1a: Crescendoll|100/100|[from] item: Leftovers
|upkeep
|turn|15
|
|t:|1728595436
|move|p2a: Jirachi|Dynamic Punch|p1a: Crescendoll|[miss]
|-miss|p2a: Jirachi|p1a: Crescendoll
|move|p1a: Crescendoll|Seismic Toss|p2a: Jirachi
|-damage|p2a: Jirachi|36/100
|
|-weather|Sandstorm|[upkeep]
|-damage|p1a: Crescendoll|94/100|[from] Sandstorm
|-heal|p2a: Jirachi|42/100|[from] item: Leftovers
|-heal|p1a: Crescendoll|100/100|[from] item: Leftovers
|upkeep
|turn|16
|inactive|mcgowin has 270 seconds left.
|inactive|mcgowin has 240 seconds left.
|
|t:|1728595498
|switch|p1a: Giorgio|Swampert, F|100/100
|-damage|p1a: Giorgio|76/100|[from] Spikes
|move|p2a: Jirachi|Dynamic Punch|p1a: Giorgio|[miss]
|-miss|p2a: Jirachi|p1a: Giorgio
|
|-weather|Sandstorm|[upkeep]
|-heal|p2a: Jirachi|48/100|[from] item: Leftovers
|-heal|p1a: Giorgio|82/100|[from] item: Leftovers
|upkeep
|turn|17
|
|t:|1728595507
|move|p2a: Jirachi|Hidden Power|p1a: Giorgio
|-supereffective|p1a: Giorgio
|-damage|p1a: Giorgio|12/100
|move|p1a: Giorgio|Earthquake|p2a: Jirachi
|-supereffective|p2a: Jirachi
|-damage|p2a: Jirachi|0 fnt
|faint|p2a: Jirachi
|inactive|UDM31 has 270 seconds left.
|
|t:|1728595541
|switch|p2a: Aerodactyl|Aerodactyl, F|100/100
|
|-weather|Sandstorm|[upkeep]
|-heal|p1a: Giorgio|18/100|[from] item: Leftovers
|upkeep
|turn|18
|inactive|UDM31 has 270 seconds left.
|
|t:|1728595564
|move|p1a: Giorgio|Protect|p1a: Giorgio
|-singleturn|p1a: Giorgio|Protect
|move|p2a: Aerodactyl|Double-Edge|p1a: Giorgio
|-activate|p1a: Giorgio|Protect
|
|-weather|Sandstorm|[upkeep]
|-heal|p1a: Giorgio|25/100|[from] item: Leftovers
|upkeep
|turn|19
|
|t:|1728595572
|move|p1a: Giorgio|Protect||[still]
|-fail|p1a: Giorgio
|move|p2a: Aerodactyl|Double-Edge|p1a: Giorgio
|-damage|p1a: Giorgio|0 fnt
|faint|p1a: Giorgio
|
|t:|1728595581
|switch|p1a: Veridis Quo|Tyranitar, F|100/100
|-damage|p1a: Veridis Quo|75/100|[from] Spikes
|
|-weather|Sandstorm|[upkeep]
|-heal|p1a: Veridis Quo|82/100|[from] item: Leftovers
|upkeep
|turn|20
|inactive|UDM31 has 270 seconds left.
|
|t:|1728595610
|switch|p2a: Swampert|Swampert, F|94/100
|-damage|p2a: Swampert|82/100|[from] Spikes
|move|p1a: Veridis Quo|Toxic|p2a: Swampert|[miss]
|-miss|p1a: Veridis Quo|p2a: Swampert
|
|-weather|Sandstorm|[upkeep]
|-heal|p1a: Veridis Quo|88/100|[from] item: Leftovers
|-heal|p2a: Swampert|88/100|[from] item: Leftovers
|upkeep
|turn|21
|inactive|UDM31 has 270 seconds left.
|c|☆UDM31|mb
|inactive|mcgowin has 240 seconds left.
|inactive|mcgowin has 210 seconds left.
|inactive|mcgowin has 180 seconds left.
|
|t:|1728595689
|switch|p1a: Voyager|Skarmory, M|100/100
|move|p2a: Swampert|Surf|p1a: Voyager
|-damage|p1a: Voyager|71/100
|
|-weather|Sandstorm|[upkeep]
|-heal|p1a: Voyager|77/100|[from] item: Leftovers
|-heal|p2a: Swampert|94/100|[from] item: Leftovers
|upkeep
|turn|22
|inactive|mcgowin has 180 seconds left.
|
|t:|1728595704
|switch|p2a: Skarmory|Skarmory, M|40/100
|move|p1a: Voyager|Spikes|p2a: Skarmory
|-sidestart|p2: UDM31|Spikes
|
|-weather|Sandstorm|[upkeep]
|-heal|p2a: Skarmory|46/100|[from] item: Leftovers
|-heal|p1a: Voyager|83/100|[from] item: Leftovers
|upkeep
|turn|23
|inactive|mcgowin has 180 seconds left.
|
|t:|1728595717
|switch|p1a: Crescendoll|Blissey, F|100/100
|-damage|p1a: Crescendoll|76/100|[from] Spikes
|move|p2a: Skarmory|Taunt|p1a: Crescendoll
|-start|p1a: Crescendoll|move: Taunt
|
|-weather|Sandstorm|[upkeep]
|-damage|p1a: Crescendoll|69/100|[from] Sandstorm
|-heal|p2a: Skarmory|52/100|[from] item: Leftovers
|-heal|p1a: Crescendoll|76/100|[from] item: Leftovers
|upkeep
|turn|24
|inactive|UDM31 has 240 seconds left.
|
|t:|1728595737
|move|p1a: Crescendoll|Seismic Toss|p2a: Skarmory
|-damage|p2a: Skarmory|22/100
|move|p2a: Skarmory|Roar|p1a: Crescendoll
|drag|p1a: Veridis Quo|Tyranitar, F|88/100
|-damage|p1a: Veridis Quo|63/100|[from] Spikes
|
|-weather|Sandstorm|[upkeep]
|-heal|p2a: Skarmory|28/100|[from] item: Leftovers
|-heal|p1a: Veridis Quo|69/100|[from] item: Leftovers
|upkeep
|turn|25
|
|t:|1728595749
|switch|p2a: Swampert|Swampert, F|94/100
|-damage|p2a: Swampert|78/100|[from] Spikes
|switch|p1a: Voyager|Skarmory, M|83/100
|
|-weather|Sandstorm|[upkeep]
|-heal|p1a: Voyager|89/100|[from] item: Leftovers
|-heal|p2a: Swampert|84/100|[from] item: Leftovers
|upkeep
|turn|26
|inactive|UDM31 has 240 seconds left.
|
|t:|1728595767
|switch|p2a: Skarmory|Skarmory, M|28/100
|move|p1a: Voyager|Spikes|p2a: Skarmory
|-sidestart|p2: UDM31|Spikes
|
|-weather|Sandstorm|[upkeep]
|-heal|p2a: Skarmory|34/100|[from] item: Leftovers
|-heal|p1a: Voyager|95/100|[from] item: Leftovers
|upkeep
|turn|27
|inactive|UDM31 has 240 seconds left.
|inactive|mcgowin has 180 seconds left.
|
|t:|1728595794
|switch|p1a: Aerodynamic|Moltres|100/100
|move|p2a: Skarmory|Roar|p1a: Aerodynamic
|drag|p1a: Crescendoll|Blissey, F|76/100
|-damage|p1a: Crescendoll|51/100|[from] Spikes
|
|-weather|Sandstorm|[upkeep]
|-damage|p1a: Crescendoll|45/100|[from] Sandstorm
|-heal|p2a: Skarmory|40/100|[from] item: Leftovers
|-heal|p1a: Crescendoll|51/100|[from] item: Leftovers
|upkeep
|turn|28
|inactive|mcgowin has 180 seconds left.
|inactive|UDM31 has 210 seconds left.
|inactive|UDM31 has 180 seconds left.
|
|t:|1728595860
|move|p2a: Skarmory|Taunt|p1a: Crescendoll
|-start|p1a: Crescendoll|move: Taunt
|cant|p1a: Crescendoll|move: Taunt|Soft-Boiled
|
|-weather|Sandstorm|[upkeep]
|-damage|p1a: Crescendoll|45/100|[from] Sandstorm
|-heal|p2a: Skarmory|46/100|[from] item: Leftovers
|-heal|p1a: Crescendoll|51/100|[from] item: Leftovers
|upkeep
|turn|29
|inactive|mcgowin has 180 seconds left.
|inactive|UDM31 has 150 seconds left.
|
|t:|1728595897
|move|p1a: Crescendoll|Seismic Toss|p2a: Skarmory
|-damage|p2a: Skarmory|16/100
|move|p2a: Skarmory|Roar|p1a: Crescendoll
|drag|p1a: Nightvision|Gengar, M|100/100
|
|-weather|Sandstorm|[upkeep]
|-damage|p1a: Nightvision|94/100|[from] Sandstorm
|-heal|p1a: Nightvision|100/100|[from] item: Leftovers
|-heal|p2a: Skarmory|22/100|[from] item: Leftovers
|upkeep
|turn|30
|inactive|UDM31 has 150 seconds left.
|inactive|mcgowin has 150 seconds left.
|
|t:|1728595950
|switch|p2a: Blissey|Blissey, F|94/100
|-damage|p2a: Blissey|69/100|[from] Spikes
|move|p1a: Nightvision|Thunderbolt|p2a: Blissey
|-damage|p2a: Blissey|58/100
|
|-weather|Sandstorm|[upkeep]
|-damage|p1a: Nightvision|94/100|[from] Sandstorm
|-damage|p2a: Blissey|52/100|[from] Sandstorm
|-heal|p1a: Nightvision|100/100|[from] item: Leftovers
|-heal|p2a: Blissey|58/100|[from] item: Leftovers
|upkeep
|turn|31
|
|t:|1728595968
|move|p1a: Nightvision|Will-O-Wisp|p2a: Blissey
|-status|p2a: Blissey|brn
|move|p2a: Blissey|Soft-Boiled|p2a: Blissey
|-heal|p2a: Blissey|100/100 brn
|
|-weather|Sandstorm|[upkeep]
|-damage|p1a: Nightvision|94/100|[from] Sandstorm
|-damage|p2a: Blissey|94/100 brn|[from] Sandstorm
|-heal|p1a: Nightvision|100/100|[from] item: Leftovers
|-heal|p2a: Blissey|100/100 brn|[from] item: Leftovers
|-damage|p2a: Blissey|88/100 brn|[from] brn
|upkeep
|turn|32
|
|t:|1728595974
|move|p1a: Nightvision|Taunt|p2a: Blissey
|-start|p2a: Blissey|move: Taunt
|move|p2a: Blissey|Fire Blast|p1a: Nightvision
|-damage|p1a: Nightvision|63/100
|
|-weather|Sandstorm|[upkeep]
|-damage|p1a: Nightvision|57/100|[from] Sandstorm
|-damage|p2a: Blissey|82/100 brn|[from] Sandstorm
|-heal|p1a: Nightvision|63/100|[from] item: Leftovers
|-heal|p2a: Blissey|88/100 brn|[from] item: Leftovers
|-damage|p2a: Blissey|76/100 brn|[from] brn
|upkeep
|turn|33
|inactive|UDM31 has 150 seconds left.
|inactive|mcgowin has 120 seconds left.
|inactive|UDM31 has 120 seconds left.
|
|t:|1728596010
|switch|p1a: Crescendoll|Blissey, F|51/100
|-damage|p1a: Crescendoll|26/100|[from] Spikes
|move|p2a: Blissey|Fire Blast|p1a: Crescendoll
|-damage|p1a: Crescendoll|13/100
|-status|p1a: Crescendoll|brn
|
|-weather|Sandstorm|[upkeep]
|-damage|p2a: Blissey|69/100 brn|[from] Sandstorm
|-damage|p1a: Crescendoll|7/100 brn|[from] Sandstorm
|-heal|p2a: Blissey|76/100 brn|[from] item: Leftovers
|-damage|p2a: Blissey|63/100 brn|[from] brn
|-end|p2a: Blissey|move: Taunt|[silent]
|-heal|p1a: Crescendoll|13/100 brn|[from] item: Leftovers
|-damage|p1a: Crescendoll|1/100 brn|[from] brn
|upkeep
|turn|34
|inactive|mcgowin has 120 seconds left.
|inactive|UDM31 has 120 seconds left.
|
|t:|1728596022
|move|p2a: Blissey|Hidden Power|p1a: Crescendoll
|-damage|p1a: Crescendoll|0 fnt
|faint|p1a: Crescendoll
|c|☆UDM31|mb
|
|t:|1728596027
|switch|p1a: Veridis Quo|Tyranitar, F|69/100
|-damage|p1a: Veridis Quo|44/100|[from] Spikes
|
|-weather|Sandstorm|[upkeep]
|-damage|p2a: Blissey|57/100 brn|[from] Sandstorm
|-heal|p1a: Veridis Quo|50/100|[from] item: Leftovers
|-heal|p2a: Blissey|63/100 brn|[from] item: Leftovers
|-damage|p2a: Blissey|51/100 brn|[from] brn
|upkeep
|turn|35
|inactive|UDM31 has 120 seconds left.
|inactive|UDM31 has 90 seconds left.
|
|t:|1728596079
|-curestatus|p2a: Blissey|brn|[from] ability: Natural Cure
|switch|p2a: Skarmory|Skarmory, M|22/100
|move|p1a: Veridis Quo|Rock Slide|p2a: Skarmory|[miss]
|-miss|p1a: Veridis Quo|p2a: Skarmory
|
|-weather|Sandstorm|[upkeep]
|-heal|p2a: Skarmory|28/100|[from] item: Leftovers
|-heal|p1a: Veridis Quo|56/100|[from] item: Leftovers
|upkeep
|turn|36
|inactive|UDM31 has 90 seconds left.
|
|t:|1728596089
|move|p2a: Skarmory|Drill Peck|p1a: Veridis Quo
|-resisted|p1a: Veridis Quo
|-damage|p1a: Veridis Quo|48/100
|move|p1a: Veridis Quo|Rock Slide|p2a: Skarmory
|-damage|p2a: Skarmory|0 fnt
|faint|p2a: Skarmory
|inactive|UDM31 has 90 seconds left.
|
|t:|1728596099
|switch|p2a: Swampert|Swampert, F|84/100
|-damage|p2a: Swampert|59/100|[from] Spikes
|
|-weather|Sandstorm|[upkeep]
|-heal|p1a: Veridis Quo|54/100|[from] item: Leftovers
|-heal|p2a: Swampert|65/100|[from] item: Leftovers
|upkeep
|turn|37
|inactive|UDM31 has 90 seconds left.
|inactive|mcgowin has 120 seconds left.
|
|t:|1728596146
|move|p1a: Veridis Quo|Toxic|p2a: Swampert
|-status|p2a: Swampert|tox
|move|p2a: Swampert|Surf|p1a: Veridis Quo
|-supereffective|p1a: Veridis Quo
|-damage|p1a: Veridis Quo|5/100
|
|-weather|Sandstorm|[upkeep]
|-heal|p1a: Veridis Quo|11/100|[from] item: Leftovers
|-heal|p2a: Swampert|71/100 tox|[from] item: Leftovers
|-damage|p2a: Swampert|65/100 tox|[from] psn
|upkeep
|turn|38
|
|t:|1728596156
|switch|p1a: Voyager|Skarmory, M|95/100
|move|p2a: Swampert|Surf|p1a: Voyager
|-damage|p1a: Voyager|68/100
|
|-weather|Sandstorm|[upkeep]
|-heal|p1a: Voyager|74/100|[from] item: Leftovers
|-heal|p2a: Swampert|71/100 tox|[from] item: Leftovers
|-damage|p2a: Swampert|59/100 tox|[from] psn
|upkeep
|turn|39
|inactive|UDM31 has 90 seconds left.
|
|t:|1728596173
|move|p2a: Swampert|Surf|p1a: Voyager
|-damage|p1a: Voyager|47/100
|move|p1a: Voyager|Whirlwind|p2a: Swampert
|drag|p2a: Tyranitar|Tyranitar, M|94/100
|-damage|p2a: Tyranitar|69/100|[from] Spikes
|
|-weather|Sandstorm|[upkeep]
|-heal|p1a: Voyager|53/100|[from] item: Leftovers
|-heal|p2a: Tyranitar|76/100|[from] item: Leftovers
|upkeep
|turn|40
|
|t:|1728596181
|move|p1a: Voyager|Toxic|p2a: Tyranitar
|-status|p2a: Tyranitar|tox
|move|p2a: Tyranitar|Fire Blast|p1a: Voyager
|-supereffective|p1a: Voyager
|-damage|p1a: Voyager|0 fnt
|faint|p1a: Voyager
|inactive|mcgowin has 90 seconds left.
|
|t:|1728596207
|switch|p1a: Aerodynamic|Moltres|100/100
|
|-weather|Sandstorm|[upkeep]
|-damage|p1a: Aerodynamic|94/100|[from] Sandstorm
|-heal|p1a: Aerodynamic|100/100|[from] item: Leftovers
|-heal|p2a: Tyranitar|82/100 tox|[from] item: Leftovers
|-damage|p2a: Tyranitar|76/100 tox|[from] psn
|upkeep
|turn|41
|
|t:|1728596217
|switch|p1a: Veridis Quo|Tyranitar, F|11/100
|-damage|p1a: Veridis Quo|0 fnt|[from] Spikes
|faint|p1a: Veridis Quo
|
|t:|1728596220
|switch|p1a: Aerodynamic|Moltres|100/100
|
|-weather|Sandstorm|[upkeep]
|-damage|p1a: Aerodynamic|94/100|[from] Sandstorm
|-heal|p1a: Aerodynamic|100/100|[from] item: Leftovers
|-heal|p2a: Tyranitar|82/100 tox|[from] item: Leftovers
|-damage|p2a: Tyranitar|69/100 tox|[from] psn
|upkeep
|turn|42
|
|t:|1728596224
|move|p1a: Aerodynamic|Hidden Power|p2a: Tyranitar
|-supereffective|p2a: Tyranitar
|-crit|p2a: Tyranitar
|-damage|p2a: Tyranitar|0 fnt
|faint|p2a: Tyranitar
|inactive|UDM31 has 120 seconds left.
|
|t:|1728596235
|switch|p2a: Aerodactyl|Aerodactyl, F|100/100
|
|-weather|Sandstorm|[upkeep]
|-damage|p1a: Aerodynamic|94/100|[from] Sandstorm
|-heal|p1a: Aerodynamic|100/100|[from] item: Leftovers
|upkeep
|turn|43
|
|t:|1728596241
|move|p2a: Aerodactyl|Rock Slide|p1a: Aerodynamic
|-supereffective|p1a: Aerodynamic
|-damage|p1a: Aerodynamic|0 fnt
|faint|p1a: Aerodynamic
|
|t:|1728596243
|switch|p1a: Nightvision|Gengar, M|63/100
|
|-weather|Sandstorm|[upkeep]
|-damage|p1a: Nightvision|57/100|[from] Sandstorm
|-heal|p1a: Nightvision|63/100|[from] item: Leftovers
|upkeep
|turn|44
|
|t:|1728596248
|switch|p2a: Blissey|Blissey, F|51/100
|-damage|p2a: Blissey|26/100|[from] Spikes
|move|p1a: Nightvision|Thunderbolt|p2a: Blissey
|-damage|p2a: Blissey|15/100
|
|-weather|Sandstorm|[upkeep]
|-damage|p1a: Nightvision|57/100|[from] Sandstorm
|-damage|p2a: Blissey|9/100|[from] Sandstorm
|-heal|p1a: Nightvision|63/100|[from] item: Leftovers
|-heal|p2a: Blissey|15/100|[from] item: Leftovers
|upkeep
|turn|45
|inactive|mcgowin has 120 seconds left.
|
|t:|1728596259
|move|p1a: Nightvision|Taunt|p2a: Blissey
|-start|p2a: Blissey|move: Taunt
|cant|p2a: Blissey|move: Taunt|Soft-Boiled
|
|-weather|Sandstorm|[upkeep]
|-damage|p1a: Nightvision|57/100|[from] Sandstorm
|-damage|p2a: Blissey|9/100|[from] Sandstorm
|-heal|p1a: Nightvision|63/100|[from] item: Leftovers
|-heal|p2a: Blissey|15/100|[from] item: Leftovers
|upkeep
|turn|46
|
|t:|1728596261
|move|p1a: Nightvision|Thunderbolt|p2a: Blissey
|-damage|p2a: Blissey|5/100
|move|p2a: Blissey|Fire Blast|p1a: Nightvision
|-damage|p1a: Nightvision|26/100
|
|-weather|Sandstorm|[upkeep]
|-damage|p1a: Nightvision|20/100|[from] Sandstorm
|-damage|p2a: Blissey|0 fnt|[from] Sandstorm
|faint|p2a: Blissey
|-heal|p1a: Nightvision|26/100|[from] item: Leftovers
|upkeep
|
|t:|1728596265
|switch|p2a: Aerodactyl|Aerodactyl, F|100/100
|turn|47
|c|☆UDM31|gg
|
|t:|1728596269
|move|p2a: Aerodactyl|Hidden Power|p1a: Nightvision
|-damage|p1a: Nightvision|0 fnt
|faint|p1a: Nightvision
|
|win|UDM31
|c|☆mcgowin|gg
|player|p1|

</script>
<script type="application/json" class="data" id="replaydata-smogtours-gen3ou-797023">
{"id":"smogtours-gen3ou-797023","format":"[Gen 3] OU","players":["mcgowin","UDM31"],"uploadtime":1728596269,"views":136,"formatid":"gen3ou","rating":null,"private":1,"password":null}
</script>

<script defer src="js/replays.js?9d40a366"></script>
