<!DOCTYPE html>
<meta charset="utf-8" />
<meta name="viewport" content="width=device-width" />

<title>[Gen 3] OU: bandoodee vs. GreenCatKid - Replays - Pok&eacute;mon Showdown!</title>

<meta name="description" content="Watch a replay of a Pok&eacute;mon battle between bandoodee and GreenCatKid! Format: [Gen 3] OU; Date: Oct 14, 2024" />
<!--

Hey, you! Looking in the source for the replay log?

You can find them in JSON format, just add `.json` at the end of a replay URL.

https://replay.pokemonshowdown.com/gen7randomdoublesbattle-865046831.json

Or, if you only need the log itself, add `.log` instead:

https://replay.pokemonshowdown.com/gen7randomdoublesbattle-865046831.log

-->

<link rel="stylesheet" href="//pokemonshowdown.com/style/global.css?0.023195364461161105" />
<link rel="stylesheet" href="//play.pokemonshowdown.com/style/font-awesome.css?0.13261647063804238" />
<link rel="stylesheet" href="//play.pokemonshowdown.com/style/battle.css?0.8753245789963631" />
<link rel="stylesheet" href="//play.pokemonshowdown.com/style/utilichart.css?0.8627959624976733" />

<!-- Global site tag (gtag.js) - Google Analytics -->
<script async src="https://www.googletagmanager.com/gtag/js?id=UA-26211653-1"></script>
<script>
  window.dataLayer = window.dataLayer || [];
  function gtag(){dataLayer.push(arguments);}
  gtag('js', new Date());

  gtag('config', 'UA-26211653-1');
</script>
<!-- End Google Analytics -->
<!-- Venatus Ad Manager - Install in <HEAD> of page -->
	<script src="https://hb.vntsm.com/v3/live/ad-manager.min.js" type="text/javascript" data-site-id="642aba63ec9a7b11c3c9c1be" data-mode="scan" async></script>
<!-- / Venatus Ad Manager -->

<style>
	@media (max-width:820px) {
		.battle {
			margin: 0 auto;
		}
		.battle-log {
			margin: 7px auto 0;
			max-width: 640px;
			height: 300px;
			position: static;
		}
	}
	.optgroup {
		display: inline-block;
		line-height: 22px;
		font-size: 10pt;
	}
	.optgroup .button {
		height: 25px;
		padding-top: 0;
		padding-bottom: 0;
	}
	.optgroup button.button {
		padding-left: 12px;
		padding-right: 12px;
	}
	.linklist {
		list-style: none;
		margin: 0.5em 0;
		padding: 0;
	}
	.linklist li {
		padding: 2px 0;
	}
	.sidebar {
		float: left;
		width: 320px;
	}
	.bar-wrapper {
		max-width: 1100px;
		margin: 0 auto;
	}
	.bar-wrapper.has-sidebar {
		max-width: 1430px;
	}
	.mainbar {
		margin: 0;
		padding-right: 1px;
	}
	.mainbar.has-sidebar {
		margin-left: 330px;
	}
	@media (min-width: 1511px) {
		.sidebar {
			width: 400px;
		}
		.bar-wrapper.has-sidebar {
			max-width: 1510px;
		}
		.mainbar.has-sidebar {
			margin-left: 410px;
		}
	}
	.section.first-section {
		margin-top: 9px;
	}
	.blocklink small {
		white-space: normal;
	}
	.button {
		vertical-align: middle;
	}
	.replay-controls {
		padding-top: 10px;
	}
	.replay-controls h1 {
		font-size: 16pt;
		font-weight: normal;
		color: #CCC;
	}
	.pagelink {
		text-align: center;
	}
	.pagelink a {
		width: 150px;
	}
	.textbox, .button {
		font-size: 11pt;
		vertical-align: middle;
	}
	@media (max-width: 450px) {
		.button {
			font-size: 9pt;
		}
	}
</style>

<div>

	<header>
		<div class="nav-wrapper"><ul class="nav">
			<li><a class="button nav-first" href="//pokemonshowdown.com/"><img src="//pokemonshowdown.com/images/pokemonshowdownbeta.png" srcset="//pokemonshowdown.com/images/pokemonshowdownbeta.png 1x, //pokemonshowdown.com/images/pokemonshowdownbeta@2x.png 2x" alt="Pok&eacute;mon Showdown" width="146" height="44" /> Home</a></li>
			<li><a class="button" href="//pokemonshowdown.com/dex/">Pok&eacute;dex</a></li>
			<li><a class="button cur" href="/">Replays</a></li>
			<li><a class="button" href="//pokemonshowdown.com/ladder/">Ladder</a></li>
			<li><a class="button nav-last" href="//pokemonshowdown.com/forums/">Forum</a></li>
			<li><a class="button greenbutton nav-first nav-last" href="//play.pokemonshowdown.com/">Play</a></li>
		</ul></div>
	</header>

	<div class="main" id="main">

		<noscript><section class="section">You need to enable JavaScript to use this page; sorry!</section></noscript>

	</div>

</div>

<script defer nomodule src="//play.pokemonshowdown.com/js/lib/ps-polyfill.js"></script>
<script defer src="//play.pokemonshowdown.com/js/lib/preact.min.js"></script>

<script defer src="//play.pokemonshowdown.com/config/config.js?2bddbc15"></script>
<script defer src="//play.pokemonshowdown.com/js/lib/jquery-1.11.0.min.js"></script>
<script defer src="//play.pokemonshowdown.com/js/lib/html-sanitizer-minified.js"></script>
<script defer src="//play.pokemonshowdown.com/js/battle-sound.js"></script>
<script defer src="//play.pokemonshowdown.com/js/battledata.js?0.7209276989879541"></script>
<script defer src="//play.pokemonshowdown.com/data/pokedex-mini.js?0.6111056340867951"></script>
<script defer src="//play.pokemonshowdown.com/data/pokedex-mini-bw.js?0.3532142036491459"></script>
<script defer src="//play.pokemonshowdown.com/data/graphics.js?0.24223875632456182"></script>
<script defer src="//play.pokemonshowdown.com/data/pokedex.js?0.38839984266356864"></script>
<script defer src="//play.pokemonshowdown.com/data/moves.js?0.21866028504024015"></script>
<script defer src="//play.pokemonshowdown.com/data/abilities.js?0.2005157953846628"></script>
<script defer src="//play.pokemonshowdown.com/data/items.js?0.9894211263848525"></script>
<script defer src="//play.pokemonshowdown.com/data/teambuilder-tables.js?0.6008791140282215"></script>
<script defer src="//play.pokemonshowdown.com/js/battle-tooltips.js?0.7580118955022959"></script>
<script defer src="//play.pokemonshowdown.com/js/battle.js?0.6057722274234274"></script>

<script defer src="js/utils.js?e31f9a17"></script>
<script defer src="js/replays-battle.js?7008c182"></script>

<!-- don't scrape this data! just add .json or .log after the URL!
Full API docs: https://github.com/smogon/pokemon-showdown-client/blob/master/WEB-API.md -->
<script type="text/plain" class="log" id="replaylog-smogtours-gen3ou-798642">
|inactive|Battle timer is ON: inactive players will automatically lose when time's up.
|t:|1728918168
|gametype|singles
|player|p1|bandoodee|101|
|player|p2|GreenCatKid|fisherman-gen4|
|teamsize|p1|6
|teamsize|p2|6
|gen|3
|tier|[Gen 3] OU
|rule|Sleep Clause Mod: Limit one foe put to sleep
|rule|Switch Priority Clause Mod: Faster Pokémon switch first
|rule|Species Clause: Limit one of each Pokémon
|rule|OHKO Clause: OHKO moves are banned
|rule|Evasion Items Clause: Evasion items are banned
|rule|Evasion Moves Clause: Evasion moves are banned
|rule|Endless Battle Clause: Forcing endless battles is banned
|rule|HP Percentage Mod: HP is shown in percentages
|rule|One Boost Passer Clause: Limit one Baton Passer that has a way to boost its stats
|rule|Freeze Clause Mod: Limit one foe frozen
|
|t:|1728918168
|start
|switch|p1a: Zapdos|Zapdos|100/100
|switch|p2a: Rocky IV|Metagross|100/100
|turn|1
|inactive|GreenCatKid also wants the timer to be on.
|
|t:|1728918186
|move|p1a: Zapdos|Substitute|p1a: Zapdos
|-start|p1a: Zapdos|Substitute
|-damage|p1a: Zapdos|76/100
|move|p2a: Rocky IV|Meteor Mash|p1a: Zapdos
|-resisted|p1a: Zapdos
|-end|p1a: Zapdos|Substitute
|
|-heal|p1a: Zapdos|82/100|[from] item: Leftovers
|upkeep
|turn|2
|
|t:|1728918203
|switch|p2a: Gojeera|Tyranitar, M|100/100
|-weather|Sandstorm|[from] ability: Sand Stream|[of] p2a: Gojeera
|move|p1a: Zapdos|Baton Pass|p1a: Zapdos
|
|t:|1728918210
|switch|p1a: Metagross|Metagross|100/100|[from] Baton Pass
|
|-weather|Sandstorm|[upkeep]
|upkeep
|turn|3
|
|t:|1728918214
|switch|p2a: Shenrah|Charizard, M, shiny|100/100
|move|p1a: Metagross|Meteor Mash|p2a: Shenrah
|-resisted|p2a: Shenrah
|-damage|p2a: Shenrah|64/100
|
|-weather|Sandstorm|[upkeep]
|-damage|p2a: Shenrah|58/100|[from] Sandstorm
|-heal|p2a: Shenrah|64/100|[from] item: Leftovers
|upkeep
|turn|4
|
|t:|1728918223
|switch|p1a: Suicune|Suicune|100/100
|move|p2a: Shenrah|Overheat|p1a: Suicune
|-resisted|p1a: Suicune
|-damage|p1a: Suicune|77/100
|-unboost|p2a: Shenrah|spa|2
|
|-weather|Sandstorm|[upkeep]
|-damage|p2a: Shenrah|58/100|[from] Sandstorm
|-damage|p1a: Suicune|71/100|[from] Sandstorm
|-heal|p2a: Shenrah|64/100|[from] item: Leftovers
|-heal|p1a: Suicune|77/100|[from] item: Leftovers
|upkeep
|turn|5
|
|t:|1728918240
|switch|p2a: Garlic|Celebi|100/100
|move|p1a: Suicune|Surf|p2a: Garlic
|-resisted|p2a: Garlic
|-damage|p2a: Garlic|84/100
|
|-weather|Sandstorm|[upkeep]
|-damage|p2a: Garlic|77/100|[from] Sandstorm
|-damage|p1a: Suicune|71/100|[from] Sandstorm
|-heal|p2a: Garlic|84/100|[from] item: Leftovers
|-heal|p1a: Suicune|77/100|[from] item: Leftovers
|upkeep
|turn|6
|
|t:|1728918244
|switch|p1a: Skarmory|Skarmory, F|100/100
|move|p2a: Garlic|Leech Seed|p1a: Skarmory
|-start|p1a: Skarmory|move: Leech Seed
|
|-weather|Sandstorm|[upkeep]
|-damage|p2a: Garlic|77/100|[from] Sandstorm
|-heal|p2a: Garlic|84/100|[from] item: Leftovers
|-damage|p1a: Skarmory|88/100|[from] Leech Seed|[of] p2a: Garlic
|-heal|p2a: Garlic|95/100|[silent]
|upkeep
|turn|7
|
|t:|1728918246
|move|p2a: Garlic|Hidden Power|p1a: Skarmory
|-supereffective|p1a: Skarmory
|-damage|p1a: Skarmory|47/100
|move|p1a: Skarmory|Spikes|p2a: Garlic
|-sidestart|p2: GreenCatKid|Spikes
|
|-weather|Sandstorm|[upkeep]
|-damage|p2a: Garlic|88/100|[from] Sandstorm
|-heal|p2a: Garlic|95/100|[from] item: Leftovers
|-heal|p1a: Skarmory|53/100|[from] item: Leftovers
|-damage|p1a: Skarmory|41/100|[from] Leech Seed|[of] p2a: Garlic
|-heal|p2a: Garlic|100/100|[silent]
|upkeep
|turn|8
|
|t:|1728918256
|switch|p1a: Blissey|Blissey, F|100/100
|move|p2a: Garlic|Hidden Power|p1a: Blissey
|-damage|p1a: Blissey|91/100
|
|-weather|Sandstorm|[upkeep]
|-damage|p2a: Garlic|94/100|[from] Sandstorm
|-damage|p1a: Blissey|85/100|[from] Sandstorm
|-heal|p2a: Garlic|100/100|[from] item: Leftovers
|-heal|p1a: Blissey|91/100|[from] item: Leftovers
|upkeep
|turn|9
|
|t:|1728918265
|move|p2a: Garlic|Leech Seed|p1a: Blissey
|-start|p1a: Blissey|move: Leech Seed
|move|p1a: Blissey|Ice Beam|p2a: Garlic
|-supereffective|p2a: Garlic
|-damage|p2a: Garlic|56/100
|
|-weather|Sandstorm|[upkeep]
|-damage|p2a: Garlic|50/100|[from] Sandstorm
|-damage|p1a: Blissey|85/100|[from] Sandstorm
|-heal|p2a: Garlic|56/100|[from] item: Leftovers
|-heal|p1a: Blissey|91/100|[from] item: Leftovers
|-damage|p1a: Blissey|79/100|[from] Leech Seed|[of] p2a: Garlic
|-heal|p2a: Garlic|77/100|[silent]
|upkeep
|turn|10
|
|t:|1728918279
|switch|p2a: Cocomelon|Claydol|100/100
|switch|p1a: Skarmory|Skarmory, F|41/100
|
|-weather|Sandstorm|[upkeep]
|-heal|p1a: Skarmory|47/100|[from] item: Leftovers
|upkeep
|turn|11
|
|t:|1728918307
|switch|p2a: Garlic|Celebi|77/100
|-damage|p2a: Garlic|65/100|[from] Spikes
|move|p1a: Skarmory|Protect||[still]
|-fail|p1a: Skarmory
|
|-weather|Sandstorm|[upkeep]
|-damage|p2a: Garlic|59/100|[from] Sandstorm
|-heal|p2a: Garlic|65/100|[from] item: Leftovers
|-heal|p1a: Skarmory|53/100|[from] item: Leftovers
|upkeep
|turn|12
|
|t:|1728918320
|switch|p1a: Dugtrio|Dugtrio, F|100/100
|move|p2a: Garlic|Hidden Power|p1a: Dugtrio
|-damage|p1a: Dugtrio|57/100
|
|-weather|Sandstorm|[upkeep]
|-damage|p2a: Garlic|59/100|[from] Sandstorm
|-heal|p2a: Garlic|65/100|[from] item: Leftovers
|upkeep
|turn|13
|
|t:|1728918326
|move|p1a: Dugtrio|Hidden Power|p2a: Garlic
|-supereffective|p2a: Garlic
|-damage|p2a: Garlic|0 fnt
|faint|p2a: Garlic
|inactive|GreenCatKid has 270 seconds left.
|
|t:|1728918369
|switch|p2a: Hector|Salamence, F|100/100
|-ability|p2a: Hector|Intimidate|boost
|-unboost|p1a: Dugtrio|atk|1
|
|-weather|Sandstorm|[upkeep]
|-damage|p2a: Hector|94/100|[from] Sandstorm
|-heal|p2a: Hector|100/100|[from] item: Leftovers
|upkeep
|turn|14
|inactive|bandoodee has 270 seconds left.
|
|t:|1728918402
|switch|p1a: Skarmory|Skarmory, F|53/100
|move|p2a: Hector|Dragon Dance|p2a: Hector
|-boost|p2a: Hector|atk|1
|-boost|p2a: Hector|spe|1
|
|-weather|Sandstorm|[upkeep]
|-damage|p2a: Hector|94/100|[from] Sandstorm
|-heal|p2a: Hector|100/100|[from] item: Leftovers
|-heal|p1a: Skarmory|59/100|[from] item: Leftovers
|upkeep
|turn|15
|inactive|GreenCatKid has 270 seconds left.
|
|t:|1728918411
|move|p2a: Hector|Rock Slide|p1a: Skarmory
|-damage|p1a: Skarmory|27/100
|cant|p1a: Skarmory|flinch
|
|-weather|Sandstorm|[upkeep]
|-damage|p2a: Hector|94/100|[from] Sandstorm
|-heal|p2a: Hector|100/100|[from] item: Leftovers
|-heal|p1a: Skarmory|33/100|[from] item: Leftovers
|upkeep
|turn|16
|inactive|GreenCatKid has 270 seconds left.
|
|t:|1728918425
|move|p2a: Hector|Dragon Dance|p2a: Hector
|-boost|p2a: Hector|atk|1
|-boost|p2a: Hector|spe|1
|move|p1a: Skarmory|Roar|p2a: Hector
|drag|p2a: Shenrah|Charizard, M, shiny|64/100
|
|-weather|Sandstorm|[upkeep]
|-damage|p2a: Shenrah|58/100|[from] Sandstorm
|-heal|p2a: Shenrah|64/100|[from] item: Leftovers
|-heal|p1a: Skarmory|39/100|[from] item: Leftovers
|upkeep
|turn|17
|inactive|GreenCatKid has 270 seconds left.
|
|t:|1728918436
|switch|p1a: Suicune|Suicune|77/100
|move|p2a: Shenrah|Flamethrower|p1a: Suicune
|-resisted|p1a: Suicune
|-damage|p1a: Suicune|60/100
|
|-weather|Sandstorm|[upkeep]
|-damage|p2a: Shenrah|58/100|[from] Sandstorm
|-damage|p1a: Suicune|54/100|[from] Sandstorm
|-heal|p2a: Shenrah|64/100|[from] item: Leftovers
|-heal|p1a: Suicune|60/100|[from] item: Leftovers
|upkeep
|turn|18
|inactive|GreenCatKid has 270 seconds left.
|inactive|GreenCatKid has 240 seconds left.
|
|t:|1728918499
|switch|p2a: Rocky IV|Metagross|100/100
|-damage|p2a: Rocky IV|88/100|[from] Spikes
|move|p1a: Suicune|Surf|p2a: Rocky IV
|-damage|p2a: Rocky IV|50/100
|
|-weather|Sandstorm|[upkeep]
|-damage|p1a: Suicune|54/100|[from] Sandstorm
|-heal|p1a: Suicune|60/100|[from] item: Leftovers
|-heal|p2a: Rocky IV|56/100|[from] item: Leftovers
|upkeep
|turn|19
|inactive|GreenCatKid has 210 seconds left.
|
|t:|1728918538
|switch|p1a: Zapdos|Zapdos|82/100
|move|p2a: Rocky IV|Explosion|p1a: Zapdos
|-damage|p1a: Zapdos|0 fnt
|faint|p2a: Rocky IV
|faint|p1a: Zapdos
|inactive|bandoodee has 270 seconds left.
|
|t:|1728918562
|switch|p1a: Blissey|Blissey, F|79/100
|switch|p2a: Cocomelon|Claydol|100/100
|
|-weather|Sandstorm|[upkeep]
|-damage|p1a: Blissey|72/100|[from] Sandstorm
|-heal|p1a: Blissey|79/100|[from] item: Leftovers
|upkeep
|turn|20
|
|t:|1728918568
|switch|p1a: Skarmory|Skarmory, F|39/100
|move|p2a: Cocomelon|Rapid Spin|p1a: Skarmory
|-resisted|p1a: Skarmory
|-damage|p1a: Skarmory|37/100
|-sideend|p2: GreenCatKid|Spikes|[from] move: Rapid Spin|[of] p2a: Cocomelon
|
|-weather|Sandstorm|[upkeep]
|-heal|p1a: Skarmory|43/100|[from] item: Leftovers
|upkeep
|turn|21
|inactive|GreenCatKid has 210 seconds left.
|
|t:|1728918577
|switch|p2a: Gojeera|Tyranitar, M|100/100
|move|p1a: Skarmory|Spikes|p2a: Gojeera
|-sidestart|p2: GreenCatKid|Spikes
|
|-weather|Sandstorm|[upkeep]
|-heal|p1a: Skarmory|49/100|[from] item: Leftovers
|upkeep
|turn|22
|
|t:|1728918589
|move|p1a: Skarmory|Protect|p1a: Skarmory
|-singleturn|p1a: Skarmory|Protect
|move|p2a: Gojeera|Flamethrower|p1a: Skarmory
|-activate|p1a: Skarmory|Protect
|
|-weather|Sandstorm|[upkeep]
|-heal|p1a: Skarmory|55/100|[from] item: Leftovers
|upkeep
|turn|23
|
|t:|1728918602
|switch|p1a: Blissey|Blissey, F|79/100
|move|p2a: Gojeera|Crunch|p1a: Blissey
|-damage|p1a: Blissey|63/100
|
|-weather|Sandstorm|[upkeep]
|-damage|p1a: Blissey|57/100|[from] Sandstorm
|-heal|p1a: Blissey|63/100|[from] item: Leftovers
|upkeep
|turn|24
|
|t:|1728918615
|switch|p2a: Cocomelon|Claydol|100/100
|move|p1a: Blissey|Soft-Boiled|p1a: Blissey
|-heal|p1a: Blissey|100/100
|
|-weather|Sandstorm|[upkeep]
|-damage|p1a: Blissey|94/100|[from] Sandstorm
|-heal|p1a: Blissey|100/100|[from] item: Leftovers
|upkeep
|turn|25
|
|t:|1728918618
|switch|p1a: Skarmory|Skarmory, F|55/100
|move|p2a: Cocomelon|Rapid Spin|p1a: Skarmory
|-resisted|p1a: Skarmory
|-damage|p1a: Skarmory|53/100
|-sideend|p2: GreenCatKid|Spikes|[from] move: Rapid Spin|[of] p2a: Cocomelon
|
|-weather|Sandstorm|[upkeep]
|-heal|p1a: Skarmory|59/100|[from] item: Leftovers
|upkeep
|turn|26
|inactive|GreenCatKid has 210 seconds left.
|
|t:|1728918643
|switch|p2a: Shenrah|Charizard, M, shiny|64/100
|move|p1a: Skarmory|Spikes|p2a: Shenrah
|-sidestart|p2: GreenCatKid|Spikes
|
|-weather|Sandstorm|[upkeep]
|-damage|p2a: Shenrah|58/100|[from] Sandstorm
|-heal|p2a: Shenrah|64/100|[from] item: Leftovers
|-heal|p1a: Skarmory|65/100|[from] item: Leftovers
|upkeep
|turn|27
|inactive|GreenCatKid has 210 seconds left.
|
|t:|1728918654
|move|p1a: Skarmory|Protect|p1a: Skarmory
|-singleturn|p1a: Skarmory|Protect
|move|p2a: Shenrah|Overheat|p1a: Skarmory
|-activate|p1a: Skarmory|Protect
|
|-weather|Sandstorm|[upkeep]
|-damage|p2a: Shenrah|58/100|[from] Sandstorm
|-heal|p2a: Shenrah|64/100|[from] item: Leftovers
|-heal|p1a: Skarmory|71/100|[from] item: Leftovers
|upkeep
|turn|28
|inactive|GreenCatKid has 210 seconds left.
|
|t:|1728918672
|switch|p2a: Cocomelon|Claydol|100/100
|switch|p1a: Suicune|Suicune|60/100
|
|-weather|Sandstorm|[upkeep]
|-damage|p1a: Suicune|54/100|[from] Sandstorm
|-heal|p1a: Suicune|60/100|[from] item: Leftovers
|upkeep
|turn|29
|inactive|GreenCatKid has 210 seconds left.
|
|t:|1728918681
|switch|p1a: Skarmory|Skarmory, F|71/100
|move|p2a: Cocomelon|Rapid Spin|p1a: Skarmory
|-resisted|p1a: Skarmory
|-damage|p1a: Skarmory|70/100
|-sideend|p2: GreenCatKid|Spikes|[from] move: Rapid Spin|[of] p2a: Cocomelon
|
|-weather|Sandstorm|[upkeep]
|-heal|p1a: Skarmory|76/100|[from] item: Leftovers
|upkeep
|turn|30
|inactive|GreenCatKid has 210 seconds left.
|
|t:|1728918692
|switch|p2a: Gojeera|Tyranitar, M|100/100
|move|p1a: Skarmory|Spikes|p2a: Gojeera
|-sidestart|p2: GreenCatKid|Spikes
|
|-weather|Sandstorm|[upkeep]
|-heal|p1a: Skarmory|82/100|[from] item: Leftovers
|upkeep
|turn|31
|
|t:|1728918699
|move|p1a: Skarmory|Protect|p1a: Skarmory
|-singleturn|p1a: Skarmory|Protect
|move|p2a: Gojeera|Flamethrower|p1a: Skarmory
|-activate|p1a: Skarmory|Protect
|
|-weather|Sandstorm|[upkeep]
|-heal|p1a: Skarmory|88/100|[from] item: Leftovers
|upkeep
|turn|32
|
|t:|1728918706
|switch|p1a: Blissey|Blissey, F|100/100
|switch|p2a: Cocomelon|Claydol|100/100
|
|-weather|Sandstorm|[upkeep]
|-damage|p1a: Blissey|94/100|[from] Sandstorm
|-heal|p1a: Blissey|100/100|[from] item: Leftovers
|upkeep
|turn|33
|
|t:|1728918712
|switch|p1a: Skarmory|Skarmory, F|88/100
|move|p2a: Cocomelon|Explosion|p1a: Skarmory
|-resisted|p1a: Skarmory
|-damage|p1a: Skarmory|35/100
|faint|p2a: Cocomelon
|
|t:|1728918730
|switch|p2a: Hector|Salamence, F|100/100
|-ability|p2a: Hector|Intimidate|boost
|-unboost|p1a: Skarmory|atk|1
|
|-weather|Sandstorm|[upkeep]
|-damage|p2a: Hector|94/100|[from] Sandstorm
|-heal|p2a: Hector|100/100|[from] item: Leftovers
|-heal|p1a: Skarmory|41/100|[from] item: Leftovers
|upkeep
|turn|34
|inactive|GreenCatKid has 210 seconds left.
|
|t:|1728918752
|switch|p2a: Shenrah|Charizard, M, shiny|64/100
|move|p1a: Skarmory|Roar|p2a: Shenrah
|drag|p2a: Hector|Salamence, F|100/100
|-ability|p2a: Hector|Intimidate|boost
|-unboost|p1a: Skarmory|atk|1
|
|-weather|Sandstorm|[upkeep]
|-damage|p2a: Hector|94/100|[from] Sandstorm
|-heal|p2a: Hector|100/100|[from] item: Leftovers
|-heal|p1a: Skarmory|47/100|[from] item: Leftovers
|upkeep
|turn|35
|
|t:|1728918760
|move|p1a: Skarmory|Protect|p1a: Skarmory
|-singleturn|p1a: Skarmory|Protect
|move|p2a: Hector|Rock Slide|p1a: Skarmory
|-activate|p1a: Skarmory|Protect
|
|-weather|Sandstorm|[upkeep]
|-damage|p2a: Hector|94/100|[from] Sandstorm
|-heal|p2a: Hector|100/100|[from] item: Leftovers
|-heal|p1a: Skarmory|53/100|[from] item: Leftovers
|upkeep
|turn|36
|
|t:|1728918767
|switch|p2a: Shenrah|Charizard, M, shiny|64/100
|move|p1a: Skarmory|Roar|p2a: Shenrah
|drag|p2a: Hector|Salamence, F|100/100
|-ability|p2a: Hector|Intimidate|boost
|-unboost|p1a: Skarmory|atk|1
|
|-weather|Sandstorm|[upkeep]
|-damage|p2a: Hector|94/100|[from] Sandstorm
|-heal|p2a: Hector|100/100|[from] item: Leftovers
|-heal|p1a: Skarmory|59/100|[from] item: Leftovers
|upkeep
|turn|37
|
|t:|1728918771
|move|p2a: Hector|Dragon Dance|p2a: Hector
|-boost|p2a: Hector|atk|1
|-boost|p2a: Hector|spe|1
|move|p1a: Skarmory|Roar|p2a: Hector
|drag|p2a: Shenrah|Charizard, M, shiny|64/100
|
|-weather|Sandstorm|[upkeep]
|-damage|p2a: Shenrah|58/100|[from] Sandstorm
|-heal|p2a: Shenrah|64/100|[from] item: Leftovers
|-heal|p1a: Skarmory|65/100|[from] item: Leftovers
|upkeep
|turn|38
|
|t:|1728918779
|switch|p1a: Blissey|Blissey, F|100/100
|move|p2a: Shenrah|Overheat|p1a: Blissey
|-damage|p1a: Blissey|76/100
|-unboost|p2a: Shenrah|spa|2
|
|-weather|Sandstorm|[upkeep]
|-damage|p2a: Shenrah|58/100|[from] Sandstorm
|-damage|p1a: Blissey|70/100|[from] Sandstorm
|-heal|p2a: Shenrah|64/100|[from] item: Leftovers
|-heal|p1a: Blissey|76/100|[from] item: Leftovers
|upkeep
|turn|39
|inactive|GreenCatKid has 240 seconds left.
|
|t:|1728918791
|move|p2a: Shenrah|Beat Up|p1a: Blissey
|-damage|p1a: Blissey|65/100
|-damage|p1a: Blissey|50/100
|-damage|p1a: Blissey|34/100
|-hitcount|p1a: Blissey|3
|move|p1a: Blissey|Calm Mind|p1a: Blissey
|-boost|p1a: Blissey|spa|1
|-boost|p1a: Blissey|spd|1
|
|-weather|Sandstorm|[upkeep]
|-damage|p2a: Shenrah|58/100|[from] Sandstorm
|-damage|p1a: Blissey|28/100|[from] Sandstorm
|-heal|p2a: Shenrah|64/100|[from] item: Leftovers
|-heal|p1a: Blissey|34/100|[from] item: Leftovers
|upkeep
|turn|40
|inactive|GreenCatKid has 240 seconds left.
|
|t:|1728918806
|switch|p1a: Suicune|Suicune|60/100
|move|p2a: Shenrah|Beat Up|p1a: Suicune
|-damage|p1a: Suicune|58/100
|-damage|p1a: Suicune|56/100
|-damage|p1a: Suicune|54/100
|-hitcount|p1a: Suicune|3
|
|-weather|Sandstorm|[upkeep]
|-damage|p2a: Shenrah|58/100|[from] Sandstorm
|-damage|p1a: Suicune|47/100|[from] Sandstorm
|-heal|p2a: Shenrah|64/100|[from] item: Leftovers
|-heal|p1a: Suicune|54/100|[from] item: Leftovers
|upkeep
|turn|41
|inactive|GreenCatKid has 240 seconds left.
|
|t:|1728918819
|switch|p2a: Gojeera|Tyranitar, M|100/100
|-damage|p2a: Gojeera|88/100|[from] Spikes
|move|p1a: Suicune|Surf|p2a: Gojeera
|-supereffective|p2a: Gojeera
|-crit|p2a: Gojeera
|-damage|p2a: Gojeera|0 fnt
|faint|p2a: Gojeera
|inactive|GreenCatKid has 240 seconds left.
|
|t:|1728918825
|switch|p2a: Hector|Salamence, F|100/100
|-ability|p2a: Hector|Intimidate|boost
|-unboost|p1a: Suicune|atk|1
|
|-weather|Sandstorm|[upkeep]
|-damage|p2a: Hector|94/100|[from] Sandstorm
|-damage|p1a: Suicune|47/100|[from] Sandstorm
|-heal|p2a: Hector|100/100|[from] item: Leftovers
|-heal|p1a: Suicune|54/100|[from] item: Leftovers
|upkeep
|turn|42
|
|t:|1728918839
|switch|p1a: Skarmory|Skarmory, F|65/100
|move|p2a: Hector|Dragon Dance|p2a: Hector
|-boost|p2a: Hector|atk|1
|-boost|p2a: Hector|spe|1
|
|-weather|Sandstorm|[upkeep]
|-damage|p2a: Hector|94/100|[from] Sandstorm
|-heal|p2a: Hector|100/100|[from] item: Leftovers
|-heal|p1a: Skarmory|71/100|[from] item: Leftovers
|upkeep
|turn|43
|
|t:|1728918854
|move|p2a: Hector|Dragon Dance|p2a: Hector
|-boost|p2a: Hector|atk|1
|-boost|p2a: Hector|spe|1
|move|p1a: Skarmory|Roar|p2a: Hector
|drag|p2a: Shenrah|Charizard, M, shiny|64/100
|
|-weather|Sandstorm|[upkeep]
|-damage|p2a: Shenrah|58/100|[from] Sandstorm
|-heal|p2a: Shenrah|64/100|[from] item: Leftovers
|-heal|p1a: Skarmory|77/100|[from] item: Leftovers
|upkeep
|turn|44
|
|t:|1728918861
|move|p1a: Skarmory|Protect|p1a: Skarmory
|-singleturn|p1a: Skarmory|Protect
|move|p2a: Shenrah|Flamethrower|p1a: Skarmory
|-activate|p1a: Skarmory|Protect
|
|-weather|Sandstorm|[upkeep]
|-damage|p2a: Shenrah|58/100|[from] Sandstorm
|-heal|p2a: Shenrah|64/100|[from] item: Leftovers
|-heal|p1a: Skarmory|83/100|[from] item: Leftovers
|upkeep
|turn|45
|
|t:|1728918877
|switch|p1a: Dugtrio|Dugtrio, F|57/100
|move|p2a: Shenrah|Overheat|p1a: Dugtrio
|-damage|p1a: Dugtrio|0 fnt
|-unboost|p2a: Shenrah|spa|2
|faint|p1a: Dugtrio
|
|t:|1728918885
|switch|p1a: Blissey|Blissey, F|34/100
|
|-weather|Sandstorm|[upkeep]
|-damage|p2a: Shenrah|58/100|[from] Sandstorm
|-damage|p1a: Blissey|28/100|[from] Sandstorm
|-heal|p2a: Shenrah|64/100|[from] item: Leftovers
|-heal|p1a: Blissey|34/100|[from] item: Leftovers
|upkeep
|turn|46
|
|t:|1728918888
|move|p2a: Shenrah|Beat Up|p1a: Blissey
|-damage|p1a: Blissey|24/100
|-damage|p1a: Blissey|9/100
|-hitcount|p1a: Blissey|2
|move|p1a: Blissey|Soft-Boiled|p1a: Blissey
|-heal|p1a: Blissey|59/100
|
|-weather|Sandstorm|[upkeep]
|-damage|p2a: Shenrah|58/100|[from] Sandstorm
|-damage|p1a: Blissey|53/100|[from] Sandstorm
|-heal|p2a: Shenrah|64/100|[from] item: Leftovers
|-heal|p1a: Blissey|59/100|[from] item: Leftovers
|upkeep
|turn|47
|inactive|GreenCatKid has 270 seconds left.
|
|t:|1728918902
|switch|p2a: Hector|Salamence, F|100/100
|-ability|p2a: Hector|Intimidate|boost
|-unboost|p1a: Blissey|atk|1
|move|p1a: Blissey|Soft-Boiled|p1a: Blissey
|-heal|p1a: Blissey|100/100
|
|-weather|Sandstorm|[upkeep]
|-damage|p2a: Hector|94/100|[from] Sandstorm
|-damage|p1a: Blissey|94/100|[from] Sandstorm
|-heal|p2a: Hector|100/100|[from] item: Leftovers
|-heal|p1a: Blissey|100/100|[from] item: Leftovers
|upkeep
|turn|48
|
|t:|1728918907
|move|p2a: Hector|Dragon Dance|p2a: Hector
|-boost|p2a: Hector|atk|1
|-boost|p2a: Hector|spe|1
|move|p1a: Blissey|Ice Beam|p2a: Hector
|-supereffective|p2a: Hector
|-damage|p2a: Hector|0 fnt
|faint|p2a: Hector
|
|t:|1728918910
|switch|p2a: Shenrah|Charizard, M, shiny|64/100
|
|-weather|Sandstorm|[upkeep]
|-damage|p2a: Shenrah|58/100|[from] Sandstorm
|-damage|p1a: Blissey|94/100|[from] Sandstorm
|-heal|p2a: Shenrah|64/100|[from] item: Leftovers
|-heal|p1a: Blissey|100/100|[from] item: Leftovers
|upkeep
|turn|49
|c|☆GreenCatKid|gg
|c|☆GreenCatKid|wp
|
|t:|1728918919
|move|p2a: Shenrah|Flamethrower|p1a: Blissey
|-damage|p1a: Blissey|82/100
|move|p1a: Blissey|Thunderbolt|p2a: Shenrah
|-supereffective|p2a: Shenrah
|-damage|p2a: Shenrah|0 fnt
|faint|p2a: Shenrah
|
|win|bandoodee
|c|☆bandoodee|ggs wp 

</script>
<script type="application/json" class="data" id="replaydata-smogtours-gen3ou-798642">
{"id":"smogtours-gen3ou-798642","format":"[Gen 3] OU","players":["bandoodee","GreenCatKid"],"uploadtime":1728918919,"views":138,"formatid":"gen3ou","rating":null,"private":0,"password":null}
</script>

<script defer src="js/replays.js?9d40a366"></script>
