<!DOCTYPE html>
<meta charset="utf-8" />
<meta name="viewport" content="width=device-width" />

<title>[Gen 3] OU: Incognition vs. OOF_MAXIMA - Replays - Pok&eacute;mon Showdown!</title>

<meta name="description" content="Watch a replay of a Pok&eacute;mon battle between Incognition and OOF_MAXIMA! Format: [Gen 3] OU; Date: Nov 4, 2024" />
<!--

Hey, you! Looking in the source for the replay log?

You can find them in JSON format, just add `.json` at the end of a replay URL.

https://replay.pokemonshowdown.com/gen7randomdoublesbattle-865046831.json

Or, if you only need the log itself, add `.log` instead:

https://replay.pokemonshowdown.com/gen7randomdoublesbattle-865046831.log

-->

<link rel="stylesheet" href="//pokemonshowdown.com/style/global.css?0.023195364461161105" />
<link rel="stylesheet" href="//play.pokemonshowdown.com/style/font-awesome.css?0.13261647063804238" />
<link rel="stylesheet" href="//play.pokemonshowdown.com/style/battle.css?0.8753245789963631" />
<link rel="stylesheet" href="//play.pokemonshowdown.com/style/utilichart.css?0.8627959624976733" />

<!-- Global site tag (gtag.js) - Google Analytics -->
<script async src="https://www.googletagmanager.com/gtag/js?id=UA-26211653-1"></script>
<script>
  window.dataLayer = window.dataLayer || [];
  function gtag(){dataLayer.push(arguments);}
  gtag('js', new Date());

  gtag('config', 'UA-26211653-1');
</script>
<!-- End Google Analytics -->
<!-- Venatus Ad Manager - Install in <HEAD> of page -->
	<script src="https://hb.vntsm.com/v3/live/ad-manager.min.js" type="text/javascript" data-site-id="642aba63ec9a7b11c3c9c1be" data-mode="scan" async></script>
<!-- / Venatus Ad Manager -->

<style>
	@media (max-width:820px) {
		.battle {
			margin: 0 auto;
		}
		.battle-log {
			margin: 7px auto 0;
			max-width: 640px;
			height: 300px;
			position: static;
		}
	}
	.optgroup {
		display: inline-block;
		line-height: 22px;
		font-size: 10pt;
	}
	.optgroup .button {
		height: 25px;
		padding-top: 0;
		padding-bottom: 0;
	}
	.optgroup button.button {
		padding-left: 12px;
		padding-right: 12px;
	}
	.linklist {
		list-style: none;
		margin: 0.5em 0;
		padding: 0;
	}
	.linklist li {
		padding: 2px 0;
	}
	.sidebar {
		float: left;
		width: 320px;
	}
	.bar-wrapper {
		max-width: 1100px;
		margin: 0 auto;
	}
	.bar-wrapper.has-sidebar {
		max-width: 1430px;
	}
	.mainbar {
		margin: 0;
		padding-right: 1px;
	}
	.mainbar.has-sidebar {
		margin-left: 330px;
	}
	@media (min-width: 1511px) {
		.sidebar {
			width: 400px;
		}
		.bar-wrapper.has-sidebar {
			max-width: 1510px;
		}
		.mainbar.has-sidebar {
			margin-left: 410px;
		}
	}
	.section.first-section {
		margin-top: 9px;
	}
	.blocklink small {
		white-space: normal;
	}
	.button {
		vertical-align: middle;
	}
	.replay-controls {
		padding-top: 10px;
	}
	.replay-controls h1 {
		font-size: 16pt;
		font-weight: normal;
		color: #CCC;
	}
	.pagelink {
		text-align: center;
	}
	.pagelink a {
		width: 150px;
	}
	.textbox, .button {
		font-size: 11pt;
		vertical-align: middle;
	}
	@media (max-width: 450px) {
		.button {
			font-size: 9pt;
		}
	}
</style>

<div>

	<header>
		<div class="nav-wrapper"><ul class="nav">
			<li><a class="button nav-first" href="//pokemonshowdown.com/"><img src="//pokemonshowdown.com/images/pokemonshowdownbeta.png" srcset="//pokemonshowdown.com/images/pokemonshowdownbeta.png 1x, //pokemonshowdown.com/images/pokemonshowdownbeta@2x.png 2x" alt="Pok&eacute;mon Showdown" width="146" height="44" /> Home</a></li>
			<li><a class="button" href="//pokemonshowdown.com/dex/">Pok&eacute;dex</a></li>
			<li><a class="button cur" href="/">Replays</a></li>
			<li><a class="button" href="//pokemonshowdown.com/ladder/">Ladder</a></li>
			<li><a class="button nav-last" href="//pokemonshowdown.com/forums/">Forum</a></li>
			<li><a class="button greenbutton nav-first nav-last" href="//play.pokemonshowdown.com/">Play</a></li>
		</ul></div>
	</header>

	<div class="main" id="main">

		<noscript><section class="section">You need to enable JavaScript to use this page; sorry!</section></noscript>

	</div>

</div>

<script defer nomodule src="//play.pokemonshowdown.com/js/lib/ps-polyfill.js"></script>
<script defer src="//play.pokemonshowdown.com/js/lib/preact.min.js"></script>

<script defer src="//play.pokemonshowdown.com/config/config.js?2bddbc15"></script>
<script defer src="//play.pokemonshowdown.com/js/lib/jquery-1.11.0.min.js"></script>
<script defer src="//play.pokemonshowdown.com/js/lib/html-sanitizer-minified.js"></script>
<script defer src="//play.pokemonshowdown.com/js/battle-sound.js"></script>
<script defer src="//play.pokemonshowdown.com/js/battledata.js?0.7209276989879541"></script>
<script defer src="//play.pokemonshowdown.com/data/pokedex-mini.js?0.6111056340867951"></script>
<script defer src="//play.pokemonshowdown.com/data/pokedex-mini-bw.js?0.3532142036491459"></script>
<script defer src="//play.pokemonshowdown.com/data/graphics.js?0.24223875632456182"></script>
<script defer src="//play.pokemonshowdown.com/data/pokedex.js?0.38839984266356864"></script>
<script defer src="//play.pokemonshowdown.com/data/moves.js?0.21866028504024015"></script>
<script defer src="//play.pokemonshowdown.com/data/abilities.js?0.2005157953846628"></script>
<script defer src="//play.pokemonshowdown.com/data/items.js?0.9894211263848525"></script>
<script defer src="//play.pokemonshowdown.com/data/teambuilder-tables.js?0.6008791140282215"></script>
<script defer src="//play.pokemonshowdown.com/js/battle-tooltips.js?0.7580118955022959"></script>
<script defer src="//play.pokemonshowdown.com/js/battle.js?0.6057722274234274"></script>

<script defer src="js/utils.js?e31f9a17"></script>
<script defer src="js/replays-battle.js?7008c182"></script>

<!-- don't scrape this data! just add .json or .log after the URL!
Full API docs: https://github.com/smogon/pokemon-showdown-client/blob/master/WEB-API.md -->
<script type="text/plain" class="log" id="replaylog-smogtours-gen3ou-804790">
|inactive|Battle timer is ON: inactive players will automatically lose when time's up.
|t:|1730750998
|gametype|singles
|player|p1|Incognition|169|
|player|p2|OOF_MAXIMA|cress|
|teamsize|p1|6
|teamsize|p2|6
|gen|3
|tier|[Gen 3] OU
|rule|Sleep Clause Mod: Limit one foe put to sleep
|rule|Switch Priority Clause Mod: Faster Pokémon switch first
|rule|Species Clause: Limit one of each Pokémon
|rule|OHKO Clause: OHKO moves are banned
|rule|Evasion Items Clause: Evasion items are banned
|rule|Evasion Moves Clause: Evasion moves are banned
|rule|Endless Battle Clause: Forcing endless battles is banned
|rule|HP Percentage Mod: HP is shown in percentages
|rule|One Boost Passer Clause: Limit one Baton Passer that has a way to boost its stats
|rule|Freeze Clause Mod: Limit one foe frozen
|
|t:|1730750998
|start
|switch|p1a: Zapdos|Zapdos|100/100
|switch|p2a: onion goober|Celebi|100/100
|turn|1
|c|☆OOF_MAXIMA|gl hf chief
|c|☆Incognition|hf
|
|t:|1730751029
|move|p1a: Zapdos|Thunder Wave|p2a: onion goober
|-status|p2a: onion goober|par
|move|p2a: onion goober|Leech Seed|p1a: Zapdos
|-start|p1a: Zapdos|move: Leech Seed
|
|-damage|p1a: Zapdos|88/100|[from] Leech Seed|[of] p2a: onion goober
|upkeep
|turn|2
|
|t:|1730751044
|move|p1a: Zapdos|Baton Pass|p1a: Zapdos
|
|t:|1730751045
|switch|p1a: Metagross|Metagross|100/100|[from] Baton Pass
|move|p2a: onion goober|Baton Pass|p2a: onion goober
|
|t:|1730751052
|-curestatus|p2a: onion goober|par|[from] ability: Natural Cure
|switch|p2a: magnet goober|Magneton|100/100|[from] Baton Pass
|
|-damage|p1a: Metagross|88/100|[from] Leech Seed|[of] p2a: magnet goober
|upkeep
|turn|3
|
|t:|1730751059
|move|p2a: magnet goober|Substitute|p2a: magnet goober
|-start|p2a: magnet goober|Substitute
|-damage|p2a: magnet goober|76/100
|move|p1a: Metagross|Earthquake|p2a: magnet goober
|-supereffective|p2a: magnet goober
|-crit|p2a: magnet goober
|-end|p2a: magnet goober|Substitute
|
|-heal|p1a: Metagross|94/100|[from] item: Leftovers
|-damage|p1a: Metagross|82/100|[from] Leech Seed|[of] p2a: magnet goober
|-heal|p2a: magnet goober|93/100|[silent]
|upkeep
|turn|4
|
|t:|1730751068
|move|p2a: magnet goober|Substitute|p2a: magnet goober
|-start|p2a: magnet goober|Substitute
|-damage|p2a: magnet goober|69/100
|move|p1a: Metagross|Earthquake|p2a: magnet goober
|-supereffective|p2a: magnet goober
|-end|p2a: magnet goober|Substitute
|
|-heal|p1a: Metagross|88/100|[from] item: Leftovers
|-damage|p1a: Metagross|75/100|[from] Leech Seed|[of] p2a: magnet goober
|-heal|p2a: magnet goober|86/100|[silent]
|upkeep
|turn|5
|
|t:|1730751078
|move|p2a: magnet goober|Substitute|p2a: magnet goober
|-start|p2a: magnet goober|Substitute
|-damage|p2a: magnet goober|62/100
|move|p1a: Metagross|Earthquake|p2a: magnet goober
|-supereffective|p2a: magnet goober
|-end|p2a: magnet goober|Substitute
|
|-heal|p1a: Metagross|82/100|[from] item: Leftovers
|-damage|p1a: Metagross|69/100|[from] Leech Seed|[of] p2a: magnet goober
|-heal|p2a: magnet goober|79/100|[silent]
|upkeep
|turn|6
|
|t:|1730751086
|move|p2a: magnet goober|Substitute|p2a: magnet goober
|-start|p2a: magnet goober|Substitute
|-damage|p2a: magnet goober|54/100
|move|p1a: Metagross|Earthquake|p2a: magnet goober
|-supereffective|p2a: magnet goober
|-end|p2a: magnet goober|Substitute
|
|-heal|p1a: Metagross|75/100|[from] item: Leftovers
|-damage|p1a: Metagross|63/100|[from] Leech Seed|[of] p2a: magnet goober
|-heal|p2a: magnet goober|72/100|[silent]
|upkeep
|turn|7
|
|t:|1730751096
|move|p2a: magnet goober|Substitute|p2a: magnet goober
|-start|p2a: magnet goober|Substitute
|-damage|p2a: magnet goober|47/100
|move|p1a: Metagross|Earthquake|p2a: magnet goober
|-supereffective|p2a: magnet goober
|-end|p2a: magnet goober|Substitute
|
|-heal|p1a: Metagross|69/100|[from] item: Leftovers
|-damage|p1a: Metagross|57/100|[from] Leech Seed|[of] p2a: magnet goober
|-heal|p2a: magnet goober|65/100|[silent]
|upkeep
|turn|8
|
|t:|1730751105
|move|p2a: magnet goober|Substitute|p2a: magnet goober
|-start|p2a: magnet goober|Substitute
|-damage|p2a: magnet goober|40/100
|move|p1a: Metagross|Earthquake|p2a: magnet goober
|-supereffective|p2a: magnet goober
|-end|p2a: magnet goober|Substitute
|
|-heal|p1a: Metagross|63/100|[from] item: Leftovers
|-damage|p1a: Metagross|50/100|[from] Leech Seed|[of] p2a: magnet goober
|-heal|p2a: magnet goober|58/100|[silent]
|upkeep
|turn|9
|
|t:|1730751114
|move|p2a: magnet goober|Substitute|p2a: magnet goober
|-start|p2a: magnet goober|Substitute
|-damage|p2a: magnet goober|33/100
|move|p1a: Metagross|Earthquake|p2a: magnet goober
|-supereffective|p2a: magnet goober
|-end|p2a: magnet goober|Substitute
|
|-heal|p1a: Metagross|56/100|[from] item: Leftovers
|-damage|p1a: Metagross|44/100|[from] Leech Seed|[of] p2a: magnet goober
|-heal|p2a: magnet goober|51/100|[silent]
|upkeep
|turn|10
|
|t:|1730751122
|move|p2a: magnet goober|Thunderbolt|p1a: Metagross
|-damage|p1a: Metagross|0 fnt
|faint|p1a: Metagross
|
|t:|1730751135
|switch|p1a: Dugtrio|Dugtrio, F|100/100
|
|upkeep
|turn|11
|
|t:|1730751139
|move|p1a: Dugtrio|Earthquake|p2a: magnet goober
|-supereffective|p2a: magnet goober
|-damage|p2a: magnet goober|0 fnt
|faint|p2a: magnet goober
|
|t:|1730751148
|switch|p2a: onion goober|Celebi|100/100
|
|upkeep
|turn|12
|
|t:|1730751158
|switch|p1a: Breloom|Breloom, F|100/100
|move|p2a: onion goober|Swords Dance|p2a: onion goober
|-boost|p2a: onion goober|atk|2
|
|upkeep
|turn|13
|
|t:|1730751174
|move|p2a: onion goober|Baton Pass|p2a: onion goober
|inactive|OOF_MAXIMA has 270 seconds left.
|
|t:|1730751196
|switch|p2a: desert goober|Flygon, M|100/100|[from] Baton Pass
|move|p1a: Breloom|Spore|p2a: desert goober
|-status|p2a: desert goober|slp|[from] move: Spore
|
|upkeep
|turn|14
|inactive|OOF_MAXIMA has 270 seconds left.
|
|t:|1730751210
|-singleturn|p1a: Breloom|move: Focus Punch
|switch|p2a: armless goober|Gyarados, F|100/100
|-ability|p2a: armless goober|Intimidate|boost
|-unboost|p1a: Breloom|atk|1
|move|p1a: Breloom|Focus Punch|p2a: armless goober
|-resisted|p2a: armless goober
|-damage|p2a: armless goober|66/100
|
|-heal|p2a: armless goober|72/100|[from] item: Leftovers
|upkeep
|turn|15
|inactive|OOF_MAXIMA has 270 seconds left.
|inactive|Incognition has 270 seconds left.
|inactive|OOF_MAXIMA has 240 seconds left.
|inactive|OOF_MAXIMA has 210 seconds left.
|
|t:|1730751285
|switch|p1a: Suicune|Suicune|100/100
|move|p2a: armless goober|Taunt|p1a: Suicune
|-start|p1a: Suicune|move: Taunt
|
|-heal|p2a: armless goober|78/100|[from] item: Leftovers
|upkeep
|turn|16
|
|t:|1730751293
|move|p1a: Suicune|Ice Beam|p2a: armless goober
|-damage|p2a: armless goober|52/100
|move|p2a: armless goober|Dragon Dance|p2a: armless goober
|-boost|p2a: armless goober|atk|1
|-boost|p2a: armless goober|spe|1
|
|-heal|p2a: armless goober|58/100|[from] item: Leftovers
|-end|p1a: Suicune|move: Taunt|[silent]
|upkeep
|turn|17
|inactive|Incognition has 270 seconds left.
|
|t:|1730751301
|move|p2a: armless goober|Hidden Power|p1a: Suicune
|-damage|p1a: Suicune|52/100
|move|p1a: Suicune|Ice Beam|p2a: armless goober
|-damage|p2a: armless goober|29/100
|
|-heal|p2a: armless goober|35/100|[from] item: Leftovers
|-heal|p1a: Suicune|58/100|[from] item: Leftovers
|upkeep
|turn|18
|
|t:|1730751310
|move|p2a: armless goober|Hidden Power|p1a: Suicune
|-damage|p1a: Suicune|12/100
|move|p1a: Suicune|Ice Beam|p2a: armless goober
|-damage|p2a: armless goober|8/100
|
|-heal|p2a: armless goober|14/100|[from] item: Leftovers
|-heal|p1a: Suicune|18/100|[from] item: Leftovers
|upkeep
|turn|19
|
|t:|1730751322
|move|p2a: armless goober|Hidden Power|p1a: Suicune
|-damage|p1a: Suicune|0 fnt
|faint|p1a: Suicune
|inactive|Incognition has 270 seconds left.
|
|t:|1730751339
|switch|p1a: Zapdos|Zapdos|88/100
|
|-heal|p2a: armless goober|20/100|[from] item: Leftovers
|-heal|p1a: Zapdos|94/100|[from] item: Leftovers
|upkeep
|turn|20
|inactive|Incognition has 270 seconds left.
|
|t:|1730751353
|move|p2a: armless goober|Hidden Power|p1a: Zapdos
|-resisted|p1a: Zapdos
|-damage|p1a: Zapdos|62/100
|move|p1a: Zapdos|Thunderbolt|p2a: armless goober
|-supereffective|p2a: armless goober
|-crit|p2a: armless goober
|-damage|p2a: armless goober|0 fnt
|faint|p2a: armless goober
|
|t:|1730751364
|switch|p2a: onion goober|Celebi|100/100
|
|-heal|p1a: Zapdos|68/100|[from] item: Leftovers
|upkeep
|turn|21
|
|t:|1730751374
|move|p1a: Zapdos|Toxic|p2a: onion goober
|-status|p2a: onion goober|tox
|move|p2a: onion goober|Swords Dance|p2a: onion goober
|-boost|p2a: onion goober|atk|2
|
|-heal|p1a: Zapdos|74/100|[from] item: Leftovers
|-damage|p2a: onion goober|94/100 tox|[from] psn
|upkeep
|turn|22
|
|t:|1730751386
|move|p1a: Zapdos|Thunderbolt|p2a: onion goober
|-resisted|p2a: onion goober
|-damage|p2a: onion goober|74/100 tox
|move|p2a: onion goober|Leech Seed|p1a: Zapdos
|-start|p1a: Zapdos|move: Leech Seed
|
|-heal|p2a: onion goober|80/100 tox|[from] item: Leftovers
|-heal|p1a: Zapdos|80/100|[from] item: Leftovers
|-damage|p1a: Zapdos|68/100|[from] Leech Seed|[of] p2a: onion goober
|-heal|p2a: onion goober|90/100 tox|[silent]
|-damage|p2a: onion goober|78/100 tox|[from] psn
|upkeep
|turn|23
|
|t:|1730751397
|move|p1a: Zapdos|Thunderbolt|p2a: onion goober
|-resisted|p2a: onion goober
|-damage|p2a: onion goober|57/100 tox
|move|p2a: onion goober|Baton Pass|p2a: onion goober
|
|t:|1730751399
|-curestatus|p2a: onion goober|tox|[from] ability: Natural Cure
|switch|p2a: desert goober|Flygon, M|100/100 slp|[from] Baton Pass
|
|-heal|p1a: Zapdos|74/100|[from] item: Leftovers
|-damage|p1a: Zapdos|62/100|[from] Leech Seed|[of] p2a: desert goober
|upkeep
|turn|24
|
|t:|1730751407
|switch|p1a: Breloom|Breloom, F|100/100
|cant|p2a: desert goober|slp
|
|upkeep
|turn|25
|inactive|OOF_MAXIMA has 270 seconds left.
|
|t:|1730751415
|-singleturn|p1a: Breloom|move: Focus Punch
|cant|p2a: desert goober|slp
|move|p1a: Breloom|Focus Punch|p2a: desert goober
|-damage|p2a: desert goober|0 fnt
|faint|p2a: desert goober
|
|t:|1730751418
|switch|p2a: beetle goober|Heracross, F|100/100
|
|upkeep
|turn|26
|
|t:|1730751427
|move|p2a: beetle goober|Megahorn|p1a: Breloom|[miss]
|-miss|p2a: beetle goober|p1a: Breloom
|move|p1a: Breloom|Spore|p2a: beetle goober
|-status|p2a: beetle goober|slp|[from] move: Spore
|
|upkeep
|turn|27
|c|☆Incognition|mb
|inactive|OOF_MAXIMA has 270 seconds left.
|
|t:|1730751468
|switch|p1a: Dugtrio|Dugtrio, F|100/100
|cant|p2a: beetle goober|slp
|
|upkeep
|turn|28
|
|t:|1730751473
|move|p1a: Dugtrio|Aerial Ace|p2a: beetle goober
|-supereffective|p2a: beetle goober
|-damage|p2a: beetle goober|0 fnt
|faint|p2a: beetle goober
|
|t:|1730751475
|switch|p2a: metal goober|Metagross|100/100
|
|upkeep
|turn|29
|
|t:|1730751480
|switch|p1a: Zapdos|Zapdos|62/100
|move|p2a: metal goober|Meteor Mash|p1a: Zapdos
|-resisted|p1a: Zapdos
|-damage|p1a: Zapdos|29/100
|
|-heal|p1a: Zapdos|36/100|[from] item: Leftovers
|upkeep
|turn|30
|
|t:|1730751488
|move|p1a: Zapdos|Thunder Wave|p2a: metal goober
|-status|p2a: metal goober|par
|move|p2a: metal goober|Meteor Mash|p1a: Zapdos
|-resisted|p1a: Zapdos
|-damage|p1a: Zapdos|4/100
|
|-heal|p1a: Zapdos|10/100|[from] item: Leftovers
|upkeep
|turn|31
|
|t:|1730751495
|switch|p2a: onion goober|Celebi|57/100
|move|p1a: Zapdos|Thunderbolt|p2a: onion goober
|-resisted|p2a: onion goober
|-crit|p2a: onion goober
|-damage|p2a: onion goober|18/100
|
|-heal|p2a: onion goober|24/100|[from] item: Leftovers
|-heal|p1a: Zapdos|16/100|[from] item: Leftovers
|upkeep
|turn|32
|
|t:|1730751518
|move|p1a: Zapdos|Baton Pass|p1a: Zapdos
|
|t:|1730751520
|switch|p1a: Breloom|Breloom, F|100/100|[from] Baton Pass
|move|p2a: onion goober|Ancient Power|p1a: Breloom
|-resisted|p1a: Breloom
|-damage|p1a: Breloom|89/100
|-status|p2a: onion goober|slp
|
|-heal|p2a: onion goober|30/100 slp|[from] item: Leftovers
|-heal|p1a: Breloom|96/100|[from] item: Leftovers
|upkeep
|turn|33
|c|☆OOF_MAXIMA|lol
|c|☆OOF_MAXIMA|gg
|c|☆Incognition|gg
|-message|OOF_MAXIMA forfeited.
|
|win|Incognition

</script>
<script type="application/json" class="data" id="replaydata-smogtours-gen3ou-804790">
{"id":"smogtours-gen3ou-804790","format":"[Gen 3] OU","players":["Incognition","OOF_MAXIMA"],"uploadtime":1730751530,"views":60,"formatid":"gen3ou","rating":null,"private":0,"password":null}
</script>

<script defer src="js/replays.js?9d40a366"></script>
