<!DOCTYPE html>
<meta charset="utf-8" />
<meta name="viewport" content="width=device-width" />

<title>[Gen 3] OU: Promeathean0056 vs. No8ull - Replays - Pok&eacute;mon Showdown!</title>

<meta name="description" content="Watch a replay of a Pok&eacute;mon battle between Promeathean0056 and No8ull! Format: [Gen 3] OU; Date: Oct 10, 2024" />
<!--

Hey, you! Looking in the source for the replay log?

You can find them in JSON format, just add `.json` at the end of a replay URL.

https://replay.pokemonshowdown.com/gen7randomdoublesbattle-865046831.json

Or, if you only need the log itself, add `.log` instead:

https://replay.pokemonshowdown.com/gen7randomdoublesbattle-865046831.log

-->

<link rel="stylesheet" href="//pokemonshowdown.com/style/global.css?0.023195364461161105" />
<link rel="stylesheet" href="//play.pokemonshowdown.com/style/font-awesome.css?0.13261647063804238" />
<link rel="stylesheet" href="//play.pokemonshowdown.com/style/battle.css?0.8753245789963631" />
<link rel="stylesheet" href="//play.pokemonshowdown.com/style/utilichart.css?0.8627959624976733" />

<!-- Global site tag (gtag.js) - Google Analytics -->
<script async src="https://www.googletagmanager.com/gtag/js?id=UA-26211653-1"></script>
<script>
  window.dataLayer = window.dataLayer || [];
  function gtag(){dataLayer.push(arguments);}
  gtag('js', new Date());

  gtag('config', 'UA-26211653-1');
</script>
<!-- End Google Analytics -->
<!-- Venatus Ad Manager - Install in <HEAD> of page -->
	<script src="https://hb.vntsm.com/v3/live/ad-manager.min.js" type="text/javascript" data-site-id="642aba63ec9a7b11c3c9c1be" data-mode="scan" async></script>
<!-- / Venatus Ad Manager -->

<style>
	@media (max-width:820px) {
		.battle {
			margin: 0 auto;
		}
		.battle-log {
			margin: 7px auto 0;
			max-width: 640px;
			height: 300px;
			position: static;
		}
	}
	.optgroup {
		display: inline-block;
		line-height: 22px;
		font-size: 10pt;
	}
	.optgroup .button {
		height: 25px;
		padding-top: 0;
		padding-bottom: 0;
	}
	.optgroup button.button {
		padding-left: 12px;
		padding-right: 12px;
	}
	.linklist {
		list-style: none;
		margin: 0.5em 0;
		padding: 0;
	}
	.linklist li {
		padding: 2px 0;
	}
	.sidebar {
		float: left;
		width: 320px;
	}
	.bar-wrapper {
		max-width: 1100px;
		margin: 0 auto;
	}
	.bar-wrapper.has-sidebar {
		max-width: 1430px;
	}
	.mainbar {
		margin: 0;
		padding-right: 1px;
	}
	.mainbar.has-sidebar {
		margin-left: 330px;
	}
	@media (min-width: 1511px) {
		.sidebar {
			width: 400px;
		}
		.bar-wrapper.has-sidebar {
			max-width: 1510px;
		}
		.mainbar.has-sidebar {
			margin-left: 410px;
		}
	}
	.section.first-section {
		margin-top: 9px;
	}
	.blocklink small {
		white-space: normal;
	}
	.button {
		vertical-align: middle;
	}
	.replay-controls {
		padding-top: 10px;
	}
	.replay-controls h1 {
		font-size: 16pt;
		font-weight: normal;
		color: #CCC;
	}
	.pagelink {
		text-align: center;
	}
	.pagelink a {
		width: 150px;
	}
	.textbox, .button {
		font-size: 11pt;
		vertical-align: middle;
	}
	@media (max-width: 450px) {
		.button {
			font-size: 9pt;
		}
	}
</style>

<div>

	<header>
		<div class="nav-wrapper"><ul class="nav">
			<li><a class="button nav-first" href="//pokemonshowdown.com/"><img src="//pokemonshowdown.com/images/pokemonshowdownbeta.png" srcset="//pokemonshowdown.com/images/pokemonshowdownbeta.png 1x, //pokemonshowdown.com/images/pokemonshowdownbeta@2x.png 2x" alt="Pok&eacute;mon Showdown" width="146" height="44" /> Home</a></li>
			<li><a class="button" href="//pokemonshowdown.com/dex/">Pok&eacute;dex</a></li>
			<li><a class="button cur" href="/">Replays</a></li>
			<li><a class="button" href="//pokemonshowdown.com/ladder/">Ladder</a></li>
			<li><a class="button nav-last" href="//pokemonshowdown.com/forums/">Forum</a></li>
			<li><a class="button greenbutton nav-first nav-last" href="//play.pokemonshowdown.com/">Play</a></li>
		</ul></div>
	</header>

	<div class="main" id="main">

		<noscript><section class="section">You need to enable JavaScript to use this page; sorry!</section></noscript>

	</div>

</div>

<script defer nomodule src="//play.pokemonshowdown.com/js/lib/ps-polyfill.js"></script>
<script defer src="//play.pokemonshowdown.com/js/lib/preact.min.js"></script>

<script defer src="//play.pokemonshowdown.com/config/config.js?2bddbc15"></script>
<script defer src="//play.pokemonshowdown.com/js/lib/jquery-1.11.0.min.js"></script>
<script defer src="//play.pokemonshowdown.com/js/lib/html-sanitizer-minified.js"></script>
<script defer src="//play.pokemonshowdown.com/js/battle-sound.js"></script>
<script defer src="//play.pokemonshowdown.com/js/battledata.js?0.7209276989879541"></script>
<script defer src="//play.pokemonshowdown.com/data/pokedex-mini.js?0.6111056340867951"></script>
<script defer src="//play.pokemonshowdown.com/data/pokedex-mini-bw.js?0.3532142036491459"></script>
<script defer src="//play.pokemonshowdown.com/data/graphics.js?0.24223875632456182"></script>
<script defer src="//play.pokemonshowdown.com/data/pokedex.js?0.38839984266356864"></script>
<script defer src="//play.pokemonshowdown.com/data/moves.js?0.21866028504024015"></script>
<script defer src="//play.pokemonshowdown.com/data/abilities.js?0.2005157953846628"></script>
<script defer src="//play.pokemonshowdown.com/data/items.js?0.9894211263848525"></script>
<script defer src="//play.pokemonshowdown.com/data/teambuilder-tables.js?0.6008791140282215"></script>
<script defer src="//play.pokemonshowdown.com/js/battle-tooltips.js?0.7580118955022959"></script>
<script defer src="//play.pokemonshowdown.com/js/battle.js?0.6057722274234274"></script>

<script defer src="js/utils.js?e31f9a17"></script>
<script defer src="js/replays-battle.js?7008c182"></script>

<!-- don't scrape this data! just add .json or .log after the URL!
Full API docs: https://github.com/smogon/pokemon-showdown-client/blob/master/WEB-API.md -->
<script type="text/plain" class="log" id="replaylog-smogtours-gen3ou-796832">
|inactive|Battle timer is ON: inactive players will automatically lose when time's up.
|t:|1728520933
|gametype|singles
|player|p1|Promeathean0056|101|
|player|p2|No8ull|266|
|teamsize|p1|6
|teamsize|p2|6
|gen|3
|tier|[Gen 3] OU
|rule|Sleep Clause Mod: Limit one foe put to sleep
|rule|Switch Priority Clause Mod: Faster Pokémon switch first
|rule|Species Clause: Limit one of each Pokémon
|rule|OHKO Clause: OHKO moves are banned
|rule|Evasion Items Clause: Evasion items are banned
|rule|Evasion Moves Clause: Evasion moves are banned
|rule|Endless Battle Clause: Forcing endless battles is banned
|rule|HP Percentage Mod: HP is shown in percentages
|rule|One Boost Passer Clause: Limit one Baton Passer that has a way to boost its stats
|rule|Freeze Clause Mod: Limit one foe frozen
|
|t:|1728520933
|start
|switch|p1a: Zapdos|Zapdos|100/100
|switch|p2a: Zapdos|Zapdos|100/100
|turn|1
|c|☆No8ull|GLHF
|c|☆Promeathean0056|u 2\
|
|t:|1728520953
|move|p1a: Zapdos|Baton Pass|p1a: Zapdos
|
|t:|1728520956
|switch|p1a: Swampert|Swampert, F|100/100|[from] Baton Pass
|move|p2a: Zapdos|Substitute|p2a: Zapdos
|-start|p2a: Zapdos|Substitute
|-damage|p2a: Zapdos|76/100
|
|-heal|p2a: Zapdos|82/100|[from] item: Leftovers
|upkeep
|turn|2
|
|t:|1728520964
|move|p2a: Zapdos|Baton Pass|p2a: Zapdos
|
|t:|1728520975
|switch|p2a: Skarmory|Skarmory, M|100/100|[from] Baton Pass
|move|p1a: Swampert|Ice Beam|p2a: Skarmory
|-end|p2a: Skarmory|Substitute
|
|upkeep
|turn|3
|
|t:|1728520983
|move|p2a: Skarmory|Toxic|p1a: Swampert
|-status|p1a: Swampert|tox
|move|p1a: Swampert|Hydro Pump|p2a: Skarmory|[miss]
|-miss|p1a: Swampert|p2a: Skarmory
|
|-damage|p1a: Swampert|94/100 tox|[from] psn
|upkeep
|turn|4
|
|t:|1728520996
|switch|p1a: Zapdos|Zapdos|100/100
|move|p2a: Skarmory|Spikes|p1a: Zapdos
|-sidestart|p1: Promeathean0056|Spikes
|
|upkeep
|turn|5
|
|t:|1728521010
|switch|p2a: Blissey|Blissey, F|100/100
|move|p1a: Zapdos|Thunderbolt|p2a: Blissey
|-damage|p2a: Blissey|81/100
|
|-heal|p2a: Blissey|87/100|[from] item: Leftovers
|upkeep
|turn|6
|
|t:|1728521019
|switch|p1a: Celebi|Celebi|100/100
|-damage|p1a: Celebi|88/100|[from] Spikes
|move|p2a: Blissey|Toxic|p1a: Celebi
|-status|p1a: Celebi|tox
|
|-heal|p1a: Celebi|94/100 tox|[from] item: Leftovers
|-damage|p1a: Celebi|88/100 tox|[from] psn
|-heal|p2a: Blissey|93/100|[from] item: Leftovers
|upkeep
|turn|7
|
|t:|1728521032
|move|p1a: Celebi|Calm Mind|p1a: Celebi
|-boost|p1a: Celebi|spa|1
|-boost|p1a: Celebi|spd|1
|move|p2a: Blissey|Ice Beam|p1a: Celebi
|-supereffective|p1a: Celebi
|-damage|p1a: Celebi|58/100 tox
|
|-heal|p1a: Celebi|64/100 tox|[from] item: Leftovers
|-damage|p1a: Celebi|52/100 tox|[from] psn
|-heal|p2a: Blissey|99/100|[from] item: Leftovers
|upkeep
|turn|8
|
|t:|1728521042
|move|p1a: Celebi|Baton Pass|p1a: Celebi
|
|t:|1728521047
|-curestatus|p1a: Celebi|tox|[from] ability: Natural Cure
|switch|p1a: Charizard|Charizard, M|100/100|[from] Baton Pass
|move|p2a: Blissey|Ice Beam|p1a: Charizard
|-damage|p1a: Charizard|77/100
|
|-heal|p1a: Charizard|83/100|[from] item: Leftovers
|-heal|p2a: Blissey|100/100|[from] item: Leftovers
|upkeep
|turn|9
|
|t:|1728521056
|move|p1a: Charizard|Substitute|p1a: Charizard
|-start|p1a: Charizard|Substitute
|-damage|p1a: Charizard|58/100
|move|p2a: Blissey|Thunderbolt|p1a: Charizard
|-supereffective|p1a: Charizard
|-crit|p1a: Charizard
|-end|p1a: Charizard|Substitute
|
|-heal|p1a: Charizard|64/100|[from] item: Leftovers
|upkeep
|turn|10
|
|t:|1728521084
|-singleturn|p1a: Charizard|move: Focus Punch
|move|p2a: Blissey|Thunderbolt|p1a: Charizard
|-supereffective|p1a: Charizard
|-damage|p1a: Charizard|23/100
|move|p1a: Charizard|Focus Punch||[still]
|cant|p1a: Charizard|Focus Punch|Focus Punch
|
|-heal|p1a: Charizard|29/100|[from] item: Leftovers
|upkeep
|turn|11
|
|t:|1728521095
|move|p1a: Charizard|Fire Blast|p2a: Blissey
|-damage|p2a: Blissey|42/100
|move|p2a: Blissey|Thunderbolt|p1a: Charizard
|-supereffective|p1a: Charizard
|-damage|p1a: Charizard|0 fnt
|faint|p1a: Charizard
|inactive|Promeathean0056 has 270 seconds left.
|
|t:|1728521106
|switch|p1a: Swampert|Swampert, F|94/100 tox
|-damage|p1a: Swampert|82/100 tox|[from] Spikes
|
|-heal|p1a: Swampert|88/100 tox|[from] item: Leftovers
|-damage|p1a: Swampert|82/100 tox|[from] psn
|-heal|p2a: Blissey|48/100|[from] item: Leftovers
|upkeep
|turn|12
|
|t:|1728521115
|switch|p2a: Skarmory|Skarmory, M|100/100
|move|p1a: Swampert|Earthquake|p2a: Skarmory
|-immune|p2a: Skarmory
|
|-heal|p1a: Swampert|88/100 tox|[from] item: Leftovers
|-damage|p1a: Swampert|76/100 tox|[from] psn
|upkeep
|turn|13
|inactive|Promeathean0056 has 270 seconds left.
|
|t:|1728521134
|switch|p1a: Zapdos|Zapdos|100/100
|move|p2a: Skarmory|Spikes|p1a: Zapdos
|-sidestart|p1: Promeathean0056|Spikes
|
|upkeep
|turn|14
|
|t:|1728521139
|switch|p2a: Blissey|Blissey, F|48/100
|move|p1a: Zapdos|Roar|p2a: Blissey
|drag|p2a: Tyranitar|Tyranitar, F|100/100
|-weather|Sandstorm|[from] ability: Sand Stream|[of] p2a: Tyranitar
|
|-weather|Sandstorm|[upkeep]
|-damage|p1a: Zapdos|94/100|[from] Sandstorm
|-heal|p1a: Zapdos|100/100|[from] item: Leftovers
|upkeep
|turn|15
|
|t:|1728521152
|switch|p1a: Swampert|Swampert, F|76/100 tox
|-damage|p1a: Swampert|59/100 tox|[from] Spikes
|move|p2a: Tyranitar|Hidden Power|p1a: Swampert
|-supereffective|p1a: Swampert
|-damage|p1a: Swampert|0 fnt
|faint|p1a: Swampert
|
|t:|1728521165
|switch|p1a: Celebi|Celebi|52/100
|-damage|p1a: Celebi|35/100|[from] Spikes
|
|-weather|Sandstorm|[upkeep]
|-damage|p1a: Celebi|29/100|[from] Sandstorm
|-heal|p1a: Celebi|35/100|[from] item: Leftovers
|upkeep
|turn|16
|
|t:|1728521173
|switch|p2a: Blissey|Blissey, F|48/100
|move|p1a: Celebi|Giga Drain|p2a: Blissey
|-damage|p2a: Blissey|39/100
|-heal|p1a: Celebi|43/100|[from] drain|[of] p2a: Blissey
|
|-weather|Sandstorm|[upkeep]
|-damage|p1a: Celebi|37/100|[from] Sandstorm
|-damage|p2a: Blissey|33/100|[from] Sandstorm
|-heal|p1a: Celebi|43/100|[from] item: Leftovers
|-heal|p2a: Blissey|39/100|[from] item: Leftovers
|upkeep
|turn|17
|
|t:|1728521184
|move|p1a: Celebi|Baton Pass|p1a: Celebi
|
|t:|1728521187
|switch|p1a: Metagross|Metagross|100/100|[from] Baton Pass
|-damage|p1a: Metagross|84/100|[from] Spikes
|move|p2a: Blissey|Soft-Boiled|p2a: Blissey
|-heal|p2a: Blissey|89/100
|
|-weather|Sandstorm|[upkeep]
|-damage|p2a: Blissey|83/100|[from] Sandstorm
|-heal|p2a: Blissey|89/100|[from] item: Leftovers
|upkeep
|turn|18
|
|t:|1728521204
|switch|p2a: Zapdos|Zapdos|82/100
|move|p1a: Metagross|Meteor Mash|p2a: Zapdos
|-resisted|p2a: Zapdos
|-damage|p2a: Zapdos|30/100
|
|-weather|Sandstorm|[upkeep]
|-damage|p2a: Zapdos|24/100|[from] Sandstorm
|-heal|p2a: Zapdos|30/100|[from] item: Leftovers
|upkeep
|turn|19
|
|t:|1728521217
|move|p2a: Zapdos|Hidden Power|p1a: Metagross
|-supereffective|p1a: Metagross
|-damage|p1a: Metagross|25/100
|move|p1a: Metagross|Meteor Mash|p2a: Zapdos
|-resisted|p2a: Zapdos
|-damage|p2a: Zapdos|0 fnt
|faint|p2a: Zapdos
|
|t:|1728521229
|switch|p2a: Gengar|Gengar, M|100/100
|
|-weather|Sandstorm|[upkeep]
|-damage|p2a: Gengar|94/100|[from] Sandstorm
|-heal|p2a: Gengar|100/100|[from] item: Leftovers
|upkeep
|turn|20
|
|t:|1728521237
|move|p2a: Gengar|Thunderbolt|p1a: Metagross
|-crit|p1a: Metagross
|-damage|p1a: Metagross|0 fnt
|faint|p1a: Metagross
|
|t:|1728521244
|switch|p1a: Zapdos|Zapdos|100/100
|
|-weather|Sandstorm|[upkeep]
|-damage|p2a: Gengar|94/100|[from] Sandstorm
|-damage|p1a: Zapdos|94/100|[from] Sandstorm
|-heal|p2a: Gengar|100/100|[from] item: Leftovers
|-heal|p1a: Zapdos|100/100|[from] item: Leftovers
|upkeep
|turn|21
|
|t:|1728521252
|move|p2a: Gengar|Ice Punch|p1a: Zapdos
|-supereffective|p1a: Zapdos
|-damage|p1a: Zapdos|38/100
|move|p1a: Zapdos|Thunderbolt|p2a: Gengar
|-damage|p2a: Gengar|12/100
|-status|p2a: Gengar|par
|
|-weather|Sandstorm|[upkeep]
|-damage|p1a: Zapdos|31/100|[from] Sandstorm
|-damage|p2a: Gengar|6/100 par|[from] Sandstorm
|-heal|p1a: Zapdos|38/100|[from] item: Leftovers
|-heal|p2a: Gengar|12/100 par|[from] item: Leftovers
|upkeep
|turn|22
|
|t:|1728521263
|move|p1a: Zapdos|Thunderbolt|p2a: Gengar
|-damage|p2a: Gengar|0 fnt
|faint|p2a: Gengar
|
|t:|1728521269
|switch|p2a: Blissey|Blissey, F|89/100
|
|-weather|Sandstorm|[upkeep]
|-damage|p1a: Zapdos|31/100|[from] Sandstorm
|-damage|p2a: Blissey|83/100|[from] Sandstorm
|-heal|p1a: Zapdos|38/100|[from] item: Leftovers
|-heal|p2a: Blissey|89/100|[from] item: Leftovers
|upkeep
|turn|23
|
|t:|1728521276
|switch|p1a: Gengar|Gengar, F|100/100
|move|p2a: Blissey|Ice Beam|p1a: Gengar
|-crit|p1a: Gengar
|-damage|p1a: Gengar|14/100
|
|-weather|Sandstorm|[upkeep]
|-damage|p1a: Gengar|8/100|[from] Sandstorm
|-damage|p2a: Blissey|83/100|[from] Sandstorm
|-heal|p1a: Gengar|14/100|[from] item: Leftovers
|-heal|p2a: Blissey|89/100|[from] item: Leftovers
|upkeep
|turn|24
|
|t:|1728521290
|switch|p2a: Skarmory|Skarmory, M|100/100
|move|p1a: Gengar|Explosion|p2a: Skarmory
|-resisted|p2a: Skarmory
|-damage|p2a: Skarmory|71/100
|faint|p1a: Gengar
|
|t:|1728521296
|switch|p1a: Zapdos|Zapdos|38/100
|
|-weather|Sandstorm|[upkeep]
|-damage|p1a: Zapdos|31/100|[from] Sandstorm
|-heal|p1a: Zapdos|38/100|[from] item: Leftovers
|-heal|p2a: Skarmory|77/100|[from] item: Leftovers
|upkeep
|turn|25
|
|t:|1728521304
|move|p1a: Zapdos|Thunderbolt|p2a: Skarmory
|-supereffective|p2a: Skarmory
|-damage|p2a: Skarmory|0 fnt
|faint|p2a: Skarmory
|
|t:|1728521307
|switch|p2a: Blissey|Blissey, F|89/100
|
|-weather|Sandstorm|[upkeep]
|-damage|p1a: Zapdos|31/100|[from] Sandstorm
|-damage|p2a: Blissey|83/100|[from] Sandstorm
|-heal|p1a: Zapdos|38/100|[from] item: Leftovers
|-heal|p2a: Blissey|89/100|[from] item: Leftovers
|upkeep
|turn|26
|
|t:|1728521329
|move|p1a: Zapdos|Baton Pass|p1a: Zapdos
|
|t:|1728521330
|switch|p1a: Celebi|Celebi|43/100|[from] Baton Pass
|-damage|p1a: Celebi|26/100|[from] Spikes
|move|p2a: Blissey|Ice Beam|p1a: Celebi
|-supereffective|p1a: Celebi
|-damage|p1a: Celebi|0 fnt
|faint|p1a: Celebi
|c|☆Promeathean0056|gg
|
|t:|1728521339
|switch|p1a: Zapdos|Zapdos|38/100
|
|-weather|Sandstorm|[upkeep]
|-damage|p1a: Zapdos|31/100|[from] Sandstorm
|-damage|p2a: Blissey|83/100|[from] Sandstorm
|-heal|p1a: Zapdos|38/100|[from] item: Leftovers
|-heal|p2a: Blissey|89/100|[from] item: Leftovers
|upkeep
|turn|27
|c|☆No8ull|gg
|
|t:|1728521345
|move|p1a: Zapdos|Thunderbolt|p2a: Blissey
|-crit|p2a: Blissey
|-damage|p2a: Blissey|45/100
|move|p2a: Blissey|Ice Beam|p1a: Zapdos
|-supereffective|p1a: Zapdos
|-damage|p1a: Zapdos|0 fnt
|faint|p1a: Zapdos
|
|win|No8ull

</script>
<script type="application/json" class="data" id="replaydata-smogtours-gen3ou-796832">
{"id":"smogtours-gen3ou-796832","format":"[Gen 3] OU","players":["Promeathean0056","No8ull"],"uploadtime":1728521345,"views":89,"formatid":"gen3ou","rating":null,"private":0,"password":null}
</script>

<script defer src="js/replays.js?9d40a366"></script>
