<!DOCTYPE html>
<meta charset="utf-8" />
<meta name="viewport" content="width=device-width" />

<title>[Gen 3] OU: Faantome vs. lax - Replays - Pok&eacute;mon Showdown!</title>

<meta name="description" content="Watch a replay of a Pok&eacute;mon battle between Faantome and lax! Format: [Gen 3] OU; Date: Oct 18, 2024" />
<!--

Hey, you! Looking in the source for the replay log?

You can find them in JSON format, just add `.json` at the end of a replay URL.

https://replay.pokemonshowdown.com/gen7randomdoublesbattle-865046831.json

Or, if you only need the log itself, add `.log` instead:

https://replay.pokemonshowdown.com/gen7randomdoublesbattle-865046831.log

-->

<link rel="stylesheet" href="//pokemonshowdown.com/style/global.css?0.023195364461161105" />
<link rel="stylesheet" href="//play.pokemonshowdown.com/style/font-awesome.css?0.13261647063804238" />
<link rel="stylesheet" href="//play.pokemonshowdown.com/style/battle.css?0.8753245789963631" />
<link rel="stylesheet" href="//play.pokemonshowdown.com/style/utilichart.css?0.8627959624976733" />

<!-- Global site tag (gtag.js) - Google Analytics -->
<script async src="https://www.googletagmanager.com/gtag/js?id=UA-26211653-1"></script>
<script>
  window.dataLayer = window.dataLayer || [];
  function gtag(){dataLayer.push(arguments);}
  gtag('js', new Date());

  gtag('config', 'UA-26211653-1');
</script>
<!-- End Google Analytics -->
<!-- Venatus Ad Manager - Install in <HEAD> of page -->
	<script src="https://hb.vntsm.com/v3/live/ad-manager.min.js" type="text/javascript" data-site-id="642aba63ec9a7b11c3c9c1be" data-mode="scan" async></script>
<!-- / Venatus Ad Manager -->

<style>
	@media (max-width:820px) {
		.battle {
			margin: 0 auto;
		}
		.battle-log {
			margin: 7px auto 0;
			max-width: 640px;
			height: 300px;
			position: static;
		}
	}
	.optgroup {
		display: inline-block;
		line-height: 22px;
		font-size: 10pt;
	}
	.optgroup .button {
		height: 25px;
		padding-top: 0;
		padding-bottom: 0;
	}
	.optgroup button.button {
		padding-left: 12px;
		padding-right: 12px;
	}
	.linklist {
		list-style: none;
		margin: 0.5em 0;
		padding: 0;
	}
	.linklist li {
		padding: 2px 0;
	}
	.sidebar {
		float: left;
		width: 320px;
	}
	.bar-wrapper {
		max-width: 1100px;
		margin: 0 auto;
	}
	.bar-wrapper.has-sidebar {
		max-width: 1430px;
	}
	.mainbar {
		margin: 0;
		padding-right: 1px;
	}
	.mainbar.has-sidebar {
		margin-left: 330px;
	}
	@media (min-width: 1511px) {
		.sidebar {
			width: 400px;
		}
		.bar-wrapper.has-sidebar {
			max-width: 1510px;
		}
		.mainbar.has-sidebar {
			margin-left: 410px;
		}
	}
	.section.first-section {
		margin-top: 9px;
	}
	.blocklink small {
		white-space: normal;
	}
	.button {
		vertical-align: middle;
	}
	.replay-controls {
		padding-top: 10px;
	}
	.replay-controls h1 {
		font-size: 16pt;
		font-weight: normal;
		color: #CCC;
	}
	.pagelink {
		text-align: center;
	}
	.pagelink a {
		width: 150px;
	}
	.textbox, .button {
		font-size: 11pt;
		vertical-align: middle;
	}
	@media (max-width: 450px) {
		.button {
			font-size: 9pt;
		}
	}
</style>

<div>

	<header>
		<div class="nav-wrapper"><ul class="nav">
			<li><a class="button nav-first" href="//pokemonshowdown.com/"><img src="//pokemonshowdown.com/images/pokemonshowdownbeta.png" srcset="//pokemonshowdown.com/images/pokemonshowdownbeta.png 1x, //pokemonshowdown.com/images/pokemonshowdownbeta@2x.png 2x" alt="Pok&eacute;mon Showdown" width="146" height="44" /> Home</a></li>
			<li><a class="button" href="//pokemonshowdown.com/dex/">Pok&eacute;dex</a></li>
			<li><a class="button cur" href="/">Replays</a></li>
			<li><a class="button" href="//pokemonshowdown.com/ladder/">Ladder</a></li>
			<li><a class="button nav-last" href="//pokemonshowdown.com/forums/">Forum</a></li>
			<li><a class="button greenbutton nav-first nav-last" href="//play.pokemonshowdown.com/">Play</a></li>
		</ul></div>
	</header>

	<div class="main" id="main">

		<noscript><section class="section">You need to enable JavaScript to use this page; sorry!</section></noscript>

	</div>

</div>

<script defer nomodule src="//play.pokemonshowdown.com/js/lib/ps-polyfill.js"></script>
<script defer src="//play.pokemonshowdown.com/js/lib/preact.min.js"></script>

<script defer src="//play.pokemonshowdown.com/config/config.js?2bddbc15"></script>
<script defer src="//play.pokemonshowdown.com/js/lib/jquery-1.11.0.min.js"></script>
<script defer src="//play.pokemonshowdown.com/js/lib/html-sanitizer-minified.js"></script>
<script defer src="//play.pokemonshowdown.com/js/battle-sound.js"></script>
<script defer src="//play.pokemonshowdown.com/js/battledata.js?0.7209276989879541"></script>
<script defer src="//play.pokemonshowdown.com/data/pokedex-mini.js?0.6111056340867951"></script>
<script defer src="//play.pokemonshowdown.com/data/pokedex-mini-bw.js?0.3532142036491459"></script>
<script defer src="//play.pokemonshowdown.com/data/graphics.js?0.24223875632456182"></script>
<script defer src="//play.pokemonshowdown.com/data/pokedex.js?0.38839984266356864"></script>
<script defer src="//play.pokemonshowdown.com/data/moves.js?0.21866028504024015"></script>
<script defer src="//play.pokemonshowdown.com/data/abilities.js?0.2005157953846628"></script>
<script defer src="//play.pokemonshowdown.com/data/items.js?0.9894211263848525"></script>
<script defer src="//play.pokemonshowdown.com/data/teambuilder-tables.js?0.6008791140282215"></script>
<script defer src="//play.pokemonshowdown.com/js/battle-tooltips.js?0.7580118955022959"></script>
<script defer src="//play.pokemonshowdown.com/js/battle.js?0.6057722274234274"></script>

<script defer src="js/utils.js?e31f9a17"></script>
<script defer src="js/replays-battle.js?7008c182"></script>

<!-- don't scrape this data! just add .json or .log after the URL!
Full API docs: https://github.com/smogon/pokemon-showdown-client/blob/master/WEB-API.md -->
<script type="text/plain" class="log" id="replaylog-smogtours-gen3ou-799542">
|inactive|Battle timer is ON: inactive players will automatically lose when time's up.
|t:|1729268038
|gametype|singles
|player|p1|Faantome|sabrina|
|player|p2|lax|#lax|
|teamsize|p1|6
|teamsize|p2|6
|gen|3
|tier|[Gen 3] OU
|rule|Sleep Clause Mod: Limit one foe put to sleep
|rule|Switch Priority Clause Mod: Faster Pokémon switch first
|rule|Species Clause: Limit one of each Pokémon
|rule|OHKO Clause: OHKO moves are banned
|rule|Evasion Items Clause: Evasion items are banned
|rule|Evasion Moves Clause: Evasion moves are banned
|rule|Endless Battle Clause: Forcing endless battles is banned
|rule|HP Percentage Mod: HP is shown in percentages
|rule|One Boost Passer Clause: Limit one Baton Passer that has a way to boost its stats
|rule|Freeze Clause Mod: Limit one foe frozen
|
|t:|1729268038
|start
|switch|p1a: Tyranitar|Tyranitar, F|100/100
|switch|p2a: Tyranitar|Tyranitar, M|100/100
|-weather|Sandstorm|[from] ability: Sand Stream|[of] p1a: Tyranitar
|turn|1
|
|t:|1729268056
|switch|p1a: Milotic|Milotic, M|100/100
|switch|p2a: Salamence|Salamence, M|100/100
|-ability|p2a: Salamence|Intimidate|boost
|-unboost|p1a: Milotic|atk|1
|
|-weather|Sandstorm|[upkeep]
|-damage|p2a: Salamence|94/100|[from] Sandstorm
|-damage|p1a: Milotic|94/100|[from] Sandstorm
|-heal|p2a: Salamence|100/100|[from] item: Leftovers
|-heal|p1a: Milotic|100/100|[from] item: Leftovers
|upkeep
|turn|2
|
|t:|1729268064
|switch|p2a: Blissey|Blissey, F|100/100
|move|p1a: Milotic|Ice Beam|p2a: Blissey
|-crit|p2a: Blissey
|-damage|p2a: Blissey|82/100
|-status|p2a: Blissey|frz
|
|-weather|Sandstorm|[upkeep]
|-damage|p1a: Milotic|94/100|[from] Sandstorm
|-damage|p2a: Blissey|75/100 frz|[from] Sandstorm
|-heal|p1a: Milotic|100/100|[from] item: Leftovers
|-heal|p2a: Blissey|82/100 frz|[from] item: Leftovers
|upkeep
|turn|3
|
|t:|1729268081
|switch|p1a: Tyranitar|Tyranitar, F|100/100
|-curestatus|p2a: Blissey|frz|[from] ability: Natural Cure
|switch|p2a: Cloyster|Cloyster, F|100/100
|
|-weather|Sandstorm|[upkeep]
|-damage|p2a: Cloyster|94/100|[from] Sandstorm
|-heal|p2a: Cloyster|100/100|[from] item: Leftovers
|upkeep
|turn|4
|inactive|Faantome has 270 seconds left.
|inactive|Faantome has 240 seconds left.
|
|t:|1729268145
|switch|p1a: Magneton|Magneton|100/100
|move|p2a: Cloyster|Spikes|p1a: Magneton
|-sidestart|p1: Faantome|Spikes
|
|-weather|Sandstorm|[upkeep]
|-damage|p2a: Cloyster|94/100|[from] Sandstorm
|-heal|p2a: Cloyster|100/100|[from] item: Leftovers
|upkeep
|turn|5
|inactive|Faantome has 240 seconds left.
|
|t:|1729268155
|switch|p2a: Blissey|Blissey, F|82/100
|move|p1a: Magneton|Toxic|p2a: Blissey|[miss]
|-miss|p1a: Magneton|p2a: Blissey
|
|-weather|Sandstorm|[upkeep]
|-damage|p2a: Blissey|75/100|[from] Sandstorm
|-heal|p2a: Blissey|82/100|[from] item: Leftovers
|upkeep
|turn|6
|inactive|Faantome has 240 seconds left.
|
|t:|1729268167
|switch|p1a: Celebi|Celebi|100/100
|-damage|p1a: Celebi|88/100|[from] Spikes
|move|p2a: Blissey|Thunder Wave|p1a: Celebi
|-status|p1a: Celebi|par
|
|-weather|Sandstorm|[upkeep]
|-damage|p2a: Blissey|75/100|[from] Sandstorm
|-damage|p1a: Celebi|82/100 par|[from] Sandstorm
|-heal|p2a: Blissey|82/100|[from] item: Leftovers
|-heal|p1a: Celebi|88/100 par|[from] item: Leftovers
|upkeep
|turn|7
|
|t:|1729268172
|move|p2a: Blissey|Ice Beam|p1a: Celebi
|-supereffective|p1a: Celebi
|-damage|p1a: Celebi|53/100 par
|move|p1a: Celebi|Leech Seed|p2a: Blissey
|-start|p2a: Blissey|move: Leech Seed
|
|-weather|Sandstorm|[upkeep]
|-damage|p2a: Blissey|75/100|[from] Sandstorm
|-damage|p1a: Celebi|47/100 par|[from] Sandstorm
|-heal|p2a: Blissey|82/100|[from] item: Leftovers
|-damage|p2a: Blissey|69/100|[from] Leech Seed|[of] p1a: Celebi
|-heal|p1a: Celebi|67/100 par|[silent]
|-heal|p1a: Celebi|74/100 par|[from] item: Leftovers
|upkeep
|turn|8
|inactive|Faantome has 240 seconds left.
|
|t:|1729268192
|switch|p2a: Salamence|Salamence, M|100/100
|-ability|p2a: Salamence|Intimidate|boost
|-unboost|p1a: Celebi|atk|1
|-curestatus|p1a: Celebi|par|[from] ability: Natural Cure
|switch|p1a: Metagross|Metagross|100/100
|-damage|p1a: Metagross|88/100|[from] Spikes
|
|-weather|Sandstorm|[upkeep]
|-damage|p2a: Salamence|94/100|[from] Sandstorm
|-heal|p2a: Salamence|100/100|[from] item: Leftovers
|-heal|p1a: Metagross|94/100|[from] item: Leftovers
|upkeep
|turn|9
|
|t:|1729268201
|switch|p2a: Swampert|Swampert, F|100/100
|move|p1a: Metagross|Protect||[still]
|-fail|p1a: Metagross
|
|-weather|Sandstorm|[upkeep]
|-heal|p1a: Metagross|99/100|[from] item: Leftovers
|upkeep
|turn|10
|
|t:|1729268216
|switch|p1a: Celebi|Celebi|74/100
|-damage|p1a: Celebi|61/100|[from] Spikes
|move|p2a: Swampert|Roar|p1a: Celebi
|drag|p1a: Tyranitar|Tyranitar, F|100/100
|-damage|p1a: Tyranitar|88/100|[from] Spikes
|
|-weather|Sandstorm|[upkeep]
|upkeep
|turn|11
|
|t:|1729268224
|switch|p1a: Celebi|Celebi|61/100
|-damage|p1a: Celebi|49/100|[from] Spikes
|move|p2a: Swampert|Roar|p1a: Celebi
|drag|p1a: Tyranitar|Tyranitar, F|88/100
|-damage|p1a: Tyranitar|76/100|[from] Spikes
|
|-weather|Sandstorm|[upkeep]
|upkeep
|turn|12
|
|t:|1729268241
|move|p1a: Tyranitar|Earthquake|p2a: Swampert
|-damage|p2a: Swampert|76/100
|move|p2a: Swampert|Earthquake|p1a: Tyranitar
|-supereffective|p1a: Tyranitar
|-damage|p1a: Tyranitar|4/100
|
|-weather|Sandstorm|[upkeep]
|-heal|p2a: Swampert|82/100|[from] item: Leftovers
|upkeep
|turn|13
|
|t:|1729268249
|move|p2a: Swampert|Protect|p2a: Swampert
|-singleturn|p2a: Swampert|Protect
|move|p1a: Tyranitar|Earthquake|p2a: Swampert
|-activate|p2a: Swampert|Protect
|
|-weather|Sandstorm|[upkeep]
|-heal|p2a: Swampert|88/100|[from] item: Leftovers
|upkeep
|turn|14
|
|t:|1729268253
|move|p1a: Tyranitar|Earthquake|p2a: Swampert
|-damage|p2a: Swampert|63/100
|move|p2a: Swampert|Earthquake|p1a: Tyranitar
|-supereffective|p1a: Tyranitar
|-damage|p1a: Tyranitar|0 fnt
|faint|p1a: Tyranitar
|
|t:|1729268259
|switch|p1a: Celebi|Celebi|49/100
|-damage|p1a: Celebi|36/100|[from] Spikes
|
|-weather|Sandstorm|[upkeep]
|-damage|p1a: Celebi|30/100|[from] Sandstorm
|-heal|p1a: Celebi|36/100|[from] item: Leftovers
|-heal|p2a: Swampert|69/100|[from] item: Leftovers
|upkeep
|turn|15
|
|t:|1729268263
|move|p1a: Celebi|Recover|p1a: Celebi
|-heal|p1a: Celebi|86/100
|move|p2a: Swampert|Roar|p1a: Celebi
|drag|p1a: Metagross|Metagross|99/100
|-damage|p1a: Metagross|88/100|[from] Spikes
|
|-weather|Sandstorm|[upkeep]
|-heal|p1a: Metagross|94/100|[from] item: Leftovers
|-heal|p2a: Swampert|75/100|[from] item: Leftovers
|upkeep
|turn|16
|
|t:|1729268266
|move|p1a: Metagross|Explosion|p2a: Swampert
|-damage|p2a: Swampert|0 fnt
|faint|p1a: Metagross
|faint|p2a: Swampert
|
|t:|1729268274
|switch|p1a: Celebi|Celebi|86/100
|switch|p2a: Blissey|Blissey, F|69/100
|-damage|p1a: Celebi|74/100|[from] Spikes
|
|-weather|Sandstorm|[upkeep]
|-damage|p1a: Celebi|67/100|[from] Sandstorm
|-damage|p2a: Blissey|63/100|[from] Sandstorm
|-heal|p1a: Celebi|74/100|[from] item: Leftovers
|-heal|p2a: Blissey|69/100|[from] item: Leftovers
|upkeep
|turn|17
|
|t:|1729268277
|move|p1a: Celebi|Leech Seed|p2a: Blissey
|-start|p2a: Blissey|move: Leech Seed
|move|p2a: Blissey|Soft-Boiled|p2a: Blissey
|-heal|p2a: Blissey|100/100
|
|-weather|Sandstorm|[upkeep]
|-damage|p1a: Celebi|67/100|[from] Sandstorm
|-damage|p2a: Blissey|94/100|[from] Sandstorm
|-heal|p1a: Celebi|74/100|[from] item: Leftovers
|-heal|p2a: Blissey|100/100|[from] item: Leftovers
|-damage|p2a: Blissey|88/100|[from] Leech Seed|[of] p1a: Celebi
|-heal|p1a: Celebi|94/100|[silent]
|upkeep
|turn|18
|
|t:|1729268286
|switch|p1a: Milotic|Milotic, M|100/100
|-damage|p1a: Milotic|88/100|[from] Spikes
|switch|p2a: Salamence|Salamence, M|100/100
|-ability|p2a: Salamence|Intimidate|boost
|-unboost|p1a: Milotic|atk|1
|
|-weather|Sandstorm|[upkeep]
|-damage|p2a: Salamence|94/100|[from] Sandstorm
|-damage|p1a: Milotic|82/100|[from] Sandstorm
|-heal|p2a: Salamence|100/100|[from] item: Leftovers
|-heal|p1a: Milotic|88/100|[from] item: Leftovers
|upkeep
|turn|19
|
|t:|1729268293
|switch|p2a: Cloyster|Cloyster, F|100/100
|move|p1a: Milotic|Surf|p2a: Cloyster
|-resisted|p2a: Cloyster
|-damage|p2a: Cloyster|71/100
|
|-weather|Sandstorm|[upkeep]
|-damage|p2a: Cloyster|65/100|[from] Sandstorm
|-damage|p1a: Milotic|82/100|[from] Sandstorm
|-heal|p2a: Cloyster|71/100|[from] item: Leftovers
|-heal|p1a: Milotic|88/100|[from] item: Leftovers
|upkeep
|turn|20
|
|t:|1729268300
|switch|p1a: Magneton|Magneton|100/100
|-damage|p1a: Magneton|88/100|[from] Spikes
|move|p2a: Cloyster|Spikes|p1a: Magneton
|-sidestart|p1: Faantome|Spikes
|
|-weather|Sandstorm|[upkeep]
|-damage|p2a: Cloyster|65/100|[from] Sandstorm
|-heal|p2a: Cloyster|71/100|[from] item: Leftovers
|upkeep
|turn|21
|
|t:|1729268308
|switch|p2a: Blissey|Blissey, F|88/100
|move|p1a: Magneton|Toxic|p2a: Blissey
|-status|p2a: Blissey|tox
|
|-weather|Sandstorm|[upkeep]
|-damage|p2a: Blissey|82/100 tox|[from] Sandstorm
|-heal|p2a: Blissey|88/100 tox|[from] item: Leftovers
|-damage|p2a: Blissey|82/100 tox|[from] psn
|upkeep
|turn|22
|
|t:|1729268312
|switch|p1a: Celebi|Celebi|94/100
|-damage|p1a: Celebi|78/100|[from] Spikes
|move|p2a: Blissey|Thunder Wave|p1a: Celebi
|-status|p1a: Celebi|par
|
|-weather|Sandstorm|[upkeep]
|-damage|p2a: Blissey|76/100 tox|[from] Sandstorm
|-damage|p1a: Celebi|71/100 par|[from] Sandstorm
|-heal|p2a: Blissey|82/100 tox|[from] item: Leftovers
|-damage|p2a: Blissey|70/100 tox|[from] psn
|-heal|p1a: Celebi|78/100 par|[from] item: Leftovers
|upkeep
|turn|23
|
|t:|1729268315
|-curestatus|p2a: Blissey|tox|[from] ability: Natural Cure
|switch|p2a: Salamence|Salamence, M|100/100
|-ability|p2a: Salamence|Intimidate|boost
|-unboost|p1a: Celebi|atk|1
|move|p1a: Celebi|Leech Seed|p2a: Salamence
|-start|p2a: Salamence|move: Leech Seed
|
|-weather|Sandstorm|[upkeep]
|-damage|p2a: Salamence|94/100|[from] Sandstorm
|-damage|p1a: Celebi|71/100 par|[from] Sandstorm
|-heal|p2a: Salamence|100/100|[from] item: Leftovers
|-damage|p2a: Salamence|88/100|[from] Leech Seed|[of] p1a: Celebi
|-heal|p1a: Celebi|82/100 par|[silent]
|-heal|p1a: Celebi|88/100 par|[from] item: Leftovers
|upkeep
|turn|24
|
|t:|1729268321
|switch|p2a: Cloyster|Cloyster, F|71/100
|-curestatus|p1a: Celebi|par|[from] ability: Natural Cure
|switch|p1a: Milotic|Milotic, M|88/100
|-damage|p1a: Milotic|72/100|[from] Spikes
|
|-weather|Sandstorm|[upkeep]
|-damage|p2a: Cloyster|65/100|[from] Sandstorm
|-damage|p1a: Milotic|65/100|[from] Sandstorm
|-heal|p2a: Cloyster|71/100|[from] item: Leftovers
|-heal|p1a: Milotic|72/100|[from] item: Leftovers
|upkeep
|turn|25
|
|t:|1729268331
|switch|p1a: Salamence|Salamence, F|100/100
|-ability|p1a: Salamence|Intimidate|boost
|-unboost|p2a: Cloyster|atk|1
|move|p2a: Cloyster|Spikes|p1a: Salamence
|-sidestart|p1: Faantome|Spikes
|
|-weather|Sandstorm|[upkeep]
|-damage|p1a: Salamence|94/100|[from] Sandstorm
|-damage|p2a: Cloyster|65/100|[from] Sandstorm
|-heal|p1a: Salamence|100/100|[from] item: Leftovers
|-heal|p2a: Cloyster|71/100|[from] item: Leftovers
|upkeep
|turn|26
|
|t:|1729268334
|move|p1a: Salamence|Dragon Dance|p1a: Salamence
|-boost|p1a: Salamence|atk|1
|-boost|p1a: Salamence|spe|1
|move|p2a: Cloyster|Ice Beam|p1a: Salamence
|-supereffective|p1a: Salamence
|-damage|p1a: Salamence|0 fnt
|faint|p1a: Salamence
|c|☆Faantome|gg
|c|☆lax|ggs
|-message|Faantome forfeited.
|
|win|lax
|player|p1|
|c|☆lax|/log lax made the replay of this battle unlisted.
|player|p1|Faantome|sabrina|
|player|p2|

</script>
<script type="application/json" class="data" id="replaydata-smogtours-gen3ou-799542">
{"id":"smogtours-gen3ou-799542","format":"[Gen 3] OU","players":["Faantome","lax"],"uploadtime":1729268343,"views":83,"formatid":"gen3ou","rating":null,"private":1,"password":null}
</script>

<script defer src="js/replays.js?9d40a366"></script>
