<!DOCTYPE html>
<meta charset="utf-8" />
<meta name="viewport" content="width=device-width" />

<title>[Gen 3] OU: SSBM Nicki vs. zacynthius - Replays - Pok&eacute;mon Showdown!</title>

<meta name="description" content="Watch a replay of a Pok&eacute;mon battle between SSBM Nicki and zacynthius! Format: [Gen 3] OU; Date: Oct 23, 2024" />
<!--

Hey, you! Looking in the source for the replay log?

You can find them in JSON format, just add `.json` at the end of a replay URL.

https://replay.pokemonshowdown.com/gen7randomdoublesbattle-865046831.json

Or, if you only need the log itself, add `.log` instead:

https://replay.pokemonshowdown.com/gen7randomdoublesbattle-865046831.log

-->

<link rel="stylesheet" href="//pokemonshowdown.com/style/global.css?0.767286132409787" />
<link rel="stylesheet" href="//play.pokemonshowdown.com/style/font-awesome.css?0.9266228007934947" />
<link rel="stylesheet" href="//play.pokemonshowdown.com/style/battle.css?0.7924700842790926" />
<link rel="stylesheet" href="//play.pokemonshowdown.com/style/utilichart.css?0.8777417872839479" />

<!-- Global site tag (gtag.js) - Google Analytics -->
<script async src="https://www.googletagmanager.com/gtag/js?id=UA-26211653-1"></script>
<script>
  window.dataLayer = window.dataLayer || [];
  function gtag(){dataLayer.push(arguments);}
  gtag('js', new Date());

  gtag('config', 'UA-26211653-1');
</script>
<!-- End Google Analytics -->
<!-- Venatus Ad Manager - Install in <HEAD> of page -->
	<script src="https://hb.vntsm.com/v3/live/ad-manager.min.js" type="text/javascript" data-site-id="642aba63ec9a7b11c3c9c1be" data-mode="scan" async></script>
<!-- / Venatus Ad Manager -->

<style>
	@media (max-width:820px) {
		.battle {
			margin: 0 auto;
		}
		.battle-log {
			margin: 7px auto 0;
			max-width: 640px;
			height: 300px;
			position: static;
		}
	}
	.optgroup {
		display: inline-block;
		line-height: 22px;
		font-size: 10pt;
	}
	.optgroup .button {
		height: 25px;
		padding-top: 0;
		padding-bottom: 0;
	}
	.optgroup button.button {
		padding-left: 12px;
		padding-right: 12px;
	}
	.linklist {
		list-style: none;
		margin: 0.5em 0;
		padding: 0;
	}
	.linklist li {
		padding: 2px 0;
	}
	.sidebar {
		float: left;
		width: 320px;
	}
	.bar-wrapper {
		max-width: 1100px;
		margin: 0 auto;
	}
	.bar-wrapper.has-sidebar {
		max-width: 1430px;
	}
	.mainbar {
		margin: 0;
		padding-right: 1px;
	}
	.mainbar.has-sidebar {
		margin-left: 330px;
	}
	@media (min-width: 1511px) {
		.sidebar {
			width: 400px;
		}
		.bar-wrapper.has-sidebar {
			max-width: 1510px;
		}
		.mainbar.has-sidebar {
			margin-left: 410px;
		}
	}
	.section.first-section {
		margin-top: 9px;
	}
	.blocklink small {
		white-space: normal;
	}
	.button {
		vertical-align: middle;
	}
	.replay-controls {
		padding-top: 10px;
	}
	.replay-controls h1 {
		font-size: 16pt;
		font-weight: normal;
		color: #CCC;
	}
	.pagelink {
		text-align: center;
	}
	.pagelink a {
		width: 150px;
	}
	.textbox, .button {
		font-size: 11pt;
		vertical-align: middle;
	}
	@media (max-width: 450px) {
		.button {
			font-size: 9pt;
		}
	}
</style>

<div>

	<header>
		<div class="nav-wrapper"><ul class="nav">
			<li><a class="button nav-first" href="//pokemonshowdown.com/"><img src="//pokemonshowdown.com/images/pokemonshowdownbeta.png" srcset="//pokemonshowdown.com/images/pokemonshowdownbeta.png 1x, //pokemonshowdown.com/images/pokemonshowdownbeta@2x.png 2x" alt="Pok&eacute;mon Showdown" width="146" height="44" /> Home</a></li>
			<li><a class="button" href="//pokemonshowdown.com/dex/">Pok&eacute;dex</a></li>
			<li><a class="button cur" href="/">Replays</a></li>
			<li><a class="button" href="//pokemonshowdown.com/ladder/">Ladder</a></li>
			<li><a class="button nav-last" href="//pokemonshowdown.com/forums/">Forum</a></li>
			<li><a class="button greenbutton nav-first nav-last" href="//play.pokemonshowdown.com/">Play</a></li>
		</ul></div>
	</header>

	<div class="main" id="main">

		<noscript><section class="section">You need to enable JavaScript to use this page; sorry!</section></noscript>

	</div>

</div>

<script defer nomodule src="//play.pokemonshowdown.com/js/lib/ps-polyfill.js"></script>
<script defer src="//play.pokemonshowdown.com/js/lib/preact.min.js"></script>

<script defer src="//play.pokemonshowdown.com/config/config.js?6dec07f6"></script>
<script defer src="//play.pokemonshowdown.com/js/lib/jquery-1.11.0.min.js"></script>
<script defer src="//play.pokemonshowdown.com/js/lib/html-sanitizer-minified.js"></script>
<script defer src="//play.pokemonshowdown.com/js/battle-sound.js"></script>
<script defer src="//play.pokemonshowdown.com/js/battledata.js?0.6315294753075389"></script>
<script defer src="//play.pokemonshowdown.com/data/pokedex-mini.js?0.7603743185311358"></script>
<script defer src="//play.pokemonshowdown.com/data/pokedex-mini-bw.js?0.030888842834281283"></script>
<script defer src="//play.pokemonshowdown.com/data/graphics.js?0.05593094747507488"></script>
<script defer src="//play.pokemonshowdown.com/data/pokedex.js?0.47064822249611904"></script>
<script defer src="//play.pokemonshowdown.com/data/moves.js?0.8583693120512459"></script>
<script defer src="//play.pokemonshowdown.com/data/abilities.js?0.16017181182386842"></script>
<script defer src="//play.pokemonshowdown.com/data/items.js?0.4163379185673943"></script>
<script defer src="//play.pokemonshowdown.com/data/teambuilder-tables.js?0.31075597372830477"></script>
<script defer src="//play.pokemonshowdown.com/js/battle-tooltips.js?0.6536193500708172"></script>
<script defer src="//play.pokemonshowdown.com/js/battle.js?0.1916591943277901"></script>

<script defer src="js/utils.js?e31f9a17"></script>
<script defer src="js/replays-battle.js?7008c182"></script>

<!-- don't scrape this data! just add .json or .log after the URL!
Full API docs: https://github.com/smogon/pokemon-showdown-client/blob/master/WEB-API.md -->
<script type="text/plain" class="log" id="replaylog-smogtours-gen3ou-801386">
|inactive|Battle timer is ON: inactive players will automatically lose when time's up.
|t:|1729701598
|gametype|singles
|player|p1|SSBM Nicki|2|
|player|p2|zacynthius|265|
|teamsize|p1|6
|teamsize|p2|6
|gen|3
|tier|[Gen 3] OU
|rule|Sleep Clause Mod: Limit one foe put to sleep
|rule|Switch Priority Clause Mod: Faster Pokémon switch first
|rule|Species Clause: Limit one of each Pokémon
|rule|OHKO Clause: OHKO moves are banned
|rule|Evasion Items Clause: Evasion items are banned
|rule|Evasion Moves Clause: Evasion moves are banned
|rule|Endless Battle Clause: Forcing endless battles is banned
|rule|HP Percentage Mod: HP is shown in percentages
|rule|One Boost Passer Clause: Limit one Baton Passer that has a way to boost its stats
|rule|Freeze Clause Mod: Limit one foe frozen
|
|t:|1729701598
|start
|switch|p1a: Aerodactyl|Aerodactyl, F|100/100
|switch|p2a: Salamence|Salamence, F|100/100
|-ability|p2a: Salamence|Intimidate|boost
|-unboost|p1a: Aerodactyl|atk|1
|turn|1
|
|t:|1729701614
|move|p1a: Aerodactyl|Rock Slide|p2a: Salamence
|-supereffective|p2a: Salamence
|-damage|p2a: Salamence|13/100
|cant|p2a: Salamence|flinch
|
|-heal|p2a: Salamence|19/100|[from] item: Leftovers
|upkeep
|turn|2
|c|☆zacynthius|glhf :)
|c|☆SSBM Nicki|glhf
|
|t:|1729701623
|switch|p2a: Swampert|Swampert, F|100/100
|move|p1a: Aerodactyl|Rock Slide|p2a: Swampert
|-resisted|p2a: Swampert
|-damage|p2a: Swampert|84/100
|
|-heal|p2a: Swampert|90/100|[from] item: Leftovers
|upkeep
|turn|3
|
|t:|1729701628
|-singleturn|p2a: Swampert|move: Focus Punch
|switch|p1a: Forretress|Forretress, F|100/100
|move|p2a: Swampert|Focus Punch|p1a: Forretress
|-crit|p1a: Forretress
|-damage|p1a: Forretress|44/100
|
|-heal|p2a: Swampert|96/100|[from] item: Leftovers
|-heal|p1a: Forretress|50/100|[from] item: Leftovers
|upkeep
|turn|4
|
|t:|1729701640
|switch|p1a: Zapdos|Zapdos|100/100
|move|p2a: Swampert|Surf|p1a: Zapdos
|-damage|p1a: Zapdos|75/100
|
|-heal|p1a: Zapdos|81/100|[from] item: Leftovers
|-heal|p2a: Swampert|100/100|[from] item: Leftovers
|upkeep
|turn|5
|
|t:|1729701649
|switch|p2a: Celebi|Celebi|100/100
|move|p1a: Zapdos|Hidden Power|p2a: Celebi
|-resisted|p2a: Celebi
|-damage|p2a: Celebi|93/100
|
|-heal|p2a: Celebi|99/100|[from] item: Leftovers
|-heal|p1a: Zapdos|88/100|[from] item: Leftovers
|upkeep
|turn|6
|
|t:|1729701661
|switch|p1a: Forretress|Forretress, F|50/100
|move|p2a: Celebi|Calm Mind|p2a: Celebi
|-boost|p2a: Celebi|spa|1
|-boost|p2a: Celebi|spd|1
|
|-heal|p2a: Celebi|100/100|[from] item: Leftovers
|-heal|p1a: Forretress|56/100|[from] item: Leftovers
|upkeep
|turn|7
|
|t:|1729701672
|switch|p1a: Zapdos|Zapdos|88/100
|move|p2a: Celebi|Hidden Power|p1a: Zapdos
|-damage|p1a: Zapdos|71/100
|
|-heal|p1a: Zapdos|77/100|[from] item: Leftovers
|upkeep
|turn|8
|
|t:|1729701676
|move|p2a: Celebi|Calm Mind|p2a: Celebi
|-boost|p2a: Celebi|spa|1
|-boost|p2a: Celebi|spd|1
|move|p1a: Zapdos|Roar|p2a: Celebi
|drag|p2a: Dugtrio|Dugtrio, M|100/100
|
|-heal|p1a: Zapdos|83/100|[from] item: Leftovers
|upkeep
|turn|9
|
|t:|1729701704
|switch|p2a: Salamence|Salamence, F|19/100
|-ability|p2a: Salamence|Intimidate|boost
|-unboost|p1a: Zapdos|atk|1
|switch|p1a: Forretress|Forretress, F|56/100
|
|-heal|p2a: Salamence|25/100|[from] item: Leftovers
|-heal|p1a: Forretress|62/100|[from] item: Leftovers
|upkeep
|turn|10
|inactive|SSBM Nicki has 270 seconds left.
|
|t:|1729701720
|switch|p1a: Blissey|Blissey, F|100/100
|move|p2a: Salamence|Dragon Dance|p2a: Salamence
|-boost|p2a: Salamence|atk|1
|-boost|p2a: Salamence|spe|1
|
|-heal|p2a: Salamence|31/100|[from] item: Leftovers
|upkeep
|turn|11
|
|t:|1729701729
|move|p2a: Salamence|Brick Break|p1a: Blissey
|-supereffective|p1a: Blissey
|-damage|p1a: Blissey|6/100
|move|p1a: Blissey|Ice Beam|p2a: Salamence
|-supereffective|p2a: Salamence
|-damage|p2a: Salamence|0 fnt
|faint|p2a: Salamence
|
|t:|1729701735
|switch|p2a: Dugtrio|Dugtrio, M|100/100
|
|-heal|p1a: Blissey|12/100|[from] item: Leftovers
|upkeep
|turn|12
|
|t:|1729701740
|move|p2a: Dugtrio|Ancient Power|p1a: Blissey
|-damage|p1a: Blissey|0 fnt
|faint|p1a: Blissey
|
|t:|1729701747
|switch|p1a: Forretress|Forretress, F|62/100
|
|-heal|p1a: Forretress|69/100|[from] item: Leftovers
|upkeep
|turn|13
|inactive|SSBM Nicki has 270 seconds left.
|
|t:|1729701783
|switch|p2a: Zapdos|Zapdos|100/100
|move|p1a: Forretress|Spikes|p2a: Zapdos
|-sidestart|p2: zacynthius|Spikes
|
|-heal|p1a: Forretress|75/100|[from] item: Leftovers
|upkeep
|turn|14
|
|t:|1729701810
|move|p2a: Zapdos|Substitute|p2a: Zapdos
|-start|p2a: Zapdos|Substitute
|-damage|p2a: Zapdos|76/100
|move|p1a: Forretress|Spikes|p2a: Zapdos
|-sidestart|p2: zacynthius|Spikes
|
|-heal|p2a: Zapdos|82/100|[from] item: Leftovers
|-heal|p1a: Forretress|81/100|[from] item: Leftovers
|upkeep
|turn|15
|
|t:|1729701824
|switch|p1a: Zapdos|Zapdos|83/100
|move|p2a: Zapdos|Thunderbolt|p1a: Zapdos
|-damage|p1a: Zapdos|47/100
|
|-heal|p2a: Zapdos|88/100|[from] item: Leftovers
|-heal|p1a: Zapdos|53/100|[from] item: Leftovers
|upkeep
|turn|16
|
|t:|1729701832
|move|p2a: Zapdos|Baton Pass|p2a: Zapdos
|
|t:|1729701836
|switch|p2a: Swampert|Swampert, F|100/100|[from] Baton Pass
|-damage|p2a: Swampert|84/100|[from] Spikes
|move|p1a: Zapdos|Roar|p2a: Swampert
|drag|p2a: Celebi|Celebi|100/100
|-damage|p2a: Celebi|84/100|[from] Spikes
|
|-heal|p2a: Celebi|90/100|[from] item: Leftovers
|-heal|p1a: Zapdos|59/100|[from] item: Leftovers
|upkeep
|turn|17
|inactive|SSBM Nicki has 240 seconds left.
|
|t:|1729701878
|move|p2a: Celebi|Calm Mind|p2a: Celebi
|-boost|p2a: Celebi|spa|1
|-boost|p2a: Celebi|spd|1
|move|p1a: Zapdos|Roar|p2a: Celebi
|drag|p2a: Metagross|Metagross|100/100
|-damage|p2a: Metagross|84/100|[from] Spikes
|
|-heal|p1a: Zapdos|66/100|[from] item: Leftovers
|upkeep
|turn|18
|inactive|SSBM Nicki has 210 seconds left.
|
|t:|1729701926
|move|p1a: Zapdos|Thunderbolt|p2a: Metagross
|-damage|p2a: Metagross|40/100
|move|p2a: Metagross|Rock Slide|p1a: Zapdos
|-supereffective|p1a: Zapdos
|-damage|p1a: Zapdos|0 fnt
|faint|p1a: Zapdos
|inactive|SSBM Nicki has 180 seconds left.
|
|t:|1729701952
|switch|p1a: Forretress|Forretress, F|81/100
|
|-heal|p1a: Forretress|87/100|[from] item: Leftovers
|upkeep
|turn|19
|inactive|SSBM Nicki has 180 seconds left.
|
|t:|1729701983
|switch|p2a: Zapdos|Zapdos|88/100
|move|p1a: Forretress|Hidden Power|p2a: Zapdos
|-resisted|p2a: Zapdos
|-damage|p2a: Zapdos|74/100
|
|-heal|p2a: Zapdos|80/100|[from] item: Leftovers
|-heal|p1a: Forretress|93/100|[from] item: Leftovers
|upkeep
|turn|20
|
|t:|1729701992
|move|p2a: Zapdos|Substitute|p2a: Zapdos
|-start|p2a: Zapdos|Substitute
|-damage|p2a: Zapdos|55/100
|move|p1a: Forretress|Spikes|p2a: Zapdos
|-sidestart|p2: zacynthius|Spikes
|
|-heal|p2a: Zapdos|61/100|[from] item: Leftovers
|-heal|p1a: Forretress|99/100|[from] item: Leftovers
|upkeep
|turn|21
|
|t:|1729702009
|move|p2a: Zapdos|Thunderbolt|p1a: Forretress
|-damage|p1a: Forretress|52/100
|move|p1a: Forretress|Hidden Power|p2a: Zapdos
|-resisted|p2a: Zapdos
|-activate|p2a: Zapdos|Substitute|[damage]
|
|-heal|p2a: Zapdos|68/100|[from] item: Leftovers
|-heal|p1a: Forretress|59/100|[from] item: Leftovers
|upkeep
|turn|22
|
|t:|1729702029
|move|p2a: Zapdos|Thunderbolt|p1a: Forretress
|-damage|p1a: Forretress|12/100
|move|p1a: Forretress|Explosion|p2a: Zapdos
|-end|p2a: Zapdos|Substitute
|faint|p1a: Forretress
|
|t:|1729702035
|switch|p1a: Aerodactyl|Aerodactyl, F|100/100
|
|-heal|p2a: Zapdos|74/100|[from] item: Leftovers
|upkeep
|turn|23
|inactive|SSBM Nicki has 150 seconds left.
|
|t:|1729702075
|switch|p1a: Swampert|Swampert, F|100/100
|switch|p2a: Metagross|Metagross|40/100
|-damage|p2a: Metagross|15/100|[from] Spikes
|
|upkeep
|turn|24
|
|t:|1729702086
|move|p1a: Swampert|Protect|p1a: Swampert
|-singleturn|p1a: Swampert|Protect
|move|p2a: Metagross|Explosion|p1a: Swampert
|-activate|p1a: Swampert|Protect
|faint|p2a: Metagross
|
|t:|1729702090
|switch|p2a: Celebi|Celebi|90/100
|-damage|p2a: Celebi|65/100|[from] Spikes
|
|-heal|p2a: Celebi|71/100|[from] item: Leftovers
|upkeep
|turn|25
|inactive|SSBM Nicki has 120 seconds left.
|
|t:|1729702127
|switch|p1a: Aerodactyl|Aerodactyl, F|100/100
|move|p2a: Celebi|Baton Pass|p2a: Celebi
|
|t:|1729702131
|switch|p2a: Swampert|Swampert, F|84/100|[from] Baton Pass
|-damage|p2a: Swampert|59/100|[from] Spikes
|
|-heal|p2a: Swampert|65/100|[from] item: Leftovers
|upkeep
|turn|26
|
|t:|1729702142
|switch|p1a: Swampert|Swampert, F|100/100
|move|p2a: Swampert|Surf|p1a: Swampert
|-damage|p1a: Swampert|69/100
|
|-heal|p1a: Swampert|75/100|[from] item: Leftovers
|-heal|p2a: Swampert|71/100|[from] item: Leftovers
|upkeep
|turn|27
|
|t:|1729702148
|switch|p2a: Zapdos|Zapdos|74/100
|move|p1a: Swampert|Toxic|p2a: Zapdos
|-status|p2a: Zapdos|tox
|
|-heal|p2a: Zapdos|80/100 tox|[from] item: Leftovers
|-damage|p2a: Zapdos|74/100 tox|[from] psn
|-heal|p1a: Swampert|81/100|[from] item: Leftovers
|upkeep
|turn|28
|inactive|SSBM Nicki has 120 seconds left.
|
|t:|1729702164
|switch|p1a: Tyranitar|Tyranitar, M|100/100
|-weather|Sandstorm|[from] ability: Sand Stream|[of] p1a: Tyranitar
|move|p2a: Zapdos|Substitute|p2a: Zapdos
|-start|p2a: Zapdos|Substitute
|-damage|p2a: Zapdos|49/100 tox
|
|-weather|Sandstorm|[upkeep]
|-damage|p2a: Zapdos|43/100 tox|[from] Sandstorm
|-heal|p2a: Zapdos|49/100 tox|[from] item: Leftovers
|-damage|p2a: Zapdos|37/100 tox|[from] psn
|upkeep
|turn|29
|inactive|SSBM Nicki has 120 seconds left.
|
|t:|1729702172
|move|p2a: Zapdos|Thunderbolt|p1a: Tyranitar
|-crit|p1a: Tyranitar
|-damage|p1a: Tyranitar|11/100
|-status|p1a: Tyranitar|par
|move|p1a: Tyranitar|Crunch|p2a: Zapdos
|-end|p2a: Zapdos|Substitute
|
|-weather|Sandstorm|[upkeep]
|-damage|p2a: Zapdos|30/100 tox|[from] Sandstorm
|-heal|p2a: Zapdos|37/100 tox|[from] item: Leftovers
|-damage|p2a: Zapdos|18/100 tox|[from] psn
|-heal|p1a: Tyranitar|17/100 par|[from] item: Leftovers
|upkeep
|turn|30
|inactive|SSBM Nicki has 120 seconds left.
|
|t:|1729702199
|move|p2a: Zapdos|Hidden Power|p1a: Tyranitar
|-supereffective|p1a: Tyranitar
|-damage|p1a: Tyranitar|0 fnt
|faint|p1a: Tyranitar
|
|t:|1729702214
|switch|p1a: Swampert|Swampert, F|81/100
|
|-weather|Sandstorm|[upkeep]
|-damage|p2a: Zapdos|12/100 tox|[from] Sandstorm
|-heal|p2a: Zapdos|18/100 tox|[from] item: Leftovers
|-damage|p2a: Zapdos|0 fnt|[from] psn
|faint|p2a: Zapdos
|-heal|p1a: Swampert|87/100|[from] item: Leftovers
|upkeep
|
|t:|1729702221
|switch|p2a: Celebi|Celebi|71/100
|-damage|p2a: Celebi|46/100|[from] Spikes
|turn|31
|
|t:|1729702227
|switch|p1a: Aerodactyl|Aerodactyl, F|100/100
|move|p2a: Celebi|Giga Drain|p1a: Aerodactyl
|-damage|p1a: Aerodactyl|69/100
|-heal|p2a: Celebi|58/100|[from] drain|[of] p1a: Aerodactyl
|
|-weather|Sandstorm|[upkeep]
|-damage|p2a: Celebi|52/100|[from] Sandstorm
|-heal|p2a: Celebi|58/100|[from] item: Leftovers
|upkeep
|turn|32
|
|t:|1729702249
|move|p1a: Aerodactyl|Hidden Power|p2a: Celebi
|-supereffective|p2a: Celebi
|-damage|p2a: Celebi|0 fnt
|faint|p2a: Celebi
|
|t:|1729702253
|switch|p2a: Swampert|Swampert, F|71/100
|-damage|p2a: Swampert|47/100|[from] Spikes
|
|-weather|Sandstorm|[upkeep]
|-heal|p2a: Swampert|53/100|[from] item: Leftovers
|upkeep
|turn|33
|inactive|SSBM Nicki has 90 seconds left.
|
|t:|1729702284
|switch|p1a: Swampert|Swampert, F|87/100
|move|p2a: Swampert|Surf|p1a: Swampert
|-damage|p1a: Swampert|54/100
|
|-weather|Sandstorm|[upkeep]
|-heal|p1a: Swampert|60/100|[from] item: Leftovers
|-heal|p2a: Swampert|59/100|[from] item: Leftovers
|upkeep
|turn|34
|
|t:|1729702298
|move|p1a: Swampert|Surf|p2a: Swampert
|-damage|p2a: Swampert|32/100
|move|p2a: Swampert|Surf|p1a: Swampert
|-damage|p1a: Swampert|14/100
|
|-weather|Sandstorm|[upkeep]
|-heal|p1a: Swampert|20/100|[from] item: Leftovers
|-heal|p2a: Swampert|38/100|[from] item: Leftovers
|upkeep
|turn|35
|
|t:|1729702302
|move|p1a: Swampert|Surf|p2a: Swampert
|-damage|p2a: Swampert|0 fnt
|faint|p2a: Swampert
|
|t:|1729702305
|switch|p2a: Dugtrio|Dugtrio, M|100/100
|-damage|p2a: Dugtrio|76/100|[from] Spikes
|
|-weather|Sandstorm|[upkeep]
|-heal|p1a: Swampert|26/100|[from] item: Leftovers
|upkeep
|turn|36
|c|☆zacynthius|GGs
|c|☆SSBM Nicki|ggs
|
|t:|1729702322
|move|p1a: Swampert|Protect|p1a: Swampert
|-singleturn|p1a: Swampert|Protect
|move|p2a: Dugtrio|Ancient Power|p1a: Swampert
|-activate|p1a: Swampert|Protect
|
|-weather|Sandstorm|[upkeep]
|-heal|p1a: Swampert|33/100|[from] item: Leftovers
|upkeep
|turn|37
|
|t:|1729702328
|move|p2a: Dugtrio|Ancient Power|p1a: Swampert
|-resisted|p1a: Swampert
|-damage|p1a: Swampert|25/100
|move|p1a: Swampert|Surf|p2a: Dugtrio
|-supereffective|p2a: Dugtrio
|-damage|p2a: Dugtrio|0 fnt
|faint|p2a: Dugtrio
|
|win|SSBM Nicki

</script>
<script type="application/json" class="data" id="replaydata-smogtours-gen3ou-801386">
{"id":"smogtours-gen3ou-801386","format":"[Gen 3] OU","players":["SSBM Nicki","zacynthius"],"uploadtime":1729702328,"views":75,"formatid":"gen3ou","rating":null,"private":0,"password":null}
</script>

<script defer src="js/replays.js?9d40a366"></script>
