<!DOCTYPE html>
<meta charset="utf-8" />
<meta name="viewport" content="width=device-width" />

<title>[Gen 3] OU: b1urry vs. hipimochi - Replays - Pok&eacute;mon Showdown!</title>

<meta name="description" content="Watch a replay of a Pok&eacute;mon battle between b1urry and hipimochi! Format: [Gen 3] OU; Date: Oct 6, 2024" />
<!--

Hey, you! Looking in the source for the replay log?

You can find them in JSON format, just add `.json` at the end of a replay URL.

https://replay.pokemonshowdown.com/gen7randomdoublesbattle-865046831.json

Or, if you only need the log itself, add `.log` instead:

https://replay.pokemonshowdown.com/gen7randomdoublesbattle-865046831.log

-->

<link rel="stylesheet" href="//pokemonshowdown.com/style/global.css?0.023195364461161105" />
<link rel="stylesheet" href="//play.pokemonshowdown.com/style/font-awesome.css?0.13261647063804238" />
<link rel="stylesheet" href="//play.pokemonshowdown.com/style/battle.css?0.8753245789963631" />
<link rel="stylesheet" href="//play.pokemonshowdown.com/style/utilichart.css?0.8627959624976733" />

<!-- Global site tag (gtag.js) - Google Analytics -->
<script async src="https://www.googletagmanager.com/gtag/js?id=UA-26211653-1"></script>
<script>
  window.dataLayer = window.dataLayer || [];
  function gtag(){dataLayer.push(arguments);}
  gtag('js', new Date());

  gtag('config', 'UA-26211653-1');
</script>
<!-- End Google Analytics -->
<!-- Venatus Ad Manager - Install in <HEAD> of page -->
	<script src="https://hb.vntsm.com/v3/live/ad-manager.min.js" type="text/javascript" data-site-id="642aba63ec9a7b11c3c9c1be" data-mode="scan" async></script>
<!-- / Venatus Ad Manager -->

<style>
	@media (max-width:820px) {
		.battle {
			margin: 0 auto;
		}
		.battle-log {
			margin: 7px auto 0;
			max-width: 640px;
			height: 300px;
			position: static;
		}
	}
	.optgroup {
		display: inline-block;
		line-height: 22px;
		font-size: 10pt;
	}
	.optgroup .button {
		height: 25px;
		padding-top: 0;
		padding-bottom: 0;
	}
	.optgroup button.button {
		padding-left: 12px;
		padding-right: 12px;
	}
	.linklist {
		list-style: none;
		margin: 0.5em 0;
		padding: 0;
	}
	.linklist li {
		padding: 2px 0;
	}
	.sidebar {
		float: left;
		width: 320px;
	}
	.bar-wrapper {
		max-width: 1100px;
		margin: 0 auto;
	}
	.bar-wrapper.has-sidebar {
		max-width: 1430px;
	}
	.mainbar {
		margin: 0;
		padding-right: 1px;
	}
	.mainbar.has-sidebar {
		margin-left: 330px;
	}
	@media (min-width: 1511px) {
		.sidebar {
			width: 400px;
		}
		.bar-wrapper.has-sidebar {
			max-width: 1510px;
		}
		.mainbar.has-sidebar {
			margin-left: 410px;
		}
	}
	.section.first-section {
		margin-top: 9px;
	}
	.blocklink small {
		white-space: normal;
	}
	.button {
		vertical-align: middle;
	}
	.replay-controls {
		padding-top: 10px;
	}
	.replay-controls h1 {
		font-size: 16pt;
		font-weight: normal;
		color: #CCC;
	}
	.pagelink {
		text-align: center;
	}
	.pagelink a {
		width: 150px;
	}
	.textbox, .button {
		font-size: 11pt;
		vertical-align: middle;
	}
	@media (max-width: 450px) {
		.button {
			font-size: 9pt;
		}
	}
</style>

<div>

	<header>
		<div class="nav-wrapper"><ul class="nav">
			<li><a class="button nav-first" href="//pokemonshowdown.com/"><img src="//pokemonshowdown.com/images/pokemonshowdownbeta.png" srcset="//pokemonshowdown.com/images/pokemonshowdownbeta.png 1x, //pokemonshowdown.com/images/pokemonshowdownbeta@2x.png 2x" alt="Pok&eacute;mon Showdown" width="146" height="44" /> Home</a></li>
			<li><a class="button" href="//pokemonshowdown.com/dex/">Pok&eacute;dex</a></li>
			<li><a class="button cur" href="/">Replays</a></li>
			<li><a class="button" href="//pokemonshowdown.com/ladder/">Ladder</a></li>
			<li><a class="button nav-last" href="//pokemonshowdown.com/forums/">Forum</a></li>
			<li><a class="button greenbutton nav-first nav-last" href="//play.pokemonshowdown.com/">Play</a></li>
		</ul></div>
	</header>

	<div class="main" id="main">

		<noscript><section class="section">You need to enable JavaScript to use this page; sorry!</section></noscript>

	</div>

</div>

<script defer nomodule src="//play.pokemonshowdown.com/js/lib/ps-polyfill.js"></script>
<script defer src="//play.pokemonshowdown.com/js/lib/preact.min.js"></script>

<script defer src="//play.pokemonshowdown.com/config/config.js?2bddbc15"></script>
<script defer src="//play.pokemonshowdown.com/js/lib/jquery-1.11.0.min.js"></script>
<script defer src="//play.pokemonshowdown.com/js/lib/html-sanitizer-minified.js"></script>
<script defer src="//play.pokemonshowdown.com/js/battle-sound.js"></script>
<script defer src="//play.pokemonshowdown.com/js/battledata.js?0.7209276989879541"></script>
<script defer src="//play.pokemonshowdown.com/data/pokedex-mini.js?0.6111056340867951"></script>
<script defer src="//play.pokemonshowdown.com/data/pokedex-mini-bw.js?0.3532142036491459"></script>
<script defer src="//play.pokemonshowdown.com/data/graphics.js?0.24223875632456182"></script>
<script defer src="//play.pokemonshowdown.com/data/pokedex.js?0.38839984266356864"></script>
<script defer src="//play.pokemonshowdown.com/data/moves.js?0.21866028504024015"></script>
<script defer src="//play.pokemonshowdown.com/data/abilities.js?0.2005157953846628"></script>
<script defer src="//play.pokemonshowdown.com/data/items.js?0.9894211263848525"></script>
<script defer src="//play.pokemonshowdown.com/data/teambuilder-tables.js?0.6008791140282215"></script>
<script defer src="//play.pokemonshowdown.com/js/battle-tooltips.js?0.7580118955022959"></script>
<script defer src="//play.pokemonshowdown.com/js/battle.js?0.6057722274234274"></script>

<script defer src="js/utils.js?e31f9a17"></script>
<script defer src="js/replays-battle.js?7008c182"></script>

<!-- don't scrape this data! just add .json or .log after the URL!
Full API docs: https://github.com/smogon/pokemon-showdown-client/blob/master/WEB-API.md -->
<script type="text/plain" class="log" id="replaylog-smogtours-gen3ou-795984">
|inactive|Battle timer is ON: inactive players will automatically lose when time's up.
|t:|1728248509
|gametype|singles
|player|p1|b1urry|169|
|player|p2|hipimochi|iris-gen5bw2|
|teamsize|p1|6
|teamsize|p2|6
|gen|3
|tier|[Gen 3] OU
|rule|Sleep Clause Mod: Limit one foe put to sleep
|rule|Switch Priority Clause Mod: Faster Pokémon switch first
|rule|Species Clause: Limit one of each Pokémon
|rule|OHKO Clause: OHKO moves are banned
|rule|Evasion Items Clause: Evasion items are banned
|rule|Evasion Moves Clause: Evasion moves are banned
|rule|Endless Battle Clause: Forcing endless battles is banned
|rule|HP Percentage Mod: HP is shown in percentages
|rule|One Boost Passer Clause: Limit one Baton Passer that has a way to boost its stats
|rule|Freeze Clause Mod: Limit one foe frozen
|
|t:|1728248509
|start
|switch|p1a: Jolteon|Jolteon, M|100/100
|switch|p2a: Tyranitar|Tyranitar, M|100/100
|-weather|Sandstorm|[from] ability: Sand Stream|[of] p2a: Tyranitar
|turn|1
|c|☆hipimochi|gl
|c|☆b1urry|glhf
|
|t:|1728248519
|-activate|p1a: Jolteon|move: Pursuit
|move|p2a: Tyranitar|Pursuit|p1a: Jolteon|[from]Pursuit
|-damage|p1a: Jolteon|52/100
|switch|p1a: Cloyster|Cloyster, F|100/100
|
|-weather|Sandstorm|[upkeep]
|-damage|p1a: Cloyster|95/100|[from] Sandstorm
|-heal|p1a: Cloyster|100/100|[from] item: Leftovers
|upkeep
|turn|2
|
|t:|1728248545
|switch|p2a: Celebi|Celebi|100/100
|move|p1a: Cloyster|Spikes|p2a: Celebi
|-sidestart|p2: hipimochi|Spikes
|
|-weather|Sandstorm|[upkeep]
|-damage|p2a: Celebi|94/100|[from] Sandstorm
|-damage|p1a: Cloyster|95/100|[from] Sandstorm
|-heal|p2a: Celebi|100/100|[from] item: Leftovers
|-heal|p1a: Cloyster|100/100|[from] item: Leftovers
|upkeep
|turn|3
|
|t:|1728248553
|switch|p1a: Tyranicif|Tyranitar, M|100/100
|move|p2a: Celebi|Leech Seed|p1a: Tyranicif
|-start|p1a: Tyranicif|move: Leech Seed
|
|-weather|Sandstorm|[upkeep]
|-damage|p2a: Celebi|94/100|[from] Sandstorm
|-heal|p2a: Celebi|100/100|[from] item: Leftovers
|-damage|p1a: Tyranicif|88/100|[from] Leech Seed|[of] p2a: Celebi
|upkeep
|turn|4
|
|t:|1728248564
|move|p2a: Celebi|Swords Dance|p2a: Celebi
|-boost|p2a: Celebi|atk|2
|move|p1a: Tyranicif|Fire Blast|p2a: Celebi
|-supereffective|p2a: Celebi
|-damage|p2a: Celebi|45/100
|
|-weather|Sandstorm|[upkeep]
|-damage|p2a: Celebi|39/100|[from] Sandstorm
|-heal|p2a: Celebi|45/100|[from] item: Leftovers
|-heal|p1a: Tyranicif|94/100|[from] item: Leftovers
|-damage|p1a: Tyranicif|82/100|[from] Leech Seed|[of] p2a: Celebi
|-heal|p2a: Celebi|58/100|[silent]
|upkeep
|turn|5
|
|t:|1728248578
|switch|p1a: Jolteon|Jolteon, M|52/100
|move|p2a: Celebi|Baton Pass|p2a: Celebi
|
|t:|1728248582
|switch|p2a: Aerodactyl|Aerodactyl, M|100/100|[from] Baton Pass
|
|-weather|Sandstorm|[upkeep]
|-damage|p1a: Jolteon|46/100|[from] Sandstorm
|-heal|p1a: Jolteon|52/100|[from] item: Leftovers
|upkeep
|turn|6
|
|t:|1728248600
|switch|p2a: Swampert|Swampert, F|100/100
|-damage|p2a: Swampert|88/100|[from] Spikes
|move|p1a: Jolteon|Substitute|p1a: Jolteon
|-start|p1a: Jolteon|Substitute
|-damage|p1a: Jolteon|27/100
|
|-weather|Sandstorm|[upkeep]
|-damage|p1a: Jolteon|22/100|[from] Sandstorm
|-heal|p1a: Jolteon|27/100|[from] item: Leftovers
|-heal|p2a: Swampert|94/100|[from] item: Leftovers
|upkeep
|turn|7
|
|t:|1728248608
|move|p1a: Jolteon|Baton Pass|p1a: Jolteon
|
|t:|1728248610
|switch|p1a: Cloyster|Cloyster, F|100/100|[from] Baton Pass
|move|p2a: Swampert|Earthquake|p1a: Cloyster
|-activate|p1a: Cloyster|Substitute|[damage]
|
|-weather|Sandstorm|[upkeep]
|-damage|p1a: Cloyster|95/100|[from] Sandstorm
|-heal|p1a: Cloyster|100/100|[from] item: Leftovers
|-heal|p2a: Swampert|100/100|[from] item: Leftovers
|upkeep
|turn|8
|
|t:|1728248619
|move|p1a: Cloyster|Spikes|p2a: Swampert
|-sidestart|p2: hipimochi|Spikes
|move|p2a: Swampert|Earthquake|p1a: Cloyster
|-end|p1a: Cloyster|Substitute
|
|-weather|Sandstorm|[upkeep]
|-damage|p1a: Cloyster|95/100|[from] Sandstorm
|-heal|p1a: Cloyster|100/100|[from] item: Leftovers
|upkeep
|turn|9
|
|t:|1728248623
|switch|p2a: Magneton|Magneton|100/100
|-damage|p2a: Magneton|84/100|[from] Spikes
|move|p1a: Cloyster|Spikes|p2a: Magneton
|-sidestart|p2: hipimochi|Spikes
|
|-weather|Sandstorm|[upkeep]
|-damage|p1a: Cloyster|95/100|[from] Sandstorm
|-heal|p1a: Cloyster|100/100|[from] item: Leftovers
|upkeep
|turn|10
|
|t:|1728248629
|switch|p1a: Jolteon|Jolteon, M|27/100
|move|p2a: Magneton|Thunderbolt|p1a: Jolteon
|-heal|p1a: Jolteon|52/100|[from] ability: Volt Absorb|[of] p2a: Magneton
|
|-weather|Sandstorm|[upkeep]
|-damage|p1a: Jolteon|46/100|[from] Sandstorm
|-heal|p1a: Jolteon|52/100|[from] item: Leftovers
|upkeep
|turn|11
|
|t:|1728248647
|switch|p1a: Swampert|Swampert, M|100/100
|switch|p2a: Tyranitar|Tyranitar, M|100/100
|-damage|p2a: Tyranitar|75/100|[from] Spikes
|
|-weather|Sandstorm|[upkeep]
|-heal|p2a: Tyranitar|82/100|[from] item: Leftovers
|upkeep
|turn|12
|
|t:|1728248669
|switch|p2a: Celebi|Celebi|58/100
|-damage|p2a: Celebi|33/100|[from] Spikes
|move|p1a: Swampert|Substitute|p1a: Swampert
|-start|p1a: Swampert|Substitute
|-damage|p1a: Swampert|76/100
|
|-weather|Sandstorm|[upkeep]
|-damage|p2a: Celebi|26/100|[from] Sandstorm
|-heal|p2a: Celebi|33/100|[from] item: Leftovers
|upkeep
|turn|13
|
|t:|1728248675
|move|p2a: Celebi|Recover|p2a: Celebi
|-heal|p2a: Celebi|83/100
|move|p1a: Swampert|Ice Beam|p2a: Celebi
|-supereffective|p2a: Celebi
|-damage|p2a: Celebi|45/100
|
|-weather|Sandstorm|[upkeep]
|-damage|p2a: Celebi|39/100|[from] Sandstorm
|-heal|p2a: Celebi|45/100|[from] item: Leftovers
|upkeep
|turn|14
|
|t:|1728248684
|move|p2a: Celebi|Recover|p2a: Celebi
|-heal|p2a: Celebi|95/100
|move|p1a: Swampert|Ice Beam|p2a: Celebi
|-supereffective|p2a: Celebi
|-damage|p2a: Celebi|58/100
|
|-weather|Sandstorm|[upkeep]
|-damage|p2a: Celebi|52/100|[from] Sandstorm
|-heal|p2a: Celebi|58/100|[from] item: Leftovers
|upkeep
|turn|15
|
|t:|1728248692
|move|p2a: Celebi|Recover|p2a: Celebi
|-heal|p2a: Celebi|100/100
|move|p1a: Swampert|Ice Beam|p2a: Celebi
|-supereffective|p2a: Celebi
|-damage|p2a: Celebi|63/100
|
|-weather|Sandstorm|[upkeep]
|-damage|p2a: Celebi|57/100|[from] Sandstorm
|-heal|p2a: Celebi|63/100|[from] item: Leftovers
|upkeep
|turn|16
|
|t:|1728248714
|switch|p1a: Tyranicif|Tyranitar, M|82/100
|move|p2a: Celebi|Swords Dance|p2a: Celebi
|-boost|p2a: Celebi|atk|2
|
|-weather|Sandstorm|[upkeep]
|-damage|p2a: Celebi|57/100|[from] Sandstorm
|-heal|p2a: Celebi|63/100|[from] item: Leftovers
|-heal|p1a: Tyranicif|88/100|[from] item: Leftovers
|upkeep
|turn|17
|
|t:|1728248721
|move|p2a: Celebi|Baton Pass|p2a: Celebi
|
|t:|1728248723
|switch|p2a: Swampert|Swampert, F|100/100|[from] Baton Pass
|-damage|p2a: Swampert|75/100|[from] Spikes
|move|p1a: Tyranicif|Roar|p2a: Swampert
|drag|p2a: Celebi|Celebi|63/100
|-damage|p2a: Celebi|38/100|[from] Spikes
|
|-weather|Sandstorm|[upkeep]
|-damage|p2a: Celebi|32/100|[from] Sandstorm
|-heal|p2a: Celebi|38/100|[from] item: Leftovers
|-heal|p1a: Tyranicif|94/100|[from] item: Leftovers
|upkeep
|turn|18
|
|t:|1728248733
|move|p2a: Celebi|Recover|p2a: Celebi
|-heal|p2a: Celebi|88/100
|move|p1a: Tyranicif|Pursuit|p2a: Celebi
|-supereffective|p2a: Celebi
|-damage|p2a: Celebi|59/100
|
|-weather|Sandstorm|[upkeep]
|-damage|p2a: Celebi|53/100|[from] Sandstorm
|-heal|p2a: Celebi|59/100|[from] item: Leftovers
|-heal|p1a: Tyranicif|100/100|[from] item: Leftovers
|upkeep
|turn|19
|
|t:|1728248738
|move|p2a: Celebi|Leech Seed|p1a: Tyranicif
|-start|p1a: Tyranicif|move: Leech Seed
|move|p1a: Tyranicif|Fire Blast|p2a: Celebi
|-supereffective|p2a: Celebi
|-damage|p2a: Celebi|8/100
|
|-weather|Sandstorm|[upkeep]
|-damage|p2a: Celebi|1/100|[from] Sandstorm
|-heal|p2a: Celebi|8/100|[from] item: Leftovers
|-damage|p1a: Tyranicif|88/100|[from] Leech Seed|[of] p2a: Celebi
|-heal|p2a: Celebi|20/100|[silent]
|upkeep
|turn|20
|
|t:|1728248749
|move|p2a: Celebi|Recover|p2a: Celebi
|-heal|p2a: Celebi|70/100
|move|p1a: Tyranicif|Roar|p2a: Celebi
|drag|p2a: Tyranitar|Tyranitar, M|82/100
|-damage|p2a: Tyranitar|57/100|[from] Spikes
|
|-weather|Sandstorm|[upkeep]
|-heal|p1a: Tyranicif|94/100|[from] item: Leftovers
|-damage|p1a: Tyranicif|82/100|[from] Leech Seed|[of] p2a: Tyranitar
|-heal|p2a: Tyranitar|69/100|[silent]
|-heal|p2a: Tyranitar|75/100|[from] item: Leftovers
|upkeep
|turn|21
|
|t:|1728248757
|switch|p1a: Swampert|Swampert, M|76/100
|move|p2a: Tyranitar|Brick Break|p1a: Swampert
|-damage|p1a: Swampert|53/100
|
|-weather|Sandstorm|[upkeep]
|-heal|p2a: Tyranitar|81/100|[from] item: Leftovers
|upkeep
|turn|22
|
|t:|1728248773
|move|p1a: Swampert|Substitute|p1a: Swampert
|-start|p1a: Swampert|Substitute
|-damage|p1a: Swampert|28/100
|move|p2a: Tyranitar|Crunch|p1a: Swampert
|-end|p1a: Swampert|Substitute
|
|-weather|Sandstorm|[upkeep]
|-heal|p2a: Tyranitar|88/100|[from] item: Leftovers
|upkeep
|turn|23
|
|t:|1728248784
|switch|p2a: Celebi|Celebi|70/100
|-damage|p2a: Celebi|45/100|[from] Spikes
|move|p1a: Swampert|Hydro Pump|p2a: Celebi
|-resisted|p2a: Celebi
|-damage|p2a: Celebi|18/100
|
|-weather|Sandstorm|[upkeep]
|-damage|p2a: Celebi|12/100|[from] Sandstorm
|-heal|p2a: Celebi|18/100|[from] item: Leftovers
|upkeep
|turn|24
|
|t:|1728248803
|switch|p1a: Tyranicif|Tyranitar, M|82/100
|move|p2a: Celebi|Recover|p2a: Celebi
|-heal|p2a: Celebi|68/100
|
|-weather|Sandstorm|[upkeep]
|-damage|p2a: Celebi|62/100|[from] Sandstorm
|-heal|p2a: Celebi|68/100|[from] item: Leftovers
|-heal|p1a: Tyranicif|88/100|[from] item: Leftovers
|upkeep
|turn|25
|
|t:|1728248810
|move|p2a: Celebi|Leech Seed|p1a: Tyranicif|[miss]
|-miss|p2a: Celebi|p1a: Tyranicif
|move|p1a: Tyranicif|Fire Blast|p2a: Celebi
|-supereffective|p2a: Celebi
|-damage|p2a: Celebi|13/100
|
|-weather|Sandstorm|[upkeep]
|-damage|p2a: Celebi|7/100|[from] Sandstorm
|-heal|p2a: Celebi|13/100|[from] item: Leftovers
|-heal|p1a: Tyranicif|94/100|[from] item: Leftovers
|upkeep
|turn|26
|
|t:|1728248826
|move|p2a: Celebi|Recover|p2a: Celebi
|-heal|p2a: Celebi|63/100
|move|p1a: Tyranicif|Fire Blast|p2a: Celebi
|-supereffective|p2a: Celebi
|-damage|p2a: Celebi|12/100
|
|-weather|Sandstorm|[upkeep]
|-damage|p2a: Celebi|6/100|[from] Sandstorm
|-heal|p2a: Celebi|12/100|[from] item: Leftovers
|-heal|p1a: Tyranicif|100/100|[from] item: Leftovers
|upkeep
|turn|27
|
|t:|1728248838
|switch|p2a: Swampert|Swampert, F|75/100
|-damage|p2a: Swampert|50/100|[from] Spikes
|move|p1a: Tyranicif|Fire Blast|p2a: Swampert
|-resisted|p2a: Swampert
|-damage|p2a: Swampert|39/100
|
|-weather|Sandstorm|[upkeep]
|-heal|p2a: Swampert|46/100|[from] item: Leftovers
|upkeep
|turn|28
|
|t:|1728248844
|-singleturn|p2a: Swampert|move: Focus Punch
|move|p1a: Tyranicif|Hidden Power|p2a: Swampert
|-supereffective|p2a: Swampert
|-damage|p2a: Swampert|0 fnt
|faint|p2a: Swampert
|
|t:|1728248856
|switch|p2a: Tyranitar|Tyranitar, M|88/100
|-damage|p2a: Tyranitar|63/100|[from] Spikes
|
|-weather|Sandstorm|[upkeep]
|-heal|p2a: Tyranitar|69/100|[from] item: Leftovers
|upkeep
|turn|29
|
|t:|1728248859
|move|p1a: Tyranicif|Hidden Power|p2a: Tyranitar
|-supereffective|p2a: Tyranitar
|-damage|p2a: Tyranitar|34/100
|move|p2a: Tyranitar|Brick Break|p1a: Tyranicif
|-supereffective|p1a: Tyranicif
|-damage|p1a: Tyranicif|31/100
|
|-weather|Sandstorm|[upkeep]
|-heal|p1a: Tyranicif|37/100|[from] item: Leftovers
|-heal|p2a: Tyranitar|41/100|[from] item: Leftovers
|upkeep
|turn|30
|
|t:|1728248867
|switch|p1a: Swampert|Swampert, M|28/100
|move|p2a: Tyranitar|Brick Break|p1a: Swampert
|-damage|p1a: Swampert|4/100
|
|-weather|Sandstorm|[upkeep]
|-enditem|p1a: Swampert|Salac Berry|[eat]
|-boost|p1a: Swampert|spe|1|[from] item: Salac Berry
|-heal|p2a: Tyranitar|47/100|[from] item: Leftovers
|upkeep
|turn|31
|
|t:|1728248881
|move|p1a: Swampert|Hydro Pump|p2a: Tyranitar
|-supereffective|p2a: Tyranitar
|-damage|p2a: Tyranitar|0 fnt
|faint|p2a: Tyranitar
|
|t:|1728248884
|switch|p2a: Aerodactyl|Aerodactyl, M|100/100
|
|-weather|Sandstorm|[upkeep]
|upkeep
|turn|32
|
|t:|1728248890
|move|p2a: Aerodactyl|Double-Edge|p1a: Swampert
|-damage|p1a: Swampert|0 fnt
|faint|p1a: Swampert
|
|t:|1728248910
|switch|p1a: Tyranicif|Tyranitar, M|37/100
|
|-weather|Sandstorm|[upkeep]
|-heal|p1a: Tyranicif|43/100|[from] item: Leftovers
|upkeep
|turn|33
|
|t:|1728248916
|move|p2a: Aerodactyl|Earthquake|p1a: Tyranicif
|-supereffective|p1a: Tyranicif
|-damage|p1a: Tyranicif|0 fnt
|faint|p1a: Tyranicif
|
|t:|1728248919
|switch|p1a: Cloyster|Cloyster, F|100/100
|
|-weather|Sandstorm|[upkeep]
|-damage|p1a: Cloyster|95/100|[from] Sandstorm
|-heal|p1a: Cloyster|100/100|[from] item: Leftovers
|upkeep
|turn|34
|
|t:|1728248928
|switch|p2a: Metagross|Metagross|100/100
|-damage|p2a: Metagross|76/100|[from] Spikes
|move|p1a: Cloyster|Surf|p2a: Metagross
|-damage|p2a: Metagross|38/100
|
|-weather|Sandstorm|[upkeep]
|-damage|p1a: Cloyster|95/100|[from] Sandstorm
|-heal|p1a: Cloyster|100/100|[from] item: Leftovers
|upkeep
|turn|35
|
|t:|1728248937
|switch|p1a: Celebi|Celebi|100/100
|move|p2a: Metagross|Meteor Mash|p1a: Celebi
|-damage|p1a: Celebi|53/100
|
|-weather|Sandstorm|[upkeep]
|-damage|p1a: Celebi|47/100|[from] Sandstorm
|-heal|p1a: Celebi|53/100|[from] item: Leftovers
|upkeep
|turn|36
|
|t:|1728248951
|move|p1a: Celebi|Leech Seed|p2a: Metagross
|-start|p2a: Metagross|move: Leech Seed
|move|p2a: Metagross|Explosion|p1a: Celebi
|-damage|p1a: Celebi|0 fnt
|faint|p2a: Metagross
|faint|p1a: Celebi
|
|t:|1728248959
|switch|p1a: Jolteon|Jolteon, M|52/100
|switch|p2a: Magneton|Magneton|84/100
|-damage|p2a: Magneton|59/100|[from] Spikes
|
|-weather|Sandstorm|[upkeep]
|-damage|p1a: Jolteon|46/100|[from] Sandstorm
|-heal|p1a: Jolteon|52/100|[from] item: Leftovers
|upkeep
|turn|37
|
|t:|1728248972
|move|p1a: Jolteon|Thunderbolt|p2a: Magneton
|-resisted|p2a: Magneton
|-damage|p2a: Magneton|19/100
|move|p2a: Magneton|Hidden Power|p1a: Jolteon
|-damage|p1a: Jolteon|24/100
|
|-weather|Sandstorm|[upkeep]
|-damage|p1a: Jolteon|18/100|[from] Sandstorm
|-heal|p1a: Jolteon|24/100|[from] item: Leftovers
|upkeep
|turn|38
|
|t:|1728248980
|move|p1a: Jolteon|Thunderbolt|p2a: Magneton
|-resisted|p2a: Magneton
|-damage|p2a: Magneton|0 fnt
|faint|p2a: Magneton
|
|t:|1728248984
|switch|p2a: Aerodactyl|Aerodactyl, M|100/100
|
|-weather|Sandstorm|[upkeep]
|-damage|p1a: Jolteon|18/100|[from] Sandstorm
|-heal|p1a: Jolteon|24/100|[from] item: Leftovers
|upkeep
|turn|39
|
|t:|1728248987
|move|p1a: Jolteon|Thunderbolt|p2a: Aerodactyl
|-supereffective|p2a: Aerodactyl
|-damage|p2a: Aerodactyl|0 fnt
|faint|p2a: Aerodactyl
|
|t:|1728248989
|switch|p2a: Celebi|Celebi|12/100
|-damage|p2a: Celebi|0 fnt|[from] Spikes
|faint|p2a: Celebi
|
|win|b1urry
|c|☆hipimochi|gg
|c|☆b1urry|gg

</script>
<script type="application/json" class="data" id="replaydata-smogtours-gen3ou-795984">
{"id":"smogtours-gen3ou-795984","format":"[Gen 3] OU","players":["b1urry","hipimochi"],"uploadtime":1728248989,"views":90,"formatid":"gen3ou","rating":null,"private":0,"password":null}
</script>

<script defer src="js/replays.js?9d40a366"></script>
