<!DOCTYPE html>
<meta charset="utf-8" />
<meta name="viewport" content="width=device-width" />

<title>[Gen 3] OU: Nardgo vs. Elian - Replays - Pok&eacute;mon Showdown!</title>

<meta name="description" content="Watch a replay of a Pok&eacute;mon battle between Nardgo and Elian! Format: [Gen 3] OU; Date: Nov 1, 2024" />
<!--

Hey, you! Looking in the source for the replay log?

You can find them in JSON format, just add `.json` at the end of a replay URL.

https://replay.pokemonshowdown.com/gen7randomdoublesbattle-865046831.json

Or, if you only need the log itself, add `.log` instead:

https://replay.pokemonshowdown.com/gen7randomdoublesbattle-865046831.log

-->

<link rel="stylesheet" href="//pokemonshowdown.com/style/global.css?0.023195364461161105" />
<link rel="stylesheet" href="//play.pokemonshowdown.com/style/font-awesome.css?0.13261647063804238" />
<link rel="stylesheet" href="//play.pokemonshowdown.com/style/battle.css?0.8753245789963631" />
<link rel="stylesheet" href="//play.pokemonshowdown.com/style/utilichart.css?0.8627959624976733" />

<!-- Global site tag (gtag.js) - Google Analytics -->
<script async src="https://www.googletagmanager.com/gtag/js?id=UA-26211653-1"></script>
<script>
  window.dataLayer = window.dataLayer || [];
  function gtag(){dataLayer.push(arguments);}
  gtag('js', new Date());

  gtag('config', 'UA-26211653-1');
</script>
<!-- End Google Analytics -->
<!-- Venatus Ad Manager - Install in <HEAD> of page -->
	<script src="https://hb.vntsm.com/v3/live/ad-manager.min.js" type="text/javascript" data-site-id="642aba63ec9a7b11c3c9c1be" data-mode="scan" async></script>
<!-- / Venatus Ad Manager -->

<style>
	@media (max-width:820px) {
		.battle {
			margin: 0 auto;
		}
		.battle-log {
			margin: 7px auto 0;
			max-width: 640px;
			height: 300px;
			position: static;
		}
	}
	.optgroup {
		display: inline-block;
		line-height: 22px;
		font-size: 10pt;
	}
	.optgroup .button {
		height: 25px;
		padding-top: 0;
		padding-bottom: 0;
	}
	.optgroup button.button {
		padding-left: 12px;
		padding-right: 12px;
	}
	.linklist {
		list-style: none;
		margin: 0.5em 0;
		padding: 0;
	}
	.linklist li {
		padding: 2px 0;
	}
	.sidebar {
		float: left;
		width: 320px;
	}
	.bar-wrapper {
		max-width: 1100px;
		margin: 0 auto;
	}
	.bar-wrapper.has-sidebar {
		max-width: 1430px;
	}
	.mainbar {
		margin: 0;
		padding-right: 1px;
	}
	.mainbar.has-sidebar {
		margin-left: 330px;
	}
	@media (min-width: 1511px) {
		.sidebar {
			width: 400px;
		}
		.bar-wrapper.has-sidebar {
			max-width: 1510px;
		}
		.mainbar.has-sidebar {
			margin-left: 410px;
		}
	}
	.section.first-section {
		margin-top: 9px;
	}
	.blocklink small {
		white-space: normal;
	}
	.button {
		vertical-align: middle;
	}
	.replay-controls {
		padding-top: 10px;
	}
	.replay-controls h1 {
		font-size: 16pt;
		font-weight: normal;
		color: #CCC;
	}
	.pagelink {
		text-align: center;
	}
	.pagelink a {
		width: 150px;
	}
	.textbox, .button {
		font-size: 11pt;
		vertical-align: middle;
	}
	@media (max-width: 450px) {
		.button {
			font-size: 9pt;
		}
	}
</style>

<div>

	<header>
		<div class="nav-wrapper"><ul class="nav">
			<li><a class="button nav-first" href="//pokemonshowdown.com/"><img src="//pokemonshowdown.com/images/pokemonshowdownbeta.png" srcset="//pokemonshowdown.com/images/pokemonshowdownbeta.png 1x, //pokemonshowdown.com/images/pokemonshowdownbeta@2x.png 2x" alt="Pok&eacute;mon Showdown" width="146" height="44" /> Home</a></li>
			<li><a class="button" href="//pokemonshowdown.com/dex/">Pok&eacute;dex</a></li>
			<li><a class="button cur" href="/">Replays</a></li>
			<li><a class="button" href="//pokemonshowdown.com/ladder/">Ladder</a></li>
			<li><a class="button nav-last" href="//pokemonshowdown.com/forums/">Forum</a></li>
			<li><a class="button greenbutton nav-first nav-last" href="//play.pokemonshowdown.com/">Play</a></li>
		</ul></div>
	</header>

	<div class="main" id="main">

		<noscript><section class="section">You need to enable JavaScript to use this page; sorry!</section></noscript>

	</div>

</div>

<script defer nomodule src="//play.pokemonshowdown.com/js/lib/ps-polyfill.js"></script>
<script defer src="//play.pokemonshowdown.com/js/lib/preact.min.js"></script>

<script defer src="//play.pokemonshowdown.com/config/config.js?2bddbc15"></script>
<script defer src="//play.pokemonshowdown.com/js/lib/jquery-1.11.0.min.js"></script>
<script defer src="//play.pokemonshowdown.com/js/lib/html-sanitizer-minified.js"></script>
<script defer src="//play.pokemonshowdown.com/js/battle-sound.js"></script>
<script defer src="//play.pokemonshowdown.com/js/battledata.js?0.7209276989879541"></script>
<script defer src="//play.pokemonshowdown.com/data/pokedex-mini.js?0.6111056340867951"></script>
<script defer src="//play.pokemonshowdown.com/data/pokedex-mini-bw.js?0.3532142036491459"></script>
<script defer src="//play.pokemonshowdown.com/data/graphics.js?0.24223875632456182"></script>
<script defer src="//play.pokemonshowdown.com/data/pokedex.js?0.38839984266356864"></script>
<script defer src="//play.pokemonshowdown.com/data/moves.js?0.21866028504024015"></script>
<script defer src="//play.pokemonshowdown.com/data/abilities.js?0.2005157953846628"></script>
<script defer src="//play.pokemonshowdown.com/data/items.js?0.9894211263848525"></script>
<script defer src="//play.pokemonshowdown.com/data/teambuilder-tables.js?0.6008791140282215"></script>
<script defer src="//play.pokemonshowdown.com/js/battle-tooltips.js?0.7580118955022959"></script>
<script defer src="//play.pokemonshowdown.com/js/battle.js?0.6057722274234274"></script>

<script defer src="js/utils.js?e31f9a17"></script>
<script defer src="js/replays-battle.js?7008c182"></script>

<!-- don't scrape this data! just add .json or .log after the URL!
Full API docs: https://github.com/smogon/pokemon-showdown-client/blob/master/WEB-API.md -->
<script type="text/plain" class="log" id="replaylog-smogtours-gen3ou-803796">
|inactive|Battle timer is ON: inactive players will automatically lose when time's up.
|t:|1730492234
|gametype|singles
|player|p1|Nardgo|steven|
|player|p2|Elian|erika-gen2|
|teamsize|p1|6
|teamsize|p2|6
|gen|3
|tier|[Gen 3] OU
|rule|Sleep Clause Mod: Limit one foe put to sleep
|rule|Switch Priority Clause Mod: Faster Pokémon switch first
|rule|Species Clause: Limit one of each Pokémon
|rule|OHKO Clause: OHKO moves are banned
|rule|Evasion Items Clause: Evasion items are banned
|rule|Evasion Moves Clause: Evasion moves are banned
|rule|Endless Battle Clause: Forcing endless battles is banned
|rule|HP Percentage Mod: HP is shown in percentages
|rule|One Boost Passer Clause: Limit one Baton Passer that has a way to boost its stats
|rule|Freeze Clause Mod: Limit one foe frozen
|
|t:|1730492234
|start
|switch|p1a: Hariyama|Hariyama, M|100/100
|switch|p2a: Havertz|Tyranitar, M|100/100
|-weather|Sandstorm|[from] ability: Sand Stream|[of] p2a: Havertz
|turn|1
|c|☆Elian|hf
|c|☆Nardgo|You too
|
|t:|1730492241
|switch|p2a: Tomiyasu|Skarmory, M|100/100
|move|p1a: Hariyama|Knock Off|p2a: Tomiyasu
|-resisted|p2a: Tomiyasu
|-damage|p2a: Tomiyasu|99/100
|-enditem|p2a: Tomiyasu|Leftovers|[from] move: Knock Off|[of] p1a: Hariyama
|-hint|In Gens 3-4, Knock Off only makes the target's item unusable; it cannot obtain a new item.
|
|-weather|Sandstorm|[upkeep]
|-damage|p1a: Hariyama|94/100|[from] Sandstorm
|-heal|p1a: Hariyama|100/100|[from] item: Leftovers
|upkeep
|turn|2
|
|t:|1730492243
|switch|p1a: Magneton|Magneton|100/100
|move|p2a: Tomiyasu|Spikes|p1a: Magneton
|-sidestart|p1: Nardgo|Spikes
|
|-weather|Sandstorm|[upkeep]
|upkeep
|turn|3
|
|t:|1730492245
|move|p1a: Magneton|Thunderbolt|p2a: Tomiyasu
|-supereffective|p2a: Tomiyasu
|-damage|p2a: Tomiyasu|0 fnt
|faint|p2a: Tomiyasu
|
|t:|1730492247
|switch|p2a: Zinchenko|Salamence, M|100/100
|-ability|p2a: Zinchenko|Intimidate|boost
|-unboost|p1a: Magneton|atk|1
|
|-weather|Sandstorm|[upkeep]
|-damage|p2a: Zinchenko|94/100|[from] Sandstorm
|-heal|p2a: Zinchenko|100/100|[from] item: Leftovers
|upkeep
|turn|4
|
|t:|1730492251
|switch|p1a: Blissey|Blissey, F|100/100
|-damage|p1a: Blissey|88/100|[from] Spikes
|move|p2a: Zinchenko|Fire Blast|p1a: Blissey|[miss]
|-miss|p2a: Zinchenko|p1a: Blissey
|
|-weather|Sandstorm|[upkeep]
|-damage|p2a: Zinchenko|94/100|[from] Sandstorm
|-damage|p1a: Blissey|82/100|[from] Sandstorm
|-heal|p2a: Zinchenko|100/100|[from] item: Leftovers
|-heal|p1a: Blissey|88/100|[from] item: Leftovers
|upkeep
|turn|5
|
|t:|1730492262
|switch|p2a: Trossard|Swampert, M|100/100
|move|p1a: Blissey|Wish|p1a: Blissey
|
|-weather|Sandstorm|[upkeep]
|-damage|p1a: Blissey|82/100|[from] Sandstorm
|-heal|p1a: Blissey|88/100|[from] item: Leftovers
|upkeep
|turn|6
|
|t:|1730492266
|switch|p1a: Cloyster|Cloyster, M|100/100
|-damage|p1a: Cloyster|88/100|[from] Spikes
|move|p2a: Trossard|Earthquake|p1a: Cloyster
|-damage|p1a: Cloyster|58/100
|
|-heal|p1a: Cloyster|100/100|[from] move: Wish|[wisher] Blissey
|-weather|Sandstorm|[upkeep]
|-damage|p1a: Cloyster|94/100|[from] Sandstorm
|-heal|p1a: Cloyster|100/100|[from] item: Leftovers
|upkeep
|turn|7
|
|t:|1730492271
|switch|p2a: Rice|Jirachi|100/100
|move|p1a: Cloyster|Spikes|p2a: Rice
|-sidestart|p2: Elian|Spikes
|
|-weather|Sandstorm|[upkeep]
|-damage|p1a: Cloyster|94/100|[from] Sandstorm
|-heal|p1a: Cloyster|100/100|[from] item: Leftovers
|upkeep
|turn|8
|
|t:|1730492279
|switch|p1a: Swampert|Swampert, F|100/100
|-damage|p1a: Swampert|88/100|[from] Spikes
|move|p2a: Rice|Substitute|p2a: Rice
|-start|p2a: Rice|Substitute
|-damage|p2a: Rice|75/100
|
|-weather|Sandstorm|[upkeep]
|-heal|p2a: Rice|82/100|[from] item: Leftovers
|-heal|p1a: Swampert|94/100|[from] item: Leftovers
|upkeep
|turn|9
|
|t:|1730492281
|move|p2a: Rice|Ice Punch|p1a: Swampert
|-crit|p1a: Swampert
|-damage|p1a: Swampert|56/100
|move|p1a: Swampert|Earthquake|p2a: Rice
|-supereffective|p2a: Rice
|-end|p2a: Rice|Substitute
|
|-weather|Sandstorm|[upkeep]
|-heal|p2a: Rice|88/100|[from] item: Leftovers
|-heal|p1a: Swampert|62/100|[from] item: Leftovers
|upkeep
|turn|10
|
|t:|1730492286
|switch|p2a: Saliva|Celebi|100/100
|-damage|p2a: Saliva|88/100|[from] Spikes
|move|p1a: Swampert|Earthquake|p2a: Saliva
|-resisted|p2a: Saliva
|-damage|p2a: Saliva|72/100
|
|-weather|Sandstorm|[upkeep]
|-damage|p2a: Saliva|66/100|[from] Sandstorm
|-heal|p2a: Saliva|72/100|[from] item: Leftovers
|-heal|p1a: Swampert|68/100|[from] item: Leftovers
|upkeep
|turn|11
|
|t:|1730492292
|move|p1a: Swampert|Protect|p1a: Swampert
|-singleturn|p1a: Swampert|Protect
|move|p2a: Saliva|Leech Seed|p1a: Swampert
|-activate|p1a: Swampert|Protect
|
|-weather|Sandstorm|[upkeep]
|-damage|p2a: Saliva|66/100|[from] Sandstorm
|-heal|p2a: Saliva|72/100|[from] item: Leftovers
|-heal|p1a: Swampert|75/100|[from] item: Leftovers
|upkeep
|turn|12
|
|t:|1730492299
|switch|p1a: Celebi|Celebi|100/100
|-damage|p1a: Celebi|88/100|[from] Spikes
|move|p2a: Saliva|Leech Seed|p1a: Celebi
|-immune|p1a: Celebi
|
|-weather|Sandstorm|[upkeep]
|-damage|p2a: Saliva|66/100|[from] Sandstorm
|-damage|p1a: Celebi|82/100|[from] Sandstorm
|-heal|p2a: Saliva|72/100|[from] item: Leftovers
|-heal|p1a: Celebi|88/100|[from] item: Leftovers
|upkeep
|turn|13
|
|t:|1730492307
|move|p2a: Saliva|Hidden Power|p1a: Celebi
|-supereffective|p1a: Celebi
|-damage|p1a: Celebi|59/100
|move|p1a: Celebi|Leech Seed|p2a: Saliva
|-immune|p2a: Saliva
|
|-weather|Sandstorm|[upkeep]
|-damage|p2a: Saliva|66/100|[from] Sandstorm
|-damage|p1a: Celebi|52/100|[from] Sandstorm
|-heal|p2a: Saliva|72/100|[from] item: Leftovers
|-heal|p1a: Celebi|59/100|[from] item: Leftovers
|upkeep
|turn|14
|
|t:|1730492310
|switch|p2a: Zinchenko|Salamence, M|100/100
|-ability|p2a: Zinchenko|Intimidate|boost
|-unboost|p1a: Celebi|atk|1
|move|p1a: Celebi|Recover|p1a: Celebi
|-heal|p1a: Celebi|100/100
|
|-weather|Sandstorm|[upkeep]
|-damage|p2a: Zinchenko|94/100|[from] Sandstorm
|-damage|p1a: Celebi|94/100|[from] Sandstorm
|-heal|p2a: Zinchenko|100/100|[from] item: Leftovers
|-heal|p1a: Celebi|100/100|[from] item: Leftovers
|upkeep
|turn|15
|
|t:|1730492314
|switch|p2a: Trossard|Swampert, M|100/100
|-damage|p2a: Trossard|88/100|[from] Spikes
|switch|p1a: Blissey|Blissey, F|88/100
|-damage|p1a: Blissey|76/100|[from] Spikes
|
|-weather|Sandstorm|[upkeep]
|-damage|p1a: Blissey|69/100|[from] Sandstorm
|-heal|p2a: Trossard|94/100|[from] item: Leftovers
|-heal|p1a: Blissey|76/100|[from] item: Leftovers
|upkeep
|turn|16
|
|t:|1730492317
|switch|p1a: Celebi|Celebi|100/100
|-damage|p1a: Celebi|88/100|[from] Spikes
|move|p2a: Trossard|Earthquake|p1a: Celebi
|-resisted|p1a: Celebi
|-damage|p1a: Celebi|73/100
|
|-weather|Sandstorm|[upkeep]
|-damage|p1a: Celebi|67/100|[from] Sandstorm
|-heal|p1a: Celebi|73/100|[from] item: Leftovers
|-heal|p2a: Trossard|99/100|[from] item: Leftovers
|upkeep
|turn|17
|
|t:|1730492325
|switch|p2a: Saliva|Celebi|72/100
|-damage|p2a: Saliva|60/100|[from] Spikes
|move|p1a: Celebi|Recover|p1a: Celebi
|-heal|p1a: Celebi|100/100
|
|-weather|Sandstorm|[upkeep]
|-damage|p2a: Saliva|54/100|[from] Sandstorm
|-damage|p1a: Celebi|94/100|[from] Sandstorm
|-heal|p2a: Saliva|60/100|[from] item: Leftovers
|-heal|p1a: Celebi|100/100|[from] item: Leftovers
|upkeep
|turn|18
|
|t:|1730492345
|switch|p1a: Blissey|Blissey, F|76/100
|-damage|p1a: Blissey|63/100|[from] Spikes
|move|p2a: Saliva|Hidden Power|p1a: Blissey
|-damage|p1a: Blissey|54/100
|
|-weather|Sandstorm|[upkeep]
|-damage|p2a: Saliva|54/100|[from] Sandstorm
|-damage|p1a: Blissey|48/100|[from] Sandstorm
|-heal|p2a: Saliva|60/100|[from] item: Leftovers
|-heal|p1a: Blissey|54/100|[from] item: Leftovers
|upkeep
|turn|19
|
|t:|1730492349
|move|p2a: Saliva|Leech Seed|p1a: Blissey
|-start|p1a: Blissey|move: Leech Seed
|move|p1a: Blissey|Soft-Boiled|p1a: Blissey
|-heal|p1a: Blissey|100/100
|
|-weather|Sandstorm|[upkeep]
|-damage|p2a: Saliva|54/100|[from] Sandstorm
|-damage|p1a: Blissey|94/100|[from] Sandstorm
|-heal|p2a: Saliva|60/100|[from] item: Leftovers
|-heal|p1a: Blissey|100/100|[from] item: Leftovers
|-damage|p1a: Blissey|88/100|[from] Leech Seed|[of] p2a: Saliva
|-heal|p2a: Saliva|81/100|[silent]
|upkeep
|turn|20
|
|t:|1730492353
|switch|p1a: Celebi|Celebi|100/100
|-damage|p1a: Celebi|88/100|[from] Spikes
|move|p2a: Saliva|Hidden Power|p1a: Celebi
|-supereffective|p1a: Celebi
|-damage|p1a: Celebi|60/100
|
|-weather|Sandstorm|[upkeep]
|-damage|p2a: Saliva|75/100|[from] Sandstorm
|-damage|p1a: Celebi|54/100|[from] Sandstorm
|-heal|p2a: Saliva|81/100|[from] item: Leftovers
|-heal|p1a: Celebi|60/100|[from] item: Leftovers
|upkeep
|turn|21
|
|t:|1730492356
|switch|p2a: Zinchenko|Salamence, M|100/100
|-ability|p2a: Zinchenko|Intimidate|boost
|-unboost|p1a: Celebi|atk|1
|move|p1a: Celebi|Recover|p1a: Celebi
|-heal|p1a: Celebi|100/100
|
|-weather|Sandstorm|[upkeep]
|-damage|p2a: Zinchenko|94/100|[from] Sandstorm
|-damage|p1a: Celebi|94/100|[from] Sandstorm
|-heal|p2a: Zinchenko|100/100|[from] item: Leftovers
|-heal|p1a: Celebi|100/100|[from] item: Leftovers
|upkeep
|turn|22
|
|t:|1730492361
|switch|p2a: Saliva|Celebi|81/100
|-damage|p2a: Saliva|69/100|[from] Spikes
|switch|p1a: Blissey|Blissey, F|88/100
|-damage|p1a: Blissey|76/100|[from] Spikes
|
|-weather|Sandstorm|[upkeep]
|-damage|p2a: Saliva|63/100|[from] Sandstorm
|-damage|p1a: Blissey|69/100|[from] Sandstorm
|-heal|p2a: Saliva|69/100|[from] item: Leftovers
|-heal|p1a: Blissey|76/100|[from] item: Leftovers
|upkeep
|turn|23
|
|t:|1730492370
|move|p2a: Saliva|Leech Seed|p1a: Blissey
|-start|p1a: Blissey|move: Leech Seed
|move|p1a: Blissey|Ice Beam|p2a: Saliva
|-supereffective|p2a: Saliva
|-damage|p2a: Saliva|30/100
|
|-weather|Sandstorm|[upkeep]
|-damage|p2a: Saliva|24/100|[from] Sandstorm
|-damage|p1a: Blissey|69/100|[from] Sandstorm
|-heal|p2a: Saliva|30/100|[from] item: Leftovers
|-heal|p1a: Blissey|76/100|[from] item: Leftovers
|-damage|p1a: Blissey|63/100|[from] Leech Seed|[of] p2a: Saliva
|-heal|p2a: Saliva|51/100|[silent]
|upkeep
|turn|24
|
|t:|1730492376
|switch|p2a: Rice|Jirachi|88/100
|-damage|p2a: Rice|75/100|[from] Spikes
|switch|p1a: Celebi|Celebi|100/100
|-damage|p1a: Celebi|88/100|[from] Spikes
|
|-weather|Sandstorm|[upkeep]
|-damage|p1a: Celebi|82/100|[from] Sandstorm
|-heal|p2a: Rice|82/100|[from] item: Leftovers
|-heal|p1a: Celebi|88/100|[from] item: Leftovers
|upkeep
|turn|25
|
|t:|1730492381
|move|p2a: Rice|Substitute|p2a: Rice
|-start|p2a: Rice|Substitute
|-damage|p2a: Rice|57/100
|move|p1a: Celebi|Perish Song|p1a: Celebi
|-start|p1a: Celebi|perish3|[silent]
|-start|p2a: Rice|perish3|[silent]
|-fieldactivate|move: Perish Song
|
|-weather|Sandstorm|[upkeep]
|-damage|p1a: Celebi|82/100|[from] Sandstorm
|-heal|p2a: Rice|63/100|[from] item: Leftovers
|-heal|p1a: Celebi|88/100|[from] item: Leftovers
|-start|p2a: Rice|perish3
|-start|p1a: Celebi|perish3
|upkeep
|turn|26
|
|t:|1730492388
|switch|p1a: Magneton|Magneton|100/100
|-damage|p1a: Magneton|88/100|[from] Spikes
|move|p2a: Rice|Ice Punch|p1a: Magneton
|-resisted|p1a: Magneton
|-damage|p1a: Magneton|68/100
|
|-weather|Sandstorm|[upkeep]
|-heal|p2a: Rice|69/100|[from] item: Leftovers
|-start|p2a: Rice|perish2
|upkeep
|turn|27
|
|t:|1730492392
|move|p1a: Magneton|Protect|p1a: Magneton
|-singleturn|p1a: Magneton|Protect
|move|p2a: Rice|Thunder|p1a: Magneton
|-activate|p1a: Magneton|Protect
|
|-weather|Sandstorm|[upkeep]
|-heal|p2a: Rice|75/100|[from] item: Leftovers
|-start|p2a: Rice|perish1
|upkeep
|turn|28
|
|t:|1730492394
|move|p1a: Magneton|Protect||[still]
|-fail|p1a: Magneton
|move|p2a: Rice|Thunder|p1a: Magneton
|-resisted|p1a: Magneton
|-damage|p1a: Magneton|37/100
|
|-weather|Sandstorm|[upkeep]
|-heal|p2a: Rice|81/100|[from] item: Leftovers
|-start|p2a: Rice|perish0
|upkeep
|faint|p2a: Rice
|
|t:|1730492399
|switch|p2a: Zinchenko|Salamence, M|100/100
|-ability|p2a: Zinchenko|Intimidate|boost
|-unboost|p1a: Magneton|atk|1
|turn|29
|
|t:|1730492404
|switch|p2a: Havertz|Tyranitar, M|100/100
|-damage|p2a: Havertz|88/100|[from] Spikes
|switch|p1a: Blissey|Blissey, F|63/100
|-damage|p1a: Blissey|51/100|[from] Spikes
|
|-weather|Sandstorm|[upkeep]
|-damage|p1a: Blissey|45/100|[from] Sandstorm
|-heal|p2a: Havertz|94/100|[from] item: Leftovers
|-heal|p1a: Blissey|51/100|[from] item: Leftovers
|upkeep
|turn|30
|
|t:|1730492412
|switch|p1a: Swampert|Swampert, F|75/100
|-damage|p1a: Swampert|62/100|[from] Spikes
|move|p2a: Havertz|Earthquake|p1a: Swampert
|-damage|p1a: Swampert|41/100
|
|-weather|Sandstorm|[upkeep]
|-heal|p2a: Havertz|100/100|[from] item: Leftovers
|-heal|p1a: Swampert|47/100|[from] item: Leftovers
|upkeep
|turn|31
|
|t:|1730492420
|switch|p2a: Saliva|Celebi|51/100
|-damage|p2a: Saliva|39/100|[from] Spikes
|move|p1a: Swampert|Ice Beam|p2a: Saliva
|-supereffective|p2a: Saliva
|-crit|p2a: Saliva
|-damage|p2a: Saliva|0 fnt
|faint|p2a: Saliva
|
|t:|1730492424
|switch|p2a: Zinchenko|Salamence, M|100/100
|-ability|p2a: Zinchenko|Intimidate|boost
|-unboost|p1a: Swampert|atk|1
|
|-weather|Sandstorm|[upkeep]
|-damage|p2a: Zinchenko|94/100|[from] Sandstorm
|-heal|p2a: Zinchenko|100/100|[from] item: Leftovers
|-heal|p1a: Swampert|53/100|[from] item: Leftovers
|upkeep
|turn|32
|
|t:|1730492429
|switch|p2a: Trossard|Swampert, M|99/100
|-damage|p2a: Trossard|88/100|[from] Spikes
|move|p1a: Swampert|Protect||[still]
|-fail|p1a: Swampert
|
|-weather|Sandstorm|[upkeep]
|-heal|p2a: Trossard|94/100|[from] item: Leftovers
|-heal|p1a: Swampert|59/100|[from] item: Leftovers
|upkeep
|turn|33
|
|t:|1730492433
|move|p1a: Swampert|Protect|p1a: Swampert
|-singleturn|p1a: Swampert|Protect
|move|p2a: Trossard|Earthquake|p1a: Swampert
|-activate|p1a: Swampert|Protect
|
|-weather|Sandstorm|[upkeep]
|-heal|p2a: Trossard|99/100|[from] item: Leftovers
|-heal|p1a: Swampert|66/100|[from] item: Leftovers
|upkeep
|turn|34
|
|t:|1730492440
|switch|p1a: Cloyster|Cloyster, M|100/100
|-damage|p1a: Cloyster|88/100|[from] Spikes
|move|p2a: Trossard|Ice Beam|p1a: Cloyster
|-resisted|p1a: Cloyster
|-damage|p1a: Cloyster|77/100
|
|-weather|Sandstorm|[upkeep]
|-damage|p1a: Cloyster|70/100|[from] Sandstorm
|-heal|p1a: Cloyster|77/100|[from] item: Leftovers
|-heal|p2a: Trossard|100/100|[from] item: Leftovers
|upkeep
|turn|35
|
|t:|1730492443
|-singleturn|p2a: Trossard|move: Focus Punch
|move|p1a: Cloyster|Rapid Spin|p2a: Trossard
|-damage|p2a: Trossard|96/100
|-sideend|p1: Nardgo|Spikes|[from] move: Rapid Spin|[of] p1a: Cloyster
|move|p2a: Trossard|Focus Punch||[still]
|cant|p2a: Trossard|Focus Punch|Focus Punch
|
|-weather|Sandstorm|[upkeep]
|-damage|p1a: Cloyster|70/100|[from] Sandstorm
|-heal|p1a: Cloyster|77/100|[from] item: Leftovers
|-heal|p2a: Trossard|100/100|[from] item: Leftovers
|upkeep
|turn|36
|
|t:|1730492447
|move|p1a: Cloyster|Ice Beam|p2a: Trossard
|-damage|p2a: Trossard|68/100
|move|p2a: Trossard|Earthquake|p1a: Cloyster
|-damage|p1a: Cloyster|48/100
|
|-weather|Sandstorm|[upkeep]
|-damage|p1a: Cloyster|42/100|[from] Sandstorm
|-heal|p1a: Cloyster|48/100|[from] item: Leftovers
|-heal|p2a: Trossard|74/100|[from] item: Leftovers
|upkeep
|turn|37
|
|t:|1730492454
|switch|p1a: Celebi|Celebi|88/100
|move|p2a: Trossard|Earthquake|p1a: Celebi
|-resisted|p1a: Celebi
|-damage|p1a: Celebi|75/100
|
|-weather|Sandstorm|[upkeep]
|-damage|p1a: Celebi|68/100|[from] Sandstorm
|-heal|p1a: Celebi|75/100|[from] item: Leftovers
|-heal|p2a: Trossard|80/100|[from] item: Leftovers
|upkeep
|turn|38
|
|t:|1730492459
|switch|p2a: Zinchenko|Salamence, M|100/100
|-ability|p2a: Zinchenko|Intimidate|boost
|-unboost|p1a: Celebi|atk|1
|move|p1a: Celebi|Hidden Power|p2a: Zinchenko
|-resisted|p2a: Zinchenko
|-damage|p2a: Zinchenko|93/100
|
|-weather|Sandstorm|[upkeep]
|-damage|p2a: Zinchenko|87/100|[from] Sandstorm
|-damage|p1a: Celebi|68/100|[from] Sandstorm
|-heal|p2a: Zinchenko|93/100|[from] item: Leftovers
|-heal|p1a: Celebi|75/100|[from] item: Leftovers
|upkeep
|turn|39
|
|t:|1730492463
|switch|p2a: Havertz|Tyranitar, M|100/100
|-damage|p2a: Havertz|88/100|[from] Spikes
|switch|p1a: Blissey|Blissey, F|51/100
|
|-weather|Sandstorm|[upkeep]
|-damage|p1a: Blissey|45/100|[from] Sandstorm
|-heal|p2a: Havertz|94/100|[from] item: Leftovers
|-heal|p1a: Blissey|51/100|[from] item: Leftovers
|upkeep
|turn|40
|
|t:|1730492466
|switch|p1a: Hariyama|Hariyama, M|100/100
|move|p2a: Havertz|Earthquake|p1a: Hariyama
|-damage|p1a: Hariyama|71/100
|
|-weather|Sandstorm|[upkeep]
|-damage|p1a: Hariyama|65/100|[from] Sandstorm
|-heal|p2a: Havertz|100/100|[from] item: Leftovers
|-heal|p1a: Hariyama|71/100|[from] item: Leftovers
|upkeep
|turn|41
|
|t:|1730492470
|switch|p2a: Zinchenko|Salamence, M|93/100
|-ability|p2a: Zinchenko|Intimidate|boost
|-unboost|p1a: Hariyama|atk|1
|move|p1a: Hariyama|Knock Off|p2a: Zinchenko
|-damage|p2a: Zinchenko|90/100
|-enditem|p2a: Zinchenko|Leftovers|[from] move: Knock Off|[of] p1a: Hariyama
|
|-weather|Sandstorm|[upkeep]
|-damage|p2a: Zinchenko|84/100|[from] Sandstorm
|-damage|p1a: Hariyama|65/100|[from] Sandstorm
|-heal|p1a: Hariyama|71/100|[from] item: Leftovers
|upkeep
|turn|42
|
|t:|1730492475
|switch|p2a: Havertz|Tyranitar, M|100/100
|-damage|p2a: Havertz|88/100|[from] Spikes
|switch|p1a: Blissey|Blissey, F|51/100
|
|-weather|Sandstorm|[upkeep]
|-damage|p1a: Blissey|45/100|[from] Sandstorm
|-heal|p2a: Havertz|94/100|[from] item: Leftovers
|-heal|p1a: Blissey|51/100|[from] item: Leftovers
|upkeep
|turn|43
|
|t:|1730492482
|switch|p1a: Swampert|Swampert, F|66/100
|move|p2a: Havertz|Earthquake|p1a: Swampert
|-damage|p1a: Swampert|43/100
|
|-weather|Sandstorm|[upkeep]
|-heal|p2a: Havertz|100/100|[from] item: Leftovers
|-heal|p1a: Swampert|49/100|[from] item: Leftovers
|upkeep
|turn|44
|
|t:|1730492485
|switch|p2a: Trossard|Swampert, M|80/100
|-damage|p2a: Trossard|68/100|[from] Spikes
|move|p1a: Swampert|Surf|p2a: Trossard
|-damage|p2a: Trossard|35/100
|
|-weather|Sandstorm|[upkeep]
|-heal|p2a: Trossard|41/100|[from] item: Leftovers
|-heal|p1a: Swampert|55/100|[from] item: Leftovers
|upkeep
|turn|45
|
|t:|1730492492
|move|p1a: Swampert|Protect|p1a: Swampert
|-singleturn|p1a: Swampert|Protect
|move|p2a: Trossard|Earthquake|p1a: Swampert
|-activate|p1a: Swampert|Protect
|
|-weather|Sandstorm|[upkeep]
|-heal|p2a: Trossard|47/100|[from] item: Leftovers
|-heal|p1a: Swampert|62/100|[from] item: Leftovers
|upkeep
|turn|46
|
|t:|1730492497
|switch|p1a: Cloyster|Cloyster, M|48/100
|move|p2a: Trossard|Earthquake|p1a: Cloyster
|-damage|p1a: Cloyster|18/100
|
|-weather|Sandstorm|[upkeep]
|-damage|p1a: Cloyster|12/100|[from] Sandstorm
|-heal|p1a: Cloyster|18/100|[from] item: Leftovers
|-heal|p2a: Trossard|53/100|[from] item: Leftovers
|upkeep
|turn|47
|
|t:|1730492503
|move|p1a: Cloyster|Explosion|p2a: Trossard
|-damage|p2a: Trossard|0 fnt
|faint|p1a: Cloyster
|faint|p2a: Trossard
|
|t:|1730492514
|switch|p1a: Hariyama|Hariyama, M|71/100
|switch|p2a: Zinchenko|Salamence, M|84/100
|-ability|p2a: Zinchenko|Intimidate|boost
|-unboost|p1a: Hariyama|atk|1
|
|-weather|Sandstorm|[upkeep]
|-damage|p2a: Zinchenko|78/100|[from] Sandstorm
|-damage|p1a: Hariyama|65/100|[from] Sandstorm
|-heal|p1a: Hariyama|71/100|[from] item: Leftovers
|upkeep
|turn|48
|
|t:|1730492525
|switch|p1a: Celebi|Celebi|75/100
|move|p2a: Zinchenko|Dragon Claw|p1a: Celebi
|-crit|p1a: Celebi
|-damage|p1a: Celebi|23/100
|
|-weather|Sandstorm|[upkeep]
|-damage|p2a: Zinchenko|72/100|[from] Sandstorm
|-damage|p1a: Celebi|17/100|[from] Sandstorm
|-heal|p1a: Celebi|23/100|[from] item: Leftovers
|upkeep
|turn|49
|
|t:|1730492532
|switch|p1a: Magneton|Magneton|37/100
|move|p2a: Zinchenko|Dragon Claw|p1a: Magneton
|-resisted|p1a: Magneton
|-damage|p1a: Magneton|2/100
|
|-weather|Sandstorm|[upkeep]
|-damage|p2a: Zinchenko|66/100|[from] Sandstorm
|upkeep
|turn|50
|
|t:|1730492535
|move|p2a: Zinchenko|Dragon Claw|p1a: Magneton
|-resisted|p1a: Magneton
|-damage|p1a: Magneton|0 fnt
|faint|p1a: Magneton
|
|t:|1730492536
|switch|p1a: Blissey|Blissey, F|51/100
|
|-weather|Sandstorm|[upkeep]
|-damage|p2a: Zinchenko|60/100|[from] Sandstorm
|-damage|p1a: Blissey|45/100|[from] Sandstorm
|-heal|p1a: Blissey|51/100|[from] item: Leftovers
|upkeep
|turn|51
|
|t:|1730492540
|switch|p2a: Havertz|Tyranitar, M|100/100
|-damage|p2a: Havertz|88/100|[from] Spikes
|move|p1a: Blissey|Wish|p1a: Blissey
|
|-weather|Sandstorm|[upkeep]
|-damage|p1a: Blissey|45/100|[from] Sandstorm
|-heal|p2a: Havertz|94/100|[from] item: Leftovers
|-heal|p1a: Blissey|51/100|[from] item: Leftovers
|upkeep
|turn|52
|
|t:|1730492543
|switch|p2a: Zinchenko|Salamence, M|60/100
|-ability|p2a: Zinchenko|Intimidate|boost
|-unboost|p1a: Blissey|atk|1
|switch|p1a: Swampert|Swampert, F|62/100
|
|-heal|p1a: Swampert|100/100|[from] move: Wish|[wisher] Blissey
|-weather|Sandstorm|[upkeep]
|-damage|p2a: Zinchenko|54/100|[from] Sandstorm
|upkeep
|turn|53
|
|t:|1730492546
|switch|p1a: Hariyama|Hariyama, M|71/100
|move|p2a: Zinchenko|Hidden Power|p1a: Hariyama
|-damage|p1a: Hariyama|52/100
|
|-weather|Sandstorm|[upkeep]
|-damage|p2a: Zinchenko|48/100|[from] Sandstorm
|-damage|p1a: Hariyama|46/100|[from] Sandstorm
|-heal|p1a: Hariyama|52/100|[from] item: Leftovers
|upkeep
|turn|54
|
|t:|1730492549
|move|p2a: Zinchenko|Dragon Claw|p1a: Hariyama
|-damage|p1a: Hariyama|16/100
|move|p1a: Hariyama|Brick Break|p2a: Zinchenko
|-resisted|p2a: Zinchenko
|-damage|p2a: Zinchenko|25/100
|
|-weather|Sandstorm|[upkeep]
|-damage|p2a: Zinchenko|19/100|[from] Sandstorm
|-damage|p1a: Hariyama|10/100|[from] Sandstorm
|-heal|p1a: Hariyama|16/100|[from] item: Leftovers
|upkeep
|turn|55
|
|t:|1730492560
|move|p2a: Zinchenko|Dragon Claw|p1a: Hariyama
|-damage|p1a: Hariyama|0 fnt
|faint|p1a: Hariyama
|
|t:|1730492569
|switch|p1a: Blissey|Blissey, F|51/100
|
|-weather|Sandstorm|[upkeep]
|-damage|p2a: Zinchenko|13/100|[from] Sandstorm
|-damage|p1a: Blissey|45/100|[from] Sandstorm
|-heal|p1a: Blissey|51/100|[from] item: Leftovers
|upkeep
|turn|56
|
|t:|1730492574
|switch|p2a: Havertz|Tyranitar, M|94/100
|-damage|p2a: Havertz|82/100|[from] Spikes
|move|p1a: Blissey|Wish|p1a: Blissey
|
|-weather|Sandstorm|[upkeep]
|-damage|p1a: Blissey|45/100|[from] Sandstorm
|-heal|p2a: Havertz|88/100|[from] item: Leftovers
|-heal|p1a: Blissey|51/100|[from] item: Leftovers
|upkeep
|turn|57
|
|t:|1730492581
|switch|p1a: Swampert|Swampert, F|100/100
|move|p2a: Havertz|Earthquake|p1a: Swampert
|-damage|p1a: Swampert|78/100
|
|-heal|p1a: Swampert|100/100|[from] move: Wish|[wisher] Blissey
|-weather|Sandstorm|[upkeep]
|-heal|p2a: Havertz|94/100|[from] item: Leftovers
|upkeep
|turn|58
|c|☆Elian|gg
|-message|Elian forfeited.
|
|win|Nardgo

</script>
<script type="application/json" class="data" id="replaydata-smogtours-gen3ou-803796">
{"id":"smogtours-gen3ou-803796","format":"[Gen 3] OU","players":["Nardgo","Elian"],"uploadtime":1730492586,"views":78,"formatid":"gen3ou","rating":null,"private":0,"password":null}
</script>

<script defer src="js/replays.js?9d40a366"></script>
