<!DOCTYPE html>
<meta charset="utf-8" />
<meta name="viewport" content="width=device-width" />

<title>[Gen 3] OU: Sheik vs. Amir - Replays - Pok&eacute;mon Showdown!</title>

<meta name="description" content="Watch a replay of a Pok&eacute;mon battle between Sheik and Amir! Format: [Gen 3] OU; Date: Oct 26, 2024" />
<!--

Hey, you! Looking in the source for the replay log?

You can find them in JSON format, just add `.json` at the end of a replay URL.

https://replay.pokemonshowdown.com/gen7randomdoublesbattle-865046831.json

Or, if you only need the log itself, add `.log` instead:

https://replay.pokemonshowdown.com/gen7randomdoublesbattle-865046831.log

-->

<link rel="stylesheet" href="//pokemonshowdown.com/style/global.css?0.023195364461161105" />
<link rel="stylesheet" href="//play.pokemonshowdown.com/style/font-awesome.css?0.13261647063804238" />
<link rel="stylesheet" href="//play.pokemonshowdown.com/style/battle.css?0.8753245789963631" />
<link rel="stylesheet" href="//play.pokemonshowdown.com/style/utilichart.css?0.8627959624976733" />

<!-- Global site tag (gtag.js) - Google Analytics -->
<script async src="https://www.googletagmanager.com/gtag/js?id=UA-26211653-1"></script>
<script>
  window.dataLayer = window.dataLayer || [];
  function gtag(){dataLayer.push(arguments);}
  gtag('js', new Date());

  gtag('config', 'UA-26211653-1');
</script>
<!-- End Google Analytics -->
<!-- Venatus Ad Manager - Install in <HEAD> of page -->
	<script src="https://hb.vntsm.com/v3/live/ad-manager.min.js" type="text/javascript" data-site-id="642aba63ec9a7b11c3c9c1be" data-mode="scan" async></script>
<!-- / Venatus Ad Manager -->

<style>
	@media (max-width:820px) {
		.battle {
			margin: 0 auto;
		}
		.battle-log {
			margin: 7px auto 0;
			max-width: 640px;
			height: 300px;
			position: static;
		}
	}
	.optgroup {
		display: inline-block;
		line-height: 22px;
		font-size: 10pt;
	}
	.optgroup .button {
		height: 25px;
		padding-top: 0;
		padding-bottom: 0;
	}
	.optgroup button.button {
		padding-left: 12px;
		padding-right: 12px;
	}
	.linklist {
		list-style: none;
		margin: 0.5em 0;
		padding: 0;
	}
	.linklist li {
		padding: 2px 0;
	}
	.sidebar {
		float: left;
		width: 320px;
	}
	.bar-wrapper {
		max-width: 1100px;
		margin: 0 auto;
	}
	.bar-wrapper.has-sidebar {
		max-width: 1430px;
	}
	.mainbar {
		margin: 0;
		padding-right: 1px;
	}
	.mainbar.has-sidebar {
		margin-left: 330px;
	}
	@media (min-width: 1511px) {
		.sidebar {
			width: 400px;
		}
		.bar-wrapper.has-sidebar {
			max-width: 1510px;
		}
		.mainbar.has-sidebar {
			margin-left: 410px;
		}
	}
	.section.first-section {
		margin-top: 9px;
	}
	.blocklink small {
		white-space: normal;
	}
	.button {
		vertical-align: middle;
	}
	.replay-controls {
		padding-top: 10px;
	}
	.replay-controls h1 {
		font-size: 16pt;
		font-weight: normal;
		color: #CCC;
	}
	.pagelink {
		text-align: center;
	}
	.pagelink a {
		width: 150px;
	}
	.textbox, .button {
		font-size: 11pt;
		vertical-align: middle;
	}
	@media (max-width: 450px) {
		.button {
			font-size: 9pt;
		}
	}
</style>

<div>

	<header>
		<div class="nav-wrapper"><ul class="nav">
			<li><a class="button nav-first" href="//pokemonshowdown.com/"><img src="//pokemonshowdown.com/images/pokemonshowdownbeta.png" srcset="//pokemonshowdown.com/images/pokemonshowdownbeta.png 1x, //pokemonshowdown.com/images/pokemonshowdownbeta@2x.png 2x" alt="Pok&eacute;mon Showdown" width="146" height="44" /> Home</a></li>
			<li><a class="button" href="//pokemonshowdown.com/dex/">Pok&eacute;dex</a></li>
			<li><a class="button cur" href="/">Replays</a></li>
			<li><a class="button" href="//pokemonshowdown.com/ladder/">Ladder</a></li>
			<li><a class="button nav-last" href="//pokemonshowdown.com/forums/">Forum</a></li>
			<li><a class="button greenbutton nav-first nav-last" href="//play.pokemonshowdown.com/">Play</a></li>
		</ul></div>
	</header>

	<div class="main" id="main">

		<noscript><section class="section">You need to enable JavaScript to use this page; sorry!</section></noscript>

	</div>

</div>

<script defer nomodule src="//play.pokemonshowdown.com/js/lib/ps-polyfill.js"></script>
<script defer src="//play.pokemonshowdown.com/js/lib/preact.min.js"></script>

<script defer src="//play.pokemonshowdown.com/config/config.js?2bddbc15"></script>
<script defer src="//play.pokemonshowdown.com/js/lib/jquery-1.11.0.min.js"></script>
<script defer src="//play.pokemonshowdown.com/js/lib/html-sanitizer-minified.js"></script>
<script defer src="//play.pokemonshowdown.com/js/battle-sound.js"></script>
<script defer src="//play.pokemonshowdown.com/js/battledata.js?0.7209276989879541"></script>
<script defer src="//play.pokemonshowdown.com/data/pokedex-mini.js?0.6111056340867951"></script>
<script defer src="//play.pokemonshowdown.com/data/pokedex-mini-bw.js?0.3532142036491459"></script>
<script defer src="//play.pokemonshowdown.com/data/graphics.js?0.24223875632456182"></script>
<script defer src="//play.pokemonshowdown.com/data/pokedex.js?0.38839984266356864"></script>
<script defer src="//play.pokemonshowdown.com/data/moves.js?0.21866028504024015"></script>
<script defer src="//play.pokemonshowdown.com/data/abilities.js?0.2005157953846628"></script>
<script defer src="//play.pokemonshowdown.com/data/items.js?0.9894211263848525"></script>
<script defer src="//play.pokemonshowdown.com/data/teambuilder-tables.js?0.6008791140282215"></script>
<script defer src="//play.pokemonshowdown.com/js/battle-tooltips.js?0.7580118955022959"></script>
<script defer src="//play.pokemonshowdown.com/js/battle.js?0.6057722274234274"></script>

<script defer src="js/utils.js?e31f9a17"></script>
<script defer src="js/replays-battle.js?7008c182"></script>

<!-- don't scrape this data! just add .json or .log after the URL!
Full API docs: https://github.com/smogon/pokemon-showdown-client/blob/master/WEB-API.md -->
<script type="text/plain" class="log" id="replaylog-smogtours-gen3ou-802067">
|inactive|Battle timer is ON: inactive players will automatically lose when time's up.
|t:|1729942770
|gametype|singles
|player|p1|Sheik|#roaplxyorknewyanma|
|player|p2|Amir|acetrainerf-gen4dp|
|teamsize|p1|6
|teamsize|p2|6
|gen|3
|tier|[Gen 3] OU
|rule|Sleep Clause Mod: Limit one foe put to sleep
|rule|Switch Priority Clause Mod: Faster Pokémon switch first
|rule|Species Clause: Limit one of each Pokémon
|rule|OHKO Clause: OHKO moves are banned
|rule|Evasion Items Clause: Evasion items are banned
|rule|Evasion Moves Clause: Evasion moves are banned
|rule|Endless Battle Clause: Forcing endless battles is banned
|rule|HP Percentage Mod: HP is shown in percentages
|rule|One Boost Passer Clause: Limit one Baton Passer that has a way to boost its stats
|rule|Freeze Clause Mod: Limit one foe frozen
|
|t:|1729942770
|start
|switch|p1a: Celebi|Celebi|100/100
|switch|p2a: Milotic|Milotic, M|100/100
|turn|1
|c|☆Sheik|/log Sheik made the replay of this battle unlisted.
|inactive|Sheik has 270 seconds left.
|inactive|Amir has 270 seconds left.
|inactive|Amir has 240 seconds left.
|
|t:|1729942852
|move|p2a: Milotic|Hypnosis|p1a: Celebi|[miss]
|-miss|p2a: Milotic|p1a: Celebi
|move|p1a: Celebi|Leech Seed|p2a: Milotic
|-start|p2a: Milotic|move: Leech Seed
|
|-damage|p2a: Milotic|88/100|[from] Leech Seed|[of] p1a: Celebi
|upkeep
|turn|2
|
|t:|1729942870
|switch|p2a: Zapdos|Zapdos|100/100
|move|p1a: Celebi|Psychic|p2a: Zapdos
|-damage|p2a: Zapdos|62/100
|
|-heal|p2a: Zapdos|68/100|[from] item: Leftovers
|upkeep
|turn|3
|
|t:|1729942877
|move|p2a: Zapdos|Light Screen|p2a: Zapdos
|-sidestart|p2: Amir|Light Screen
|move|p1a: Celebi|Calm Mind|p1a: Celebi
|-boost|p1a: Celebi|spa|1
|-boost|p1a: Celebi|spd|1
|
|-heal|p2a: Zapdos|74/100|[from] item: Leftovers
|upkeep
|turn|4
|
|t:|1729942880
|move|p1a: Celebi|Leech Seed|p2a: Zapdos
|-start|p2a: Zapdos|move: Leech Seed
|move|p2a: Zapdos|Roar|p1a: Celebi
|drag|p1a: Milotic|Milotic, F, shiny|100/100
|
|-heal|p2a: Zapdos|81/100|[from] item: Leftovers
|-damage|p2a: Zapdos|68/100|[from] Leech Seed|[of] p1a: Milotic
|upkeep
|turn|5
|
|t:|1729942890
|switch|p2a: Celebi|Celebi|100/100
|switch|p1a: Claydol|Claydol|100/100
|
|upkeep
|turn|6
|
|t:|1729942903
|switch|p1a: Skarmory|Skarmory, F|100/100
|move|p2a: Celebi|Calm Mind|p2a: Celebi
|-boost|p2a: Celebi|spa|1
|-boost|p2a: Celebi|spd|1
|
|upkeep
|turn|7
|
|t:|1729942910
|move|p2a: Celebi|Baton Pass|p2a: Celebi
|
|t:|1729942912
|switch|p2a: Zapdos|Zapdos|68/100|[from] Baton Pass
|move|p1a: Skarmory|Spikes|p2a: Zapdos
|-sidestart|p2: Amir|Spikes
|
|-sideend|p2: Amir|Light Screen
|-heal|p2a: Zapdos|74/100|[from] item: Leftovers
|upkeep
|turn|8
|
|t:|1729942922
|switch|p1a: Celebi|Celebi|100/100
|move|p2a: Zapdos|Hidden Power|p1a: Celebi
|-supereffective|p1a: Celebi
|-damage|p1a: Celebi|38/100
|
|-heal|p2a: Zapdos|81/100|[from] item: Leftovers
|-heal|p1a: Celebi|44/100|[from] item: Leftovers
|upkeep
|turn|9
|
|t:|1729942931
|switch|p1a: Magneton|Magneton|100/100
|move|p2a: Zapdos|Hidden Power|p1a: Magneton
|-resisted|p1a: Magneton
|-damage|p1a: Magneton|75/100
|
|-heal|p2a: Zapdos|87/100|[from] item: Leftovers
|-heal|p1a: Magneton|81/100|[from] item: Leftovers
|upkeep
|turn|10
|
|t:|1729942954
|switch|p2a: Celebi|Celebi|100/100
|-damage|p2a: Celebi|88/100|[from] Spikes
|move|p1a: Magneton|Thunderbolt|p2a: Celebi
|-resisted|p2a: Celebi
|-damage|p2a: Celebi|67/100
|
|-heal|p2a: Celebi|74/100|[from] item: Leftovers
|-heal|p1a: Magneton|87/100|[from] item: Leftovers
|upkeep
|turn|11
|
|t:|1729942958
|switch|p1a: Dugtrio|Dugtrio, M|100/100
|move|p2a: Celebi|Baton Pass|p2a: Celebi
|inactive|Amir has 270 seconds left.
|inactive|Amir has 240 seconds left.
|inactive|Amir has 210 seconds left.
|
|t:|1729943058
|switch|p2a: Milotic|Milotic, M|88/100|[from] Baton Pass
|-damage|p2a: Milotic|76/100|[from] Spikes
|
|-heal|p2a: Milotic|82/100|[from] item: Leftovers
|upkeep
|turn|12
|
|t:|1729943065
|switch|p1a: Skarmory|Skarmory, F|100/100
|move|p2a: Milotic|Ice Beam|p1a: Skarmory
|-damage|p1a: Skarmory|74/100
|
|-heal|p2a: Milotic|88/100|[from] item: Leftovers
|-heal|p1a: Skarmory|80/100|[from] item: Leftovers
|upkeep
|turn|13
|
|t:|1729943071
|move|p2a: Milotic|Hypnosis|p1a: Skarmory|[miss]
|-miss|p2a: Milotic|p1a: Skarmory
|move|p1a: Skarmory|Spikes|p2a: Milotic
|-sidestart|p2: Amir|Spikes
|
|-heal|p2a: Milotic|94/100|[from] item: Leftovers
|-heal|p1a: Skarmory|86/100|[from] item: Leftovers
|upkeep
|turn|14
|
|t:|1729943076
|move|p2a: Milotic|Hypnosis|p1a: Skarmory|[miss]
|-miss|p2a: Milotic|p1a: Skarmory
|move|p1a: Skarmory|Toxic|p2a: Milotic
|-status|p2a: Milotic|tox
|
|-heal|p2a: Milotic|99/100 tox|[from] item: Leftovers
|-damage|p2a: Milotic|94/100 tox|[from] psn
|-heal|p1a: Skarmory|92/100|[from] item: Leftovers
|upkeep
|turn|15
|
|t:|1729943083
|move|p2a: Milotic|Hypnosis|p1a: Skarmory
|-status|p1a: Skarmory|slp|[from] move: Hypnosis
|cant|p1a: Skarmory|slp
|
|-heal|p2a: Milotic|99/100 tox|[from] item: Leftovers
|-damage|p2a: Milotic|88/100 tox|[from] psn
|-heal|p1a: Skarmory|98/100 slp|[from] item: Leftovers
|upkeep
|turn|16
|
|t:|1729943088
|move|p2a: Milotic|Hydro Pump|p1a: Skarmory
|-crit|p1a: Skarmory
|-damage|p1a: Skarmory|0 fnt
|faint|p1a: Skarmory
|
|t:|1729943094
|switch|p1a: Celebi|Celebi|44/100
|
|-heal|p2a: Milotic|94/100 tox|[from] item: Leftovers
|-damage|p2a: Milotic|76/100 tox|[from] psn
|-heal|p1a: Celebi|50/100|[from] item: Leftovers
|upkeep
|turn|17
|inactive|Amir has 240 seconds left.
|
|t:|1729943109
|move|p2a: Milotic|Ice Beam|p1a: Celebi
|-supereffective|p1a: Celebi
|-damage|p1a: Celebi|0 fnt
|faint|p1a: Celebi
|
|t:|1729943131
|switch|p1a: Magneton|Magneton|87/100
|
|-heal|p2a: Milotic|82/100 tox|[from] item: Leftovers
|-damage|p2a: Milotic|58/100 tox|[from] psn
|-heal|p1a: Magneton|94/100|[from] item: Leftovers
|upkeep
|turn|18
|inactive|Amir has 240 seconds left.
|
|t:|1729943146
|move|p2a: Milotic|Hydro Pump|p1a: Magneton|[miss]
|-miss|p2a: Milotic|p1a: Magneton
|move|p1a: Magneton|Thunderbolt|p2a: Milotic
|-supereffective|p2a: Milotic
|-crit|p2a: Milotic
|-damage|p2a: Milotic|0 fnt
|faint|p2a: Milotic
|inactive|Amir has 210 seconds left.
|
|t:|1729943192
|switch|p2a: Celebi|Celebi|74/100
|-damage|p2a: Celebi|57/100|[from] Spikes
|
|-heal|p2a: Celebi|63/100|[from] item: Leftovers
|-heal|p1a: Magneton|99/100|[from] item: Leftovers
|upkeep
|turn|19
|
|t:|1729943198
|switch|p1a: Claydol|Claydol|100/100
|move|p2a: Celebi|Hidden Power|p1a: Claydol
|-supereffective|p1a: Claydol
|-damage|p1a: Claydol|52/100
|
|-heal|p2a: Celebi|69/100|[from] item: Leftovers
|-heal|p1a: Claydol|58/100|[from] item: Leftovers
|upkeep
|turn|20
|
|t:|1729943222
|move|p2a: Celebi|Hidden Power|p1a: Claydol
|-supereffective|p1a: Claydol
|-damage|p1a: Claydol|13/100
|move|p1a: Claydol|Shadow Ball|p2a: Celebi
|-supereffective|p2a: Celebi
|-damage|p2a: Celebi|40/100
|-unboost|p2a: Celebi|spd|1
|
|-heal|p2a: Celebi|46/100|[from] item: Leftovers
|-heal|p1a: Claydol|19/100|[from] item: Leftovers
|upkeep
|turn|21
|
|t:|1729943231
|move|p2a: Celebi|Hidden Power|p1a: Claydol
|-supereffective|p1a: Claydol
|-damage|p1a: Claydol|0 fnt
|faint|p1a: Claydol
|
|t:|1729943232
|switch|p1a: Dugtrio|Dugtrio, M|100/100
|
|-heal|p2a: Celebi|52/100|[from] item: Leftovers
|upkeep
|turn|22
|
|t:|1729943238
|move|p1a: Dugtrio|Hidden Power|p2a: Celebi
|-supereffective|p2a: Celebi
|-damage|p2a: Celebi|0 fnt
|faint|p2a: Celebi
|
|t:|1729943261
|switch|p2a: Tyranitar|Tyranitar, F, shiny|100/100
|-damage|p2a: Tyranitar|84/100|[from] Spikes
|-weather|Sandstorm|[from] ability: Sand Stream|[of] p2a: Tyranitar
|
|-weather|Sandstorm|[upkeep]
|-heal|p2a: Tyranitar|90/100|[from] item: Leftovers
|upkeep
|turn|23
|
|t:|1729943269
|switch|p1a: Milotic|Milotic, F, shiny|100/100
|move|p2a: Tyranitar|Earthquake|p1a: Milotic
|-damage|p1a: Milotic|72/100
|
|-weather|Sandstorm|[upkeep]
|-damage|p1a: Milotic|66/100|[from] Sandstorm
|-heal|p1a: Milotic|72/100|[from] item: Leftovers
|-heal|p2a: Tyranitar|96/100|[from] item: Leftovers
|upkeep
|turn|24
|
|t:|1729943278
|move|p1a: Milotic|Toxic|p2a: Tyranitar
|-status|p2a: Tyranitar|tox
|move|p2a: Tyranitar|Toxic|p1a: Milotic
|-status|p1a: Milotic|tox
|
|-weather|Sandstorm|[upkeep]
|-damage|p1a: Milotic|66/100 tox|[from] Sandstorm
|-heal|p1a: Milotic|72/100 tox|[from] item: Leftovers
|-damage|p1a: Milotic|66/100 tox|[from] psn
|-heal|p2a: Tyranitar|100/100 tox|[from] item: Leftovers
|-damage|p2a: Tyranitar|94/100 tox|[from] psn
|upkeep
|turn|25
|inactive|Amir has 210 seconds left.
|
|t:|1729943290
|switch|p2a: Starmie|Starmie|100/100
|-damage|p2a: Starmie|84/100|[from] Spikes
|move|p1a: Milotic|Surf|p2a: Starmie
|-resisted|p2a: Starmie
|-damage|p2a: Starmie|59/100
|
|-weather|Sandstorm|[upkeep]
|-damage|p2a: Starmie|53/100|[from] Sandstorm
|-damage|p1a: Milotic|60/100 tox|[from] Sandstorm
|-heal|p2a: Starmie|59/100|[from] item: Leftovers
|-heal|p1a: Milotic|66/100 tox|[from] item: Leftovers
|-damage|p1a: Milotic|54/100 tox|[from] psn
|upkeep
|turn|26
|
|t:|1729943295
|move|p2a: Starmie|Rapid Spin|p1a: Milotic
|-damage|p1a: Milotic|52/100 tox
|-sideend|p2: Amir|Spikes|[from] move: Rapid Spin|[of] p2a: Starmie
|move|p1a: Milotic|Recover|p1a: Milotic
|-heal|p1a: Milotic|100/100 tox
|
|-weather|Sandstorm|[upkeep]
|-damage|p2a: Starmie|53/100|[from] Sandstorm
|-damage|p1a: Milotic|94/100 tox|[from] Sandstorm
|-heal|p2a: Starmie|59/100|[from] item: Leftovers
|-heal|p1a: Milotic|100/100 tox|[from] item: Leftovers
|-damage|p1a: Milotic|82/100 tox|[from] psn
|upkeep
|turn|27
|
|t:|1729943299
|move|p2a: Starmie|Surf|p1a: Milotic
|-resisted|p1a: Milotic
|-damage|p1a: Milotic|67/100 tox
|move|p1a: Milotic|Toxic|p2a: Starmie|[miss]
|-miss|p1a: Milotic|p2a: Starmie
|
|-weather|Sandstorm|[upkeep]
|-damage|p2a: Starmie|53/100|[from] Sandstorm
|-damage|p1a: Milotic|61/100 tox|[from] Sandstorm
|-heal|p2a: Starmie|59/100|[from] item: Leftovers
|-heal|p1a: Milotic|67/100 tox|[from] item: Leftovers
|-damage|p1a: Milotic|42/100 tox|[from] psn
|upkeep
|turn|28
|
|t:|1729943306
|move|p2a: Starmie|Thunderbolt|p1a: Milotic
|-supereffective|p1a: Milotic
|-damage|p1a: Milotic|3/100 tox
|move|p1a: Milotic|Recover|p1a: Milotic
|-heal|p1a: Milotic|53/100 tox
|
|-weather|Sandstorm|[upkeep]
|-damage|p2a: Starmie|53/100|[from] Sandstorm
|-damage|p1a: Milotic|47/100 tox|[from] Sandstorm
|-heal|p2a: Starmie|59/100|[from] item: Leftovers
|-heal|p1a: Milotic|53/100 tox|[from] item: Leftovers
|-damage|p1a: Milotic|23/100 tox|[from] psn
|upkeep
|turn|29
|inactive|Amir has 240 seconds left.
|
|t:|1729943311
|move|p2a: Starmie|Surf|p1a: Milotic
|-resisted|p1a: Milotic
|-damage|p1a: Milotic|8/100 tox
|move|p1a: Milotic|Toxic|p2a: Starmie
|-status|p2a: Starmie|tox
|
|-weather|Sandstorm|[upkeep]
|-damage|p2a: Starmie|53/100 tox|[from] Sandstorm
|-damage|p1a: Milotic|2/100 tox|[from] Sandstorm
|-heal|p2a: Starmie|59/100 tox|[from] item: Leftovers
|-damage|p2a: Starmie|53/100 tox|[from] psn
|-heal|p1a: Milotic|8/100 tox|[from] item: Leftovers
|-damage|p1a: Milotic|0 fnt|[from] psn
|faint|p1a: Milotic
|upkeep
|
|t:|1729943319
|switch|p1a: Dugtrio|Dugtrio, M|100/100
|turn|30
|
|t:|1729943323
|move|p1a: Dugtrio|Earthquake|p2a: Starmie
|-damage|p2a: Starmie|0 fnt
|faint|p2a: Starmie
|
|t:|1729943330
|switch|p2a: Zapdos|Zapdos|87/100
|
|-weather|Sandstorm|[upkeep]
|-damage|p2a: Zapdos|81/100|[from] Sandstorm
|-heal|p2a: Zapdos|87/100|[from] item: Leftovers
|upkeep
|turn|31
|
|t:|1729943339
|switch|p1a: Magneton|Magneton|99/100
|move|p2a: Zapdos|Light Screen|p2a: Zapdos
|-sidestart|p2: Amir|Light Screen
|
|-weather|Sandstorm|[upkeep]
|-damage|p2a: Zapdos|81/100|[from] Sandstorm
|-heal|p2a: Zapdos|87/100|[from] item: Leftovers
|-heal|p1a: Magneton|100/100|[from] item: Leftovers
|upkeep
|turn|32
|
|t:|1729943345
|move|p2a: Zapdos|Thunderbolt|p1a: Magneton
|-resisted|p1a: Magneton
|-damage|p1a: Magneton|62/100
|move|p1a: Magneton|Thunderbolt|p2a: Zapdos
|-damage|p2a: Zapdos|58/100
|
|-weather|Sandstorm|[upkeep]
|-damage|p2a: Zapdos|52/100|[from] Sandstorm
|-heal|p2a: Zapdos|58/100|[from] item: Leftovers
|-heal|p1a: Magneton|68/100|[from] item: Leftovers
|upkeep
|turn|33
|
|t:|1729943354
|move|p2a: Zapdos|Thunderbolt|p1a: Magneton
|-resisted|p1a: Magneton
|-damage|p1a: Magneton|32/100
|move|p1a: Magneton|Toxic|p2a: Zapdos|[miss]
|-miss|p1a: Magneton|p2a: Zapdos
|
|-weather|Sandstorm|[upkeep]
|-damage|p2a: Zapdos|52/100|[from] Sandstorm
|-heal|p2a: Zapdos|58/100|[from] item: Leftovers
|-heal|p1a: Magneton|38/100|[from] item: Leftovers
|upkeep
|turn|34
|
|t:|1729943360
|switch|p1a: Dugtrio|Dugtrio, M|100/100
|move|p2a: Zapdos|Thunderbolt|p1a: Dugtrio
|-immune|p1a: Dugtrio
|
|-weather|Sandstorm|[upkeep]
|-damage|p2a: Zapdos|52/100|[from] Sandstorm
|-heal|p2a: Zapdos|58/100|[from] item: Leftovers
|upkeep
|turn|35
|
|t:|1729943367
|switch|p2a: Tyranitar|Tyranitar, F, shiny|94/100 tox
|move|p1a: Dugtrio|Rock Slide|p2a: Tyranitar
|-damage|p2a: Tyranitar|71/100 tox
|
|-sideend|p2: Amir|Light Screen
|-weather|Sandstorm|[upkeep]
|-heal|p2a: Tyranitar|77/100 tox|[from] item: Leftovers
|-damage|p2a: Tyranitar|71/100 tox|[from] psn
|upkeep
|turn|36
|
|t:|1729943392
|move|p1a: Dugtrio|Rock Slide|p2a: Tyranitar
|-damage|p2a: Tyranitar|50/100 tox
|move|p2a: Tyranitar|Earthquake|p1a: Dugtrio
|-damage|p1a: Dugtrio|0 fnt
|faint|p1a: Dugtrio
|
|t:|1729943395
|switch|p1a: Magneton|Magneton|38/100
|
|-weather|Sandstorm|[upkeep]
|-heal|p1a: Magneton|45/100|[from] item: Leftovers
|-heal|p2a: Tyranitar|56/100 tox|[from] item: Leftovers
|-damage|p2a: Tyranitar|44/100 tox|[from] psn
|upkeep
|turn|37
|
|t:|1729943398
|move|p1a: Magneton|Thunderbolt|p2a: Tyranitar
|-crit|p2a: Tyranitar
|-damage|p2a: Tyranitar|0 fnt
|faint|p2a: Tyranitar
|
|t:|1729943402
|switch|p2a: Jirachi|Jirachi|100/100
|
|-weather|Sandstorm|[upkeep]
|-heal|p1a: Magneton|51/100|[from] item: Leftovers
|upkeep
|turn|38
|
|t:|1729943405
|move|p2a: Jirachi|Fire Punch|p1a: Magneton
|-supereffective|p1a: Magneton
|-damage|p1a: Magneton|0 fnt
|faint|p1a: Magneton
|
|win|Amir
|c|+5imian|LETS GO
|c|+5imian|MY GOAT
|c|☆Sheik|ggs

</script>
<script type="application/json" class="data" id="replaydata-smogtours-gen3ou-802067">
{"id":"smogtours-gen3ou-802067","format":"[Gen 3] OU","players":["Sheik","Amir"],"uploadtime":1729943405,"views":215,"formatid":"gen3ou","rating":null,"private":1,"password":null}
</script>

<script defer src="js/replays.js?9d40a366"></script>
