<!DOCTYPE html>
<meta charset="utf-8" />
<meta name="viewport" content="width=device-width" />

<title>[Gen 3] OU: leng loi vs. Team Constantin - Replays - Pok&eacute;mon Showdown!</title>

<meta name="description" content="Watch a replay of a Pok&eacute;mon battle between leng loi and Team Constantin! Format: [Gen 3] OU; Date: Oct 15, 2024" />
<!--

Hey, you! Looking in the source for the replay log?

You can find them in JSON format, just add `.json` at the end of a replay URL.

https://replay.pokemonshowdown.com/gen7randomdoublesbattle-865046831.json

Or, if you only need the log itself, add `.log` instead:

https://replay.pokemonshowdown.com/gen7randomdoublesbattle-865046831.log

-->

<link rel="stylesheet" href="//pokemonshowdown.com/style/global.css?0.767286132409787" />
<link rel="stylesheet" href="//play.pokemonshowdown.com/style/font-awesome.css?0.9266228007934947" />
<link rel="stylesheet" href="//play.pokemonshowdown.com/style/battle.css?0.7924700842790926" />
<link rel="stylesheet" href="//play.pokemonshowdown.com/style/utilichart.css?0.8777417872839479" />

<!-- Global site tag (gtag.js) - Google Analytics -->
<script async src="https://www.googletagmanager.com/gtag/js?id=UA-26211653-1"></script>
<script>
  window.dataLayer = window.dataLayer || [];
  function gtag(){dataLayer.push(arguments);}
  gtag('js', new Date());

  gtag('config', 'UA-26211653-1');
</script>
<!-- End Google Analytics -->
<!-- Venatus Ad Manager - Install in <HEAD> of page -->
	<script src="https://hb.vntsm.com/v3/live/ad-manager.min.js" type="text/javascript" data-site-id="642aba63ec9a7b11c3c9c1be" data-mode="scan" async></script>
<!-- / Venatus Ad Manager -->

<style>
	@media (max-width:820px) {
		.battle {
			margin: 0 auto;
		}
		.battle-log {
			margin: 7px auto 0;
			max-width: 640px;
			height: 300px;
			position: static;
		}
	}
	.optgroup {
		display: inline-block;
		line-height: 22px;
		font-size: 10pt;
	}
	.optgroup .button {
		height: 25px;
		padding-top: 0;
		padding-bottom: 0;
	}
	.optgroup button.button {
		padding-left: 12px;
		padding-right: 12px;
	}
	.linklist {
		list-style: none;
		margin: 0.5em 0;
		padding: 0;
	}
	.linklist li {
		padding: 2px 0;
	}
	.sidebar {
		float: left;
		width: 320px;
	}
	.bar-wrapper {
		max-width: 1100px;
		margin: 0 auto;
	}
	.bar-wrapper.has-sidebar {
		max-width: 1430px;
	}
	.mainbar {
		margin: 0;
		padding-right: 1px;
	}
	.mainbar.has-sidebar {
		margin-left: 330px;
	}
	@media (min-width: 1511px) {
		.sidebar {
			width: 400px;
		}
		.bar-wrapper.has-sidebar {
			max-width: 1510px;
		}
		.mainbar.has-sidebar {
			margin-left: 410px;
		}
	}
	.section.first-section {
		margin-top: 9px;
	}
	.blocklink small {
		white-space: normal;
	}
	.button {
		vertical-align: middle;
	}
	.replay-controls {
		padding-top: 10px;
	}
	.replay-controls h1 {
		font-size: 16pt;
		font-weight: normal;
		color: #CCC;
	}
	.pagelink {
		text-align: center;
	}
	.pagelink a {
		width: 150px;
	}
	.textbox, .button {
		font-size: 11pt;
		vertical-align: middle;
	}
	@media (max-width: 450px) {
		.button {
			font-size: 9pt;
		}
	}
</style>

<div>

	<header>
		<div class="nav-wrapper"><ul class="nav">
			<li><a class="button nav-first" href="//pokemonshowdown.com/"><img src="//pokemonshowdown.com/images/pokemonshowdownbeta.png" srcset="//pokemonshowdown.com/images/pokemonshowdownbeta.png 1x, //pokemonshowdown.com/images/pokemonshowdownbeta@2x.png 2x" alt="Pok&eacute;mon Showdown" width="146" height="44" /> Home</a></li>
			<li><a class="button" href="//pokemonshowdown.com/dex/">Pok&eacute;dex</a></li>
			<li><a class="button cur" href="/">Replays</a></li>
			<li><a class="button" href="//pokemonshowdown.com/ladder/">Ladder</a></li>
			<li><a class="button nav-last" href="//pokemonshowdown.com/forums/">Forum</a></li>
			<li><a class="button greenbutton nav-first nav-last" href="//play.pokemonshowdown.com/">Play</a></li>
		</ul></div>
	</header>

	<div class="main" id="main">

		<noscript><section class="section">You need to enable JavaScript to use this page; sorry!</section></noscript>

	</div>

</div>

<script defer nomodule src="//play.pokemonshowdown.com/js/lib/ps-polyfill.js"></script>
<script defer src="//play.pokemonshowdown.com/js/lib/preact.min.js"></script>

<script defer src="//play.pokemonshowdown.com/config/config.js?6dec07f6"></script>
<script defer src="//play.pokemonshowdown.com/js/lib/jquery-1.11.0.min.js"></script>
<script defer src="//play.pokemonshowdown.com/js/lib/html-sanitizer-minified.js"></script>
<script defer src="//play.pokemonshowdown.com/js/battle-sound.js"></script>
<script defer src="//play.pokemonshowdown.com/js/battledata.js?0.6315294753075389"></script>
<script defer src="//play.pokemonshowdown.com/data/pokedex-mini.js?0.7603743185311358"></script>
<script defer src="//play.pokemonshowdown.com/data/pokedex-mini-bw.js?0.030888842834281283"></script>
<script defer src="//play.pokemonshowdown.com/data/graphics.js?0.05593094747507488"></script>
<script defer src="//play.pokemonshowdown.com/data/pokedex.js?0.47064822249611904"></script>
<script defer src="//play.pokemonshowdown.com/data/moves.js?0.8583693120512459"></script>
<script defer src="//play.pokemonshowdown.com/data/abilities.js?0.16017181182386842"></script>
<script defer src="//play.pokemonshowdown.com/data/items.js?0.4163379185673943"></script>
<script defer src="//play.pokemonshowdown.com/data/teambuilder-tables.js?0.31075597372830477"></script>
<script defer src="//play.pokemonshowdown.com/js/battle-tooltips.js?0.6536193500708172"></script>
<script defer src="//play.pokemonshowdown.com/js/battle.js?0.1916591943277901"></script>

<script defer src="js/utils.js?e31f9a17"></script>
<script defer src="js/replays-battle.js?7008c182"></script>

<!-- don't scrape this data! just add .json or .log after the URL!
Full API docs: https://github.com/smogon/pokemon-showdown-client/blob/master/WEB-API.md -->
<script type="text/plain" class="log" id="replaylog-smogtours-gen3ou-798982">
|inactive|Battle timer is ON: inactive players will automatically lose when time's up.
|t:|1729021445
|gametype|singles
|player|p1|leng loi|#scl4machines2|
|player|p2|Team Constantin|hilbert-wonderlauncher|
|teamsize|p1|6
|teamsize|p2|6
|gen|3
|tier|[Gen 3] OU
|rule|Sleep Clause Mod: Limit one foe put to sleep
|rule|Switch Priority Clause Mod: Faster Pokémon switch first
|rule|Species Clause: Limit one of each Pokémon
|rule|OHKO Clause: OHKO moves are banned
|rule|Evasion Items Clause: Evasion items are banned
|rule|Evasion Moves Clause: Evasion moves are banned
|rule|Endless Battle Clause: Forcing endless battles is banned
|rule|HP Percentage Mod: HP is shown in percentages
|rule|One Boost Passer Clause: Limit one Baton Passer that has a way to boost its stats
|rule|Freeze Clause Mod: Limit one foe frozen
|
|t:|1729021445
|start
|switch|p1a: Zapdos|Zapdos|100/100
|switch|p2a: Breloom|Breloom, M|100/100
|turn|1
|c|☆Team Constantin|hf
|c|☆leng loi|hf
|inactive|Team Constantin has 270 seconds left.
|inactive|leng loi has 270 seconds left.
|inactive|Team Constantin has 240 seconds left.
|
|t:|1729021532
|move|p1a: Zapdos|Baton Pass|p1a: Zapdos
|
|t:|1729021537
|switch|p1a: Metagross|Metagross|100/100|[from] Baton Pass
|move|p2a: Breloom|Spore|p1a: Metagross
|-status|p1a: Metagross|slp|[from] move: Spore
|
|upkeep
|turn|2
|
|t:|1729021544
|move|p2a: Breloom|Hidden Power|p1a: Metagross
|-damage|p1a: Metagross|81/100 slp
|cant|p1a: Metagross|slp
|move|p1a: Metagross|Sleep Talk|p1a: Metagross
|move|p1a: Metagross|Earthquake|p2a: Breloom|[from]Sleep Talk
|-resisted|p2a: Breloom
|-damage|p2a: Breloom|54/100
|
|-heal|p2a: Breloom|60/100|[from] item: Leftovers
|upkeep
|turn|3
|
|t:|1729021560
|switch|p1a: Zapdos|Zapdos|100/100
|move|p2a: Breloom|Sky Uppercut|p1a: Zapdos
|-resisted|p1a: Zapdos
|-damage|p1a: Zapdos|78/100
|
|-heal|p1a: Zapdos|84/100|[from] item: Leftovers
|-heal|p2a: Breloom|66/100|[from] item: Leftovers
|upkeep
|turn|4
|
|t:|1729021566
|switch|p2a: Snorlax|Snorlax, M|100/100
|move|p1a: Zapdos|Agility|p1a: Zapdos
|-boost|p1a: Zapdos|spe|2
|
|-heal|p1a: Zapdos|90/100|[from] item: Leftovers
|upkeep
|turn|5
|
|t:|1729021576
|move|p1a: Zapdos|Baton Pass|p1a: Zapdos
|
|t:|1729021578
|switch|p1a: Breloom|Breloom, M|100/100|[from] Baton Pass
|move|p2a: Snorlax|Frustration|p1a: Breloom
|-damage|p1a: Breloom|14/100
|
|-heal|p1a: Breloom|20/100|[from] item: Leftovers
|upkeep
|turn|6
|
|t:|1729021605
|switch|p2a: Charizard|Charizard, F|100/100
|move|p1a: Breloom|Spore|p2a: Charizard
|-status|p2a: Charizard|slp|[from] move: Spore
|
|-heal|p1a: Breloom|26/100|[from] item: Leftovers
|upkeep
|turn|7
|
|t:|1729021613
|switch|p2a: Swampert|Swampert, M|100/100
|move|p1a: Breloom|Leech Seed|p2a: Swampert|[miss]
|-miss|p1a: Breloom|p2a: Swampert
|
|-heal|p1a: Breloom|33/100|[from] item: Leftovers
|upkeep
|turn|8
|
|t:|1729021625
|switch|p1a: Suicune|Suicune|100/100
|move|p2a: Swampert|Ice Beam|p1a: Suicune
|-resisted|p1a: Suicune
|-damage|p1a: Suicune|90/100
|
|-heal|p1a: Suicune|96/100|[from] item: Leftovers
|upkeep
|turn|9
|
|t:|1729021648
|switch|p2a: Zapdos|Zapdos|100/100
|switch|p1a: Metagross|Metagross|81/100 slp
|
|upkeep
|turn|10
|inactive|leng loi has 270 seconds left.
|inactive|leng loi has 240 seconds left.
|
|t:|1729021702
|switch|p1a: Breloom|Breloom, M|33/100
|move|p2a: Zapdos|Thunderbolt|p1a: Breloom
|-resisted|p1a: Breloom
|-damage|p1a: Breloom|0 fnt
|faint|p1a: Breloom
|
|t:|1729021704
|switch|p1a: Tyranitar|Tyranitar, F|100/100
|-weather|Sandstorm|[from] ability: Sand Stream|[of] p1a: Tyranitar
|
|-weather|Sandstorm|[upkeep]
|-damage|p2a: Zapdos|94/100|[from] Sandstorm
|-heal|p2a: Zapdos|100/100|[from] item: Leftovers
|upkeep
|turn|11
|
|t:|1729021716
|-singleturn|p1a: Tyranitar|move: Focus Punch
|move|p2a: Zapdos|Baton Pass|p2a: Zapdos
|
|t:|1729021739
|switch|p2a: Metagross|Metagross|100/100|[from] Baton Pass
|move|p1a: Tyranitar|Focus Punch|p2a: Metagross
|-damage|p2a: Metagross|74/100
|
|-weather|Sandstorm|[upkeep]
|-heal|p2a: Metagross|80/100|[from] item: Leftovers
|upkeep
|turn|12
|
|t:|1729021753
|switch|p1a: Suicune|Suicune|96/100
|switch|p2a: Breloom|Breloom, M|66/100
|
|-weather|Sandstorm|[upkeep]
|-damage|p2a: Breloom|60/100|[from] Sandstorm
|-damage|p1a: Suicune|90/100|[from] Sandstorm
|-heal|p2a: Breloom|66/100|[from] item: Leftovers
|-heal|p1a: Suicune|96/100|[from] item: Leftovers
|upkeep
|turn|13
|
|t:|1729021770
|move|p2a: Breloom|Sky Uppercut|p1a: Suicune
|-damage|p1a: Suicune|67/100
|move|p1a: Suicune|Surf|p2a: Breloom
|-resisted|p2a: Breloom
|-damage|p2a: Breloom|39/100
|
|-weather|Sandstorm|[upkeep]
|-damage|p2a: Breloom|32/100|[from] Sandstorm
|-damage|p1a: Suicune|61/100|[from] Sandstorm
|-heal|p2a: Breloom|39/100|[from] item: Leftovers
|-heal|p1a: Suicune|67/100|[from] item: Leftovers
|upkeep
|turn|14
|inactive|leng loi has 240 seconds left.
|
|t:|1729021789
|move|p2a: Breloom|Sky Uppercut|p1a: Suicune
|-damage|p1a: Suicune|40/100
|move|p1a: Suicune|Surf|p2a: Breloom
|-resisted|p2a: Breloom
|-damage|p2a: Breloom|14/100
|
|-weather|Sandstorm|[upkeep]
|-damage|p2a: Breloom|8/100|[from] Sandstorm
|-damage|p1a: Suicune|34/100|[from] Sandstorm
|-heal|p2a: Breloom|14/100|[from] item: Leftovers
|-heal|p1a: Suicune|40/100|[from] item: Leftovers
|upkeep
|turn|15
|
|t:|1729021794
|move|p2a: Breloom|Sky Uppercut|p1a: Suicune
|-damage|p1a: Suicune|12/100
|move|p1a: Suicune|Rest|p1a: Suicune
|-status|p1a: Suicune|slp|[from] move: Rest
|-heal|p1a: Suicune|100/100 slp|[silent]
|
|-weather|Sandstorm|[upkeep]
|-damage|p2a: Breloom|8/100|[from] Sandstorm
|-damage|p1a: Suicune|94/100 slp|[from] Sandstorm
|-heal|p2a: Breloom|14/100|[from] item: Leftovers
|-heal|p1a: Suicune|100/100 slp|[from] item: Leftovers
|upkeep
|turn|16
|
|t:|1729021801
|-singleturn|p2a: Breloom|move: Focus Punch
|switch|p1a: Zapdos|Zapdos|90/100
|move|p2a: Breloom|Focus Punch|p1a: Zapdos
|-resisted|p1a: Zapdos
|-damage|p1a: Zapdos|51/100
|
|-weather|Sandstorm|[upkeep]
|-damage|p1a: Zapdos|45/100|[from] Sandstorm
|-damage|p2a: Breloom|8/100|[from] Sandstorm
|-heal|p1a: Zapdos|51/100|[from] item: Leftovers
|-heal|p2a: Breloom|14/100|[from] item: Leftovers
|upkeep
|turn|17
|
|t:|1729021830
|-singleturn|p2a: Breloom|move: Focus Punch
|move|p1a: Zapdos|Thunderbolt|p2a: Breloom
|-resisted|p2a: Breloom
|-damage|p2a: Breloom|0 fnt
|faint|p2a: Breloom
|
|t:|1729021837
|switch|p2a: Zapdos|Zapdos|100/100
|
|-weather|Sandstorm|[upkeep]
|-damage|p2a: Zapdos|94/100|[from] Sandstorm
|-damage|p1a: Zapdos|45/100|[from] Sandstorm
|-heal|p2a: Zapdos|100/100|[from] item: Leftovers
|-heal|p1a: Zapdos|51/100|[from] item: Leftovers
|upkeep
|turn|18
|inactive|leng loi has 240 seconds left.
|
|t:|1729021860
|switch|p1a: Snorlax|Snorlax, F|100/100
|move|p2a: Zapdos|Thunderbolt|p1a: Snorlax
|-crit|p1a: Snorlax
|-damage|p1a: Snorlax|44/100
|
|-weather|Sandstorm|[upkeep]
|-damage|p2a: Zapdos|94/100|[from] Sandstorm
|-damage|p1a: Snorlax|38/100|[from] Sandstorm
|-heal|p2a: Zapdos|100/100|[from] item: Leftovers
|-heal|p1a: Snorlax|44/100|[from] item: Leftovers
|upkeep
|turn|19
|inactive|leng loi has 240 seconds left.
|inactive|Team Constantin has 270 seconds left.
|
|t:|1729021893
|move|p2a: Zapdos|Baton Pass|p2a: Zapdos
|
|t:|1729021895
|switch|p2a: Metagross|Metagross|80/100|[from] Baton Pass
|move|p1a: Snorlax|Self-Destruct|p2a: Metagross
|-resisted|p2a: Metagross
|-damage|p2a: Metagross|9/100
|faint|p1a: Snorlax
|
|t:|1729021903
|switch|p1a: Zapdos|Zapdos|51/100
|
|-weather|Sandstorm|[upkeep]
|-damage|p1a: Zapdos|45/100|[from] Sandstorm
|-heal|p1a: Zapdos|51/100|[from] item: Leftovers
|-heal|p2a: Metagross|15/100|[from] item: Leftovers
|upkeep
|turn|20
|
|t:|1729021917
|move|p1a: Zapdos|Thunderbolt|p2a: Metagross
|-damage|p2a: Metagross|0 fnt
|faint|p2a: Metagross
|
|t:|1729021929
|switch|p2a: Zapdos|Zapdos|100/100
|
|-weather|Sandstorm|[upkeep]
|-damage|p2a: Zapdos|94/100|[from] Sandstorm
|-damage|p1a: Zapdos|45/100|[from] Sandstorm
|-heal|p2a: Zapdos|100/100|[from] item: Leftovers
|-heal|p1a: Zapdos|51/100|[from] item: Leftovers
|upkeep
|turn|21
|
|t:|1729021944
|switch|p1a: Tyranitar|Tyranitar, F|100/100
|move|p2a: Zapdos|Thunderbolt|p1a: Tyranitar
|-crit|p1a: Tyranitar
|-damage|p1a: Tyranitar|22/100
|
|-weather|Sandstorm|[upkeep]
|-damage|p2a: Zapdos|94/100|[from] Sandstorm
|-heal|p2a: Zapdos|100/100|[from] item: Leftovers
|-heal|p1a: Tyranitar|28/100|[from] item: Leftovers
|upkeep
|turn|22
|
|t:|1729021951
|move|p2a: Zapdos|Thunderbolt|p1a: Tyranitar
|-damage|p1a: Tyranitar|0 fnt
|faint|p1a: Tyranitar
|
|t:|1729021954
|switch|p1a: Metagross|Metagross|81/100 slp
|
|-weather|Sandstorm|[upkeep]
|-damage|p2a: Zapdos|94/100|[from] Sandstorm
|-heal|p2a: Zapdos|100/100|[from] item: Leftovers
|upkeep
|turn|23
|
|t:|1729021959
|switch|p2a: Swampert|Swampert, M|100/100
|cant|p1a: Metagross|slp
|move|p1a: Metagross|Sleep Talk|p1a: Metagross
|move|p1a: Metagross|Earthquake|p2a: Swampert|[from]Sleep Talk
|-damage|p2a: Swampert|42/100
|
|-weather|Sandstorm|[upkeep]
|-heal|p2a: Swampert|49/100|[from] item: Leftovers
|upkeep
|turn|24
|inactive|leng loi has 240 seconds left.
|inactive|Team Constantin has 270 seconds left.
|inactive|Team Constantin has 240 seconds left.
|
|t:|1729022028
|switch|p2a: Zapdos|Zapdos|100/100
|switch|p1a: Zapdos|Zapdos|51/100
|
|-weather|Sandstorm|[upkeep]
|-damage|p2a: Zapdos|94/100|[from] Sandstorm
|-damage|p1a: Zapdos|45/100|[from] Sandstorm
|-heal|p2a: Zapdos|100/100|[from] item: Leftovers
|-heal|p1a: Zapdos|51/100|[from] item: Leftovers
|upkeep
|turn|25
|
|t:|1729022045
|move|p2a: Zapdos|Thunderbolt|p1a: Zapdos
|-damage|p1a: Zapdos|7/100
|move|p1a: Zapdos|Baton Pass|p1a: Zapdos
|
|t:|1729022047
|switch|p1a: Metagross|Metagross|81/100 slp|[from] Baton Pass
|
|-weather|Sandstorm|[upkeep]
|-damage|p2a: Zapdos|94/100|[from] Sandstorm
|-heal|p2a: Zapdos|100/100|[from] item: Leftovers
|upkeep
|turn|26
|
|t:|1729022068
|switch|p2a: Charizard|Charizard, F|100/100 slp
|cant|p1a: Metagross|slp
|
|-weather|Sandstorm|[upkeep]
|-damage|p2a: Charizard|94/100 slp|[from] Sandstorm
|-heal|p2a: Charizard|100/100 slp|[from] item: Leftovers
|upkeep
|turn|27
|inactive|leng loi has 240 seconds left.
|inactive|Team Constantin has 240 seconds left.
|
|t:|1729022088
|switch|p2a: Swampert|Swampert, M|49/100
|switch|p1a: Zapdos|Zapdos|7/100
|
|-weather|Sandstorm|[upkeep]
|-damage|p1a: Zapdos|1/100|[from] Sandstorm
|-heal|p1a: Zapdos|7/100|[from] item: Leftovers
|-heal|p2a: Swampert|55/100|[from] item: Leftovers
|upkeep
|turn|28
|
|t:|1729022097
|move|p1a: Zapdos|Hidden Power|p2a: Swampert
|-supereffective|p2a: Swampert
|-damage|p2a: Swampert|0 fnt
|faint|p2a: Swampert
|
|t:|1729022099
|switch|p2a: Zapdos|Zapdos|100/100
|
|-weather|Sandstorm|[upkeep]
|-damage|p2a: Zapdos|94/100|[from] Sandstorm
|-damage|p1a: Zapdos|1/100|[from] Sandstorm
|-heal|p2a: Zapdos|100/100|[from] item: Leftovers
|-heal|p1a: Zapdos|7/100|[from] item: Leftovers
|upkeep
|turn|29
|inactive|leng loi has 240 seconds left.
|
|t:|1729022111
|move|p2a: Zapdos|Thunderbolt|p1a: Zapdos
|-damage|p1a: Zapdos|0 fnt
|faint|p1a: Zapdos
|
|t:|1729022112
|switch|p1a: Metagross|Metagross|81/100 slp
|
|-weather|Sandstorm|[upkeep]
|-damage|p2a: Zapdos|94/100|[from] Sandstorm
|-heal|p2a: Zapdos|100/100|[from] item: Leftovers
|upkeep
|turn|30
|
|t:|1729022118
|switch|p2a: Charizard|Charizard, F|100/100 slp
|switch|p1a: Suicune|Suicune|100/100 slp
|
|-weather|Sandstorm|[upkeep]
|-damage|p2a: Charizard|94/100 slp|[from] Sandstorm
|-damage|p1a: Suicune|94/100 slp|[from] Sandstorm
|-heal|p2a: Charizard|100/100 slp|[from] item: Leftovers
|-heal|p1a: Suicune|100/100 slp|[from] item: Leftovers
|upkeep
|turn|31
|
|t:|1729022120
|switch|p2a: Zapdos|Zapdos|100/100
|cant|p1a: Suicune|slp
|move|p1a: Suicune|Sleep Talk|p1a: Suicune
|move|p1a: Suicune|Rest|p1a: Suicune|[from]Sleep Talk
|
|-weather|Sandstorm|[upkeep]
|-damage|p2a: Zapdos|94/100|[from] Sandstorm
|-damage|p1a: Suicune|94/100 slp|[from] Sandstorm
|-heal|p2a: Zapdos|100/100|[from] item: Leftovers
|-heal|p1a: Suicune|100/100 slp|[from] item: Leftovers
|upkeep
|turn|32
|c|☆leng loi|gg
|
|t:|1729022130
|move|p2a: Zapdos|Thunderbolt|p1a: Suicune
|-supereffective|p1a: Suicune
|-damage|p1a: Suicune|29/100 slp
|cant|p1a: Suicune|slp
|move|p1a: Suicune|Sleep Talk|p1a: Suicune
|move|p1a: Suicune|Surf|p2a: Zapdos|[from]Sleep Talk
|-damage|p2a: Zapdos|64/100
|
|-weather|Sandstorm|[upkeep]
|-damage|p2a: Zapdos|58/100|[from] Sandstorm
|-damage|p1a: Suicune|23/100 slp|[from] Sandstorm
|-heal|p2a: Zapdos|64/100|[from] item: Leftovers
|-heal|p1a: Suicune|29/100 slp|[from] item: Leftovers
|upkeep
|turn|33
|
|t:|1729022135
|move|p2a: Zapdos|Thunderbolt|p1a: Suicune
|-supereffective|p1a: Suicune
|-damage|p1a: Suicune|0 fnt
|faint|p1a: Suicune
|
|t:|1729022136
|switch|p1a: Metagross|Metagross|81/100 slp
|
|-weather|Sandstorm|[upkeep]
|-damage|p2a: Zapdos|58/100|[from] Sandstorm
|-heal|p2a: Zapdos|64/100|[from] item: Leftovers
|upkeep
|turn|34
|
|t:|1729022144
|move|p2a: Zapdos|Thunderbolt|p1a: Metagross
|-crit|p1a: Metagross
|-damage|p1a: Metagross|0 fnt
|faint|p1a: Metagross
|
|win|Team Constantin
|c|☆Team Constantin|gg
|player|p2|
|player|p2|Team Constantin|hilbert-wonderlauncher|
|player|p1|

</script>
<script type="application/json" class="data" id="replaydata-smogtours-gen3ou-798982">
{"id":"smogtours-gen3ou-798982","format":"[Gen 3] OU","players":["leng loi","Team Constantin"],"uploadtime":1729022144,"views":143,"formatid":"gen3ou","rating":null,"private":0,"password":null}
</script>

<script defer src="js/replays.js?9d40a366"></script>
