<!DOCTYPE html>
<meta charset="utf-8" />
<meta name="viewport" content="width=device-width" />

<title>[Gen 3] OU: OneWhoRants vs. philiposophical - Replays - Pok&eacute;mon Showdown!</title>

<meta name="description" content="Watch a replay of a Pok&eacute;mon battle between OneWhoRants and philiposophical! Format: [Gen 3] OU; Date: Oct 11, 2024" />
<!--

Hey, you! Looking in the source for the replay log?

You can find them in JSON format, just add `.json` at the end of a replay URL.

https://replay.pokemonshowdown.com/gen7randomdoublesbattle-865046831.json

Or, if you only need the log itself, add `.log` instead:

https://replay.pokemonshowdown.com/gen7randomdoublesbattle-865046831.log

-->

<link rel="stylesheet" href="//pokemonshowdown.com/style/global.css?0.767286132409787" />
<link rel="stylesheet" href="//play.pokemonshowdown.com/style/font-awesome.css?0.9266228007934947" />
<link rel="stylesheet" href="//play.pokemonshowdown.com/style/battle.css?0.7924700842790926" />
<link rel="stylesheet" href="//play.pokemonshowdown.com/style/utilichart.css?0.8777417872839479" />

<!-- Global site tag (gtag.js) - Google Analytics -->
<script async src="https://www.googletagmanager.com/gtag/js?id=UA-26211653-1"></script>
<script>
  window.dataLayer = window.dataLayer || [];
  function gtag(){dataLayer.push(arguments);}
  gtag('js', new Date());

  gtag('config', 'UA-26211653-1');
</script>
<!-- End Google Analytics -->
<!-- Venatus Ad Manager - Install in <HEAD> of page -->
	<script src="https://hb.vntsm.com/v3/live/ad-manager.min.js" type="text/javascript" data-site-id="642aba63ec9a7b11c3c9c1be" data-mode="scan" async></script>
<!-- / Venatus Ad Manager -->

<style>
	@media (max-width:820px) {
		.battle {
			margin: 0 auto;
		}
		.battle-log {
			margin: 7px auto 0;
			max-width: 640px;
			height: 300px;
			position: static;
		}
	}
	.optgroup {
		display: inline-block;
		line-height: 22px;
		font-size: 10pt;
	}
	.optgroup .button {
		height: 25px;
		padding-top: 0;
		padding-bottom: 0;
	}
	.optgroup button.button {
		padding-left: 12px;
		padding-right: 12px;
	}
	.linklist {
		list-style: none;
		margin: 0.5em 0;
		padding: 0;
	}
	.linklist li {
		padding: 2px 0;
	}
	.sidebar {
		float: left;
		width: 320px;
	}
	.bar-wrapper {
		max-width: 1100px;
		margin: 0 auto;
	}
	.bar-wrapper.has-sidebar {
		max-width: 1430px;
	}
	.mainbar {
		margin: 0;
		padding-right: 1px;
	}
	.mainbar.has-sidebar {
		margin-left: 330px;
	}
	@media (min-width: 1511px) {
		.sidebar {
			width: 400px;
		}
		.bar-wrapper.has-sidebar {
			max-width: 1510px;
		}
		.mainbar.has-sidebar {
			margin-left: 410px;
		}
	}
	.section.first-section {
		margin-top: 9px;
	}
	.blocklink small {
		white-space: normal;
	}
	.button {
		vertical-align: middle;
	}
	.replay-controls {
		padding-top: 10px;
	}
	.replay-controls h1 {
		font-size: 16pt;
		font-weight: normal;
		color: #CCC;
	}
	.pagelink {
		text-align: center;
	}
	.pagelink a {
		width: 150px;
	}
	.textbox, .button {
		font-size: 11pt;
		vertical-align: middle;
	}
	@media (max-width: 450px) {
		.button {
			font-size: 9pt;
		}
	}
</style>

<div>

	<header>
		<div class="nav-wrapper"><ul class="nav">
			<li><a class="button nav-first" href="//pokemonshowdown.com/"><img src="//pokemonshowdown.com/images/pokemonshowdownbeta.png" srcset="//pokemonshowdown.com/images/pokemonshowdownbeta.png 1x, //pokemonshowdown.com/images/pokemonshowdownbeta@2x.png 2x" alt="Pok&eacute;mon Showdown" width="146" height="44" /> Home</a></li>
			<li><a class="button" href="//pokemonshowdown.com/dex/">Pok&eacute;dex</a></li>
			<li><a class="button cur" href="/">Replays</a></li>
			<li><a class="button" href="//pokemonshowdown.com/ladder/">Ladder</a></li>
			<li><a class="button nav-last" href="//pokemonshowdown.com/forums/">Forum</a></li>
			<li><a class="button greenbutton nav-first nav-last" href="//play.pokemonshowdown.com/">Play</a></li>
		</ul></div>
	</header>

	<div class="main" id="main">

		<noscript><section class="section">You need to enable JavaScript to use this page; sorry!</section></noscript>

	</div>

</div>

<script defer nomodule src="//play.pokemonshowdown.com/js/lib/ps-polyfill.js"></script>
<script defer src="//play.pokemonshowdown.com/js/lib/preact.min.js"></script>

<script defer src="//play.pokemonshowdown.com/config/config.js?6dec07f6"></script>
<script defer src="//play.pokemonshowdown.com/js/lib/jquery-1.11.0.min.js"></script>
<script defer src="//play.pokemonshowdown.com/js/lib/html-sanitizer-minified.js"></script>
<script defer src="//play.pokemonshowdown.com/js/battle-sound.js"></script>
<script defer src="//play.pokemonshowdown.com/js/battledata.js?0.6315294753075389"></script>
<script defer src="//play.pokemonshowdown.com/data/pokedex-mini.js?0.7603743185311358"></script>
<script defer src="//play.pokemonshowdown.com/data/pokedex-mini-bw.js?0.030888842834281283"></script>
<script defer src="//play.pokemonshowdown.com/data/graphics.js?0.05593094747507488"></script>
<script defer src="//play.pokemonshowdown.com/data/pokedex.js?0.47064822249611904"></script>
<script defer src="//play.pokemonshowdown.com/data/moves.js?0.8583693120512459"></script>
<script defer src="//play.pokemonshowdown.com/data/abilities.js?0.16017181182386842"></script>
<script defer src="//play.pokemonshowdown.com/data/items.js?0.4163379185673943"></script>
<script defer src="//play.pokemonshowdown.com/data/teambuilder-tables.js?0.31075597372830477"></script>
<script defer src="//play.pokemonshowdown.com/js/battle-tooltips.js?0.6536193500708172"></script>
<script defer src="//play.pokemonshowdown.com/js/battle.js?0.1916591943277901"></script>

<script defer src="js/utils.js?e31f9a17"></script>
<script defer src="js/replays-battle.js?7008c182"></script>

<!-- don't scrape this data! just add .json or .log after the URL!
Full API docs: https://github.com/smogon/pokemon-showdown-client/blob/master/WEB-API.md -->
<script type="text/plain" class="log" id="replaylog-smogtours-gen3ou-797108">
|inactive|Battle timer is ON: inactive players will automatically lose when time's up.
|t:|1728610466
|gametype|singles
|player|p1|OneWhoRants|1|
|player|p2|philiposophical|nurseryaide|
|teamsize|p1|6
|teamsize|p2|6
|gen|3
|tier|[Gen 3] OU
|rule|Sleep Clause Mod: Limit one foe put to sleep
|rule|Switch Priority Clause Mod: Faster Pokémon switch first
|rule|Species Clause: Limit one of each Pokémon
|rule|OHKO Clause: OHKO moves are banned
|rule|Evasion Items Clause: Evasion items are banned
|rule|Evasion Moves Clause: Evasion moves are banned
|rule|Endless Battle Clause: Forcing endless battles is banned
|rule|HP Percentage Mod: HP is shown in percentages
|rule|One Boost Passer Clause: Limit one Baton Passer that has a way to boost its stats
|rule|Freeze Clause Mod: Limit one foe frozen
|
|t:|1728610466
|start
|switch|p1a: Skarmory|Skarmory, M|100/100
|switch|p2a: Aerodactyl|Aerodactyl, F|100/100
|turn|1
|
|t:|1728610476
|move|p2a: Aerodactyl|Substitute|p2a: Aerodactyl
|-start|p2a: Aerodactyl|Substitute
|-damage|p2a: Aerodactyl|75/100
|move|p1a: Skarmory|Spikes|p2a: Aerodactyl
|-sidestart|p2: philiposophical|Spikes
|
|upkeep
|turn|2
|
|t:|1728610482
|move|p1a: Skarmory|Protect|p1a: Skarmory
|-singleturn|p1a: Skarmory|Protect
|move|p2a: Aerodactyl|Rock Slide|p1a: Skarmory
|-activate|p1a: Skarmory|Protect
|
|upkeep
|turn|3
|inactive|OneWhoRants has 270 seconds left.
|
|t:|1728610520
|move|p2a: Aerodactyl|Rock Slide|p1a: Skarmory
|-damage|p1a: Skarmory|77/100
|move|p1a: Skarmory|Roar|p2a: Aerodactyl
|drag|p2a: Blissey|Blissey, F|100/100
|-damage|p2a: Blissey|88/100|[from] Spikes
|
|-heal|p1a: Skarmory|83/100|[from] item: Leftovers
|-heal|p2a: Blissey|94/100|[from] item: Leftovers
|upkeep
|turn|4
|inactive|OneWhoRants has 270 seconds left.
|
|t:|1728610548
|switch|p1a: Metagross|Metagross|100/100
|move|p2a: Blissey|Thunder Wave|p1a: Metagross
|-status|p1a: Metagross|par
|
|-heal|p2a: Blissey|99/100|[from] item: Leftovers
|upkeep
|turn|5
|inactive|OneWhoRants has 240 seconds left.
|
|t:|1728610594
|switch|p2a: Swampert|Swampert, F|100/100
|-damage|p2a: Swampert|88/100|[from] Spikes
|switch|p1a: Skarmory|Skarmory, M|83/100
|
|-heal|p1a: Skarmory|89/100|[from] item: Leftovers
|-heal|p2a: Swampert|94/100|[from] item: Leftovers
|upkeep
|turn|6
|
|t:|1728610604
|switch|p2a: Forretress|Forretress, M|100/100
|-damage|p2a: Forretress|88/100|[from] Spikes
|move|p1a: Skarmory|Spikes|p2a: Forretress
|-sidestart|p2: philiposophical|Spikes
|
|-heal|p1a: Skarmory|95/100|[from] item: Leftovers
|-heal|p2a: Forretress|94/100|[from] item: Leftovers
|upkeep
|turn|7
|
|t:|1728610620
|switch|p1a: Gengar|Gengar, M|100/100
|move|p2a: Forretress|Spikes|p1a: Gengar
|-sidestart|p1: OneWhoRants|Spikes
|
|-heal|p2a: Forretress|100/100|[from] item: Leftovers
|upkeep
|turn|8
|
|t:|1728610631
|switch|p2a: Blissey|Blissey, F|99/100
|-damage|p2a: Blissey|84/100|[from] Spikes
|move|p1a: Gengar|Fire Punch|p2a: Blissey
|-damage|p2a: Blissey|73/100
|
|-heal|p2a: Blissey|79/100|[from] item: Leftovers
|upkeep
|turn|9
|
|t:|1728610647
|switch|p1a: Metagross|Metagross|100/100 par
|-damage|p1a: Metagross|88/100 par|[from] Spikes
|move|p2a: Blissey|Ice Beam|p1a: Metagross
|-resisted|p1a: Metagross
|-damage|p1a: Metagross|75/100 par
|
|-heal|p2a: Blissey|85/100|[from] item: Leftovers
|-heal|p1a: Metagross|81/100 par|[from] item: Leftovers
|upkeep
|turn|10
|inactive|OneWhoRants has 210 seconds left.
|inactive|philiposophical has 270 seconds left.
|
|t:|1728610683
|move|p2a: Blissey|Seismic Toss|p1a: Metagross
|-damage|p1a: Metagross|52/100 par
|move|p1a: Metagross|Meteor Mash|p2a: Blissey
|-damage|p2a: Blissey|27/100
|
|-heal|p2a: Blissey|33/100|[from] item: Leftovers
|-heal|p1a: Metagross|58/100 par|[from] item: Leftovers
|upkeep
|turn|11
|inactive|philiposophical has 270 seconds left.
|
|t:|1728610701
|switch|p2a: Swampert|Swampert, F|94/100
|-damage|p2a: Swampert|78/100|[from] Spikes
|cant|p1a: Metagross|par
|
|-heal|p2a: Swampert|84/100|[from] item: Leftovers
|-heal|p1a: Metagross|64/100 par|[from] item: Leftovers
|upkeep
|turn|12
|inactive|philiposophical has 270 seconds left.
|inactive|OneWhoRants has 180 seconds left.
|inactive|OneWhoRants has 150 seconds left.
|
|t:|1728610759
|switch|p1a: Skarmory|Skarmory, M|95/100
|move|p2a: Swampert|Surf|p1a: Skarmory
|-crit|p1a: Skarmory
|-damage|p1a: Skarmory|39/100
|
|-heal|p1a: Skarmory|45/100|[from] item: Leftovers
|-heal|p2a: Swampert|90/100|[from] item: Leftovers
|upkeep
|turn|13
|inactive|OneWhoRants has 150 seconds left.
|
|t:|1728610770
|move|p1a: Skarmory|Protect|p1a: Skarmory
|-singleturn|p1a: Skarmory|Protect
|move|p2a: Swampert|Surf|p1a: Skarmory
|-activate|p1a: Skarmory|Protect
|
|-heal|p1a: Skarmory|50/100|[from] item: Leftovers
|-heal|p2a: Swampert|96/100|[from] item: Leftovers
|upkeep
|turn|14
|inactive|OneWhoRants has 150 seconds left.
|inactive|OneWhoRants has 120 seconds left.
|
|t:|1728610826
|switch|p1a: Regice|Regice|100/100
|-damage|p1a: Regice|88/100|[from] Spikes
|move|p2a: Swampert|Surf|p1a: Regice
|-damage|p1a: Regice|74/100
|
|-heal|p2a: Swampert|100/100|[from] item: Leftovers
|-heal|p1a: Regice|81/100|[from] item: Leftovers
|upkeep
|turn|15
|
|t:|1728610844
|move|p2a: Swampert|Toxic|p1a: Regice
|-status|p1a: Regice|tox
|move|p1a: Regice|Ice Beam|p2a: Swampert
|-damage|p2a: Swampert|61/100
|
|-heal|p2a: Swampert|67/100|[from] item: Leftovers
|-heal|p1a: Regice|87/100 tox|[from] item: Leftovers
|-damage|p1a: Regice|81/100 tox|[from] psn
|upkeep
|turn|16
|
|t:|1728610854
|move|p2a: Swampert|Protect|p2a: Swampert
|-singleturn|p2a: Swampert|Protect
|move|p1a: Regice|Ice Beam|p2a: Swampert
|-activate|p2a: Swampert|Protect
|
|-heal|p2a: Swampert|73/100|[from] item: Leftovers
|-heal|p1a: Regice|87/100 tox|[from] item: Leftovers
|-damage|p1a: Regice|74/100 tox|[from] psn
|upkeep
|turn|17
|
|t:|1728610885
|switch|p2a: Blissey|Blissey, F|33/100
|-damage|p2a: Blissey|17/100|[from] Spikes
|move|p1a: Regice|Explosion|p2a: Blissey
|-damage|p2a: Blissey|0 fnt
|faint|p1a: Regice
|faint|p2a: Blissey
|
|t:|1728610900
|switch|p2a: Aerodactyl|Aerodactyl, F|75/100
|switch|p1a: Claydol|Claydol|100/100
|
|upkeep
|turn|18
|
|t:|1728610909
|switch|p2a: Meganium|Meganium, F|100/100
|-damage|p2a: Meganium|84/100|[from] Spikes
|move|p1a: Claydol|Psychic|p2a: Meganium
|-damage|p2a: Meganium|63/100
|
|upkeep
|turn|19
|inactive|OneWhoRants has 90 seconds left.
|inactive|philiposophical has 270 seconds left.
|inactive|OneWhoRants has 60 seconds left.
|
|t:|1728610977
|switch|p2a: Aerodactyl|Aerodactyl, F|75/100
|switch|p1a: Skarmory|Skarmory, M|50/100
|
|-heal|p1a: Skarmory|56/100|[from] item: Leftovers
|upkeep
|turn|20
|
|t:|1728610986
|move|p2a: Aerodactyl|Rock Slide|p1a: Skarmory
|-damage|p1a: Skarmory|32/100
|move|p1a: Skarmory|Roar|p2a: Aerodactyl
|drag|p2a: Zapdos|Zapdos|100/100
|
|-heal|p1a: Skarmory|38/100|[from] item: Leftovers
|upkeep
|turn|21
|inactive|OneWhoRants has 60 seconds left.
|
|t:|1728611015
|move|p2a: Zapdos|Substitute|p2a: Zapdos
|-start|p2a: Zapdos|Substitute
|-damage|p2a: Zapdos|76/100
|move|p1a: Skarmory|Roar|p2a: Zapdos
|drag|p2a: Swampert|Swampert, F|73/100
|-damage|p2a: Swampert|57/100|[from] Spikes
|
|-heal|p1a: Skarmory|44/100|[from] item: Leftovers
|-heal|p2a: Swampert|63/100|[from] item: Leftovers
|upkeep
|turn|22
|
|t:|1728611032
|move|p1a: Skarmory|Protect|p1a: Skarmory
|-singleturn|p1a: Skarmory|Protect
|move|p2a: Swampert|Surf|p1a: Skarmory
|-activate|p1a: Skarmory|Protect
|
|-heal|p1a: Skarmory|50/100|[from] item: Leftovers
|-heal|p2a: Swampert|69/100|[from] item: Leftovers
|upkeep
|turn|23
|
|t:|1728611047
|switch|p1a: Suicune|Suicune|100/100
|-damage|p1a: Suicune|88/100|[from] Spikes
|move|p2a: Swampert|Surf|p1a: Suicune
|-resisted|p1a: Suicune
|-damage|p1a: Suicune|77/100
|
|-heal|p1a: Suicune|84/100|[from] item: Leftovers
|-heal|p2a: Swampert|75/100|[from] item: Leftovers
|upkeep
|turn|24
|inactive|OneWhoRants has 30 seconds left.
|inactive|OneWhoRants has 20 seconds left.
|
|t:|1728611074
|move|p1a: Suicune|Calm Mind|p1a: Suicune
|-boost|p1a: Suicune|spa|1
|-boost|p1a: Suicune|spd|1
|move|p2a: Swampert|Toxic|p1a: Suicune
|-status|p1a: Suicune|tox
|
|-heal|p1a: Suicune|90/100 tox|[from] item: Leftovers
|-damage|p1a: Suicune|84/100 tox|[from] psn
|-heal|p2a: Swampert|82/100|[from] item: Leftovers
|upkeep
|turn|25
|inactive|OneWhoRants has 30 seconds left this turn.
|inactive|OneWhoRants has 20 seconds left.
|inactive|philiposophical has 270 seconds left.
|
|t:|1728611117
|switch|p2a: Meganium|Meganium, F|63/100
|-damage|p2a: Meganium|47/100|[from] Spikes
|move|p1a: Suicune|Calm Mind|p1a: Suicune
|-boost|p1a: Suicune|spa|1
|-boost|p1a: Suicune|spd|1
|
|-heal|p1a: Suicune|90/100 tox|[from] item: Leftovers
|-damage|p1a: Suicune|77/100 tox|[from] psn
|upkeep
|turn|26
|inactive|OneWhoRants has 30 seconds left this turn.
|inactive|OneWhoRants has 20 seconds left.
|inactive|OneWhoRants has 15 seconds left.
|
|t:|1728611136
|move|p2a: Meganium|Double-Edge|p1a: Suicune
|-damage|p1a: Suicune|60/100 tox
|-damage|p2a: Meganium|40/100|[from] Recoil|[of] p1a: Suicune
|move|p1a: Suicune|Rest|p1a: Suicune
|-status|p1a: Suicune|slp|[from] move: Rest
|-heal|p1a: Suicune|100/100 slp|[silent]
|
|upkeep
|turn|27
|inactive|OneWhoRants has 25 seconds left this turn.
|inactive|OneWhoRants has 20 seconds left.
|
|t:|1728611144
|move|p2a: Meganium|Swords Dance|p2a: Meganium
|-boost|p2a: Meganium|atk|2
|cant|p1a: Suicune|slp
|move|p1a: Suicune|Sleep Talk|p1a: Suicune
|move|p1a: Suicune|Calm Mind|p1a: Suicune|[from]Sleep Talk
|-boost|p1a: Suicune|spa|1
|-boost|p1a: Suicune|spd|1
|
|upkeep
|turn|28
|inactive|OneWhoRants has 30 seconds left this turn.
|
|t:|1728611157
|move|p2a: Meganium|Swords Dance|p2a: Meganium
|-boost|p2a: Meganium|atk|2
|cant|p1a: Suicune|slp
|move|p1a: Suicune|Sleep Talk|p1a: Suicune
|move|p1a: Suicune|Rest|p1a: Suicune|[from]Sleep Talk
|
|upkeep
|turn|29
|
|t:|1728611167
|move|p2a: Meganium|Earthquake|p1a: Suicune
|-damage|p1a: Suicune|56/100 slp
|-curestatus|p1a: Suicune|slp|[msg]
|move|p1a: Suicune|Surf|p2a: Meganium
|-resisted|p2a: Meganium
|-damage|p2a: Meganium|0 fnt
|faint|p2a: Meganium
|
|t:|1728611177
|switch|p2a: Zapdos|Zapdos|76/100
|
|-heal|p2a: Zapdos|82/100|[from] item: Leftovers
|-heal|p1a: Suicune|63/100|[from] item: Leftovers
|upkeep
|turn|30
|inactive|OneWhoRants has 30 seconds left.
|c|☆philiposophical|Crit needed for me to have any winpath
|c|☆philiposophical|Many such cases
|
|t:|1728611204
|move|p2a: Zapdos|Thunderbolt|p1a: Suicune
|-supereffective|p1a: Suicune
|-damage|p1a: Suicune|30/100
|move|p1a: Suicune|Surf|p2a: Zapdos
|-damage|p2a: Zapdos|0 fnt
|faint|p2a: Zapdos
|inactive|OneWhoRants has 30 seconds left this turn.
|
|t:|1728611212
|switch|p2a: Aerodactyl|Aerodactyl, F|75/100
|
|-heal|p1a: Suicune|36/100|[from] item: Leftovers
|upkeep
|turn|31
|inactive|OneWhoRants has 30 seconds left.
|
|t:|1728611226
|move|p2a: Aerodactyl|Rock Slide|p1a: Suicune
|-damage|p1a: Suicune|10/100
|move|p1a: Suicune|Rest|p1a: Suicune
|-status|p1a: Suicune|slp|[from] move: Rest
|-heal|p1a: Suicune|100/100 slp|[silent]
|
|upkeep
|turn|32
|
|t:|1728611233
|move|p2a: Aerodactyl|Substitute|p2a: Aerodactyl
|-start|p2a: Aerodactyl|Substitute
|-damage|p2a: Aerodactyl|50/100
|cant|p1a: Suicune|slp
|move|p1a: Suicune|Sleep Talk|p1a: Suicune
|move|p1a: Suicune|Rest|p1a: Suicune|[from]Sleep Talk
|
|upkeep
|turn|33
|inactive|philiposophical has 270 seconds left.
|
|t:|1728611244
|move|p2a: Aerodactyl|Rock Slide|p1a: Suicune
|-damage|p1a: Suicune|74/100 slp
|cant|p1a: Suicune|slp
|move|p1a: Suicune|Sleep Talk|p1a: Suicune
|move|p1a: Suicune|Rest|p1a: Suicune|[from]Sleep Talk
|
|-heal|p1a: Suicune|80/100 slp|[from] item: Leftovers
|upkeep
|turn|34
|inactive|philiposophical has 270 seconds left.
|
|t:|1728611255
|move|p2a: Aerodactyl|Rock Slide|p1a: Suicune
|-damage|p1a: Suicune|56/100 slp
|-curestatus|p1a: Suicune|slp|[msg]
|move|p1a: Suicune|Calm Mind|p1a: Suicune
|-boost|p1a: Suicune|spa|1
|-boost|p1a: Suicune|spd|1
|
|-heal|p1a: Suicune|62/100|[from] item: Leftovers
|upkeep
|turn|35
|inactive|philiposophical has 270 seconds left.
|
|t:|1728611268
|move|p2a: Aerodactyl|Rock Slide|p1a: Suicune
|-damage|p1a: Suicune|35/100
|move|p1a: Suicune|Rest|p1a: Suicune
|-status|p1a: Suicune|slp|[from] move: Rest
|-heal|p1a: Suicune|100/100 slp|[silent]
|
|upkeep
|turn|36
|inactive|OneWhoRants has 60 seconds left.
|inactive|philiposophical has 270 seconds left.
|
|t:|1728611278
|move|p2a: Aerodactyl|Earthquake|p1a: Suicune
|-damage|p1a: Suicune|77/100 slp
|cant|p1a: Suicune|slp
|move|p1a: Suicune|Sleep Talk|p1a: Suicune
|move|p1a: Suicune|Surf|p2a: Aerodactyl|[from]Sleep Talk
|-supereffective|p2a: Aerodactyl
|-end|p2a: Aerodactyl|Substitute
|
|-heal|p1a: Suicune|83/100 slp|[from] item: Leftovers
|upkeep
|turn|37
|inactive|OneWhoRants has 60 seconds left.
|inactive|philiposophical has 270 seconds left.
|
|t:|1728611290
|move|p2a: Aerodactyl|Substitute|p2a: Aerodactyl
|-start|p2a: Aerodactyl|Substitute
|-damage|p2a: Aerodactyl|25/100
|cant|p1a: Suicune|slp
|move|p1a: Suicune|Sleep Talk|p1a: Suicune
|move|p1a: Suicune|Surf|p2a: Aerodactyl|[from]Sleep Talk
|-supereffective|p2a: Aerodactyl
|-end|p2a: Aerodactyl|Substitute
|
|-enditem|p2a: Aerodactyl|Liechi Berry|[eat]
|-boost|p2a: Aerodactyl|atk|1|[from] item: Liechi Berry
|-heal|p1a: Suicune|89/100 slp|[from] item: Leftovers
|upkeep
|turn|38
|inactive|philiposophical has 270 seconds left.
|
|t:|1728611304
|move|p2a: Aerodactyl|Rock Slide|p1a: Suicune
|-damage|p1a: Suicune|49/100 slp
|-curestatus|p1a: Suicune|slp|[msg]
|move|p1a: Suicune|Surf|p2a: Aerodactyl
|-supereffective|p2a: Aerodactyl
|-crit|p2a: Aerodactyl
|-damage|p2a: Aerodactyl|0 fnt
|faint|p2a: Aerodactyl
|inactive|philiposophical has 270 seconds left.
|
|t:|1728611313
|switch|p2a: Forretress|Forretress, M|100/100
|-damage|p2a: Forretress|84/100|[from] Spikes
|
|-heal|p1a: Suicune|55/100|[from] item: Leftovers
|-heal|p2a: Forretress|90/100|[from] item: Leftovers
|upkeep
|turn|39
|
|t:|1728611323
|move|p1a: Suicune|Surf|p2a: Forretress
|-damage|p2a: Forretress|0 fnt
|faint|p2a: Forretress
|
|t:|1728611328
|switch|p2a: Swampert|Swampert, F|82/100
|-damage|p2a: Swampert|65/100|[from] Spikes
|
|-heal|p1a: Suicune|61/100|[from] item: Leftovers
|-heal|p2a: Swampert|71/100|[from] item: Leftovers
|upkeep
|turn|40
|
|t:|1728611336
|move|p1a: Suicune|Surf|p2a: Swampert
|-damage|p2a: Swampert|0 fnt
|faint|p2a: Swampert
|
|win|OneWhoRants
|c|☆OneWhoRants|gg
|c|☆philiposophical|G1 done
|player|p1|
|player|p2|
|player|p1|OneWhoRants|1|

</script>
<script type="application/json" class="data" id="replaydata-smogtours-gen3ou-797108">
{"id":"smogtours-gen3ou-797108","format":"[Gen 3] OU","players":["OneWhoRants","philiposophical"],"uploadtime":1728611336,"views":109,"formatid":"gen3ou","rating":null,"private":0,"password":null}
</script>

<script defer src="js/replays.js?9d40a366"></script>
