<!DOCTYPE html>
<meta charset="utf-8" />
<meta name="viewport" content="width=device-width" />

<title>[Gen 3] OU: leng loi vs. Msousagamer - Replays - Pok&eacute;mon Showdown!</title>

<meta name="description" content="Watch a replay of a Pok&eacute;mon battle between leng loi and Msousagamer! Format: [Gen 3] OU; Date: Nov 2, 2024" />
<!--

Hey, you! Looking in the source for the replay log?

You can find them in JSON format, just add `.json` at the end of a replay URL.

https://replay.pokemonshowdown.com/gen7randomdoublesbattle-865046831.json

Or, if you only need the log itself, add `.log` instead:

https://replay.pokemonshowdown.com/gen7randomdoublesbattle-865046831.log

-->

<link rel="stylesheet" href="//pokemonshowdown.com/style/global.css?0.023195364461161105" />
<link rel="stylesheet" href="//play.pokemonshowdown.com/style/font-awesome.css?0.13261647063804238" />
<link rel="stylesheet" href="//play.pokemonshowdown.com/style/battle.css?0.8753245789963631" />
<link rel="stylesheet" href="//play.pokemonshowdown.com/style/utilichart.css?0.8627959624976733" />

<!-- Global site tag (gtag.js) - Google Analytics -->
<script async src="https://www.googletagmanager.com/gtag/js?id=UA-26211653-1"></script>
<script>
  window.dataLayer = window.dataLayer || [];
  function gtag(){dataLayer.push(arguments);}
  gtag('js', new Date());

  gtag('config', 'UA-26211653-1');
</script>
<!-- End Google Analytics -->
<!-- Venatus Ad Manager - Install in <HEAD> of page -->
	<script src="https://hb.vntsm.com/v3/live/ad-manager.min.js" type="text/javascript" data-site-id="642aba63ec9a7b11c3c9c1be" data-mode="scan" async></script>
<!-- / Venatus Ad Manager -->

<style>
	@media (max-width:820px) {
		.battle {
			margin: 0 auto;
		}
		.battle-log {
			margin: 7px auto 0;
			max-width: 640px;
			height: 300px;
			position: static;
		}
	}
	.optgroup {
		display: inline-block;
		line-height: 22px;
		font-size: 10pt;
	}
	.optgroup .button {
		height: 25px;
		padding-top: 0;
		padding-bottom: 0;
	}
	.optgroup button.button {
		padding-left: 12px;
		padding-right: 12px;
	}
	.linklist {
		list-style: none;
		margin: 0.5em 0;
		padding: 0;
	}
	.linklist li {
		padding: 2px 0;
	}
	.sidebar {
		float: left;
		width: 320px;
	}
	.bar-wrapper {
		max-width: 1100px;
		margin: 0 auto;
	}
	.bar-wrapper.has-sidebar {
		max-width: 1430px;
	}
	.mainbar {
		margin: 0;
		padding-right: 1px;
	}
	.mainbar.has-sidebar {
		margin-left: 330px;
	}
	@media (min-width: 1511px) {
		.sidebar {
			width: 400px;
		}
		.bar-wrapper.has-sidebar {
			max-width: 1510px;
		}
		.mainbar.has-sidebar {
			margin-left: 410px;
		}
	}
	.section.first-section {
		margin-top: 9px;
	}
	.blocklink small {
		white-space: normal;
	}
	.button {
		vertical-align: middle;
	}
	.replay-controls {
		padding-top: 10px;
	}
	.replay-controls h1 {
		font-size: 16pt;
		font-weight: normal;
		color: #CCC;
	}
	.pagelink {
		text-align: center;
	}
	.pagelink a {
		width: 150px;
	}
	.textbox, .button {
		font-size: 11pt;
		vertical-align: middle;
	}
	@media (max-width: 450px) {
		.button {
			font-size: 9pt;
		}
	}
</style>

<div>

	<header>
		<div class="nav-wrapper"><ul class="nav">
			<li><a class="button nav-first" href="//pokemonshowdown.com/"><img src="//pokemonshowdown.com/images/pokemonshowdownbeta.png" srcset="//pokemonshowdown.com/images/pokemonshowdownbeta.png 1x, //pokemonshowdown.com/images/pokemonshowdownbeta@2x.png 2x" alt="Pok&eacute;mon Showdown" width="146" height="44" /> Home</a></li>
			<li><a class="button" href="//pokemonshowdown.com/dex/">Pok&eacute;dex</a></li>
			<li><a class="button cur" href="/">Replays</a></li>
			<li><a class="button" href="//pokemonshowdown.com/ladder/">Ladder</a></li>
			<li><a class="button nav-last" href="//pokemonshowdown.com/forums/">Forum</a></li>
			<li><a class="button greenbutton nav-first nav-last" href="//play.pokemonshowdown.com/">Play</a></li>
		</ul></div>
	</header>

	<div class="main" id="main">

		<noscript><section class="section">You need to enable JavaScript to use this page; sorry!</section></noscript>

	</div>

</div>

<script defer nomodule src="//play.pokemonshowdown.com/js/lib/ps-polyfill.js"></script>
<script defer src="//play.pokemonshowdown.com/js/lib/preact.min.js"></script>

<script defer src="//play.pokemonshowdown.com/config/config.js?2bddbc15"></script>
<script defer src="//play.pokemonshowdown.com/js/lib/jquery-1.11.0.min.js"></script>
<script defer src="//play.pokemonshowdown.com/js/lib/html-sanitizer-minified.js"></script>
<script defer src="//play.pokemonshowdown.com/js/battle-sound.js"></script>
<script defer src="//play.pokemonshowdown.com/js/battledata.js?0.7209276989879541"></script>
<script defer src="//play.pokemonshowdown.com/data/pokedex-mini.js?0.6111056340867951"></script>
<script defer src="//play.pokemonshowdown.com/data/pokedex-mini-bw.js?0.3532142036491459"></script>
<script defer src="//play.pokemonshowdown.com/data/graphics.js?0.24223875632456182"></script>
<script defer src="//play.pokemonshowdown.com/data/pokedex.js?0.38839984266356864"></script>
<script defer src="//play.pokemonshowdown.com/data/moves.js?0.21866028504024015"></script>
<script defer src="//play.pokemonshowdown.com/data/abilities.js?0.2005157953846628"></script>
<script defer src="//play.pokemonshowdown.com/data/items.js?0.9894211263848525"></script>
<script defer src="//play.pokemonshowdown.com/data/teambuilder-tables.js?0.6008791140282215"></script>
<script defer src="//play.pokemonshowdown.com/js/battle-tooltips.js?0.7580118955022959"></script>
<script defer src="//play.pokemonshowdown.com/js/battle.js?0.6057722274234274"></script>

<script defer src="js/utils.js?e31f9a17"></script>
<script defer src="js/replays-battle.js?7008c182"></script>

<!-- don't scrape this data! just add .json or .log after the URL!
Full API docs: https://github.com/smogon/pokemon-showdown-client/blob/master/WEB-API.md -->
<script type="text/plain" class="log" id="replaylog-smogtours-gen3ou-803997">
|inactive|Battle timer is ON: inactive players will automatically lose when time's up.
|t:|1730568855
|gametype|singles
|player|p1|leng loi|#scl4machines2|
|player|p2|Msousagamer|veteran|
|teamsize|p1|6
|teamsize|p2|6
|gen|3
|tier|[Gen 3] OU
|rule|Sleep Clause Mod: Limit one foe put to sleep
|rule|Switch Priority Clause Mod: Faster Pokémon switch first
|rule|Species Clause: Limit one of each Pokémon
|rule|OHKO Clause: OHKO moves are banned
|rule|Evasion Items Clause: Evasion items are banned
|rule|Evasion Moves Clause: Evasion moves are banned
|rule|Endless Battle Clause: Forcing endless battles is banned
|rule|HP Percentage Mod: HP is shown in percentages
|rule|One Boost Passer Clause: Limit one Baton Passer that has a way to boost its stats
|rule|Freeze Clause Mod: Limit one foe frozen
|
|t:|1730568855
|start
|switch|p1a: Zapdos|Zapdos|100/100
|switch|p2a: Tyranitar|Tyranitar, M|100/100
|-weather|Sandstorm|[from] ability: Sand Stream|[of] p2a: Tyranitar
|turn|1
|c|☆leng loi|hf
|c|☆Msousagamer|gl hf
|
|t:|1730568882
|move|p1a: Zapdos|Baton Pass|p1a: Zapdos
|
|t:|1730568884
|switch|p1a: Breloom|Breloom, M|100/100|[from] Baton Pass
|move|p2a: Tyranitar|Dragon Dance|p2a: Tyranitar
|-boost|p2a: Tyranitar|atk|1
|-boost|p2a: Tyranitar|spe|1
|
|-weather|Sandstorm|[upkeep]
|-damage|p1a: Breloom|94/100|[from] Sandstorm
|-heal|p1a: Breloom|100/100|[from] item: Leftovers
|upkeep
|turn|2
|
|t:|1730568912
|switch|p2a: Skarmory|Skarmory, M|100/100
|move|p1a: Breloom|Mach Punch|p2a: Skarmory
|-damage|p2a: Skarmory|83/100
|
|-weather|Sandstorm|[upkeep]
|-damage|p1a: Breloom|94/100|[from] Sandstorm
|-heal|p1a: Breloom|100/100|[from] item: Leftovers
|-heal|p2a: Skarmory|89/100|[from] item: Leftovers
|upkeep
|turn|3
|
|t:|1730568917
|move|p1a: Breloom|Spore|p2a: Skarmory
|-status|p2a: Skarmory|slp|[from] move: Spore
|cant|p2a: Skarmory|slp
|
|-weather|Sandstorm|[upkeep]
|-damage|p1a: Breloom|94/100|[from] Sandstorm
|-heal|p1a: Breloom|100/100|[from] item: Leftovers
|-heal|p2a: Skarmory|95/100 slp|[from] item: Leftovers
|upkeep
|turn|4
|
|t:|1730568921
|-singleturn|p1a: Breloom|move: Focus Punch
|cant|p2a: Skarmory|slp
|move|p1a: Breloom|Focus Punch|p2a: Skarmory
|-damage|p2a: Skarmory|39/100 slp
|
|-weather|Sandstorm|[upkeep]
|-damage|p1a: Breloom|94/100|[from] Sandstorm
|-heal|p1a: Breloom|100/100|[from] item: Leftovers
|-heal|p2a: Skarmory|45/100 slp|[from] item: Leftovers
|upkeep
|turn|5
|
|t:|1730568925
|-singleturn|p1a: Breloom|move: Focus Punch
|switch|p2a: Gengar|Gengar, M|100/100
|move|p1a: Breloom|Focus Punch|p2a: Gengar
|-immune|p2a: Gengar
|
|-weather|Sandstorm|[upkeep]
|-damage|p2a: Gengar|94/100|[from] Sandstorm
|-damage|p1a: Breloom|94/100|[from] Sandstorm
|-heal|p2a: Gengar|100/100|[from] item: Leftovers
|-heal|p1a: Breloom|100/100|[from] item: Leftovers
|upkeep
|turn|6
|inactive|leng loi has 270 seconds left.
|
|t:|1730568969
|switch|p1a: Zapdos|Zapdos|100/100
|move|p2a: Gengar|Will-O-Wisp|p1a: Zapdos|[miss]
|-miss|p2a: Gengar|p1a: Zapdos
|
|-weather|Sandstorm|[upkeep]
|-damage|p1a: Zapdos|94/100|[from] Sandstorm
|-damage|p2a: Gengar|94/100|[from] Sandstorm
|-heal|p1a: Zapdos|100/100|[from] item: Leftovers
|-heal|p2a: Gengar|100/100|[from] item: Leftovers
|upkeep
|turn|7
|
|t:|1730568975
|switch|p2a: Blissey|Blissey, F|100/100
|move|p1a: Zapdos|Substitute|p1a: Zapdos
|-start|p1a: Zapdos|Substitute
|-damage|p1a: Zapdos|76/100
|
|-weather|Sandstorm|[upkeep]
|-damage|p1a: Zapdos|69/100|[from] Sandstorm
|-damage|p2a: Blissey|94/100|[from] Sandstorm
|-heal|p1a: Zapdos|76/100|[from] item: Leftovers
|-heal|p2a: Blissey|100/100|[from] item: Leftovers
|upkeep
|turn|8
|
|t:|1730568980
|move|p1a: Zapdos|Baton Pass|p1a: Zapdos
|
|t:|1730568981
|switch|p1a: Metagross|Metagross|100/100|[from] Baton Pass
|move|p2a: Blissey|Seismic Toss|p1a: Metagross
|-end|p1a: Metagross|Substitute
|
|-weather|Sandstorm|[upkeep]
|-damage|p2a: Blissey|94/100|[from] Sandstorm
|-heal|p2a: Blissey|100/100|[from] item: Leftovers
|upkeep
|turn|9
|
|t:|1730568985
|switch|p2a: Charizard|Charizard, M|100/100
|move|p1a: Metagross|Meteor Mash|p2a: Charizard
|-resisted|p2a: Charizard
|-damage|p2a: Charizard|37/100
|
|-weather|Sandstorm|[upkeep]
|-damage|p2a: Charizard|31/100|[from] Sandstorm
|-heal|p2a: Charizard|37/100|[from] item: Leftovers
|upkeep
|turn|10
|inactive|Msousagamer has 270 seconds left.
|inactive|leng loi has 270 seconds left.
|
|t:|1730569027
|switch|p1a: Swampert|Swampert, F|100/100
|move|p2a: Charizard|Fire Blast|p1a: Swampert
|-resisted|p1a: Swampert
|-damage|p1a: Swampert|77/100
|-status|p1a: Swampert|brn
|
|-weather|Sandstorm|[upkeep]
|-damage|p2a: Charizard|31/100|[from] Sandstorm
|-heal|p2a: Charizard|37/100|[from] item: Leftovers
|-heal|p1a: Swampert|83/100 brn|[from] item: Leftovers
|-damage|p1a: Swampert|71/100 brn|[from] brn
|upkeep
|turn|11
|
|t:|1730569031
|switch|p1a: Zapdos|Zapdos|76/100
|move|p2a: Charizard|Hidden Power|p1a: Zapdos
|-resisted|p1a: Zapdos
|-damage|p1a: Zapdos|63/100
|
|-weather|Sandstorm|[upkeep]
|-damage|p1a: Zapdos|57/100|[from] Sandstorm
|-damage|p2a: Charizard|31/100|[from] Sandstorm
|-heal|p1a: Zapdos|63/100|[from] item: Leftovers
|-heal|p2a: Charizard|37/100|[from] item: Leftovers
|upkeep
|turn|12
|
|t:|1730569035
|move|p2a: Charizard|Fire Blast|p1a: Zapdos
|-damage|p1a: Zapdos|2/100
|move|p1a: Zapdos|Baton Pass|p1a: Zapdos
|
|t:|1730569048
|switch|p1a: Salamence|Salamence, F|100/100|[from] Baton Pass
|-ability|p1a: Salamence|Intimidate|boost
|-unboost|p2a: Charizard|atk|1
|
|-weather|Sandstorm|[upkeep]
|-damage|p2a: Charizard|31/100|[from] Sandstorm
|-damage|p1a: Salamence|94/100|[from] Sandstorm
|-heal|p2a: Charizard|37/100|[from] item: Leftovers
|-heal|p1a: Salamence|100/100|[from] item: Leftovers
|upkeep
|turn|13
|inactive|Msousagamer has 270 seconds left.
|
|t:|1730569091
|switch|p2a: Blissey|Blissey, F|100/100
|move|p1a: Salamence|Dragon Claw|p2a: Blissey
|-damage|p2a: Blissey|84/100
|
|-weather|Sandstorm|[upkeep]
|-damage|p1a: Salamence|94/100|[from] Sandstorm
|-damage|p2a: Blissey|78/100|[from] Sandstorm
|-heal|p1a: Salamence|100/100|[from] item: Leftovers
|-heal|p2a: Blissey|84/100|[from] item: Leftovers
|upkeep
|turn|14
|
|t:|1730569104
|switch|p1a: Metagross|Metagross|100/100
|move|p2a: Blissey|Wish|p2a: Blissey
|
|-weather|Sandstorm|[upkeep]
|-damage|p2a: Blissey|78/100|[from] Sandstorm
|-heal|p2a: Blissey|84/100|[from] item: Leftovers
|upkeep
|turn|15
|
|t:|1730569110
|switch|p2a: Skarmory|Skarmory, M|45/100 slp
|move|p1a: Metagross|Meteor Mash|p2a: Skarmory
|-resisted|p2a: Skarmory
|-damage|p2a: Skarmory|11/100 slp
|
|-heal|p2a: Skarmory|61/100 slp|[from] move: Wish|[wisher] Blissey
|-weather|Sandstorm|[upkeep]
|-heal|p2a: Skarmory|67/100 slp|[from] item: Leftovers
|upkeep
|turn|16
|
|t:|1730569113
|move|p1a: Metagross|Meteor Mash|p2a: Skarmory
|-resisted|p2a: Skarmory
|-damage|p2a: Skarmory|32/100 slp
|cant|p2a: Skarmory|slp
|
|-weather|Sandstorm|[upkeep]
|-heal|p2a: Skarmory|38/100 slp|[from] item: Leftovers
|upkeep
|turn|17
|
|t:|1730569119
|move|p1a: Metagross|Meteor Mash|p2a: Skarmory
|-resisted|p2a: Skarmory
|-damage|p2a: Skarmory|7/100 slp
|-curestatus|p2a: Skarmory|slp|[msg]
|move|p2a: Skarmory|Spikes|p1a: Metagross
|-sidestart|p1: leng loi|Spikes
|
|-weather|Sandstorm|[upkeep]
|-heal|p2a: Skarmory|13/100|[from] item: Leftovers
|upkeep
|turn|18
|
|t:|1730569123
|move|p2a: Skarmory|Protect|p2a: Skarmory
|-singleturn|p2a: Skarmory|Protect
|move|p1a: Metagross|Meteor Mash|p2a: Skarmory
|-activate|p2a: Skarmory|Protect
|
|-weather|Sandstorm|[upkeep]
|-heal|p2a: Skarmory|19/100|[from] item: Leftovers
|upkeep
|turn|19
|
|t:|1730569125
|move|p2a: Skarmory|Protect|p2a: Skarmory
|-singleturn|p2a: Skarmory|Protect
|move|p1a: Metagross|Meteor Mash|p2a: Skarmory
|-activate|p2a: Skarmory|Protect
|
|-weather|Sandstorm|[upkeep]
|-heal|p2a: Skarmory|25/100|[from] item: Leftovers
|upkeep
|turn|20
|
|t:|1730569127
|move|p2a: Skarmory|Protect||[still]
|-fail|p2a: Skarmory
|move|p1a: Metagross|Meteor Mash|p2a: Skarmory
|-resisted|p2a: Skarmory
|-damage|p2a: Skarmory|0 fnt
|faint|p2a: Skarmory
|
|t:|1730569129
|switch|p2a: Charizard|Charizard, M|37/100
|
|-weather|Sandstorm|[upkeep]
|-damage|p2a: Charizard|31/100|[from] Sandstorm
|-heal|p2a: Charizard|37/100|[from] item: Leftovers
|upkeep
|turn|21
|
|t:|1730569136
|switch|p1a: Salamence|Salamence, F|100/100
|-ability|p1a: Salamence|Intimidate|boost
|-unboost|p2a: Charizard|atk|1
|move|p2a: Charizard|Fire Blast|p1a: Salamence
|-resisted|p1a: Salamence
|-damage|p1a: Salamence|68/100
|
|-weather|Sandstorm|[upkeep]
|-damage|p2a: Charizard|31/100|[from] Sandstorm
|-damage|p1a: Salamence|62/100|[from] Sandstorm
|-heal|p2a: Charizard|37/100|[from] item: Leftovers
|-heal|p1a: Salamence|68/100|[from] item: Leftovers
|upkeep
|turn|22
|
|t:|1730569141
|move|p2a: Charizard|Dragon Claw|p1a: Salamence
|-supereffective|p1a: Salamence
|-damage|p1a: Salamence|12/100
|move|p1a: Salamence|Brick Break|p2a: Charizard
|-resisted|p2a: Charizard
|-damage|p2a: Charizard|22/100
|
|-weather|Sandstorm|[upkeep]
|-damage|p2a: Charizard|16/100|[from] Sandstorm
|-damage|p1a: Salamence|6/100|[from] Sandstorm
|-heal|p2a: Charizard|22/100|[from] item: Leftovers
|-heal|p1a: Salamence|12/100|[from] item: Leftovers
|upkeep
|turn|23
|
|t:|1730569152
|move|p2a: Charizard|Dragon Claw|p1a: Salamence
|-supereffective|p1a: Salamence
|-damage|p1a: Salamence|0 fnt
|faint|p1a: Salamence
|
|t:|1730569153
|switch|p1a: Zapdos|Zapdos|2/100
|
|-weather|Sandstorm|[upkeep]
|-damage|p2a: Charizard|16/100|[from] Sandstorm
|-damage|p1a: Zapdos|0 fnt|[from] Sandstorm
|faint|p1a: Zapdos
|-heal|p2a: Charizard|22/100|[from] item: Leftovers
|upkeep
|c|☆leng loi|X-X
|c|☆leng loi|flu
|c|☆Msousagamer|lol happens
|c|☆Msousagamer|Hope u get better btw
|c|☆Msousagamer|Idt I said anything yet mb
|inactive|leng loi has 270 seconds left.
|
|t:|1730569199
|switch|p1a: Tyranitar|Tyranitar, F|100/100
|-damage|p1a: Tyranitar|88/100|[from] Spikes
|turn|24
|
|t:|1730569207
|switch|p2a: Swampert|Swampert, M|100/100
|move|p1a: Tyranitar|Rock Slide|p2a: Swampert
|-resisted|p2a: Swampert
|-damage|p2a: Swampert|88/100
|
|-weather|Sandstorm|[upkeep]
|-heal|p1a: Tyranitar|94/100|[from] item: Leftovers
|-heal|p2a: Swampert|94/100|[from] item: Leftovers
|upkeep
|turn|25
|inactive|leng loi has 270 seconds left.
|
|t:|1730569216
|switch|p1a: Breloom|Breloom, M|100/100
|-damage|p1a: Breloom|88/100|[from] Spikes
|move|p2a: Swampert|Toxic|p1a: Breloom
|-status|p1a: Breloom|tox
|
|-weather|Sandstorm|[upkeep]
|-damage|p1a: Breloom|82/100 tox|[from] Sandstorm
|-heal|p1a: Breloom|88/100 tox|[from] item: Leftovers
|-damage|p1a: Breloom|82/100 tox|[from] psn
|-heal|p2a: Swampert|99/100|[from] item: Leftovers
|upkeep
|turn|26
|
|t:|1730569222
|-singleturn|p1a: Breloom|move: Focus Punch
|move|p2a: Swampert|Protect|p2a: Swampert
|-singleturn|p2a: Swampert|Protect
|move|p1a: Breloom|Focus Punch|p2a: Swampert
|-activate|p2a: Swampert|Protect
|
|-weather|Sandstorm|[upkeep]
|-damage|p1a: Breloom|76/100 tox|[from] Sandstorm
|-heal|p1a: Breloom|82/100 tox|[from] item: Leftovers
|-damage|p1a: Breloom|70/100 tox|[from] psn
|-heal|p2a: Swampert|100/100|[from] item: Leftovers
|upkeep
|turn|27
|
|t:|1730569246
|switch|p2a: Tyranitar|Tyranitar, M|100/100
|move|p1a: Breloom|Spore|p2a: Tyranitar
|-status|p2a: Tyranitar|slp|[from] move: Spore
|
|-weather|Sandstorm|[upkeep]
|-damage|p1a: Breloom|64/100 tox|[from] Sandstorm
|-heal|p1a: Breloom|70/100 tox|[from] item: Leftovers
|-damage|p1a: Breloom|51/100 tox|[from] psn
|upkeep
|turn|28
|inactive|leng loi has 270 seconds left.
|
|t:|1730569276
|switch|p1a: Metagross|Metagross|100/100
|-damage|p1a: Metagross|88/100|[from] Spikes
|switch|p2a: Gengar|Gengar, M|100/100
|
|-weather|Sandstorm|[upkeep]
|-damage|p2a: Gengar|94/100|[from] Sandstorm
|-heal|p2a: Gengar|100/100|[from] item: Leftovers
|upkeep
|turn|29
|
|t:|1730569286
|move|p2a: Gengar|Will-O-Wisp|p1a: Metagross|[miss]
|-miss|p2a: Gengar|p1a: Metagross
|move|p1a: Metagross|Explosion|p2a: Gengar
|-immune|p2a: Gengar
|faint|p1a: Metagross
|
|t:|1730569294
|switch|p1a: Swampert|Swampert, F|71/100 brn
|-damage|p1a: Swampert|59/100 brn|[from] Spikes
|
|-weather|Sandstorm|[upkeep]
|-damage|p2a: Gengar|94/100|[from] Sandstorm
|-heal|p2a: Gengar|100/100|[from] item: Leftovers
|-heal|p1a: Swampert|65/100 brn|[from] item: Leftovers
|-damage|p1a: Swampert|52/100 brn|[from] brn
|upkeep
|turn|30
|c|+a plague doc|Sahki 
|
|t:|1730569301
|move|p2a: Gengar|Taunt|p1a: Swampert
|-start|p1a: Swampert|move: Taunt
|move|p1a: Swampert|Hydro Pump|p2a: Gengar
|-damage|p2a: Gengar|44/100
|
|-weather|Sandstorm|[upkeep]
|-damage|p2a: Gengar|38/100|[from] Sandstorm
|-heal|p2a: Gengar|44/100|[from] item: Leftovers
|-heal|p1a: Swampert|59/100 brn|[from] item: Leftovers
|-damage|p1a: Swampert|46/100 brn|[from] brn
|upkeep
|turn|31
|
|t:|1730569320
|switch|p2a: Blissey|Blissey, F|84/100
|move|p1a: Swampert|Hydro Pump|p2a: Blissey
|-damage|p2a: Blissey|65/100
|
|-weather|Sandstorm|[upkeep]
|-damage|p2a: Blissey|59/100|[from] Sandstorm
|-heal|p1a: Swampert|52/100 brn|[from] item: Leftovers
|-damage|p1a: Swampert|40/100 brn|[from] brn
|-end|p1a: Swampert|move: Taunt|[silent]
|-heal|p2a: Blissey|65/100|[from] item: Leftovers
|upkeep
|turn|32
|
|t:|1730569326
|move|p1a: Swampert|Refresh|p1a: Swampert
|-curestatus|p1a: Swampert|brn|[msg]
|move|p2a: Blissey|Wish|p2a: Blissey
|
|-weather|Sandstorm|[upkeep]
|-damage|p2a: Blissey|59/100|[from] Sandstorm
|-heal|p1a: Swampert|46/100|[from] item: Leftovers
|-heal|p2a: Blissey|65/100|[from] item: Leftovers
|upkeep
|turn|33
|
|t:|1730569340
|move|p1a: Swampert|Earthquake|p2a: Blissey
|-damage|p2a: Blissey|29/100
|move|p2a: Blissey|Seismic Toss|p1a: Swampert
|-damage|p1a: Swampert|21/100
|
|-heal|p2a: Blissey|79/100|[from] move: Wish|[wisher] Blissey
|-weather|Sandstorm|[upkeep]
|-damage|p2a: Blissey|73/100|[from] Sandstorm
|-heal|p1a: Swampert|28/100|[from] item: Leftovers
|-heal|p2a: Blissey|79/100|[from] item: Leftovers
|upkeep
|turn|34
|
|t:|1730569350
|move|p1a: Swampert|Hydro Pump|p2a: Blissey
|-damage|p2a: Blissey|52/100
|move|p2a: Blissey|Seismic Toss|p1a: Swampert
|-damage|p1a: Swampert|3/100
|
|-weather|Sandstorm|[upkeep]
|-damage|p2a: Blissey|46/100|[from] Sandstorm
|-heal|p1a: Swampert|9/100|[from] item: Leftovers
|-heal|p2a: Blissey|52/100|[from] item: Leftovers
|upkeep
|turn|35
|
|t:|1730569358
|move|p1a: Swampert|Earthquake|p2a: Blissey
|-damage|p2a: Blissey|10/100
|move|p2a: Blissey|Wish|p2a: Blissey
|
|-weather|Sandstorm|[upkeep]
|-damage|p2a: Blissey|4/100|[from] Sandstorm
|-heal|p1a: Swampert|15/100|[from] item: Leftovers
|-heal|p2a: Blissey|10/100|[from] item: Leftovers
|upkeep
|turn|36
|
|t:|1730569365
|move|p1a: Swampert|Hydro Pump|p2a: Blissey
|-damage|p2a: Blissey|0 fnt
|faint|p2a: Blissey
|
|t:|1730569371
|switch|p2a: Gengar|Gengar, M|44/100
|
|-heal|p2a: Gengar|94/100|[from] move: Wish|[wisher] Blissey
|-weather|Sandstorm|[upkeep]
|-damage|p2a: Gengar|88/100|[from] Sandstorm
|-heal|p2a: Gengar|94/100|[from] item: Leftovers
|-heal|p1a: Swampert|21/100|[from] item: Leftovers
|upkeep
|turn|37
|c|☆Msousagamer|Miss click
|c|☆Msousagamer|Fck
|
|t:|1730569388
|move|p2a: Gengar|Ice Punch|p1a: Swampert
|-damage|p1a: Swampert|2/100
|move|p1a: Swampert|Hydro Pump|p2a: Gengar|[miss]
|-miss|p1a: Swampert|p2a: Gengar
|
|-weather|Sandstorm|[upkeep]
|-damage|p2a: Gengar|88/100|[from] Sandstorm
|-heal|p2a: Gengar|94/100|[from] item: Leftovers
|-heal|p1a: Swampert|8/100|[from] item: Leftovers
|upkeep
|turn|38
|c|☆Msousagamer|Nvm
|c|☆Msousagamer|we ball
|c|+a plague doc|Aí eh fácil
|
|t:|1730569404
|move|p2a: Gengar|Ice Punch|p1a: Swampert
|-damage|p1a: Swampert|0 fnt
|faint|p1a: Swampert
|
|t:|1730569406
|switch|p1a: Tyranitar|Tyranitar, F|94/100
|-damage|p1a: Tyranitar|82/100|[from] Spikes
|
|-weather|Sandstorm|[upkeep]
|-damage|p2a: Gengar|88/100|[from] Sandstorm
|-heal|p2a: Gengar|94/100|[from] item: Leftovers
|-heal|p1a: Tyranitar|88/100|[from] item: Leftovers
|upkeep
|turn|39
|
|t:|1730569409
|move|p2a: Gengar|Taunt|p1a: Tyranitar
|-start|p1a: Tyranitar|move: Taunt
|cant|p1a: Tyranitar|move: Taunt|Dragon Dance
|
|-weather|Sandstorm|[upkeep]
|-damage|p2a: Gengar|88/100|[from] Sandstorm
|-heal|p2a: Gengar|94/100|[from] item: Leftovers
|-heal|p1a: Tyranitar|94/100|[from] item: Leftovers
|upkeep
|turn|40
|
|t:|1730569413
|move|p2a: Gengar|Will-O-Wisp|p1a: Tyranitar|[miss]
|-miss|p2a: Gengar|p1a: Tyranitar
|move|p1a: Tyranitar|Rock Slide|p2a: Gengar
|-damage|p2a: Gengar|32/100
|
|-weather|Sandstorm|[upkeep]
|-damage|p2a: Gengar|26/100|[from] Sandstorm
|-heal|p2a: Gengar|32/100|[from] item: Leftovers
|-heal|p1a: Tyranitar|100/100|[from] item: Leftovers
|-end|p1a: Tyranitar|move: Taunt|[silent]
|upkeep
|turn|41
|
|t:|1730569417
|move|p2a: Gengar|Taunt|p1a: Tyranitar
|-start|p1a: Tyranitar|move: Taunt
|cant|p1a: Tyranitar|move: Taunt|Dragon Dance
|
|-weather|Sandstorm|[upkeep]
|-damage|p2a: Gengar|26/100|[from] Sandstorm
|-heal|p2a: Gengar|32/100|[from] item: Leftovers
|upkeep
|turn|42
|
|t:|1730569419
|move|p2a: Gengar|Will-O-Wisp|p1a: Tyranitar
|-status|p1a: Tyranitar|brn
|move|p1a: Tyranitar|Rock Slide|p2a: Gengar
|-damage|p2a: Gengar|1/100
|
|-weather|Sandstorm|[upkeep]
|-damage|p2a: Gengar|0 fnt|[from] Sandstorm
|faint|p2a: Gengar
|-damage|p1a: Tyranitar|88/100 brn|[from] brn
|-end|p1a: Tyranitar|move: Taunt|[silent]
|upkeep
|
|t:|1730569423
|switch|p2a: Swampert|Swampert, M|100/100
|turn|43
|
|t:|1730569429
|move|p1a: Tyranitar|Dragon Dance|p1a: Tyranitar
|-boost|p1a: Tyranitar|atk|1
|-boost|p1a: Tyranitar|spe|1
|move|p2a: Swampert|Surf|p1a: Tyranitar
|-supereffective|p1a: Tyranitar
|-damage|p1a: Tyranitar|37/100 brn
|
|-weather|Sandstorm|[upkeep]
|-heal|p1a: Tyranitar|43/100 brn|[from] item: Leftovers
|-damage|p1a: Tyranitar|31/100 brn|[from] brn
|upkeep
|turn|44
|
|t:|1730569432
|move|p1a: Tyranitar|Double-Edge|p2a: Swampert
|-damage|p2a: Swampert|78/100
|-damage|p1a: Tyranitar|23/100 brn|[from] Recoil|[of] p2a: Swampert
|move|p2a: Swampert|Surf|p1a: Tyranitar
|-supereffective|p1a: Tyranitar
|-damage|p1a: Tyranitar|0 fnt
|faint|p1a: Tyranitar
|
|t:|1730569434
|switch|p1a: Breloom|Breloom, M|51/100 tox
|-damage|p1a: Breloom|39/100 tox|[from] Spikes
|
|-weather|Sandstorm|[upkeep]
|-damage|p1a: Breloom|33/100 tox|[from] Sandstorm
|-heal|p1a: Breloom|39/100 tox|[from] item: Leftovers
|-damage|p1a: Breloom|33/100 tox|[from] psn
|-heal|p2a: Swampert|85/100|[from] item: Leftovers
|upkeep
|turn|45
|c|☆leng loi|gg, gl in tour
|c|☆Msousagamer|Gg
|c|☆Msousagamer|Ty
|-message|leng loi forfeited.
|
|win|Msousagamer
|player|p1|

</script>
<script type="application/json" class="data" id="replaydata-smogtours-gen3ou-803997">
{"id":"smogtours-gen3ou-803997","format":"[Gen 3] OU","players":["leng loi","Msousagamer"],"uploadtime":1730569445,"views":55,"formatid":"gen3ou","rating":null,"private":0,"password":null}
</script>

<script defer src="js/replays.js?9d40a366"></script>
