<!DOCTYPE html>
<meta charset="utf-8" />
<meta name="viewport" content="width=device-width" />

<title>[Gen 3] OU: voyager vs. Depres_ionCher_y - Replays - Pok&eacute;mon Showdown!</title>

<meta name="description" content="Watch a replay of a Pok&eacute;mon battle between voyager and Depres_ionCher_y! Format: [Gen 3] OU; Date: Nov 13, 2024" />
<!--

Hey, you! Looking in the source for the replay log?

You can find them in JSON format, just add `.json` at the end of a replay URL.

https://replay.pokemonshowdown.com/gen7randomdoublesbattle-865046831.json

Or, if you only need the log itself, add `.log` instead:

https://replay.pokemonshowdown.com/gen7randomdoublesbattle-865046831.log

-->

<link rel="stylesheet" href="//pokemonshowdown.com/style/global.css?0.767286132409787" />
<link rel="stylesheet" href="//play.pokemonshowdown.com/style/font-awesome.css?0.9266228007934947" />
<link rel="stylesheet" href="//play.pokemonshowdown.com/style/battle.css?0.7924700842790926" />
<link rel="stylesheet" href="//play.pokemonshowdown.com/style/utilichart.css?0.8777417872839479" />

<!-- Global site tag (gtag.js) - Google Analytics -->
<script async src="https://www.googletagmanager.com/gtag/js?id=UA-26211653-1"></script>
<script>
  window.dataLayer = window.dataLayer || [];
  function gtag(){dataLayer.push(arguments);}
  gtag('js', new Date());

  gtag('config', 'UA-26211653-1');
</script>
<!-- End Google Analytics -->
<!-- Venatus Ad Manager - Install in <HEAD> of page -->
	<script src="https://hb.vntsm.com/v3/live/ad-manager.min.js" type="text/javascript" data-site-id="642aba63ec9a7b11c3c9c1be" data-mode="scan" async></script>
<!-- / Venatus Ad Manager -->

<style>
	@media (max-width:820px) {
		.battle {
			margin: 0 auto;
		}
		.battle-log {
			margin: 7px auto 0;
			max-width: 640px;
			height: 300px;
			position: static;
		}
	}
	.optgroup {
		display: inline-block;
		line-height: 22px;
		font-size: 10pt;
	}
	.optgroup .button {
		height: 25px;
		padding-top: 0;
		padding-bottom: 0;
	}
	.optgroup button.button {
		padding-left: 12px;
		padding-right: 12px;
	}
	.linklist {
		list-style: none;
		margin: 0.5em 0;
		padding: 0;
	}
	.linklist li {
		padding: 2px 0;
	}
	.sidebar {
		float: left;
		width: 320px;
	}
	.bar-wrapper {
		max-width: 1100px;
		margin: 0 auto;
	}
	.bar-wrapper.has-sidebar {
		max-width: 1430px;
	}
	.mainbar {
		margin: 0;
		padding-right: 1px;
	}
	.mainbar.has-sidebar {
		margin-left: 330px;
	}
	@media (min-width: 1511px) {
		.sidebar {
			width: 400px;
		}
		.bar-wrapper.has-sidebar {
			max-width: 1510px;
		}
		.mainbar.has-sidebar {
			margin-left: 410px;
		}
	}
	.section.first-section {
		margin-top: 9px;
	}
	.blocklink small {
		white-space: normal;
	}
	.button {
		vertical-align: middle;
	}
	.replay-controls {
		padding-top: 10px;
	}
	.replay-controls h1 {
		font-size: 16pt;
		font-weight: normal;
		color: #CCC;
	}
	.pagelink {
		text-align: center;
	}
	.pagelink a {
		width: 150px;
	}
	.textbox, .button {
		font-size: 11pt;
		vertical-align: middle;
	}
	@media (max-width: 450px) {
		.button {
			font-size: 9pt;
		}
	}
</style>

<div>

	<header>
		<div class="nav-wrapper"><ul class="nav">
			<li><a class="button nav-first" href="//pokemonshowdown.com/"><img src="//pokemonshowdown.com/images/pokemonshowdownbeta.png" srcset="//pokemonshowdown.com/images/pokemonshowdownbeta.png 1x, //pokemonshowdown.com/images/pokemonshowdownbeta@2x.png 2x" alt="Pok&eacute;mon Showdown" width="146" height="44" /> Home</a></li>
			<li><a class="button" href="//pokemonshowdown.com/dex/">Pok&eacute;dex</a></li>
			<li><a class="button cur" href="/">Replays</a></li>
			<li><a class="button" href="//pokemonshowdown.com/ladder/">Ladder</a></li>
			<li><a class="button nav-last" href="//pokemonshowdown.com/forums/">Forum</a></li>
			<li><a class="button greenbutton nav-first nav-last" href="//play.pokemonshowdown.com/">Play</a></li>
		</ul></div>
	</header>

	<div class="main" id="main">

		<noscript><section class="section">You need to enable JavaScript to use this page; sorry!</section></noscript>

	</div>

</div>

<script defer nomodule src="//play.pokemonshowdown.com/js/lib/ps-polyfill.js"></script>
<script defer src="//play.pokemonshowdown.com/js/lib/preact.min.js"></script>

<script defer src="//play.pokemonshowdown.com/config/config.js?6dec07f6"></script>
<script defer src="//play.pokemonshowdown.com/js/lib/jquery-1.11.0.min.js"></script>
<script defer src="//play.pokemonshowdown.com/js/lib/html-sanitizer-minified.js"></script>
<script defer src="//play.pokemonshowdown.com/js/battle-sound.js"></script>
<script defer src="//play.pokemonshowdown.com/js/battledata.js?0.6315294753075389"></script>
<script defer src="//play.pokemonshowdown.com/data/pokedex-mini.js?0.7603743185311358"></script>
<script defer src="//play.pokemonshowdown.com/data/pokedex-mini-bw.js?0.030888842834281283"></script>
<script defer src="//play.pokemonshowdown.com/data/graphics.js?0.05593094747507488"></script>
<script defer src="//play.pokemonshowdown.com/data/pokedex.js?0.47064822249611904"></script>
<script defer src="//play.pokemonshowdown.com/data/moves.js?0.8583693120512459"></script>
<script defer src="//play.pokemonshowdown.com/data/abilities.js?0.16017181182386842"></script>
<script defer src="//play.pokemonshowdown.com/data/items.js?0.4163379185673943"></script>
<script defer src="//play.pokemonshowdown.com/data/teambuilder-tables.js?0.31075597372830477"></script>
<script defer src="//play.pokemonshowdown.com/js/battle-tooltips.js?0.6536193500708172"></script>
<script defer src="//play.pokemonshowdown.com/js/battle.js?0.1916591943277901"></script>

<script defer src="js/utils.js?e31f9a17"></script>
<script defer src="js/replays-battle.js?7008c182"></script>

<!-- don't scrape this data! just add .json or .log after the URL!
Full API docs: https://github.com/smogon/pokemon-showdown-client/blob/master/WEB-API.md -->
<script type="text/plain" class="log" id="replaylog-smogtours-gen3ou-806148">
|inactive|Battle timer is ON: inactive players will automatically lose when time's up.
|t:|1731513279
|gametype|singles
|player|p1|voyager|acetrainerf-gen2|
|player|p2|Depres_ionCher_y|waitress-gen4|
|teamsize|p1|6
|teamsize|p2|6
|gen|3
|tier|[Gen 3] OU
|rule|Sleep Clause Mod: Limit one foe put to sleep
|rule|Switch Priority Clause Mod: Faster Pokémon switch first
|rule|Species Clause: Limit one of each Pokémon
|rule|OHKO Clause: OHKO moves are banned
|rule|Evasion Items Clause: Evasion items are banned
|rule|Evasion Moves Clause: Evasion moves are banned
|rule|Endless Battle Clause: Forcing endless battles is banned
|rule|HP Percentage Mod: HP is shown in percentages
|rule|One Boost Passer Clause: Limit one Baton Passer that has a way to boost its stats
|rule|Freeze Clause Mod: Limit one foe frozen
|
|t:|1731513279
|start
|switch|p1a: Zapdos|Zapdos|100/100
|switch|p2a: Tyranitar|Tyranitar, M|100/100
|-weather|Sandstorm|[from] ability: Sand Stream|[of] p2a: Tyranitar
|turn|1
|c|☆Depres_ionCher_y|hf
|c|☆voyager|u2
|
|t:|1731513305
|move|p1a: Zapdos|Baton Pass|p1a: Zapdos
|
|t:|1731513306
|switch|p1a: Swampert|Swampert, F|100/100|[from] Baton Pass
|move|p2a: Tyranitar|Fire Blast|p1a: Swampert|[miss]
|-miss|p2a: Tyranitar|p1a: Swampert
|
|-weather|Sandstorm|[upkeep]
|upkeep
|turn|2
|
|t:|1731513314
|switch|p2a: Milotic|Milotic, M|100/100
|switch|p1a: Metagross|Metagross|100/100
|
|-weather|Sandstorm|[upkeep]
|-damage|p2a: Milotic|94/100|[from] Sandstorm
|-heal|p2a: Milotic|100/100|[from] item: Leftovers
|upkeep
|turn|3
|
|t:|1731513321
|switch|p2a: Jirachi|Jirachi|100/100
|move|p1a: Metagross|Explosion|p2a: Jirachi
|-resisted|p2a: Jirachi
|-damage|p2a: Jirachi|0 fnt
|faint|p1a: Metagross
|faint|p2a: Jirachi
|
|t:|1731513331
|switch|p2a: Tyranitar|Tyranitar, M|100/100
|switch|p1a: Zapdos|Zapdos|100/100
|
|-weather|Sandstorm|[upkeep]
|-damage|p1a: Zapdos|94/100|[from] Sandstorm
|-heal|p1a: Zapdos|100/100|[from] item: Leftovers
|upkeep
|turn|4
|
|t:|1731513334
|move|p1a: Zapdos|Baton Pass|p1a: Zapdos
|
|t:|1731513336
|switch|p1a: Swampert|Swampert, F|100/100|[from] Baton Pass
|move|p2a: Tyranitar|Crunch|p1a: Swampert
|-damage|p1a: Swampert|68/100
|
|-weather|Sandstorm|[upkeep]
|-heal|p1a: Swampert|74/100|[from] item: Leftovers
|upkeep
|turn|5
|
|t:|1731513341
|switch|p2a: Forretress|Forretress, F|100/100
|move|p1a: Swampert|Hydro Pump|p2a: Forretress
|-damage|p2a: Forretress|55/100
|
|-weather|Sandstorm|[upkeep]
|-heal|p1a: Swampert|81/100|[from] item: Leftovers
|-heal|p2a: Forretress|61/100|[from] item: Leftovers
|upkeep
|turn|6
|
|t:|1731513347
|move|p1a: Swampert|Hydro Pump|p2a: Forretress
|-damage|p2a: Forretress|19/100
|move|p2a: Forretress|Spikes|p1a: Swampert
|-sidestart|p1: voyager|Spikes
|
|-weather|Sandstorm|[upkeep]
|-heal|p1a: Swampert|87/100|[from] item: Leftovers
|-heal|p2a: Forretress|25/100|[from] item: Leftovers
|upkeep
|turn|7
|
|t:|1731513351
|switch|p1a: Zapdos|Zapdos|100/100
|move|p2a: Forretress|Explosion|p1a: Zapdos
|-damage|p1a: Zapdos|0 fnt
|faint|p2a: Forretress
|faint|p1a: Zapdos
|
|t:|1731513360
|switch|p1a: Celebi|Celebi|100/100
|switch|p2a: Milotic|Milotic, M|100/100
|-damage|p1a: Celebi|88/100|[from] Spikes
|
|-weather|Sandstorm|[upkeep]
|-damage|p1a: Celebi|82/100|[from] Sandstorm
|-damage|p2a: Milotic|94/100|[from] Sandstorm
|-heal|p1a: Celebi|88/100|[from] item: Leftovers
|-heal|p2a: Milotic|100/100|[from] item: Leftovers
|upkeep
|turn|8
|
|t:|1731513363
|switch|p2a: Salamence|Salamence, M|100/100
|-ability|p2a: Salamence|Intimidate|boost
|-unboost|p1a: Celebi|atk|1
|move|p1a: Celebi|Calm Mind|p1a: Celebi
|-boost|p1a: Celebi|spa|1
|-boost|p1a: Celebi|spd|1
|
|-weather|Sandstorm|[upkeep]
|-damage|p1a: Celebi|82/100|[from] Sandstorm
|-damage|p2a: Salamence|94/100|[from] Sandstorm
|-heal|p1a: Celebi|88/100|[from] item: Leftovers
|-heal|p2a: Salamence|100/100|[from] item: Leftovers
|upkeep
|turn|9
|
|t:|1731513367
|move|p1a: Celebi|Hidden Power|p2a: Salamence
|-supereffective|p2a: Salamence
|-crit|p2a: Salamence
|-damage|p2a: Salamence|0 fnt
|faint|p2a: Salamence
|
|t:|1731513372
|switch|p2a: Tyranitar|Tyranitar, M|100/100
|
|-weather|Sandstorm|[upkeep]
|-damage|p1a: Celebi|82/100|[from] Sandstorm
|-heal|p1a: Celebi|88/100|[from] item: Leftovers
|upkeep
|turn|10
|
|t:|1731513380
|move|p1a: Celebi|Baton Pass|p1a: Celebi
|
|t:|1731513381
|switch|p1a: Charizard|Charizard, F|100/100|[from] Baton Pass
|move|p2a: Tyranitar|Crunch|p1a: Charizard
|-damage|p1a: Charizard|68/100
|
|-weather|Sandstorm|[upkeep]
|-damage|p1a: Charizard|62/100|[from] Sandstorm
|-heal|p1a: Charizard|68/100|[from] item: Leftovers
|upkeep
|turn|11
|
|t:|1731513391
|move|p1a: Charizard|Hidden Power|p2a: Tyranitar
|-supereffective|p2a: Tyranitar
|-damage|p2a: Tyranitar|43/100
|move|p2a: Tyranitar|Crunch|p1a: Charizard
|-damage|p1a: Charizard|37/100
|-unboost|p1a: Charizard|spd|1
|
|-weather|Sandstorm|[upkeep]
|-damage|p1a: Charizard|31/100|[from] Sandstorm
|-heal|p1a: Charizard|37/100|[from] item: Leftovers
|-heal|p2a: Tyranitar|49/100|[from] item: Leftovers
|upkeep
|turn|12
|inactive|Depres_ionCher_y has 270 seconds left.
|inactive|Depres_ionCher_y has 240 seconds left.
|
|t:|1731513462
|move|p1a: Charizard|Hidden Power|p2a: Tyranitar
|-supereffective|p2a: Tyranitar
|-damage|p2a: Tyranitar|0 fnt
|faint|p2a: Tyranitar
|
|t:|1731513464
|switch|p2a: Milotic|Milotic, M|100/100
|
|-weather|Sandstorm|[upkeep]
|-damage|p1a: Charizard|31/100|[from] Sandstorm
|-damage|p2a: Milotic|94/100|[from] Sandstorm
|-heal|p1a: Charizard|37/100|[from] item: Leftovers
|-heal|p2a: Milotic|100/100|[from] item: Leftovers
|upkeep
|turn|13
|
|t:|1731513467
|move|p1a: Charizard|Hidden Power|p2a: Milotic
|-supereffective|p2a: Milotic
|-damage|p2a: Milotic|51/100
|move|p2a: Milotic|Surf|p1a: Charizard
|-supereffective|p1a: Charizard
|-damage|p1a: Charizard|0 fnt
|faint|p1a: Charizard
|
|t:|1731513469
|switch|p1a: Celebi|Celebi|88/100
|-damage|p1a: Celebi|76/100|[from] Spikes
|
|-weather|Sandstorm|[upkeep]
|-damage|p1a: Celebi|69/100|[from] Sandstorm
|-damage|p2a: Milotic|45/100|[from] Sandstorm
|-heal|p1a: Celebi|76/100|[from] item: Leftovers
|-heal|p2a: Milotic|51/100|[from] item: Leftovers
|upkeep
|turn|14
|
|t:|1731513473
|switch|p2a: Claydol|Claydol|100/100
|move|p1a: Celebi|Giga Drain|p2a: Claydol
|-supereffective|p2a: Claydol
|-damage|p2a: Claydol|61/100
|-heal|p1a: Celebi|92/100|[from] drain|[of] p2a: Claydol
|
|-weather|Sandstorm|[upkeep]
|-damage|p1a: Celebi|86/100|[from] Sandstorm
|-heal|p1a: Celebi|92/100|[from] item: Leftovers
|-heal|p2a: Claydol|67/100|[from] item: Leftovers
|upkeep
|turn|15
|
|t:|1731513478
|move|p1a: Celebi|Baton Pass|p1a: Celebi
|
|t:|1731513479
|switch|p1a: Swampert|Swampert, F|87/100|[from] Baton Pass
|-damage|p1a: Swampert|74/100|[from] Spikes
|move|p2a: Claydol|Earthquake|p1a: Swampert
|-damage|p1a: Swampert|41/100
|
|-weather|Sandstorm|[upkeep]
|-heal|p2a: Claydol|73/100|[from] item: Leftovers
|-heal|p1a: Swampert|48/100|[from] item: Leftovers
|upkeep
|turn|16
|
|t:|1731513483
|switch|p2a: Milotic|Milotic, M|51/100
|move|p1a: Swampert|Hydro Pump|p2a: Milotic
|-resisted|p2a: Milotic
|-damage|p2a: Milotic|33/100
|
|-weather|Sandstorm|[upkeep]
|-damage|p2a: Milotic|27/100|[from] Sandstorm
|-heal|p2a: Milotic|33/100|[from] item: Leftovers
|-heal|p1a: Swampert|54/100|[from] item: Leftovers
|upkeep
|turn|17
|
|t:|1731513489
|switch|p1a: Celebi|Celebi|92/100
|-damage|p1a: Celebi|80/100|[from] Spikes
|move|p2a: Milotic|Recover|p2a: Milotic
|-heal|p2a: Milotic|83/100
|
|-weather|Sandstorm|[upkeep]
|-damage|p1a: Celebi|74/100|[from] Sandstorm
|-damage|p2a: Milotic|77/100|[from] Sandstorm
|-heal|p1a: Celebi|80/100|[from] item: Leftovers
|-heal|p2a: Milotic|83/100|[from] item: Leftovers
|upkeep
|turn|18
|
|t:|1731513491
|move|p1a: Celebi|Giga Drain|p2a: Milotic
|-supereffective|p2a: Milotic
|-damage|p2a: Milotic|50/100
|-heal|p1a: Celebi|97/100|[from] drain|[of] p2a: Milotic
|move|p2a: Milotic|Toxic|p1a: Celebi
|-status|p1a: Celebi|tox
|
|-weather|Sandstorm|[upkeep]
|-damage|p1a: Celebi|90/100 tox|[from] Sandstorm
|-damage|p2a: Milotic|44/100|[from] Sandstorm
|-heal|p1a: Celebi|97/100 tox|[from] item: Leftovers
|-damage|p1a: Celebi|90/100 tox|[from] psn
|-heal|p2a: Milotic|50/100|[from] item: Leftovers
|upkeep
|turn|19
|
|t:|1731513499
|switch|p2a: Claydol|Claydol|73/100
|move|p1a: Celebi|Calm Mind|p1a: Celebi
|-boost|p1a: Celebi|spa|1
|-boost|p1a: Celebi|spd|1
|
|-weather|Sandstorm|[upkeep]
|-damage|p1a: Celebi|84/100 tox|[from] Sandstorm
|-heal|p1a: Celebi|90/100 tox|[from] item: Leftovers
|-damage|p1a: Celebi|78/100 tox|[from] psn
|-heal|p2a: Claydol|80/100|[from] item: Leftovers
|upkeep
|turn|20
|
|t:|1731513510
|move|p1a: Celebi|Giga Drain|p2a: Claydol
|-supereffective|p2a: Claydol
|-damage|p2a: Claydol|21/100
|-heal|p1a: Celebi|100/100 tox|[from] drain|[of] p2a: Claydol
|move|p2a: Claydol|Explosion|p1a: Celebi
|-damage|p1a: Celebi|0 fnt
|faint|p2a: Claydol
|faint|p1a: Celebi
|
|t:|1731513514
|switch|p1a: Tyranitar|Tyranitar, M|100/100
|switch|p2a: Milotic|Milotic, M|50/100
|-damage|p1a: Tyranitar|88/100|[from] Spikes
|
|-weather|Sandstorm|[upkeep]
|-damage|p2a: Milotic|44/100|[from] Sandstorm
|-heal|p1a: Tyranitar|94/100|[from] item: Leftovers
|-heal|p2a: Milotic|50/100|[from] item: Leftovers
|upkeep
|turn|21
|
|t:|1731513518
|move|p1a: Tyranitar|Dragon Dance|p1a: Tyranitar
|-boost|p1a: Tyranitar|atk|1
|-boost|p1a: Tyranitar|spe|1
|move|p2a: Milotic|Recover|p2a: Milotic
|-heal|p2a: Milotic|99/100
|
|-weather|Sandstorm|[upkeep]
|-damage|p2a: Milotic|94/100|[from] Sandstorm
|-heal|p1a: Tyranitar|100/100|[from] item: Leftovers
|-heal|p2a: Milotic|99/100|[from] item: Leftovers
|upkeep
|turn|22
|inactive|voyager has 270 seconds left.
|
|t:|1731513563
|move|p1a: Tyranitar|Rock Slide|p2a: Milotic
|-damage|p2a: Milotic|58/100
|move|p2a: Milotic|Surf|p1a: Tyranitar
|-supereffective|p1a: Tyranitar
|-damage|p1a: Tyranitar|36/100
|
|-weather|Sandstorm|[upkeep]
|-damage|p2a: Milotic|52/100|[from] Sandstorm
|-heal|p1a: Tyranitar|43/100|[from] item: Leftovers
|-heal|p2a: Milotic|58/100|[from] item: Leftovers
|upkeep
|turn|23
|
|t:|1731513569
|move|p1a: Tyranitar|Rock Slide|p2a: Milotic
|-damage|p2a: Milotic|13/100
|cant|p2a: Milotic|flinch
|
|-weather|Sandstorm|[upkeep]
|-damage|p2a: Milotic|7/100|[from] Sandstorm
|-heal|p1a: Tyranitar|49/100|[from] item: Leftovers
|-heal|p2a: Milotic|13/100|[from] item: Leftovers
|upkeep
|turn|24
|c|☆voyager|gg
|
|t:|1731513575
|move|p1a: Tyranitar|Earthquake|p2a: Milotic
|-damage|p2a: Milotic|0 fnt
|faint|p2a: Milotic
|
|win|voyager
|c|☆Depres_ionCher_y|gg
|player|p2|

</script>
<script type="application/json" class="data" id="replaydata-smogtours-gen3ou-806148">
{"id":"smogtours-gen3ou-806148","format":"[Gen 3] OU","players":["voyager","Depres_ionCher_y"],"uploadtime":1731513575,"views":37,"formatid":"gen3ou","rating":null,"private":0,"password":null}
</script>

<script defer src="js/replays.js?9d40a366"></script>
