<!DOCTYPE html>
<meta charset="utf-8" />
<meta name="viewport" content="width=device-width" />

<title>[Gen 3] OU: kewta vs. charku - Replays - Pok&eacute;mon Showdown!</title>

<meta name="description" content="Watch a replay of a Pok&eacute;mon battle between kewta and charku! Format: [Gen 3] OU; Date: Oct 9, 2024" />
<!--

Hey, you! Looking in the source for the replay log?

You can find them in JSON format, just add `.json` at the end of a replay URL.

https://replay.pokemonshowdown.com/gen7randomdoublesbattle-865046831.json

Or, if you only need the log itself, add `.log` instead:

https://replay.pokemonshowdown.com/gen7randomdoublesbattle-865046831.log

-->

<link rel="stylesheet" href="//pokemonshowdown.com/style/global.css?0.023195364461161105" />
<link rel="stylesheet" href="//play.pokemonshowdown.com/style/font-awesome.css?0.13261647063804238" />
<link rel="stylesheet" href="//play.pokemonshowdown.com/style/battle.css?0.8753245789963631" />
<link rel="stylesheet" href="//play.pokemonshowdown.com/style/utilichart.css?0.8627959624976733" />

<!-- Global site tag (gtag.js) - Google Analytics -->
<script async src="https://www.googletagmanager.com/gtag/js?id=UA-26211653-1"></script>
<script>
  window.dataLayer = window.dataLayer || [];
  function gtag(){dataLayer.push(arguments);}
  gtag('js', new Date());

  gtag('config', 'UA-26211653-1');
</script>
<!-- End Google Analytics -->
<!-- Venatus Ad Manager - Install in <HEAD> of page -->
	<script src="https://hb.vntsm.com/v3/live/ad-manager.min.js" type="text/javascript" data-site-id="642aba63ec9a7b11c3c9c1be" data-mode="scan" async></script>
<!-- / Venatus Ad Manager -->

<style>
	@media (max-width:820px) {
		.battle {
			margin: 0 auto;
		}
		.battle-log {
			margin: 7px auto 0;
			max-width: 640px;
			height: 300px;
			position: static;
		}
	}
	.optgroup {
		display: inline-block;
		line-height: 22px;
		font-size: 10pt;
	}
	.optgroup .button {
		height: 25px;
		padding-top: 0;
		padding-bottom: 0;
	}
	.optgroup button.button {
		padding-left: 12px;
		padding-right: 12px;
	}
	.linklist {
		list-style: none;
		margin: 0.5em 0;
		padding: 0;
	}
	.linklist li {
		padding: 2px 0;
	}
	.sidebar {
		float: left;
		width: 320px;
	}
	.bar-wrapper {
		max-width: 1100px;
		margin: 0 auto;
	}
	.bar-wrapper.has-sidebar {
		max-width: 1430px;
	}
	.mainbar {
		margin: 0;
		padding-right: 1px;
	}
	.mainbar.has-sidebar {
		margin-left: 330px;
	}
	@media (min-width: 1511px) {
		.sidebar {
			width: 400px;
		}
		.bar-wrapper.has-sidebar {
			max-width: 1510px;
		}
		.mainbar.has-sidebar {
			margin-left: 410px;
		}
	}
	.section.first-section {
		margin-top: 9px;
	}
	.blocklink small {
		white-space: normal;
	}
	.button {
		vertical-align: middle;
	}
	.replay-controls {
		padding-top: 10px;
	}
	.replay-controls h1 {
		font-size: 16pt;
		font-weight: normal;
		color: #CCC;
	}
	.pagelink {
		text-align: center;
	}
	.pagelink a {
		width: 150px;
	}
	.textbox, .button {
		font-size: 11pt;
		vertical-align: middle;
	}
	@media (max-width: 450px) {
		.button {
			font-size: 9pt;
		}
	}
</style>

<div>

	<header>
		<div class="nav-wrapper"><ul class="nav">
			<li><a class="button nav-first" href="//pokemonshowdown.com/"><img src="//pokemonshowdown.com/images/pokemonshowdownbeta.png" srcset="//pokemonshowdown.com/images/pokemonshowdownbeta.png 1x, //pokemonshowdown.com/images/pokemonshowdownbeta@2x.png 2x" alt="Pok&eacute;mon Showdown" width="146" height="44" /> Home</a></li>
			<li><a class="button" href="//pokemonshowdown.com/dex/">Pok&eacute;dex</a></li>
			<li><a class="button cur" href="/">Replays</a></li>
			<li><a class="button" href="//pokemonshowdown.com/ladder/">Ladder</a></li>
			<li><a class="button nav-last" href="//pokemonshowdown.com/forums/">Forum</a></li>
			<li><a class="button greenbutton nav-first nav-last" href="//play.pokemonshowdown.com/">Play</a></li>
		</ul></div>
	</header>

	<div class="main" id="main">

		<noscript><section class="section">You need to enable JavaScript to use this page; sorry!</section></noscript>

	</div>

</div>

<script defer nomodule src="//play.pokemonshowdown.com/js/lib/ps-polyfill.js"></script>
<script defer src="//play.pokemonshowdown.com/js/lib/preact.min.js"></script>

<script defer src="//play.pokemonshowdown.com/config/config.js?2bddbc15"></script>
<script defer src="//play.pokemonshowdown.com/js/lib/jquery-1.11.0.min.js"></script>
<script defer src="//play.pokemonshowdown.com/js/lib/html-sanitizer-minified.js"></script>
<script defer src="//play.pokemonshowdown.com/js/battle-sound.js"></script>
<script defer src="//play.pokemonshowdown.com/js/battledata.js?0.7209276989879541"></script>
<script defer src="//play.pokemonshowdown.com/data/pokedex-mini.js?0.6111056340867951"></script>
<script defer src="//play.pokemonshowdown.com/data/pokedex-mini-bw.js?0.3532142036491459"></script>
<script defer src="//play.pokemonshowdown.com/data/graphics.js?0.24223875632456182"></script>
<script defer src="//play.pokemonshowdown.com/data/pokedex.js?0.38839984266356864"></script>
<script defer src="//play.pokemonshowdown.com/data/moves.js?0.21866028504024015"></script>
<script defer src="//play.pokemonshowdown.com/data/abilities.js?0.2005157953846628"></script>
<script defer src="//play.pokemonshowdown.com/data/items.js?0.9894211263848525"></script>
<script defer src="//play.pokemonshowdown.com/data/teambuilder-tables.js?0.6008791140282215"></script>
<script defer src="//play.pokemonshowdown.com/js/battle-tooltips.js?0.7580118955022959"></script>
<script defer src="//play.pokemonshowdown.com/js/battle.js?0.6057722274234274"></script>

<script defer src="js/utils.js?e31f9a17"></script>
<script defer src="js/replays-battle.js?7008c182"></script>

<!-- don't scrape this data! just add .json or .log after the URL!
Full API docs: https://github.com/smogon/pokemon-showdown-client/blob/master/WEB-API.md -->
<script type="text/plain" class="log" id="replaylog-smogtours-gen3ou-796704">
|inactive|Battle timer is ON: inactive players will automatically lose when time's up.
|t:|1728499124
|gametype|singles
|player|p1|kewta|102|
|player|p2|charku|265|
|teamsize|p1|6
|teamsize|p2|6
|gen|3
|tier|[Gen 3] OU
|rule|Sleep Clause Mod: Limit one foe put to sleep
|rule|Switch Priority Clause Mod: Faster Pokémon switch first
|rule|Species Clause: Limit one of each Pokémon
|rule|OHKO Clause: OHKO moves are banned
|rule|Evasion Items Clause: Evasion items are banned
|rule|Evasion Moves Clause: Evasion moves are banned
|rule|Endless Battle Clause: Forcing endless battles is banned
|rule|HP Percentage Mod: HP is shown in percentages
|rule|One Boost Passer Clause: Limit one Baton Passer that has a way to boost its stats
|rule|Freeze Clause Mod: Limit one foe frozen
|
|t:|1728499124
|start
|switch|p1a: Salamence|Salamence, F|100/100
|switch|p2a: konstruktio|Regirock|100/100
|-ability|p1a: Salamence|Intimidate|boost
|-fail|p2a: konstruktio|unboost|[from] ability: Clear Body|[of] p2a: konstruktio
|turn|1
|inactive|charku has 270 seconds left.
|
|t:|1728499159
|switch|p1a: Forretress|Forretress, F|100/100
|move|p2a: konstruktio|Rock Slide|p1a: Forretress
|-damage|p1a: Forretress|73/100
|
|-heal|p1a: Forretress|80/100|[from] item: Leftovers
|upkeep
|turn|2
|
|t:|1728499179
|move|p2a: konstruktio|Rock Slide|p1a: Forretress
|-damage|p1a: Forretress|55/100
|move|p1a: Forretress|Spikes|p2a: konstruktio
|-sidestart|p2: charku|Spikes
|
|-heal|p1a: Forretress|61/100|[from] item: Leftovers
|upkeep
|turn|3
|
|t:|1728499197
|move|p2a: konstruktio|Rock Slide|p1a: Forretress
|-damage|p1a: Forretress|33/100
|move|p1a: Forretress|Earthquake|p2a: konstruktio
|-supereffective|p2a: konstruktio
|-damage|p2a: konstruktio|79/100
|
|-heal|p2a: konstruktio|85/100|[from] item: Leftovers
|-heal|p1a: Forretress|39/100|[from] item: Leftovers
|upkeep
|turn|4
|
|t:|1728499207
|move|p2a: konstruktio|Rock Slide|p1a: Forretress
|-damage|p1a: Forretress|11/100
|move|p1a: Forretress|Explosion|p2a: konstruktio
|-resisted|p2a: konstruktio
|-damage|p2a: konstruktio|59/100
|faint|p1a: Forretress
|
|t:|1728499221
|switch|p1a: Jirachi|Jirachi|100/100
|
|-heal|p2a: konstruktio|65/100|[from] item: Leftovers
|upkeep
|turn|5
|
|t:|1728499235
|move|p1a: Jirachi|Toxic|p2a: konstruktio
|-status|p2a: konstruktio|tox
|move|p2a: konstruktio|Earthquake|p1a: Jirachi
|-supereffective|p1a: Jirachi
|-damage|p1a: Jirachi|61/100
|
|-heal|p1a: Jirachi|68/100|[from] item: Leftovers
|-heal|p2a: konstruktio|71/100 tox|[from] item: Leftovers
|-damage|p2a: konstruktio|65/100 tox|[from] psn
|upkeep
|turn|6
|
|t:|1728499242
|switch|p2a: kuorsaus|Snorlax, F|100/100
|-damage|p2a: kuorsaus|88/100|[from] Spikes
|move|p1a: Jirachi|Protect||[still]
|-fail|p1a: Jirachi
|
|-heal|p1a: Jirachi|74/100|[from] item: Leftovers
|-heal|p2a: kuorsaus|94/100|[from] item: Leftovers
|upkeep
|turn|7
|
|t:|1728499258
|move|p1a: Jirachi|Fire Punch|p2a: kuorsaus
|-damage|p2a: kuorsaus|84/100
|-status|p2a: kuorsaus|brn
|move|p2a: kuorsaus|Curse|p2a: kuorsaus
|-unboost|p2a: kuorsaus|spe|1
|-boost|p2a: kuorsaus|atk|1
|-boost|p2a: kuorsaus|def|1
|
|-heal|p1a: Jirachi|80/100|[from] item: Leftovers
|-heal|p2a: kuorsaus|90/100 brn|[from] item: Leftovers
|-damage|p2a: kuorsaus|78/100 brn|[from] brn
|upkeep
|turn|8
|
|t:|1728499265
|switch|p1a: Salamence|Salamence, F|100/100
|-ability|p1a: Salamence|Intimidate|boost
|-unboost|p2a: kuorsaus|atk|1
|move|p2a: kuorsaus|Curse|p2a: kuorsaus
|-unboost|p2a: kuorsaus|spe|1
|-boost|p2a: kuorsaus|atk|1
|-boost|p2a: kuorsaus|def|1
|
|-heal|p2a: kuorsaus|84/100 brn|[from] item: Leftovers
|-damage|p2a: kuorsaus|71/100 brn|[from] brn
|upkeep
|turn|9
|
|t:|1728499275
|move|p2a: kuorsaus|Self-Destruct|p1a: Salamence
|-damage|p1a: Salamence|0 fnt
|faint|p2a: kuorsaus
|faint|p1a: Salamence
|inactive|charku has 270 seconds left.
|inactive|charku has 240 seconds left.
|
|t:|1728499342
|switch|p1a: Tyranitar|Tyranitar, F|100/100
|switch|p2a: sivuvoltti|Suicune|100/100
|-damage|p2a: sivuvoltti|88/100|[from] Spikes
|-weather|Sandstorm|[from] ability: Sand Stream|[of] p1a: Tyranitar
|
|-weather|Sandstorm|[upkeep]
|-damage|p2a: sivuvoltti|82/100|[from] Sandstorm
|-heal|p2a: sivuvoltti|88/100|[from] item: Leftovers
|upkeep
|turn|10
|inactive|charku has 240 seconds left.
|
|t:|1728499356
|switch|p1a: Blissey|Blissey, F|100/100
|move|p2a: sivuvoltti|Calm Mind|p2a: sivuvoltti
|-boost|p2a: sivuvoltti|spa|1
|-boost|p2a: sivuvoltti|spd|1
|
|-weather|Sandstorm|[upkeep]
|-damage|p2a: sivuvoltti|82/100|[from] Sandstorm
|-damage|p1a: Blissey|94/100|[from] Sandstorm
|-heal|p2a: sivuvoltti|88/100|[from] item: Leftovers
|-heal|p1a: Blissey|100/100|[from] item: Leftovers
|upkeep
|turn|11
|inactive|charku has 240 seconds left.
|
|t:|1728499374
|move|p2a: sivuvoltti|Calm Mind|p2a: sivuvoltti
|-boost|p2a: sivuvoltti|spa|1
|-boost|p2a: sivuvoltti|spd|1
|move|p1a: Blissey|Thunder Wave|p2a: sivuvoltti
|-status|p2a: sivuvoltti|par
|
|-weather|Sandstorm|[upkeep]
|-damage|p1a: Blissey|94/100|[from] Sandstorm
|-damage|p2a: sivuvoltti|82/100 par|[from] Sandstorm
|-heal|p1a: Blissey|100/100|[from] item: Leftovers
|-heal|p2a: sivuvoltti|88/100 par|[from] item: Leftovers
|upkeep
|turn|12
|
|t:|1728499379
|move|p1a: Blissey|Seismic Toss|p2a: sivuvoltti
|-damage|p2a: sivuvoltti|63/100 par
|move|p2a: sivuvoltti|Calm Mind|p2a: sivuvoltti
|-boost|p2a: sivuvoltti|spa|1
|-boost|p2a: sivuvoltti|spd|1
|
|-weather|Sandstorm|[upkeep]
|-damage|p1a: Blissey|94/100|[from] Sandstorm
|-damage|p2a: sivuvoltti|57/100 par|[from] Sandstorm
|-heal|p1a: Blissey|100/100|[from] item: Leftovers
|-heal|p2a: sivuvoltti|63/100 par|[from] item: Leftovers
|upkeep
|turn|13
|
|t:|1728499383
|move|p1a: Blissey|Seismic Toss|p2a: sivuvoltti
|-damage|p2a: sivuvoltti|39/100 par
|move|p2a: sivuvoltti|Rest|p2a: sivuvoltti
|-status|p2a: sivuvoltti|slp|[from] move: Rest
|-heal|p2a: sivuvoltti|100/100 slp|[silent]
|
|-weather|Sandstorm|[upkeep]
|-damage|p2a: sivuvoltti|94/100 slp|[from] Sandstorm
|-damage|p1a: Blissey|94/100|[from] Sandstorm
|-heal|p2a: sivuvoltti|100/100 slp|[from] item: Leftovers
|-heal|p1a: Blissey|100/100|[from] item: Leftovers
|upkeep
|turn|14
|
|t:|1728499388
|cant|p2a: sivuvoltti|slp
|move|p2a: sivuvoltti|Sleep Talk|p2a: sivuvoltti
|move|p2a: sivuvoltti|Rest|p2a: sivuvoltti|[from]Sleep Talk
|move|p1a: Blissey|Seismic Toss|p2a: sivuvoltti
|-damage|p2a: sivuvoltti|76/100 slp
|
|-weather|Sandstorm|[upkeep]
|-damage|p2a: sivuvoltti|70/100 slp|[from] Sandstorm
|-damage|p1a: Blissey|94/100|[from] Sandstorm
|-heal|p2a: sivuvoltti|76/100 slp|[from] item: Leftovers
|-heal|p1a: Blissey|100/100|[from] item: Leftovers
|upkeep
|turn|15
|
|t:|1728499393
|cant|p2a: sivuvoltti|slp
|move|p2a: sivuvoltti|Sleep Talk|p2a: sivuvoltti
|move|p2a: sivuvoltti|Calm Mind|p2a: sivuvoltti|[from]Sleep Talk
|-boost|p2a: sivuvoltti|spa|1
|-boost|p2a: sivuvoltti|spd|1
|move|p1a: Blissey|Seismic Toss|p2a: sivuvoltti
|-damage|p2a: sivuvoltti|51/100 slp
|
|-weather|Sandstorm|[upkeep]
|-damage|p2a: sivuvoltti|45/100 slp|[from] Sandstorm
|-damage|p1a: Blissey|94/100|[from] Sandstorm
|-heal|p2a: sivuvoltti|51/100 slp|[from] item: Leftovers
|-heal|p1a: Blissey|100/100|[from] item: Leftovers
|upkeep
|turn|16
|
|t:|1728499407
|-curestatus|p2a: sivuvoltti|slp|[msg]
|move|p2a: sivuvoltti|Rest|p2a: sivuvoltti
|-status|p2a: sivuvoltti|slp|[from] move: Rest
|-heal|p2a: sivuvoltti|100/100 slp|[silent]
|move|p1a: Blissey|Seismic Toss|p2a: sivuvoltti
|-damage|p2a: sivuvoltti|76/100 slp
|
|-weather|Sandstorm|[upkeep]
|-damage|p2a: sivuvoltti|70/100 slp|[from] Sandstorm
|-damage|p1a: Blissey|94/100|[from] Sandstorm
|-heal|p2a: sivuvoltti|76/100 slp|[from] item: Leftovers
|-heal|p1a: Blissey|100/100|[from] item: Leftovers
|upkeep
|turn|17
|
|t:|1728499415
|cant|p2a: sivuvoltti|slp
|move|p2a: sivuvoltti|Sleep Talk|p2a: sivuvoltti
|move|p2a: sivuvoltti|Calm Mind|p2a: sivuvoltti|[from]Sleep Talk
|-boost|p2a: sivuvoltti|spa|1
|-boost|p2a: sivuvoltti|spd|1
|move|p1a: Blissey|Seismic Toss|p2a: sivuvoltti
|-damage|p2a: sivuvoltti|51/100 slp
|
|-weather|Sandstorm|[upkeep]
|-damage|p2a: sivuvoltti|45/100 slp|[from] Sandstorm
|-damage|p1a: Blissey|94/100|[from] Sandstorm
|-heal|p2a: sivuvoltti|51/100 slp|[from] item: Leftovers
|-heal|p1a: Blissey|100/100|[from] item: Leftovers
|upkeep
|turn|18
|
|t:|1728499422
|switch|p1a: Aerodactyl|Aerodactyl, F|100/100
|cant|p2a: sivuvoltti|slp
|move|p2a: sivuvoltti|Sleep Talk|p2a: sivuvoltti
|move|p2a: sivuvoltti|Rest|p2a: sivuvoltti|[from]Sleep Talk
|
|-weather|Sandstorm|[upkeep]
|-damage|p2a: sivuvoltti|45/100 slp|[from] Sandstorm
|-heal|p2a: sivuvoltti|51/100 slp|[from] item: Leftovers
|upkeep
|turn|19
|inactive|charku has 270 seconds left.
|
|t:|1728499441
|switch|p2a: ristinolla|Metagross|100/100
|-damage|p2a: ristinolla|88/100|[from] Spikes
|move|p1a: Aerodactyl|Double-Edge|p2a: ristinolla
|-resisted|p2a: ristinolla
|-damage|p2a: ristinolla|66/100
|
|-weather|Sandstorm|[upkeep]
|-heal|p2a: ristinolla|72/100|[from] item: Leftovers
|upkeep
|turn|20
|
|t:|1728499448
|switch|p1a: Tyranitar|Tyranitar, F|100/100
|move|p2a: ristinolla|Agility|p2a: ristinolla
|-boost|p2a: ristinolla|spe|2
|
|-weather|Sandstorm|[upkeep]
|-heal|p2a: ristinolla|78/100|[from] item: Leftovers
|upkeep
|turn|21
|
|t:|1728499454
|move|p2a: ristinolla|Meteor Mash|p1a: Tyranitar
|-supereffective|p1a: Tyranitar
|-damage|p1a: Tyranitar|20/100
|move|p1a: Tyranitar|Counter|p2a: ristinolla
|-damage|p2a: ristinolla|0 fnt
|faint|p2a: ristinolla
|inactive|charku has 270 seconds left.
|
|t:|1728499485
|switch|p2a: lohi(leipä)|Salamence, F|100/100
|-ability|p2a: lohi(leipä)|Intimidate|boost
|-unboost|p1a: Tyranitar|atk|1
|
|-weather|Sandstorm|[upkeep]
|-damage|p2a: lohi(leipä)|94/100|[from] Sandstorm
|-heal|p1a: Tyranitar|26/100|[from] item: Leftovers
|upkeep
|turn|22
|
|t:|1728499492
|switch|p2a: kolmoismagneetti|Magneton|100/100
|-damage|p2a: kolmoismagneetti|88/100|[from] Spikes
|switch|p1a: Aerodactyl|Aerodactyl, F|100/100
|
|-weather|Sandstorm|[upkeep]
|-heal|p2a: kolmoismagneetti|94/100|[from] item: Leftovers
|upkeep
|turn|23
|inactive|charku has 270 seconds left.
|
|t:|1728499526
|move|p1a: Aerodactyl|Rock Slide|p2a: kolmoismagneetti
|-resisted|p2a: kolmoismagneetti
|-damage|p2a: kolmoismagneetti|66/100
|cant|p2a: kolmoismagneetti|flinch
|
|-weather|Sandstorm|[upkeep]
|-heal|p2a: kolmoismagneetti|72/100|[from] item: Leftovers
|upkeep
|turn|24
|
|t:|1728499532
|switch|p1a: Blissey|Blissey, F|100/100
|move|p2a: kolmoismagneetti|Toxic|p1a: Blissey
|-status|p1a: Blissey|tox
|
|-weather|Sandstorm|[upkeep]
|-damage|p1a: Blissey|94/100 tox|[from] Sandstorm
|-heal|p2a: kolmoismagneetti|78/100|[from] item: Leftovers
|-heal|p1a: Blissey|100/100 tox|[from] item: Leftovers
|-damage|p1a: Blissey|94/100 tox|[from] psn
|upkeep
|turn|25
|
|t:|1728499541
|switch|p2a: konstruktio|Regirock|65/100 tox
|-damage|p2a: konstruktio|53/100 tox|[from] Spikes
|move|p1a: Blissey|Seismic Toss|p2a: konstruktio
|-damage|p2a: konstruktio|25/100 tox
|
|-weather|Sandstorm|[upkeep]
|-damage|p1a: Blissey|88/100 tox|[from] Sandstorm
|-heal|p2a: konstruktio|31/100 tox|[from] item: Leftovers
|-damage|p2a: konstruktio|25/100 tox|[from] psn
|-heal|p1a: Blissey|94/100 tox|[from] item: Leftovers
|-damage|p1a: Blissey|82/100 tox|[from] psn
|upkeep
|turn|26
|
|t:|1728499560
|-curestatus|p1a: Blissey|tox|[from] ability: Natural Cure
|switch|p1a: Jirachi|Jirachi|80/100
|move|p2a: konstruktio|Explosion|p1a: Jirachi
|-resisted|p1a: Jirachi
|-damage|p1a: Jirachi|27/100
|faint|p2a: konstruktio
|
|t:|1728499575
|switch|p2a: kolmoismagneetti|Magneton|78/100
|-damage|p2a: kolmoismagneetti|66/100|[from] Spikes
|
|-weather|Sandstorm|[upkeep]
|-heal|p1a: Jirachi|33/100|[from] item: Leftovers
|-heal|p2a: kolmoismagneetti|72/100|[from] item: Leftovers
|upkeep
|turn|27
|
|t:|1728499579
|move|p1a: Jirachi|Protect|p1a: Jirachi
|-singleturn|p1a: Jirachi|Protect
|move|p2a: kolmoismagneetti|Thunderbolt|p1a: Jirachi
|-activate|p1a: Jirachi|Protect
|
|-weather|Sandstorm|[upkeep]
|-heal|p1a: Jirachi|40/100|[from] item: Leftovers
|-heal|p2a: kolmoismagneetti|78/100|[from] item: Leftovers
|upkeep
|turn|28
|
|t:|1728499584
|move|p1a: Jirachi|Wish|p1a: Jirachi
|move|p2a: kolmoismagneetti|Thunderbolt|p1a: Jirachi
|-damage|p1a: Jirachi|0 fnt
|faint|p1a: Jirachi
|
|t:|1728499609
|switch|p1a: Blissey|Blissey, F|82/100
|
|-weather|Sandstorm|[upkeep]
|-damage|p1a: Blissey|76/100|[from] Sandstorm
|-heal|p2a: kolmoismagneetti|84/100|[from] item: Leftovers
|-heal|p1a: Blissey|82/100|[from] item: Leftovers
|upkeep
|turn|29
|inactive|charku has 270 seconds left.
|
|t:|1728499635
|move|p2a: kolmoismagneetti|Toxic|p1a: Blissey
|-status|p1a: Blissey|tox
|move|p1a: Blissey|Thunder Wave|p2a: kolmoismagneetti
|-status|p2a: kolmoismagneetti|par
|
|-heal|p1a: Blissey|100/100 tox|[from] move: Wish|[wisher] Jirachi
|-weather|Sandstorm|[upkeep]
|-damage|p1a: Blissey|94/100 tox|[from] Sandstorm
|-heal|p1a: Blissey|100/100 tox|[from] item: Leftovers
|-damage|p1a: Blissey|94/100 tox|[from] psn
|-heal|p2a: kolmoismagneetti|90/100 par|[from] item: Leftovers
|upkeep
|turn|30
|
|t:|1728499647
|switch|p2a: sivuvoltti|Suicune|51/100 slp
|-damage|p2a: sivuvoltti|39/100 slp|[from] Spikes
|move|p1a: Blissey|Seismic Toss|p2a: sivuvoltti
|-damage|p2a: sivuvoltti|14/100 slp
|
|-weather|Sandstorm|[upkeep]
|-damage|p2a: sivuvoltti|8/100 slp|[from] Sandstorm
|-damage|p1a: Blissey|88/100 tox|[from] Sandstorm
|-heal|p2a: sivuvoltti|14/100 slp|[from] item: Leftovers
|-heal|p1a: Blissey|94/100 tox|[from] item: Leftovers
|-damage|p1a: Blissey|82/100 tox|[from] psn
|upkeep
|turn|31
|
|t:|1728499652
|cant|p2a: sivuvoltti|slp
|move|p2a: sivuvoltti|Sleep Talk|p2a: sivuvoltti
|move|p2a: sivuvoltti|Surf|p1a: Blissey|[from]Sleep Talk
|-damage|p1a: Blissey|67/100 tox
|move|p1a: Blissey|Seismic Toss|p2a: sivuvoltti
|-damage|p2a: sivuvoltti|0 fnt
|faint|p2a: sivuvoltti
|
|t:|1728499661
|switch|p2a: lohi(leipä)|Salamence, F|94/100
|-ability|p2a: lohi(leipä)|Intimidate|boost
|-unboost|p1a: Blissey|atk|1
|
|-weather|Sandstorm|[upkeep]
|-damage|p2a: lohi(leipä)|88/100|[from] Sandstorm
|-damage|p1a: Blissey|61/100 tox|[from] Sandstorm
|-heal|p1a: Blissey|67/100 tox|[from] item: Leftovers
|-damage|p1a: Blissey|49/100 tox|[from] psn
|upkeep
|turn|32
|
|t:|1728499664
|move|p2a: lohi(leipä)|Dragon Dance|p2a: lohi(leipä)
|-boost|p2a: lohi(leipä)|atk|1
|-boost|p2a: lohi(leipä)|spe|1
|move|p1a: Blissey|Thunder Wave|p2a: lohi(leipä)
|-status|p2a: lohi(leipä)|par
|-enditem|p2a: lohi(leipä)|Lum Berry|[eat]
|-curestatus|p2a: lohi(leipä)|par|[msg]
|
|-weather|Sandstorm|[upkeep]
|-damage|p2a: lohi(leipä)|82/100|[from] Sandstorm
|-damage|p1a: Blissey|43/100 tox|[from] Sandstorm
|-heal|p1a: Blissey|49/100 tox|[from] item: Leftovers
|-damage|p1a: Blissey|24/100 tox|[from] psn
|upkeep
|turn|33
|
|t:|1728499668
|move|p2a: lohi(leipä)|Brick Break|p1a: Blissey
|-supereffective|p1a: Blissey
|-damage|p1a: Blissey|0 fnt
|faint|p1a: Blissey
|
|t:|1728499675
|switch|p1a: Aerodactyl|Aerodactyl, F|100/100
|
|-weather|Sandstorm|[upkeep]
|-damage|p2a: lohi(leipä)|76/100|[from] Sandstorm
|upkeep
|turn|34
|inactive|charku has 270 seconds left.
|inactive|charku has 240 seconds left.
|inactive|charku has 210 seconds left.
|inactive|kewta has 270 seconds left.
|
|t:|1728499804
|move|p2a: lohi(leipä)|Rock Slide|p1a: Aerodactyl
|-supereffective|p1a: Aerodactyl
|-damage|p1a: Aerodactyl|0 fnt
|faint|p1a: Aerodactyl
|c|☆kewta|gg
|c|☆charku|gg
|inactive|kewta has 240 seconds left.
|-message|kewta forfeited.
|
|win|charku

</script>
<script type="application/json" class="data" id="replaydata-smogtours-gen3ou-796704">
{"id":"smogtours-gen3ou-796704","format":"[Gen 3] OU","players":["kewta","charku"],"uploadtime":1728499818,"views":74,"formatid":"gen3ou","rating":null,"private":0,"password":null}
</script>

<script defer src="js/replays.js?9d40a366"></script>
