<!DOCTYPE html>
<meta charset="utf-8" />
<meta name="viewport" content="width=device-width" />

<title>[Gen 3] OU: blundergoth vs. Deezcastforms - Replays - Pok&eacute;mon Showdown!</title>

<meta name="description" content="Watch a replay of a Pok&eacute;mon battle between blundergoth and Deezcastforms! Format: [Gen 3] OU; Date: Oct 31, 2024" />
<!--

Hey, you! Looking in the source for the replay log?

You can find them in JSON format, just add `.json` at the end of a replay URL.

https://replay.pokemonshowdown.com/gen7randomdoublesbattle-865046831.json

Or, if you only need the log itself, add `.log` instead:

https://replay.pokemonshowdown.com/gen7randomdoublesbattle-865046831.log

-->

<link rel="stylesheet" href="//pokemonshowdown.com/style/global.css?0.023195364461161105" />
<link rel="stylesheet" href="//play.pokemonshowdown.com/style/font-awesome.css?0.13261647063804238" />
<link rel="stylesheet" href="//play.pokemonshowdown.com/style/battle.css?0.8753245789963631" />
<link rel="stylesheet" href="//play.pokemonshowdown.com/style/utilichart.css?0.8627959624976733" />

<!-- Global site tag (gtag.js) - Google Analytics -->
<script async src="https://www.googletagmanager.com/gtag/js?id=UA-26211653-1"></script>
<script>
  window.dataLayer = window.dataLayer || [];
  function gtag(){dataLayer.push(arguments);}
  gtag('js', new Date());

  gtag('config', 'UA-26211653-1');
</script>
<!-- End Google Analytics -->
<!-- Venatus Ad Manager - Install in <HEAD> of page -->
	<script src="https://hb.vntsm.com/v3/live/ad-manager.min.js" type="text/javascript" data-site-id="642aba63ec9a7b11c3c9c1be" data-mode="scan" async></script>
<!-- / Venatus Ad Manager -->

<style>
	@media (max-width:820px) {
		.battle {
			margin: 0 auto;
		}
		.battle-log {
			margin: 7px auto 0;
			max-width: 640px;
			height: 300px;
			position: static;
		}
	}
	.optgroup {
		display: inline-block;
		line-height: 22px;
		font-size: 10pt;
	}
	.optgroup .button {
		height: 25px;
		padding-top: 0;
		padding-bottom: 0;
	}
	.optgroup button.button {
		padding-left: 12px;
		padding-right: 12px;
	}
	.linklist {
		list-style: none;
		margin: 0.5em 0;
		padding: 0;
	}
	.linklist li {
		padding: 2px 0;
	}
	.sidebar {
		float: left;
		width: 320px;
	}
	.bar-wrapper {
		max-width: 1100px;
		margin: 0 auto;
	}
	.bar-wrapper.has-sidebar {
		max-width: 1430px;
	}
	.mainbar {
		margin: 0;
		padding-right: 1px;
	}
	.mainbar.has-sidebar {
		margin-left: 330px;
	}
	@media (min-width: 1511px) {
		.sidebar {
			width: 400px;
		}
		.bar-wrapper.has-sidebar {
			max-width: 1510px;
		}
		.mainbar.has-sidebar {
			margin-left: 410px;
		}
	}
	.section.first-section {
		margin-top: 9px;
	}
	.blocklink small {
		white-space: normal;
	}
	.button {
		vertical-align: middle;
	}
	.replay-controls {
		padding-top: 10px;
	}
	.replay-controls h1 {
		font-size: 16pt;
		font-weight: normal;
		color: #CCC;
	}
	.pagelink {
		text-align: center;
	}
	.pagelink a {
		width: 150px;
	}
	.textbox, .button {
		font-size: 11pt;
		vertical-align: middle;
	}
	@media (max-width: 450px) {
		.button {
			font-size: 9pt;
		}
	}
</style>

<div>

	<header>
		<div class="nav-wrapper"><ul class="nav">
			<li><a class="button nav-first" href="//pokemonshowdown.com/"><img src="//pokemonshowdown.com/images/pokemonshowdownbeta.png" srcset="//pokemonshowdown.com/images/pokemonshowdownbeta.png 1x, //pokemonshowdown.com/images/pokemonshowdownbeta@2x.png 2x" alt="Pok&eacute;mon Showdown" width="146" height="44" /> Home</a></li>
			<li><a class="button" href="//pokemonshowdown.com/dex/">Pok&eacute;dex</a></li>
			<li><a class="button cur" href="/">Replays</a></li>
			<li><a class="button" href="//pokemonshowdown.com/ladder/">Ladder</a></li>
			<li><a class="button nav-last" href="//pokemonshowdown.com/forums/">Forum</a></li>
			<li><a class="button greenbutton nav-first nav-last" href="//play.pokemonshowdown.com/">Play</a></li>
		</ul></div>
	</header>

	<div class="main" id="main">

		<noscript><section class="section">You need to enable JavaScript to use this page; sorry!</section></noscript>

	</div>

</div>

<script defer nomodule src="//play.pokemonshowdown.com/js/lib/ps-polyfill.js"></script>
<script defer src="//play.pokemonshowdown.com/js/lib/preact.min.js"></script>

<script defer src="//play.pokemonshowdown.com/config/config.js?2bddbc15"></script>
<script defer src="//play.pokemonshowdown.com/js/lib/jquery-1.11.0.min.js"></script>
<script defer src="//play.pokemonshowdown.com/js/lib/html-sanitizer-minified.js"></script>
<script defer src="//play.pokemonshowdown.com/js/battle-sound.js"></script>
<script defer src="//play.pokemonshowdown.com/js/battledata.js?0.7209276989879541"></script>
<script defer src="//play.pokemonshowdown.com/data/pokedex-mini.js?0.6111056340867951"></script>
<script defer src="//play.pokemonshowdown.com/data/pokedex-mini-bw.js?0.3532142036491459"></script>
<script defer src="//play.pokemonshowdown.com/data/graphics.js?0.24223875632456182"></script>
<script defer src="//play.pokemonshowdown.com/data/pokedex.js?0.38839984266356864"></script>
<script defer src="//play.pokemonshowdown.com/data/moves.js?0.21866028504024015"></script>
<script defer src="//play.pokemonshowdown.com/data/abilities.js?0.2005157953846628"></script>
<script defer src="//play.pokemonshowdown.com/data/items.js?0.9894211263848525"></script>
<script defer src="//play.pokemonshowdown.com/data/teambuilder-tables.js?0.6008791140282215"></script>
<script defer src="//play.pokemonshowdown.com/js/battle-tooltips.js?0.7580118955022959"></script>
<script defer src="//play.pokemonshowdown.com/js/battle.js?0.6057722274234274"></script>

<script defer src="js/utils.js?e31f9a17"></script>
<script defer src="js/replays-battle.js?7008c182"></script>

<!-- don't scrape this data! just add .json or .log after the URL!
Full API docs: https://github.com/smogon/pokemon-showdown-client/blob/master/WEB-API.md -->
<script type="text/plain" class="log" id="replaylog-smogtours-gen3ou-803537">
|inactive|Battle timer is ON: inactive players will automatically lose when time's up.
|badge|p1|bronze|gen9randombattle|100-3
|uhtml|medal-msg|<div class="broadcast-blue">Curious what those medals under the avatar are? PS now has Ladder Seasons! For more information, check out the <a href="https://www.smogon.com/forums/threads/3740067/">thread on Smogon.<\/a><\/div>
|t:|1730337891
|gametype|singles
|player|p1|blundergoth|ingo|
|player|p2|Deezcastforms|veteran-gen4|
|teamsize|p1|6
|teamsize|p2|6
|gen|3
|tier|[Gen 3] OU
|rule|Sleep Clause Mod: Limit one foe put to sleep
|rule|Switch Priority Clause Mod: Faster Pokémon switch first
|rule|Species Clause: Limit one of each Pokémon
|rule|OHKO Clause: OHKO moves are banned
|rule|Evasion Items Clause: Evasion items are banned
|rule|Evasion Moves Clause: Evasion moves are banned
|rule|Endless Battle Clause: Forcing endless battles is banned
|rule|HP Percentage Mod: HP is shown in percentages
|rule|One Boost Passer Clause: Limit one Baton Passer that has a way to boost its stats
|rule|Freeze Clause Mod: Limit one foe frozen
|
|t:|1730337891
|start
|switch|p1a: Sharp Fangs|Tyranitar, M|100/100
|switch|p2a: Metagross|Metagross|100/100
|-weather|Sandstorm|[from] ability: Sand Stream|[of] p1a: Sharp Fangs
|turn|1
|
|t:|1730337920
|switch|p1a: CRUSH CREAM SODA|Skarmory, M|100/100
|move|p2a: Metagross|Meteor Mash|p1a: CRUSH CREAM SODA
|-resisted|p1a: CRUSH CREAM SODA
|-damage|p1a: CRUSH CREAM SODA|65/100
|
|-weather|Sandstorm|[upkeep]
|-heal|p1a: CRUSH CREAM SODA|71/100|[from] item: Leftovers
|upkeep
|turn|2
|
|t:|1730337927
|switch|p2a: Magneton|Magneton|100/100
|switch|p1a: Delibirt|Moltres|100/100
|
|-weather|Sandstorm|[upkeep]
|-damage|p1a: Delibirt|94/100|[from] Sandstorm
|-heal|p1a: Delibirt|100/100|[from] item: Leftovers
|upkeep
|turn|3
|
|t:|1730337932
|switch|p2a: Blissey|Blissey, F|100/100
|move|p1a: Delibirt|Flamethrower|p2a: Blissey
|-damage|p2a: Blissey|78/100
|
|-weather|Sandstorm|[upkeep]
|-damage|p1a: Delibirt|94/100|[from] Sandstorm
|-damage|p2a: Blissey|72/100|[from] Sandstorm
|-heal|p1a: Delibirt|100/100|[from] item: Leftovers
|-heal|p2a: Blissey|78/100|[from] item: Leftovers
|upkeep
|turn|4
|
|t:|1730337952
|switch|p1a: Sharp Fangs|Tyranitar, M|100/100
|move|p2a: Blissey|Thunder Wave|p1a: Sharp Fangs
|-status|p1a: Sharp Fangs|par
|
|-weather|Sandstorm|[upkeep]
|-damage|p2a: Blissey|72/100|[from] Sandstorm
|-heal|p2a: Blissey|78/100|[from] item: Leftovers
|upkeep
|turn|5
|
|t:|1730337964
|-singleturn|p1a: Sharp Fangs|move: Focus Punch
|switch|p2a: Swampert|Swampert, M|100/100
|move|p1a: Sharp Fangs|Focus Punch|p2a: Swampert
|-damage|p2a: Swampert|72/100
|
|-weather|Sandstorm|[upkeep]
|-heal|p2a: Swampert|78/100|[from] item: Leftovers
|upkeep
|turn|6
|
|t:|1730337976
|switch|p1a: quagfire|Quagsire, M|100/100
|move|p2a: Swampert|Hydro Pump|p1a: quagfire
|-immune|p1a: quagfire|[from] ability: Water Absorb
|
|-weather|Sandstorm|[upkeep]
|-heal|p2a: Swampert|84/100|[from] item: Leftovers
|upkeep
|turn|7
|
|t:|1730337999
|switch|p2a: Metagross|Metagross|100/100
|switch|p1a: CRUSH CREAM SODA|Skarmory, M|71/100
|
|-weather|Sandstorm|[upkeep]
|-heal|p1a: CRUSH CREAM SODA|77/100|[from] item: Leftovers
|upkeep
|turn|8
|
|t:|1730338011
|switch|p2a: Magneton|Magneton|100/100
|switch|p1a: quagfire|Quagsire, M|100/100
|
|-weather|Sandstorm|[upkeep]
|upkeep
|turn|9
|
|t:|1730338020
|switch|p1a: Delibirt|Moltres|100/100
|move|p2a: Magneton|Hidden Power|p1a: Delibirt
|-resisted|p1a: Delibirt
|-damage|p1a: Delibirt|94/100
|
|-weather|Sandstorm|[upkeep]
|-damage|p1a: Delibirt|88/100|[from] Sandstorm
|-heal|p1a: Delibirt|94/100|[from] item: Leftovers
|upkeep
|turn|10
|
|t:|1730338036
|switch|p2a: Blissey|Blissey, F|78/100
|move|p1a: Delibirt|Flamethrower|p2a: Blissey
|-crit|p2a: Blissey
|-damage|p2a: Blissey|36/100
|
|-weather|Sandstorm|[upkeep]
|-damage|p1a: Delibirt|88/100|[from] Sandstorm
|-damage|p2a: Blissey|30/100|[from] Sandstorm
|-heal|p1a: Delibirt|94/100|[from] item: Leftovers
|-heal|p2a: Blissey|36/100|[from] item: Leftovers
|upkeep
|turn|11
|
|t:|1730338040
|move|p1a: Delibirt|Overheat|p2a: Blissey
|-damage|p2a: Blissey|4/100
|-unboost|p1a: Delibirt|spa|2
|move|p2a: Blissey|Soft-Boiled|p2a: Blissey
|-heal|p2a: Blissey|54/100
|
|-weather|Sandstorm|[upkeep]
|-damage|p1a: Delibirt|88/100|[from] Sandstorm
|-damage|p2a: Blissey|48/100|[from] Sandstorm
|-heal|p1a: Delibirt|94/100|[from] item: Leftovers
|-heal|p2a: Blissey|54/100|[from] item: Leftovers
|upkeep
|turn|12
|
|t:|1730338048
|switch|p1a: Sharp Fangs|Tyranitar, M|100/100 par
|move|p2a: Blissey|Soft-Boiled|p2a: Blissey
|-heal|p2a: Blissey|100/100
|
|-weather|Sandstorm|[upkeep]
|-damage|p2a: Blissey|94/100|[from] Sandstorm
|-heal|p2a: Blissey|100/100|[from] item: Leftovers
|upkeep
|turn|13
|
|t:|1730338057
|-singleturn|p1a: Sharp Fangs|move: Focus Punch
|switch|p2a: Swampert|Swampert, M|84/100
|move|p1a: Sharp Fangs|Focus Punch|p2a: Swampert
|-damage|p2a: Swampert|55/100
|
|-weather|Sandstorm|[upkeep]
|-heal|p2a: Swampert|61/100|[from] item: Leftovers
|upkeep
|turn|14
|
|t:|1730338066
|switch|p2a: Metagross|Metagross|100/100
|switch|p1a: CRUSH CREAM SODA|Skarmory, M|77/100
|
|-weather|Sandstorm|[upkeep]
|-heal|p1a: CRUSH CREAM SODA|83/100|[from] item: Leftovers
|upkeep
|turn|15
|
|t:|1730338084
|move|p2a: Metagross|Rock Slide|p1a: CRUSH CREAM SODA
|-damage|p1a: CRUSH CREAM SODA|51/100
|cant|p1a: CRUSH CREAM SODA|flinch
|
|-weather|Sandstorm|[upkeep]
|-heal|p1a: CRUSH CREAM SODA|57/100|[from] item: Leftovers
|upkeep
|turn|16
|
|t:|1730338096
|switch|p2a: Magneton|Magneton|100/100
|switch|p1a: quagfire|Quagsire, M|100/100
|
|-weather|Sandstorm|[upkeep]
|upkeep
|turn|17
|
|t:|1730338103
|switch|p1a: Blissey|Blissey, F|100/100
|move|p2a: Magneton|Hidden Power|p1a: Blissey
|-crit|p1a: Blissey
|-damage|p1a: Blissey|79/100
|
|-weather|Sandstorm|[upkeep]
|-damage|p1a: Blissey|73/100|[from] Sandstorm
|-heal|p1a: Blissey|79/100|[from] item: Leftovers
|upkeep
|turn|18
|
|t:|1730338113
|switch|p1a: Sharp Fangs|Tyranitar, M|100/100 par
|move|p2a: Magneton|Protect||[still]
|-fail|p2a: Magneton
|
|-weather|Sandstorm|[upkeep]
|upkeep
|turn|19
|
|t:|1730338131
|switch|p2a: Salamence|Salamence, M|100/100
|-ability|p2a: Salamence|Intimidate|boost
|-unboost|p1a: Sharp Fangs|atk|1
|switch|p1a: Blissey|Blissey, F|79/100
|
|-weather|Sandstorm|[upkeep]
|-damage|p2a: Salamence|94/100|[from] Sandstorm
|-damage|p1a: Blissey|73/100|[from] Sandstorm
|-heal|p2a: Salamence|100/100|[from] item: Leftovers
|-heal|p1a: Blissey|79/100|[from] item: Leftovers
|upkeep
|turn|20
|
|t:|1730338145
|switch|p2a: Metagross|Metagross|100/100
|move|p1a: Blissey|Ice Beam|p2a: Metagross
|-resisted|p2a: Metagross
|-damage|p2a: Metagross|86/100
|
|-weather|Sandstorm|[upkeep]
|-damage|p1a: Blissey|73/100|[from] Sandstorm
|-heal|p1a: Blissey|79/100|[from] item: Leftovers
|upkeep
|turn|21
|
|t:|1730338152
|switch|p1a: quagfire|Quagsire, M|100/100
|move|p2a: Metagross|Meteor Mash|p1a: quagfire
|-resisted|p1a: quagfire
|-damage|p1a: quagfire|63/100
|
|-weather|Sandstorm|[upkeep]
|-heal|p1a: quagfire|70/100|[from] item: Leftovers
|upkeep
|turn|22
|inactive|Deezcastforms has 270 seconds left.
|
|t:|1730338194
|move|p2a: Metagross|Meteor Mash|p1a: quagfire
|-resisted|p1a: quagfire
|-damage|p1a: quagfire|36/100
|move|p1a: quagfire|Ice Beam|p2a: Metagross
|-resisted|p2a: Metagross
|-damage|p2a: Metagross|77/100
|
|-weather|Sandstorm|[upkeep]
|-heal|p1a: quagfire|42/100|[from] item: Leftovers
|upkeep
|turn|23
|
|t:|1730338201
|move|p2a: Metagross|Meteor Mash|p1a: quagfire
|-resisted|p1a: quagfire
|-damage|p1a: quagfire|6/100
|move|p1a: quagfire|Rest|p1a: quagfire
|-status|p1a: quagfire|slp|[from] move: Rest
|-heal|p1a: quagfire|100/100 slp|[silent]
|
|-weather|Sandstorm|[upkeep]
|upkeep
|turn|24
|inactive|Deezcastforms has 270 seconds left.
|
|t:|1730338213
|switch|p2a: Magneton|Magneton|100/100
|cant|p1a: quagfire|slp
|
|-weather|Sandstorm|[upkeep]
|upkeep
|turn|25
|
|t:|1730338216
|switch|p2a: Tyranitar|Tyranitar, M|100/100
|switch|p1a: Blissey|Blissey, F|79/100
|
|-weather|Sandstorm|[upkeep]
|-damage|p1a: Blissey|73/100|[from] Sandstorm
|-heal|p1a: Blissey|79/100|[from] item: Leftovers
|upkeep
|turn|26
|
|t:|1730338247
|switch|p1a: CRUSH CREAM SODA|Skarmory, M|57/100
|move|p2a: Tyranitar|Dragon Dance|p2a: Tyranitar
|-boost|p2a: Tyranitar|atk|1
|-boost|p2a: Tyranitar|spe|1
|
|-weather|Sandstorm|[upkeep]
|-heal|p1a: CRUSH CREAM SODA|63/100|[from] item: Leftovers
|upkeep
|turn|27
|
|t:|1730338253
|move|p2a: Tyranitar|Rock Slide|p1a: CRUSH CREAM SODA|[miss]
|-miss|p2a: Tyranitar|p1a: CRUSH CREAM SODA
|move|p1a: CRUSH CREAM SODA|Roar|p2a: Tyranitar
|drag|p2a: Blissey|Blissey, F|100/100
|
|-weather|Sandstorm|[upkeep]
|-damage|p2a: Blissey|94/100|[from] Sandstorm
|-heal|p1a: CRUSH CREAM SODA|69/100|[from] item: Leftovers
|-heal|p2a: Blissey|100/100|[from] item: Leftovers
|upkeep
|turn|28
|inactive|blundergoth has 270 seconds left.
|inactive|Deezcastforms has 270 seconds left.
|
|t:|1730338284
|switch|p2a: Magneton|Magneton|100/100
|move|p1a: CRUSH CREAM SODA|Spikes|p2a: Magneton
|-sidestart|p2: Deezcastforms|Spikes
|
|-weather|Sandstorm|[upkeep]
|-heal|p1a: CRUSH CREAM SODA|75/100|[from] item: Leftovers
|upkeep
|turn|29
|
|t:|1730338287
|move|p2a: Magneton|Thunderbolt|p1a: CRUSH CREAM SODA
|-supereffective|p1a: CRUSH CREAM SODA
|-damage|p1a: CRUSH CREAM SODA|0 fnt
|faint|p1a: CRUSH CREAM SODA
|
|t:|1730338290
|switch|p1a: Delibirt|Moltres|94/100
|
|-weather|Sandstorm|[upkeep]
|-damage|p1a: Delibirt|88/100|[from] Sandstorm
|-heal|p1a: Delibirt|94/100|[from] item: Leftovers
|upkeep
|turn|30
|
|t:|1730338295
|switch|p2a: Blissey|Blissey, F|100/100
|-damage|p2a: Blissey|88/100|[from] Spikes
|move|p1a: Delibirt|Will-O-Wisp|p2a: Blissey
|-status|p2a: Blissey|brn
|
|-weather|Sandstorm|[upkeep]
|-damage|p1a: Delibirt|88/100|[from] Sandstorm
|-damage|p2a: Blissey|82/100 brn|[from] Sandstorm
|-heal|p1a: Delibirt|94/100|[from] item: Leftovers
|-heal|p2a: Blissey|88/100 brn|[from] item: Leftovers
|-damage|p2a: Blissey|76/100 brn|[from] brn
|upkeep
|turn|31
|
|t:|1730338304
|switch|p1a: Sharp Fangs|Tyranitar, M|100/100 par
|move|p2a: Blissey|Thunder Wave|p1a: Sharp Fangs
|-fail|p1a: Sharp Fangs|par
|
|-weather|Sandstorm|[upkeep]
|-damage|p2a: Blissey|69/100 brn|[from] Sandstorm
|-heal|p2a: Blissey|76/100 brn|[from] item: Leftovers
|-damage|p2a: Blissey|63/100 brn|[from] brn
|upkeep
|turn|32
|
|t:|1730338312
|-curestatus|p2a: Blissey|brn|[from] ability: Natural Cure
|switch|p2a: Swampert|Swampert, M|61/100
|-damage|p2a: Swampert|49/100|[from] Spikes
|move|p1a: Sharp Fangs|Crunch|p2a: Swampert
|-damage|p2a: Swampert|16/100
|
|-weather|Sandstorm|[upkeep]
|-heal|p2a: Swampert|22/100|[from] item: Leftovers
|upkeep
|turn|33
|
|t:|1730338335
|switch|p1a: Speaking.|Starmie|100/100
|move|p2a: Swampert|Earthquake|p1a: Speaking.
|-damage|p1a: Speaking.|49/100
|
|-weather|Sandstorm|[upkeep]
|-damage|p1a: Speaking.|42/100|[from] Sandstorm
|-heal|p1a: Speaking.|49/100|[from] item: Leftovers
|-heal|p2a: Swampert|28/100|[from] item: Leftovers
|upkeep
|turn|34
|
|t:|1730338352
|switch|p1a: Delibirt|Moltres|94/100
|move|p2a: Swampert|Protect||[still]
|-fail|p2a: Swampert
|
|-weather|Sandstorm|[upkeep]
|-damage|p1a: Delibirt|88/100|[from] Sandstorm
|-heal|p1a: Delibirt|94/100|[from] item: Leftovers
|-heal|p2a: Swampert|34/100|[from] item: Leftovers
|upkeep
|turn|35
|
|t:|1730338355
|move|p2a: Swampert|Protect|p2a: Swampert
|-singleturn|p2a: Swampert|Protect
|move|p1a: Delibirt|Hidden Power|p2a: Swampert
|-activate|p2a: Swampert|Protect
|
|-weather|Sandstorm|[upkeep]
|-damage|p1a: Delibirt|88/100|[from] Sandstorm
|-heal|p1a: Delibirt|94/100|[from] item: Leftovers
|-heal|p2a: Swampert|41/100|[from] item: Leftovers
|upkeep
|turn|36
|
|t:|1730338385
|switch|p2a: Blissey|Blissey, F|63/100
|-damage|p2a: Blissey|51/100|[from] Spikes
|move|p1a: Delibirt|Flamethrower|p2a: Blissey
|-damage|p2a: Blissey|30/100
|
|-weather|Sandstorm|[upkeep]
|-damage|p1a: Delibirt|88/100|[from] Sandstorm
|-damage|p2a: Blissey|24/100|[from] Sandstorm
|-heal|p1a: Delibirt|94/100|[from] item: Leftovers
|-heal|p2a: Blissey|30/100|[from] item: Leftovers
|upkeep
|turn|37
|
|t:|1730338389
|move|p1a: Delibirt|Overheat|p2a: Blissey
|-damage|p2a: Blissey|0 fnt
|-unboost|p1a: Delibirt|spa|2
|faint|p2a: Blissey
|
|t:|1730338397
|switch|p2a: Tyranitar|Tyranitar, M|100/100
|-damage|p2a: Tyranitar|88/100|[from] Spikes
|
|-weather|Sandstorm|[upkeep]
|-damage|p1a: Delibirt|88/100|[from] Sandstorm
|-heal|p1a: Delibirt|94/100|[from] item: Leftovers
|upkeep
|turn|38
|inactive|blundergoth has 270 seconds left.
|
|t:|1730338456
|switch|p1a: Speaking.|Starmie|49/100
|move|p2a: Tyranitar|Dragon Dance|p2a: Tyranitar
|-boost|p2a: Tyranitar|atk|1
|-boost|p2a: Tyranitar|spe|1
|
|-weather|Sandstorm|[upkeep]
|-damage|p1a: Speaking.|42/100|[from] Sandstorm
|-heal|p1a: Speaking.|49/100|[from] item: Leftovers
|upkeep
|turn|39
|inactive|Deezcastforms has 270 seconds left.
|inactive|Deezcastforms has 240 seconds left.
|
|t:|1730338538
|switch|p2a: Swampert|Swampert, M|41/100
|-damage|p2a: Swampert|28/100|[from] Spikes
|move|p1a: Speaking.|Hydro Pump|p2a: Swampert
|-damage|p2a: Swampert|0 fnt
|faint|p2a: Swampert
|
|t:|1730338545
|switch|p2a: Metagross|Metagross|77/100
|-damage|p2a: Metagross|65/100|[from] Spikes
|
|-weather|Sandstorm|[upkeep]
|-damage|p1a: Speaking.|42/100|[from] Sandstorm
|-heal|p1a: Speaking.|49/100|[from] item: Leftovers
|upkeep
|turn|40
|
|t:|1730338562
|switch|p1a: Delibirt|Moltres|94/100
|move|p2a: Metagross|Earthquake|p1a: Delibirt
|-immune|p1a: Delibirt
|
|-weather|Sandstorm|[upkeep]
|-damage|p1a: Delibirt|88/100|[from] Sandstorm
|-heal|p1a: Delibirt|94/100|[from] item: Leftovers
|upkeep
|turn|41
|inactive|Deezcastforms has 210 seconds left.
|inactive|blundergoth has 240 seconds left.
|
|t:|1730338594
|switch|p2a: Magneton|Magneton|100/100
|-damage|p2a: Magneton|88/100|[from] Spikes
|move|p1a: Delibirt|Will-O-Wisp|p2a: Magneton
|-status|p2a: Magneton|brn
|
|-weather|Sandstorm|[upkeep]
|-damage|p1a: Delibirt|88/100|[from] Sandstorm
|-heal|p1a: Delibirt|94/100|[from] item: Leftovers
|-damage|p2a: Magneton|76/100 brn|[from] brn
|upkeep
|turn|42
|inactive|Deezcastforms has 180 seconds left.
|
|t:|1730338626
|move|p1a: Delibirt|Flamethrower|p2a: Magneton
|-supereffective|p2a: Magneton
|-damage|p2a: Magneton|0 fnt
|faint|p2a: Magneton
|
|t:|1730338629
|switch|p2a: Tyranitar|Tyranitar, M|88/100
|-damage|p2a: Tyranitar|76/100|[from] Spikes
|
|-weather|Sandstorm|[upkeep]
|-damage|p1a: Delibirt|88/100|[from] Sandstorm
|-heal|p1a: Delibirt|94/100|[from] item: Leftovers
|upkeep
|turn|43
|
|t:|1730338636
|move|p1a: Delibirt|Hidden Power|p2a: Tyranitar
|-supereffective|p2a: Tyranitar
|-damage|p2a: Tyranitar|29/100
|move|p2a: Tyranitar|Dragon Dance|p2a: Tyranitar
|-boost|p2a: Tyranitar|atk|1
|-boost|p2a: Tyranitar|spe|1
|
|-weather|Sandstorm|[upkeep]
|-damage|p1a: Delibirt|88/100|[from] Sandstorm
|-heal|p1a: Delibirt|94/100|[from] item: Leftovers
|upkeep
|turn|44
|
|t:|1730338648
|move|p2a: Tyranitar|Rock Slide|p1a: Delibirt
|-supereffective|p1a: Delibirt
|-crit|p1a: Delibirt
|-damage|p1a: Delibirt|0 fnt
|faint|p1a: Delibirt
|
|t:|1730338649
|switch|p1a: Speaking.|Starmie|49/100
|
|-weather|Sandstorm|[upkeep]
|-damage|p1a: Speaking.|42/100|[from] Sandstorm
|-heal|p1a: Speaking.|49/100|[from] item: Leftovers
|upkeep
|turn|45
|inactive|Deezcastforms has 210 seconds left.
|
|t:|1730338655
|move|p1a: Speaking.|Hydro Pump|p2a: Tyranitar
|-supereffective|p2a: Tyranitar
|-damage|p2a: Tyranitar|0 fnt
|faint|p2a: Tyranitar
|
|t:|1730338659
|switch|p2a: Metagross|Metagross|65/100
|-damage|p2a: Metagross|53/100|[from] Spikes
|
|-weather|Sandstorm|[upkeep]
|-damage|p1a: Speaking.|42/100|[from] Sandstorm
|-heal|p1a: Speaking.|49/100|[from] item: Leftovers
|upkeep
|turn|46
|inactive|blundergoth has 270 seconds left.
|
|t:|1730338671
|move|p1a: Speaking.|Hydro Pump|p2a: Metagross|[miss]
|-miss|p1a: Speaking.|p2a: Metagross
|move|p2a: Metagross|Earthquake|p1a: Speaking.
|-damage|p1a: Speaking.|0 fnt
|faint|p1a: Speaking.
|c|☆blundergoth|oh my godddd dude
|inactive|blundergoth has 270 seconds left.
|
|t:|1730338694
|switch|p1a: Sharp Fangs|Tyranitar, M|100/100 par
|
|-weather|Sandstorm|[upkeep]
|upkeep
|turn|47
|
|t:|1730338711
|move|p2a: Metagross|Earthquake|p1a: Sharp Fangs
|-supereffective|p1a: Sharp Fangs
|-damage|p1a: Sharp Fangs|3/100 par
|move|p1a: Sharp Fangs|Thunder|p2a: Metagross|[miss]
|-miss|p1a: Sharp Fangs|p2a: Metagross
|
|-weather|Sandstorm|[upkeep]
|-heal|p1a: Sharp Fangs|9/100 par|[from] item: Leftovers
|upkeep
|turn|48
|
|t:|1730338717
|move|p2a: Metagross|Earthquake|p1a: Sharp Fangs
|-supereffective|p1a: Sharp Fangs
|-damage|p1a: Sharp Fangs|0 fnt
|faint|p1a: Sharp Fangs
|
|t:|1730338719
|switch|p1a: quagfire|Quagsire, M|100/100 slp
|
|-weather|Sandstorm|[upkeep]
|upkeep
|turn|49
|
|t:|1730338722
|move|p2a: Metagross|Earthquake|p1a: quagfire
|-damage|p1a: quagfire|56/100 slp
|cant|p1a: quagfire|slp
|
|-weather|Sandstorm|[upkeep]
|-heal|p1a: quagfire|62/100 slp|[from] item: Leftovers
|upkeep
|turn|50
|
|t:|1730338733
|move|p2a: Metagross|Earthquake|p1a: quagfire
|-damage|p1a: quagfire|14/100 slp
|-curestatus|p1a: quagfire|slp|[msg]
|move|p1a: quagfire|Earthquake|p2a: Metagross
|-supereffective|p2a: Metagross
|-damage|p2a: Metagross|2/100
|
|-weather|Sandstorm|[upkeep]
|-heal|p1a: quagfire|20/100|[from] item: Leftovers
|upkeep
|turn|51
|
|t:|1730338742
|move|p2a: Metagross|Earthquake|p1a: quagfire
|-damage|p1a: quagfire|0 fnt
|faint|p1a: quagfire
|
|t:|1730338744
|switch|p1a: Blissey|Blissey, F|79/100
|
|-weather|Sandstorm|[upkeep]
|-damage|p1a: Blissey|73/100|[from] Sandstorm
|-heal|p1a: Blissey|79/100|[from] item: Leftovers
|upkeep
|turn|52
|
|t:|1730338748
|move|p2a: Metagross|Earthquake|p1a: Blissey
|-damage|p1a: Blissey|14/100
|move|p1a: Blissey|Ice Beam|p2a: Metagross
|-resisted|p2a: Metagross
|-damage|p2a: Metagross|0 fnt
|faint|p2a: Metagross
|
|t:|1730338752
|switch|p2a: Salamence|Salamence, M|100/100
|-ability|p2a: Salamence|Intimidate|boost
|-unboost|p1a: Blissey|atk|1
|
|-weather|Sandstorm|[upkeep]
|-damage|p2a: Salamence|94/100|[from] Sandstorm
|-damage|p1a: Blissey|8/100|[from] Sandstorm
|-heal|p2a: Salamence|100/100|[from] item: Leftovers
|-heal|p1a: Blissey|14/100|[from] item: Leftovers
|upkeep
|turn|53
|
|t:|1730338754
|move|p2a: Salamence|Hidden Power|p1a: Blissey
|-damage|p1a: Blissey|0 fnt
|faint|p1a: Blissey
|
|win|Deezcastforms
|c|☆Deezcastforms|ggs
|c|☆Deezcastforms|also you double max rolled my blissey to kill it
|player|p2|
|c|☆blundergoth|i mean
|c|+violet river|it was modest
|c|+violet river|u clown
|c|☆blundergoth|i always play for that
|c|+violet river|it was actually double low roll
|c|☆blundergoth|you dodged an overheat game 1 and then you dodged a hydro pump and thunder and win the eq roll
|c|☆blundergoth|that overheat game 1 just 
|c|☆blundergoth|kos
|c|+allce|what eq roll
|c|☆blundergoth|quagsire

</script>
<script type="application/json" class="data" id="replaydata-smogtours-gen3ou-803537">
{"id":"smogtours-gen3ou-803537","format":"[Gen 3] OU","players":["blundergoth","Deezcastforms"],"uploadtime":1730338754,"views":86,"formatid":"gen3ou","rating":null,"private":0,"password":null}
</script>

<script defer src="js/replays.js?9d40a366"></script>
