<!DOCTYPE html>
<meta charset="utf-8" />
<meta name="viewport" content="width=device-width" />

<title>[Gen 3] OU: antantantantant vs. Sieeeffmon - Replays - Pok&eacute;mon Showdown!</title>

<meta name="description" content="Watch a replay of a Pok&eacute;mon battle between antantantantant and Sieeeffmon! Format: [Gen 3] OU; Date: Nov 5, 2024" />
<!--

Hey, you! Looking in the source for the replay log?

You can find them in JSON format, just add `.json` at the end of a replay URL.

https://replay.pokemonshowdown.com/gen7randomdoublesbattle-865046831.json

Or, if you only need the log itself, add `.log` instead:

https://replay.pokemonshowdown.com/gen7randomdoublesbattle-865046831.log

-->

<link rel="stylesheet" href="//pokemonshowdown.com/style/global.css?0.023195364461161105" />
<link rel="stylesheet" href="//play.pokemonshowdown.com/style/font-awesome.css?0.13261647063804238" />
<link rel="stylesheet" href="//play.pokemonshowdown.com/style/battle.css?0.8753245789963631" />
<link rel="stylesheet" href="//play.pokemonshowdown.com/style/utilichart.css?0.8627959624976733" />

<!-- Global site tag (gtag.js) - Google Analytics -->
<script async src="https://www.googletagmanager.com/gtag/js?id=UA-26211653-1"></script>
<script>
  window.dataLayer = window.dataLayer || [];
  function gtag(){dataLayer.push(arguments);}
  gtag('js', new Date());

  gtag('config', 'UA-26211653-1');
</script>
<!-- End Google Analytics -->
<!-- Venatus Ad Manager - Install in <HEAD> of page -->
	<script src="https://hb.vntsm.com/v3/live/ad-manager.min.js" type="text/javascript" data-site-id="642aba63ec9a7b11c3c9c1be" data-mode="scan" async></script>
<!-- / Venatus Ad Manager -->

<style>
	@media (max-width:820px) {
		.battle {
			margin: 0 auto;
		}
		.battle-log {
			margin: 7px auto 0;
			max-width: 640px;
			height: 300px;
			position: static;
		}
	}
	.optgroup {
		display: inline-block;
		line-height: 22px;
		font-size: 10pt;
	}
	.optgroup .button {
		height: 25px;
		padding-top: 0;
		padding-bottom: 0;
	}
	.optgroup button.button {
		padding-left: 12px;
		padding-right: 12px;
	}
	.linklist {
		list-style: none;
		margin: 0.5em 0;
		padding: 0;
	}
	.linklist li {
		padding: 2px 0;
	}
	.sidebar {
		float: left;
		width: 320px;
	}
	.bar-wrapper {
		max-width: 1100px;
		margin: 0 auto;
	}
	.bar-wrapper.has-sidebar {
		max-width: 1430px;
	}
	.mainbar {
		margin: 0;
		padding-right: 1px;
	}
	.mainbar.has-sidebar {
		margin-left: 330px;
	}
	@media (min-width: 1511px) {
		.sidebar {
			width: 400px;
		}
		.bar-wrapper.has-sidebar {
			max-width: 1510px;
		}
		.mainbar.has-sidebar {
			margin-left: 410px;
		}
	}
	.section.first-section {
		margin-top: 9px;
	}
	.blocklink small {
		white-space: normal;
	}
	.button {
		vertical-align: middle;
	}
	.replay-controls {
		padding-top: 10px;
	}
	.replay-controls h1 {
		font-size: 16pt;
		font-weight: normal;
		color: #CCC;
	}
	.pagelink {
		text-align: center;
	}
	.pagelink a {
		width: 150px;
	}
	.textbox, .button {
		font-size: 11pt;
		vertical-align: middle;
	}
	@media (max-width: 450px) {
		.button {
			font-size: 9pt;
		}
	}
</style>

<div>

	<header>
		<div class="nav-wrapper"><ul class="nav">
			<li><a class="button nav-first" href="//pokemonshowdown.com/"><img src="//pokemonshowdown.com/images/pokemonshowdownbeta.png" srcset="//pokemonshowdown.com/images/pokemonshowdownbeta.png 1x, //pokemonshowdown.com/images/pokemonshowdownbeta@2x.png 2x" alt="Pok&eacute;mon Showdown" width="146" height="44" /> Home</a></li>
			<li><a class="button" href="//pokemonshowdown.com/dex/">Pok&eacute;dex</a></li>
			<li><a class="button cur" href="/">Replays</a></li>
			<li><a class="button" href="//pokemonshowdown.com/ladder/">Ladder</a></li>
			<li><a class="button nav-last" href="//pokemonshowdown.com/forums/">Forum</a></li>
			<li><a class="button greenbutton nav-first nav-last" href="//play.pokemonshowdown.com/">Play</a></li>
		</ul></div>
	</header>

	<div class="main" id="main">

		<noscript><section class="section">You need to enable JavaScript to use this page; sorry!</section></noscript>

	</div>

</div>

<script defer nomodule src="//play.pokemonshowdown.com/js/lib/ps-polyfill.js"></script>
<script defer src="//play.pokemonshowdown.com/js/lib/preact.min.js"></script>

<script defer src="//play.pokemonshowdown.com/config/config.js?2bddbc15"></script>
<script defer src="//play.pokemonshowdown.com/js/lib/jquery-1.11.0.min.js"></script>
<script defer src="//play.pokemonshowdown.com/js/lib/html-sanitizer-minified.js"></script>
<script defer src="//play.pokemonshowdown.com/js/battle-sound.js"></script>
<script defer src="//play.pokemonshowdown.com/js/battledata.js?0.7209276989879541"></script>
<script defer src="//play.pokemonshowdown.com/data/pokedex-mini.js?0.6111056340867951"></script>
<script defer src="//play.pokemonshowdown.com/data/pokedex-mini-bw.js?0.3532142036491459"></script>
<script defer src="//play.pokemonshowdown.com/data/graphics.js?0.24223875632456182"></script>
<script defer src="//play.pokemonshowdown.com/data/pokedex.js?0.38839984266356864"></script>
<script defer src="//play.pokemonshowdown.com/data/moves.js?0.21866028504024015"></script>
<script defer src="//play.pokemonshowdown.com/data/abilities.js?0.2005157953846628"></script>
<script defer src="//play.pokemonshowdown.com/data/items.js?0.9894211263848525"></script>
<script defer src="//play.pokemonshowdown.com/data/teambuilder-tables.js?0.6008791140282215"></script>
<script defer src="//play.pokemonshowdown.com/js/battle-tooltips.js?0.7580118955022959"></script>
<script defer src="//play.pokemonshowdown.com/js/battle.js?0.6057722274234274"></script>

<script defer src="js/utils.js?e31f9a17"></script>
<script defer src="js/replays-battle.js?7008c182"></script>

<!-- don't scrape this data! just add .json or .log after the URL!
Full API docs: https://github.com/smogon/pokemon-showdown-client/blob/master/WEB-API.md -->
<script type="text/plain" class="log" id="replaylog-smogtours-gen3ou-804907">
|inactive|Battle timer is ON: inactive players will automatically lose when time's up.
|t:|1730828980
|gametype|singles
|player|p1|antantantantant|170|
|player|p2|Sieeeffmon|169|
|teamsize|p1|6
|teamsize|p2|6
|gen|3
|tier|[Gen 3] OU
|rule|Sleep Clause Mod: Limit one foe put to sleep
|rule|Switch Priority Clause Mod: Faster Pokémon switch first
|rule|Species Clause: Limit one of each Pokémon
|rule|OHKO Clause: OHKO moves are banned
|rule|Evasion Items Clause: Evasion items are banned
|rule|Evasion Moves Clause: Evasion moves are banned
|rule|Endless Battle Clause: Forcing endless battles is banned
|rule|HP Percentage Mod: HP is shown in percentages
|rule|One Boost Passer Clause: Limit one Baton Passer that has a way to boost its stats
|rule|Freeze Clause Mod: Limit one foe frozen
|
|t:|1730828980
|start
|switch|p1a: Zapdos|Zapdos|100/100
|switch|p2a: Suicune|Suicune|100/100
|turn|1
|c|☆Sieeeffmon|glhf
|c|☆antantantantant|you too
|c|☆antantantantant|for all the marbles
|
|t:|1730829006
|switch|p2a: Jolteon|Jolteon, M|100/100
|move|p1a: Zapdos|Toxic|p2a: Jolteon
|-status|p2a: Jolteon|tox
|
|-damage|p2a: Jolteon|94/100 tox|[from] psn
|upkeep
|turn|2
|
|t:|1730829019
|move|p2a: Jolteon|Baton Pass|p2a: Jolteon
|
|t:|1730829035
|switch|p2a: Swampert|Swampert, F|100/100|[from] Baton Pass
|move|p1a: Zapdos|Roar|p2a: Swampert
|drag|p2a: Gyarados|Gyarados, F|100/100
|-ability|p2a: Gyarados|Intimidate|boost
|-unboost|p1a: Zapdos|atk|1
|
|upkeep
|turn|3
|
|t:|1730829061
|switch|p2a: Jolteon|Jolteon, M|94/100 tox
|move|p1a: Zapdos|Thunderbolt|p2a: Jolteon
|-heal|p2a: Jolteon|100/100 tox|[from] ability: Volt Absorb|[of] p1a: Zapdos
|
|-damage|p2a: Jolteon|94/100 tox|[from] psn
|upkeep
|turn|4
|
|t:|1730829070
|move|p2a: Jolteon|Thunderbolt|p1a: Zapdos
|-damage|p1a: Zapdos|72/100
|move|p1a: Zapdos|Roar|p2a: Jolteon
|drag|p2a: Swampert|Swampert, F|100/100
|
|-heal|p1a: Zapdos|79/100|[from] item: Leftovers
|upkeep
|turn|5
|inactive|antantantantant has 270 seconds left.
|inactive|Sieeeffmon has 270 seconds left.
|inactive|antantantantant has 240 seconds left.
|
|t:|1730829135
|move|p2a: Swampert|Ice Beam|p1a: Zapdos
|-supereffective|p1a: Zapdos
|-damage|p1a: Zapdos|39/100
|move|p1a: Zapdos|Roar|p2a: Swampert
|drag|p2a: Jolteon|Jolteon, M|94/100 tox
|
|-heal|p2a: Jolteon|100/100 tox|[from] item: Leftovers
|-damage|p2a: Jolteon|94/100 tox|[from] psn
|-heal|p1a: Zapdos|45/100|[from] item: Leftovers
|upkeep
|turn|6
|inactive|antantantantant has 240 seconds left.
|
|t:|1730829144
|move|p2a: Jolteon|Thunderbolt|p1a: Zapdos
|-damage|p1a: Zapdos|12/100
|move|p1a: Zapdos|Rest|p1a: Zapdos
|-status|p1a: Zapdos|slp|[from] move: Rest
|-heal|p1a: Zapdos|100/100 slp|[silent]
|
|-heal|p2a: Jolteon|100/100 tox|[from] item: Leftovers
|-damage|p2a: Jolteon|88/100 tox|[from] psn
|upkeep
|turn|7
|
|t:|1730829152
|switch|p2a: Tyranitar|Tyranitar, F|100/100
|-weather|Sandstorm|[from] ability: Sand Stream|[of] p2a: Tyranitar
|cant|p1a: Zapdos|slp
|
|-weather|Sandstorm|[upkeep]
|-damage|p1a: Zapdos|94/100 slp|[from] Sandstorm
|-heal|p1a: Zapdos|100/100 slp|[from] item: Leftovers
|upkeep
|turn|8
|
|t:|1730829163
|-singleturn|p2a: Tyranitar|move: Focus Punch
|switch|p1a: Swampert|Swampert, F|100/100
|move|p2a: Tyranitar|Focus Punch|p1a: Swampert
|-damage|p1a: Swampert|9/100
|
|-weather|Sandstorm|[upkeep]
|-enditem|p1a: Swampert|Salac Berry|[eat]
|-boost|p1a: Swampert|spe|1|[from] item: Salac Berry
|upkeep
|turn|9
|inactive|Sieeeffmon has 270 seconds left.
|c|☆antantantantant|oops
|inactive|antantantantant has 240 seconds left.
|c|☆antantantantant|was planned
|c|☆Sieeeffmon|kinda worked out lol
|inactive|Sieeeffmon has 240 seconds left.
|inactive|antantantantant has 210 seconds left.
|inactive|Sieeeffmon has 210 seconds left.
|
|t:|1730829230
|switch|p2a: Gyarados|Gyarados, F|100/100
|-ability|p2a: Gyarados|Intimidate|boost
|-unboost|p1a: Swampert|atk|1
|move|p1a: Swampert|Hydro Pump|p2a: Gyarados|[miss]
|-miss|p1a: Swampert|p2a: Gyarados
|
|-weather|Sandstorm|[upkeep]
|-damage|p2a: Gyarados|94/100|[from] Sandstorm
|-heal|p2a: Gyarados|100/100|[from] item: Leftovers
|upkeep
|turn|10
|inactive|antantantantant has 210 seconds left.
|inactive|Sieeeffmon has 210 seconds left.
|
|t:|1730829245
|move|p1a: Swampert|Endeavor|p2a: Gyarados
|-damage|p2a: Gyarados|9/100
|move|p2a: Gyarados|Dragon Dance|p2a: Gyarados
|-boost|p2a: Gyarados|atk|1
|-boost|p2a: Gyarados|spe|1
|
|-weather|Sandstorm|[upkeep]
|-damage|p2a: Gyarados|3/100|[from] Sandstorm
|-heal|p2a: Gyarados|9/100|[from] item: Leftovers
|upkeep
|turn|11
|inactive|Sieeeffmon has 210 seconds left.
|inactive|antantantantant has 210 seconds left.
|inactive|antantantantant has 180 seconds left.
|
|t:|1730829312
|switch|p1a: Skarmory|Skarmory, M|100/100
|move|p2a: Gyarados|Earthquake|p1a: Skarmory
|-immune|p1a: Skarmory
|
|-weather|Sandstorm|[upkeep]
|-damage|p2a: Gyarados|3/100|[from] Sandstorm
|-heal|p2a: Gyarados|9/100|[from] item: Leftovers
|upkeep
|turn|12
|inactive|Sieeeffmon has 210 seconds left.
|
|t:|1730829340
|switch|p2a: Tyranitar|Tyranitar, F|100/100
|move|p1a: Skarmory|Spikes|p2a: Tyranitar
|-sidestart|p2: Sieeeffmon|Spikes
|
|-weather|Sandstorm|[upkeep]
|upkeep
|turn|13
|inactive|antantantantant has 150 seconds left.
|
|t:|1730829371
|move|p1a: Skarmory|Protect|p1a: Skarmory
|-singleturn|p1a: Skarmory|Protect
|move|p2a: Tyranitar|Rock Slide|p1a: Skarmory
|-activate|p1a: Skarmory|Protect
|
|-weather|Sandstorm|[upkeep]
|upkeep
|turn|14
|
|t:|1730829375
|move|p2a: Tyranitar|Rock Slide|p1a: Skarmory
|-damage|p1a: Skarmory|51/100
|move|p1a: Skarmory|Toxic|p2a: Tyranitar
|-status|p2a: Tyranitar|tox
|
|-weather|Sandstorm|[upkeep]
|-damage|p2a: Tyranitar|94/100 tox|[from] psn
|-heal|p1a: Skarmory|57/100|[from] item: Leftovers
|upkeep
|turn|15
|
|t:|1730829380
|move|p1a: Skarmory|Protect|p1a: Skarmory
|-singleturn|p1a: Skarmory|Protect
|move|p2a: Tyranitar|Rock Slide|p1a: Skarmory
|-activate|p1a: Skarmory|Protect
|
|-weather|Sandstorm|[upkeep]
|-damage|p2a: Tyranitar|82/100 tox|[from] psn
|-heal|p1a: Skarmory|63/100|[from] item: Leftovers
|upkeep
|turn|16
|
|t:|1730829382
|switch|p1a: Metagross|Metagross|100/100
|move|p2a: Tyranitar|Rock Slide|p1a: Metagross
|-resisted|p1a: Metagross
|-damage|p1a: Metagross|76/100
|
|-weather|Sandstorm|[upkeep]
|-damage|p2a: Tyranitar|64/100 tox|[from] psn
|-heal|p1a: Metagross|82/100|[from] item: Leftovers
|upkeep
|turn|17
|
|t:|1730829402
|switch|p2a: Gyarados|Gyarados, F|9/100
|-ability|p2a: Gyarados|Intimidate|boost
|-fail|p1a: Metagross|unboost|[from] ability: Clear Body|[of] p1a: Metagross
|move|p1a: Metagross|Psychic|p2a: Gyarados
|-damage|p2a: Gyarados|0 fnt
|faint|p2a: Gyarados
|inactive|Sieeeffmon has 240 seconds left.
|
|t:|1730829436
|switch|p2a: Suicune|Suicune|100/100
|-damage|p2a: Suicune|88/100|[from] Spikes
|
|-weather|Sandstorm|[upkeep]
|-damage|p2a: Suicune|82/100|[from] Sandstorm
|-heal|p2a: Suicune|88/100|[from] item: Leftovers
|-heal|p1a: Metagross|88/100|[from] item: Leftovers
|upkeep
|turn|18
|inactive|antantantantant has 150 seconds left.
|inactive|antantantantant has 120 seconds left.
|
|t:|1730829502
|move|p2a: Suicune|Substitute|p2a: Suicune
|-start|p2a: Suicune|Substitute
|-damage|p2a: Suicune|63/100
|move|p1a: Metagross|Explosion|p2a: Suicune
|-end|p2a: Suicune|Substitute
|faint|p1a: Metagross
|
|t:|1730829514
|switch|p1a: Zapdos|Zapdos|100/100 slp
|
|-weather|Sandstorm|[upkeep]
|-damage|p1a: Zapdos|94/100 slp|[from] Sandstorm
|-damage|p2a: Suicune|57/100|[from] Sandstorm
|-heal|p1a: Zapdos|100/100 slp|[from] item: Leftovers
|-heal|p2a: Suicune|63/100|[from] item: Leftovers
|upkeep
|turn|19
|
|t:|1730829530
|cant|p1a: Zapdos|slp
|move|p2a: Suicune|Calm Mind|p2a: Suicune
|-boost|p2a: Suicune|spa|1
|-boost|p2a: Suicune|spd|1
|
|-weather|Sandstorm|[upkeep]
|-damage|p1a: Zapdos|94/100 slp|[from] Sandstorm
|-damage|p2a: Suicune|57/100|[from] Sandstorm
|-heal|p1a: Zapdos|100/100 slp|[from] item: Leftovers
|-heal|p2a: Suicune|63/100|[from] item: Leftovers
|upkeep
|turn|20
|
|t:|1730829540
|switch|p1a: Swampert|Swampert, F|9/100
|move|p2a: Suicune|Ice Beam|p1a: Swampert
|-damage|p1a: Swampert|0 fnt
|faint|p1a: Swampert
|
|t:|1730829549
|switch|p1a: Zapdos|Zapdos|100/100 slp
|
|-weather|Sandstorm|[upkeep]
|-damage|p1a: Zapdos|94/100 slp|[from] Sandstorm
|-damage|p2a: Suicune|57/100|[from] Sandstorm
|-heal|p1a: Zapdos|100/100 slp|[from] item: Leftovers
|-heal|p2a: Suicune|63/100|[from] item: Leftovers
|upkeep
|turn|21
|inactive|antantantantant has 120 seconds left.
|
|t:|1730829556
|-curestatus|p1a: Zapdos|slp|[msg]
|move|p1a: Zapdos|Thunderbolt|p2a: Suicune
|-supereffective|p2a: Suicune
|-damage|p2a: Suicune|24/100
|move|p2a: Suicune|Ice Beam|p1a: Zapdos
|-supereffective|p1a: Zapdos
|-damage|p1a: Zapdos|44/100
|
|-weather|Sandstorm|[upkeep]
|-damage|p1a: Zapdos|38/100|[from] Sandstorm
|-damage|p2a: Suicune|18/100|[from] Sandstorm
|-heal|p1a: Zapdos|44/100|[from] item: Leftovers
|-heal|p2a: Suicune|24/100|[from] item: Leftovers
|upkeep
|turn|22
|inactive|Sieeeffmon has 240 seconds left.
|inactive|antantantantant has 120 seconds left.
|
|t:|1730829575
|switch|p2a: Jolteon|Jolteon, M|88/100 tox
|-damage|p2a: Jolteon|76/100 tox|[from] Spikes
|move|p1a: Zapdos|Thunderbolt|p2a: Jolteon
|-heal|p2a: Jolteon|100/100 tox|[from] ability: Volt Absorb|[of] p1a: Zapdos
|
|-weather|Sandstorm|[upkeep]
|-damage|p2a: Jolteon|94/100 tox|[from] Sandstorm
|-damage|p1a: Zapdos|38/100|[from] Sandstorm
|-heal|p2a: Jolteon|100/100 tox|[from] item: Leftovers
|-damage|p2a: Jolteon|94/100 tox|[from] psn
|-heal|p1a: Zapdos|44/100|[from] item: Leftovers
|upkeep
|turn|23
|inactive|Sieeeffmon has 240 seconds left.
|
|t:|1730829587
|switch|p1a: Tyranitar|Tyranitar, F|100/100
|move|p2a: Jolteon|Thunderbolt|p1a: Tyranitar
|-damage|p1a: Tyranitar|63/100
|
|-weather|Sandstorm|[upkeep]
|-damage|p2a: Jolteon|88/100 tox|[from] Sandstorm
|-heal|p2a: Jolteon|94/100 tox|[from] item: Leftovers
|-damage|p2a: Jolteon|82/100 tox|[from] psn
|-heal|p1a: Tyranitar|69/100|[from] item: Leftovers
|upkeep
|turn|24
|inactive|Sieeeffmon has 240 seconds left.
|inactive|antantantantant has 120 seconds left.
|
|t:|1730829604
|switch|p2a: Swampert|Swampert, F|100/100
|-damage|p2a: Swampert|88/100|[from] Spikes
|move|p1a: Tyranitar|Crunch|p2a: Swampert
|-damage|p2a: Swampert|52/100
|-unboost|p2a: Swampert|spd|1
|
|-weather|Sandstorm|[upkeep]
|-heal|p1a: Tyranitar|75/100|[from] item: Leftovers
|-heal|p2a: Swampert|58/100|[from] item: Leftovers
|upkeep
|turn|25
|inactive|antantantantant has 120 seconds left.
|inactive|Sieeeffmon has 240 seconds left.
|
|t:|1730829625
|move|p1a: Tyranitar|Crunch|p2a: Swampert
|-damage|p2a: Swampert|8/100
|-unboost|p2a: Swampert|spd|1
|move|p2a: Swampert|Hydro Pump|p1a: Tyranitar
|-supereffective|p1a: Tyranitar
|-damage|p1a: Tyranitar|0 fnt
|faint|p1a: Tyranitar
|
|t:|1730829637
|switch|p1a: Aerodactyl|Aerodactyl, F|100/100
|
|-weather|Sandstorm|[upkeep]
|-heal|p2a: Swampert|14/100|[from] item: Leftovers
|upkeep
|turn|26
|inactive|Sieeeffmon has 240 seconds left.
|
|t:|1730829653
|move|p1a: Aerodactyl|Earthquake|p2a: Swampert
|-damage|p2a: Swampert|0 fnt
|faint|p2a: Swampert
|inactive|Sieeeffmon has 210 seconds left.
|
|t:|1730829700
|switch|p2a: Jolteon|Jolteon, M|82/100 tox
|-damage|p2a: Jolteon|69/100 tox|[from] Spikes
|
|-weather|Sandstorm|[upkeep]
|-damage|p2a: Jolteon|63/100 tox|[from] Sandstorm
|-heal|p2a: Jolteon|69/100 tox|[from] item: Leftovers
|-damage|p2a: Jolteon|63/100 tox|[from] psn
|upkeep
|turn|27
|inactive|antantantantant has 120 seconds left.
|inactive|Sieeeffmon has 180 seconds left.
|
|t:|1730829733
|move|p2a: Jolteon|Thunderbolt|p1a: Aerodactyl
|-supereffective|p1a: Aerodactyl
|-damage|p1a: Aerodactyl|0 fnt
|faint|p1a: Aerodactyl
|c|☆antantantantant|all the marbles
|c|☆antantantantant|gg
|c|☆antantantantant|wp
|c|☆Sieeeffmon|gg
|
|t:|1730829739
|switch|p1a: Zapdos|Zapdos|44/100
|
|-weather|Sandstorm|[upkeep]
|-damage|p2a: Jolteon|57/100 tox|[from] Sandstorm
|-damage|p1a: Zapdos|38/100|[from] Sandstorm
|-heal|p2a: Jolteon|63/100 tox|[from] item: Leftovers
|-damage|p2a: Jolteon|51/100 tox|[from] psn
|-heal|p1a: Zapdos|44/100|[from] item: Leftovers
|upkeep
|turn|28
|c|☆Sieeeffmon|sorry about that
|c|☆antantantantant|nw
|inactive|Sieeeffmon has 180 seconds left.
|
|t:|1730829759
|move|p2a: Jolteon|Thunderbolt|p1a: Zapdos
|-damage|p1a: Zapdos|14/100
|move|p1a: Zapdos|Rest|p1a: Zapdos
|-status|p1a: Zapdos|slp|[from] move: Rest
|-heal|p1a: Zapdos|100/100 slp|[silent]
|
|-weather|Sandstorm|[upkeep]
|-damage|p2a: Jolteon|44/100 tox|[from] Sandstorm
|-damage|p1a: Zapdos|94/100 slp|[from] Sandstorm
|-heal|p2a: Jolteon|51/100 tox|[from] item: Leftovers
|-damage|p2a: Jolteon|32/100 tox|[from] psn
|-heal|p1a: Zapdos|100/100 slp|[from] item: Leftovers
|upkeep
|turn|29
|inactive|Sieeeffmon has 180 seconds left.
|
|t:|1730829767
|switch|p2a: Tyranitar|Tyranitar, F|64/100 tox
|-damage|p2a: Tyranitar|52/100 tox|[from] Spikes
|cant|p1a: Zapdos|slp
|
|-weather|Sandstorm|[upkeep]
|-damage|p1a: Zapdos|94/100 slp|[from] Sandstorm
|-heal|p1a: Zapdos|100/100 slp|[from] item: Leftovers
|-damage|p2a: Tyranitar|46/100 tox|[from] psn
|upkeep
|turn|30
|
|t:|1730829775
|switch|p1a: Skarmory|Skarmory, M|63/100
|move|p2a: Tyranitar|Rock Slide|p1a: Skarmory
|-damage|p1a: Skarmory|9/100
|
|-weather|Sandstorm|[upkeep]
|-damage|p2a: Tyranitar|34/100 tox|[from] psn
|-heal|p1a: Skarmory|15/100|[from] item: Leftovers
|upkeep
|turn|31
|
|t:|1730829788
|switch|p2a: Suicune|Suicune|24/100
|-damage|p2a: Suicune|12/100|[from] Spikes
|move|p1a: Skarmory|Protect||[still]
|-fail|p1a: Skarmory
|
|-weather|Sandstorm|[upkeep]
|-damage|p2a: Suicune|5/100|[from] Sandstorm
|-heal|p2a: Suicune|12/100|[from] item: Leftovers
|-heal|p1a: Skarmory|21/100|[from] item: Leftovers
|upkeep
|turn|32
|inactive|antantantantant has 120 seconds left.
|
|t:|1730829809
|move|p2a: Suicune|Ice Beam|p1a: Skarmory
|-damage|p1a: Skarmory|0 fnt
|faint|p1a: Skarmory
|
|t:|1730829811
|switch|p1a: Zapdos|Zapdos|100/100 slp
|
|-weather|Sandstorm|[upkeep]
|-damage|p1a: Zapdos|94/100 slp|[from] Sandstorm
|-damage|p2a: Suicune|5/100|[from] Sandstorm
|-heal|p1a: Zapdos|100/100 slp|[from] item: Leftovers
|-heal|p2a: Suicune|12/100|[from] item: Leftovers
|upkeep
|turn|33
|
|t:|1730829818
|cant|p1a: Zapdos|slp
|move|p2a: Suicune|Ice Beam|p1a: Zapdos
|-supereffective|p1a: Zapdos
|-damage|p1a: Zapdos|64/100 slp
|
|-weather|Sandstorm|[upkeep]
|-damage|p1a: Zapdos|57/100 slp|[from] Sandstorm
|-damage|p2a: Suicune|5/100|[from] Sandstorm
|-heal|p1a: Zapdos|64/100 slp|[from] item: Leftovers
|-heal|p2a: Suicune|12/100|[from] item: Leftovers
|upkeep
|turn|34
|
|t:|1730829823
|-curestatus|p1a: Zapdos|slp|[msg]
|move|p1a: Zapdos|Thunderbolt|p2a: Suicune
|-supereffective|p2a: Suicune
|-damage|p2a: Suicune|0 fnt
|faint|p2a: Suicune
|
|t:|1730829834
|switch|p2a: Jirachi|Jirachi|100/100
|-damage|p2a: Jirachi|88/100|[from] Spikes
|
|-weather|Sandstorm|[upkeep]
|-damage|p1a: Zapdos|57/100|[from] Sandstorm
|-heal|p2a: Jirachi|94/100|[from] item: Leftovers
|-heal|p1a: Zapdos|64/100|[from] item: Leftovers
|upkeep
|turn|35
|inactive|antantantantant has 150 seconds left.
|
|t:|1730829840
|move|p2a: Jirachi|Calm Mind|p2a: Jirachi
|-boost|p2a: Jirachi|spa|1
|-boost|p2a: Jirachi|spd|1
|move|p1a: Zapdos|Roar|p2a: Jirachi
|drag|p2a: Tyranitar|Tyranitar, F|34/100 tox
|-damage|p2a: Tyranitar|21/100 tox|[from] Spikes
|
|-weather|Sandstorm|[upkeep]
|-damage|p1a: Zapdos|57/100|[from] Sandstorm
|-heal|p1a: Zapdos|64/100|[from] item: Leftovers
|-damage|p2a: Tyranitar|15/100 tox|[from] psn
|upkeep
|turn|36
|inactive|antantantantant has 150 seconds left.
|
|t:|1730829855
|switch|p2a: Jolteon|Jolteon, M|32/100 tox
|-damage|p2a: Jolteon|20/100 tox|[from] Spikes
|move|p1a: Zapdos|Thunderbolt|p2a: Jolteon
|-heal|p2a: Jolteon|44/100 tox|[from] ability: Volt Absorb|[of] p1a: Zapdos
|
|-weather|Sandstorm|[upkeep]
|-damage|p2a: Jolteon|38/100 tox|[from] Sandstorm
|-damage|p1a: Zapdos|57/100|[from] Sandstorm
|-heal|p2a: Jolteon|44/100 tox|[from] item: Leftovers
|-damage|p2a: Jolteon|38/100 tox|[from] psn
|-heal|p1a: Zapdos|64/100|[from] item: Leftovers
|upkeep
|turn|37
|
|t:|1730829862
|move|p2a: Jolteon|Thunderbolt|p1a: Zapdos
|-damage|p1a: Zapdos|32/100
|move|p1a: Zapdos|Roar|p2a: Jolteon
|drag|p2a: Jirachi|Jirachi|94/100
|-damage|p2a: Jirachi|82/100|[from] Spikes
|
|-weather|Sandstorm|[upkeep]
|-damage|p1a: Zapdos|25/100|[from] Sandstorm
|-heal|p2a: Jirachi|88/100|[from] item: Leftovers
|-heal|p1a: Zapdos|32/100|[from] item: Leftovers
|upkeep
|turn|38
|
|t:|1730829871
|move|p2a: Jirachi|Psychic|p1a: Zapdos
|-damage|p1a: Zapdos|6/100
|move|p1a: Zapdos|Rest|p1a: Zapdos
|-status|p1a: Zapdos|slp|[from] move: Rest
|-heal|p1a: Zapdos|100/100 slp|[silent]
|
|-weather|Sandstorm|[upkeep]
|-damage|p1a: Zapdos|94/100 slp|[from] Sandstorm
|-heal|p2a: Jirachi|94/100|[from] item: Leftovers
|-heal|p1a: Zapdos|100/100 slp|[from] item: Leftovers
|upkeep
|turn|39
|
|t:|1730829880
|move|p2a: Jirachi|Calm Mind|p2a: Jirachi
|-boost|p2a: Jirachi|spa|1
|-boost|p2a: Jirachi|spd|1
|cant|p1a: Zapdos|slp
|
|-weather|Sandstorm|[upkeep]
|-damage|p1a: Zapdos|94/100 slp|[from] Sandstorm
|-heal|p2a: Jirachi|100/100|[from] item: Leftovers
|-heal|p1a: Zapdos|100/100 slp|[from] item: Leftovers
|upkeep
|turn|40
|
|t:|1730829886
|move|p2a: Jirachi|Calm Mind|p2a: Jirachi
|-boost|p2a: Jirachi|spa|1
|-boost|p2a: Jirachi|spd|1
|cant|p1a: Zapdos|slp
|
|-weather|Sandstorm|[upkeep]
|-damage|p1a: Zapdos|94/100 slp|[from] Sandstorm
|-heal|p1a: Zapdos|100/100 slp|[from] item: Leftovers
|upkeep
|turn|41
|
|t:|1730829888
|move|p2a: Jirachi|Psychic|p1a: Zapdos
|-crit|p1a: Zapdos
|-damage|p1a: Zapdos|0 fnt
|faint|p1a: Zapdos
|
|win|Sieeeffmon
|c|☆antantantantant|ggs
|c|☆antantantantant|gl rest of tour
|c|☆Sieeeffmon|ggs
|c|☆Sieeeffmon|thanks!

</script>
<script type="application/json" class="data" id="replaydata-smogtours-gen3ou-804907">
{"id":"smogtours-gen3ou-804907","format":"[Gen 3] OU","players":["antantantantant","Sieeeffmon"],"uploadtime":1730829888,"views":60,"formatid":"gen3ou","rating":null,"private":0,"password":null}
</script>

<script defer src="js/replays.js?9d40a366"></script>
