<!DOCTYPE html>
<meta charset="utf-8" />
<meta name="viewport" content="width=device-width" />

<title>[Gen 3] OU: voyager vs. Beignet2 - Replays - Pok&eacute;mon Showdown!</title>

<meta name="description" content="Watch a replay of a Pok&eacute;mon battle between voyager and Beignet2! Format: [Gen 3] OU; Date: Nov 4, 2024" />
<!--

Hey, you! Looking in the source for the replay log?

You can find them in JSON format, just add `.json` at the end of a replay URL.

https://replay.pokemonshowdown.com/gen7randomdoublesbattle-865046831.json

Or, if you only need the log itself, add `.log` instead:

https://replay.pokemonshowdown.com/gen7randomdoublesbattle-865046831.log

-->

<link rel="stylesheet" href="//pokemonshowdown.com/style/global.css?0.023195364461161105" />
<link rel="stylesheet" href="//play.pokemonshowdown.com/style/font-awesome.css?0.13261647063804238" />
<link rel="stylesheet" href="//play.pokemonshowdown.com/style/battle.css?0.8753245789963631" />
<link rel="stylesheet" href="//play.pokemonshowdown.com/style/utilichart.css?0.8627959624976733" />

<!-- Global site tag (gtag.js) - Google Analytics -->
<script async src="https://www.googletagmanager.com/gtag/js?id=UA-26211653-1"></script>
<script>
  window.dataLayer = window.dataLayer || [];
  function gtag(){dataLayer.push(arguments);}
  gtag('js', new Date());

  gtag('config', 'UA-26211653-1');
</script>
<!-- End Google Analytics -->
<!-- Venatus Ad Manager - Install in <HEAD> of page -->
	<script src="https://hb.vntsm.com/v3/live/ad-manager.min.js" type="text/javascript" data-site-id="642aba63ec9a7b11c3c9c1be" data-mode="scan" async></script>
<!-- / Venatus Ad Manager -->

<style>
	@media (max-width:820px) {
		.battle {
			margin: 0 auto;
		}
		.battle-log {
			margin: 7px auto 0;
			max-width: 640px;
			height: 300px;
			position: static;
		}
	}
	.optgroup {
		display: inline-block;
		line-height: 22px;
		font-size: 10pt;
	}
	.optgroup .button {
		height: 25px;
		padding-top: 0;
		padding-bottom: 0;
	}
	.optgroup button.button {
		padding-left: 12px;
		padding-right: 12px;
	}
	.linklist {
		list-style: none;
		margin: 0.5em 0;
		padding: 0;
	}
	.linklist li {
		padding: 2px 0;
	}
	.sidebar {
		float: left;
		width: 320px;
	}
	.bar-wrapper {
		max-width: 1100px;
		margin: 0 auto;
	}
	.bar-wrapper.has-sidebar {
		max-width: 1430px;
	}
	.mainbar {
		margin: 0;
		padding-right: 1px;
	}
	.mainbar.has-sidebar {
		margin-left: 330px;
	}
	@media (min-width: 1511px) {
		.sidebar {
			width: 400px;
		}
		.bar-wrapper.has-sidebar {
			max-width: 1510px;
		}
		.mainbar.has-sidebar {
			margin-left: 410px;
		}
	}
	.section.first-section {
		margin-top: 9px;
	}
	.blocklink small {
		white-space: normal;
	}
	.button {
		vertical-align: middle;
	}
	.replay-controls {
		padding-top: 10px;
	}
	.replay-controls h1 {
		font-size: 16pt;
		font-weight: normal;
		color: #CCC;
	}
	.pagelink {
		text-align: center;
	}
	.pagelink a {
		width: 150px;
	}
	.textbox, .button {
		font-size: 11pt;
		vertical-align: middle;
	}
	@media (max-width: 450px) {
		.button {
			font-size: 9pt;
		}
	}
</style>

<div>

	<header>
		<div class="nav-wrapper"><ul class="nav">
			<li><a class="button nav-first" href="//pokemonshowdown.com/"><img src="//pokemonshowdown.com/images/pokemonshowdownbeta.png" srcset="//pokemonshowdown.com/images/pokemonshowdownbeta.png 1x, //pokemonshowdown.com/images/pokemonshowdownbeta@2x.png 2x" alt="Pok&eacute;mon Showdown" width="146" height="44" /> Home</a></li>
			<li><a class="button" href="//pokemonshowdown.com/dex/">Pok&eacute;dex</a></li>
			<li><a class="button cur" href="/">Replays</a></li>
			<li><a class="button" href="//pokemonshowdown.com/ladder/">Ladder</a></li>
			<li><a class="button nav-last" href="//pokemonshowdown.com/forums/">Forum</a></li>
			<li><a class="button greenbutton nav-first nav-last" href="//play.pokemonshowdown.com/">Play</a></li>
		</ul></div>
	</header>

	<div class="main" id="main">

		<noscript><section class="section">You need to enable JavaScript to use this page; sorry!</section></noscript>

	</div>

</div>

<script defer nomodule src="//play.pokemonshowdown.com/js/lib/ps-polyfill.js"></script>
<script defer src="//play.pokemonshowdown.com/js/lib/preact.min.js"></script>

<script defer src="//play.pokemonshowdown.com/config/config.js?2bddbc15"></script>
<script defer src="//play.pokemonshowdown.com/js/lib/jquery-1.11.0.min.js"></script>
<script defer src="//play.pokemonshowdown.com/js/lib/html-sanitizer-minified.js"></script>
<script defer src="//play.pokemonshowdown.com/js/battle-sound.js"></script>
<script defer src="//play.pokemonshowdown.com/js/battledata.js?0.7209276989879541"></script>
<script defer src="//play.pokemonshowdown.com/data/pokedex-mini.js?0.6111056340867951"></script>
<script defer src="//play.pokemonshowdown.com/data/pokedex-mini-bw.js?0.3532142036491459"></script>
<script defer src="//play.pokemonshowdown.com/data/graphics.js?0.24223875632456182"></script>
<script defer src="//play.pokemonshowdown.com/data/pokedex.js?0.38839984266356864"></script>
<script defer src="//play.pokemonshowdown.com/data/moves.js?0.21866028504024015"></script>
<script defer src="//play.pokemonshowdown.com/data/abilities.js?0.2005157953846628"></script>
<script defer src="//play.pokemonshowdown.com/data/items.js?0.9894211263848525"></script>
<script defer src="//play.pokemonshowdown.com/data/teambuilder-tables.js?0.6008791140282215"></script>
<script defer src="//play.pokemonshowdown.com/js/battle-tooltips.js?0.7580118955022959"></script>
<script defer src="//play.pokemonshowdown.com/js/battle.js?0.6057722274234274"></script>

<script defer src="js/utils.js?e31f9a17"></script>
<script defer src="js/replays-battle.js?7008c182"></script>

<!-- don't scrape this data! just add .json or .log after the URL!
Full API docs: https://github.com/smogon/pokemon-showdown-client/blob/master/WEB-API.md -->
<script type="text/plain" class="log" id="replaylog-smogtours-gen3ou-804762">
|inactive|Battle timer is ON: inactive players will automatically lose when time's up.
|t:|1730744938
|gametype|singles
|player|p1|voyager|acetrainerf-gen2|
|player|p2|Beignet2|265|
|teamsize|p1|6
|teamsize|p2|6
|gen|3
|tier|[Gen 3] OU
|rule|Sleep Clause Mod: Limit one foe put to sleep
|rule|Switch Priority Clause Mod: Faster Pokémon switch first
|rule|Species Clause: Limit one of each Pokémon
|rule|OHKO Clause: OHKO moves are banned
|rule|Evasion Items Clause: Evasion items are banned
|rule|Evasion Moves Clause: Evasion moves are banned
|rule|Endless Battle Clause: Forcing endless battles is banned
|rule|HP Percentage Mod: HP is shown in percentages
|rule|One Boost Passer Clause: Limit one Baton Passer that has a way to boost its stats
|rule|Freeze Clause Mod: Limit one foe frozen
|
|t:|1730744938
|start
|switch|p1a: Metagross|Metagross|100/100
|switch|p2a: Zapdos|Zapdos|100/100
|turn|1
|c|☆voyager|glhf
|
|t:|1730744944
|move|p2a: Zapdos|Baton Pass|p2a: Zapdos
|
|t:|1730744947
|switch|p2a: Swampert|Swampert, F|100/100|[from] Baton Pass
|move|p1a: Metagross|Rock Slide|p2a: Swampert
|-resisted|p2a: Swampert
|-damage|p2a: Swampert|92/100
|
|-heal|p2a: Swampert|98/100|[from] item: Leftovers
|upkeep
|turn|2
|
|t:|1730744950
|switch|p1a: Celebi|Celebi|100/100
|move|p2a: Swampert|Toxic|p1a: Celebi
|-status|p1a: Celebi|tox
|
|-damage|p1a: Celebi|94/100 tox|[from] psn
|-heal|p2a: Swampert|100/100|[from] item: Leftovers
|upkeep
|turn|3
|
|t:|1730744954
|switch|p2a: Ludicolo|Ludicolo, M|100/100
|move|p1a: Celebi|Baton Pass|p1a: Celebi
|
|t:|1730744959
|-curestatus|p1a: Celebi|tox|[from] ability: Natural Cure
|switch|p1a: Zapdos|Zapdos|100/100|[from] Baton Pass
|
|upkeep
|turn|4
|
|t:|1730744963
|move|p1a: Zapdos|Thunderbolt|p2a: Ludicolo
|-damage|p2a: Ludicolo|52/100
|-status|p2a: Ludicolo|par
|move|p2a: Ludicolo|Leech Seed|p1a: Zapdos
|-start|p1a: Zapdos|move: Leech Seed
|
|-damage|p1a: Zapdos|88/100|[from] Leech Seed|[of] p2a: Ludicolo
|-heal|p2a: Ludicolo|64/100 par|[silent]
|-heal|p2a: Ludicolo|70/100 par|[from] item: Leftovers
|upkeep
|turn|5
|
|t:|1730744969
|switch|p1a: Celebi|Celebi|94/100
|move|p2a: Ludicolo|Ice Beam|p1a: Celebi
|-supereffective|p1a: Celebi
|-damage|p1a: Celebi|47/100
|
|-heal|p1a: Celebi|53/100|[from] item: Leftovers
|-heal|p2a: Ludicolo|77/100 par|[from] item: Leftovers
|upkeep
|turn|6
|
|t:|1730744972
|move|p1a: Celebi|Recover|p1a: Celebi
|-heal|p1a: Celebi|100/100
|move|p2a: Ludicolo|Ice Beam|p1a: Celebi
|-supereffective|p1a: Celebi
|-damage|p1a: Celebi|50/100
|
|-heal|p1a: Celebi|56/100|[from] item: Leftovers
|-heal|p2a: Ludicolo|83/100 par|[from] item: Leftovers
|upkeep
|turn|7
|
|t:|1730744974
|move|p1a: Celebi|Calm Mind|p1a: Celebi
|-boost|p1a: Celebi|spa|1
|-boost|p1a: Celebi|spd|1
|move|p2a: Ludicolo|Ice Beam|p1a: Celebi
|-supereffective|p1a: Celebi
|-damage|p1a: Celebi|21/100
|
|-heal|p1a: Celebi|27/100|[from] item: Leftovers
|-heal|p2a: Ludicolo|89/100 par|[from] item: Leftovers
|upkeep
|turn|8
|
|t:|1730744976
|move|p1a: Celebi|Recover|p1a: Celebi
|-heal|p1a: Celebi|77/100
|move|p2a: Ludicolo|Ice Beam|p1a: Celebi
|-supereffective|p1a: Celebi
|-damage|p1a: Celebi|42/100
|-status|p1a: Celebi|frz
|
|-heal|p1a: Celebi|49/100 frz|[from] item: Leftovers
|-heal|p2a: Ludicolo|95/100 par|[from] item: Leftovers
|upkeep
|turn|9
|
|t:|1730745003
|-curestatus|p1a: Celebi|frz|[from] ability: Natural Cure
|switch|p1a: Snorlax|Snorlax, M|100/100
|move|p2a: Ludicolo|Surf|p1a: Snorlax
|-damage|p1a: Snorlax|77/100
|
|-heal|p1a: Snorlax|83/100|[from] item: Leftovers
|-heal|p2a: Ludicolo|100/100 par|[from] item: Leftovers
|upkeep
|turn|10
|
|t:|1730745014
|move|p1a: Snorlax|Shadow Ball|p2a: Ludicolo
|-damage|p2a: Ludicolo|70/100 par
|-unboost|p2a: Ludicolo|spd|1
|move|p2a: Ludicolo|Leech Seed|p1a: Snorlax
|-start|p1a: Snorlax|move: Leech Seed
|
|-heal|p1a: Snorlax|89/100|[from] item: Leftovers
|-damage|p1a: Snorlax|76/100|[from] Leech Seed|[of] p2a: Ludicolo
|-heal|p2a: Ludicolo|86/100 par|[silent]
|-heal|p2a: Ludicolo|93/100 par|[from] item: Leftovers
|upkeep
|turn|11
|
|t:|1730745023
|switch|p2a: Swampert|Swampert, F|100/100
|move|p1a: Snorlax|Self-Destruct|p2a: Swampert
|-damage|p2a: Swampert|0 fnt
|faint|p1a: Snorlax
|faint|p2a: Swampert
|
|t:|1730745033
|switch|p2a: Dugtrio|Dugtrio, M|100/100
|switch|p1a: Celebi|Celebi|49/100
|
|-heal|p1a: Celebi|55/100|[from] item: Leftovers
|upkeep
|turn|12
|
|t:|1730745035
|move|p2a: Dugtrio|Hidden Power|p1a: Celebi
|-supereffective|p1a: Celebi
|-damage|p1a: Celebi|0 fnt
|faint|p1a: Celebi
|
|t:|1730745037
|switch|p1a: Zapdos|Zapdos|88/100
|
|-heal|p1a: Zapdos|94/100|[from] item: Leftovers
|upkeep
|turn|13
|
|t:|1730745042
|switch|p2a: Blissey|Blissey, F|100/100
|move|p1a: Zapdos|Substitute|p1a: Zapdos
|-start|p1a: Zapdos|Substitute
|-damage|p1a: Zapdos|69/100
|
|-heal|p1a: Zapdos|76/100|[from] item: Leftovers
|upkeep
|turn|14
|
|t:|1730745046
|move|p1a: Zapdos|Thunderbolt|p2a: Blissey
|-damage|p2a: Blissey|82/100
|move|p2a: Blissey|Thunderbolt|p1a: Zapdos
|-end|p1a: Zapdos|Substitute
|
|-heal|p1a: Zapdos|82/100|[from] item: Leftovers
|-heal|p2a: Blissey|89/100|[from] item: Leftovers
|upkeep
|turn|15
|
|t:|1730745051
|switch|p1a: Swampert|Swampert, M|100/100
|move|p2a: Blissey|Thunderbolt|p1a: Swampert
|-immune|p1a: Swampert
|
|-heal|p2a: Blissey|95/100|[from] item: Leftovers
|upkeep
|turn|16
|
|t:|1730745055
|switch|p2a: Ludicolo|Ludicolo, M|93/100 par
|move|p1a: Swampert|Substitute|p1a: Swampert
|-start|p1a: Swampert|Substitute
|-damage|p1a: Swampert|75/100
|
|-heal|p1a: Swampert|82/100|[from] item: Leftovers
|-heal|p2a: Ludicolo|99/100 par|[from] item: Leftovers
|upkeep
|turn|17
|
|t:|1730745058
|-singleturn|p1a: Swampert|move: Focus Punch
|move|p2a: Ludicolo|Surf|p1a: Swampert
|-end|p1a: Swampert|Substitute
|move|p1a: Swampert|Focus Punch|p2a: Ludicolo
|-damage|p2a: Ludicolo|51/100 par
|
|-heal|p1a: Swampert|88/100|[from] item: Leftovers
|-heal|p2a: Ludicolo|57/100 par|[from] item: Leftovers
|upkeep
|turn|18
|
|t:|1730745063
|switch|p1a: Zapdos|Zapdos|82/100
|cant|p2a: Ludicolo|par
|
|-heal|p1a: Zapdos|88/100|[from] item: Leftovers
|-heal|p2a: Ludicolo|63/100 par|[from] item: Leftovers
|upkeep
|turn|19
|
|t:|1730745067
|move|p1a: Zapdos|Thunderbolt|p2a: Ludicolo
|-damage|p2a: Ludicolo|18/100 par
|move|p2a: Ludicolo|Leech Seed|p1a: Zapdos
|-start|p1a: Zapdos|move: Leech Seed
|
|-heal|p1a: Zapdos|94/100|[from] item: Leftovers
|-damage|p1a: Zapdos|82/100|[from] Leech Seed|[of] p2a: Ludicolo
|-heal|p2a: Ludicolo|30/100 par|[silent]
|-heal|p2a: Ludicolo|36/100 par|[from] item: Leftovers
|upkeep
|turn|20
|
|t:|1730745072
|switch|p2a: Dugtrio|Dugtrio, M|100/100
|move|p1a: Zapdos|Hidden Power|p2a: Dugtrio
|-supereffective|p2a: Dugtrio
|-damage|p2a: Dugtrio|18/100
|
|-heal|p1a: Zapdos|88/100|[from] item: Leftovers
|-damage|p1a: Zapdos|76/100|[from] Leech Seed|[of] p2a: Dugtrio
|-heal|p2a: Dugtrio|33/100|[silent]
|upkeep
|turn|21
|
|t:|1730745076
|move|p1a: Zapdos|Hidden Power|p2a: Dugtrio
|-supereffective|p2a: Dugtrio
|-damage|p2a: Dugtrio|0 fnt
|faint|p2a: Dugtrio
|
|t:|1730745081
|switch|p2a: Kingdra|Kingdra, M|100/100
|
|-heal|p1a: Zapdos|82/100|[from] item: Leftovers
|-damage|p1a: Zapdos|69/100|[from] Leech Seed|[of] p2a: Kingdra
|upkeep
|turn|22
|
|t:|1730745085
|move|p1a: Zapdos|Thunderbolt|p2a: Kingdra
|-damage|p2a: Kingdra|51/100
|move|p2a: Kingdra|Rain Dance|p2a: Kingdra
|-weather|RainDance
|
|-weather|RainDance|[upkeep]
|-heal|p1a: Zapdos|76/100|[from] item: Leftovers
|-damage|p1a: Zapdos|63/100|[from] Leech Seed|[of] p2a: Kingdra
|-heal|p2a: Kingdra|63/100|[silent]
|upkeep
|turn|23
|
|t:|1730745092
|move|p2a: Kingdra|Surf|p1a: Zapdos
|-damage|p1a: Zapdos|0 fnt
|faint|p1a: Zapdos
|
|t:|1730745093
|switch|p1a: Metagross|Metagross|100/100
|
|-weather|RainDance|[upkeep]
|upkeep
|turn|24
|
|t:|1730745097
|switch|p2a: Ludicolo|Ludicolo, M|36/100 par
|move|p1a: Metagross|Explosion|p2a: Ludicolo
|-damage|p2a: Ludicolo|0 fnt
|faint|p1a: Metagross
|faint|p2a: Ludicolo
|
|t:|1730745098
|switch|p2a: Kingdra|Kingdra, M|63/100
|switch|p1a: Magneton|Magneton|100/100
|
|-weather|RainDance|[upkeep]
|upkeep
|turn|25
|
|t:|1730745101
|move|p1a: Magneton|Protect|p1a: Magneton
|-singleturn|p1a: Magneton|Protect
|move|p2a: Kingdra|Surf|p1a: Magneton
|-activate|p1a: Magneton|Protect
|
|-weather|RainDance|[upkeep]
|upkeep
|turn|26
|
|t:|1730745104
|move|p1a: Magneton|Protect|p1a: Magneton
|-singleturn|p1a: Magneton|Protect
|move|p2a: Kingdra|Surf|p1a: Magneton
|-activate|p1a: Magneton|Protect
|
|-weather|none
|upkeep
|turn|27
|
|t:|1730745109
|move|p2a: Kingdra|Rain Dance|p2a: Kingdra
|-weather|RainDance
|move|p1a: Magneton|Thunderbolt|p2a: Kingdra
|-damage|p2a: Kingdra|0 fnt
|faint|p2a: Kingdra
|
|t:|1730745113
|switch|p2a: Zapdos|Zapdos|100/100
|
|-weather|RainDance|[upkeep]
|upkeep
|turn|28
|
|t:|1730745116
|move|p2a: Zapdos|Thunderbolt|p1a: Magneton
|-resisted|p1a: Magneton
|-damage|p1a: Magneton|48/100
|move|p1a: Magneton|Thunderbolt|p2a: Zapdos
|-damage|p2a: Zapdos|39/100
|
|-weather|RainDance|[upkeep]
|-heal|p2a: Zapdos|46/100|[from] item: Leftovers
|upkeep
|turn|29
|
|t:|1730745120
|move|p2a: Zapdos|Thunderbolt|p1a: Magneton
|-resisted|p1a: Magneton
|-damage|p1a: Magneton|0 fnt
|faint|p1a: Magneton
|
|t:|1730745121
|switch|p1a: Swampert|Swampert, M|88/100
|
|-weather|RainDance|[upkeep]
|-heal|p2a: Zapdos|52/100|[from] item: Leftovers
|-heal|p1a: Swampert|94/100|[from] item: Leftovers
|upkeep
|turn|30
|
|t:|1730745123
|move|p2a: Zapdos|Hidden Power|p1a: Swampert
|-supereffective|p1a: Swampert
|-damage|p1a: Swampert|0 fnt
|faint|p1a: Swampert
|
|win|Beignet2
|c|☆voyager|gg
|player|p2|

</script>
<script type="application/json" class="data" id="replaydata-smogtours-gen3ou-804762">
{"id":"smogtours-gen3ou-804762","format":"[Gen 3] OU","players":["voyager","Beignet2"],"uploadtime":1730745123,"views":45,"formatid":"gen3ou","rating":null,"private":0,"password":null}
</script>

<script defer src="js/replays.js?9d40a366"></script>
