<!DOCTYPE html>
<meta charset="utf-8" />
<meta name="viewport" content="width=device-width" />

<title>[Gen 3] OU: yd12k vs. nick_parenti - Replays - Pok&eacute;mon Showdown!</title>

<meta name="description" content="Watch a replay of a Pok&eacute;mon battle between yd12k and nick_parenti! Format: [Gen 3] OU; Date: Oct 1, 2024" />
<!--

Hey, you! Looking in the source for the replay log?

You can find them in JSON format, just add `.json` at the end of a replay URL.

https://replay.pokemonshowdown.com/gen7randomdoublesbattle-865046831.json

Or, if you only need the log itself, add `.log` instead:

https://replay.pokemonshowdown.com/gen7randomdoublesbattle-865046831.log

-->

<link rel="stylesheet" href="//pokemonshowdown.com/style/global.css?0.767286132409787" />
<link rel="stylesheet" href="//play.pokemonshowdown.com/style/font-awesome.css?0.9266228007934947" />
<link rel="stylesheet" href="//play.pokemonshowdown.com/style/battle.css?0.7924700842790926" />
<link rel="stylesheet" href="//play.pokemonshowdown.com/style/utilichart.css?0.8777417872839479" />

<!-- Global site tag (gtag.js) - Google Analytics -->
<script async src="https://www.googletagmanager.com/gtag/js?id=UA-26211653-1"></script>
<script>
  window.dataLayer = window.dataLayer || [];
  function gtag(){dataLayer.push(arguments);}
  gtag('js', new Date());

  gtag('config', 'UA-26211653-1');
</script>
<!-- End Google Analytics -->
<!-- Venatus Ad Manager - Install in <HEAD> of page -->
	<script src="https://hb.vntsm.com/v3/live/ad-manager.min.js" type="text/javascript" data-site-id="642aba63ec9a7b11c3c9c1be" data-mode="scan" async></script>
<!-- / Venatus Ad Manager -->

<style>
	@media (max-width:820px) {
		.battle {
			margin: 0 auto;
		}
		.battle-log {
			margin: 7px auto 0;
			max-width: 640px;
			height: 300px;
			position: static;
		}
	}
	.optgroup {
		display: inline-block;
		line-height: 22px;
		font-size: 10pt;
	}
	.optgroup .button {
		height: 25px;
		padding-top: 0;
		padding-bottom: 0;
	}
	.optgroup button.button {
		padding-left: 12px;
		padding-right: 12px;
	}
	.linklist {
		list-style: none;
		margin: 0.5em 0;
		padding: 0;
	}
	.linklist li {
		padding: 2px 0;
	}
	.sidebar {
		float: left;
		width: 320px;
	}
	.bar-wrapper {
		max-width: 1100px;
		margin: 0 auto;
	}
	.bar-wrapper.has-sidebar {
		max-width: 1430px;
	}
	.mainbar {
		margin: 0;
		padding-right: 1px;
	}
	.mainbar.has-sidebar {
		margin-left: 330px;
	}
	@media (min-width: 1511px) {
		.sidebar {
			width: 400px;
		}
		.bar-wrapper.has-sidebar {
			max-width: 1510px;
		}
		.mainbar.has-sidebar {
			margin-left: 410px;
		}
	}
	.section.first-section {
		margin-top: 9px;
	}
	.blocklink small {
		white-space: normal;
	}
	.button {
		vertical-align: middle;
	}
	.replay-controls {
		padding-top: 10px;
	}
	.replay-controls h1 {
		font-size: 16pt;
		font-weight: normal;
		color: #CCC;
	}
	.pagelink {
		text-align: center;
	}
	.pagelink a {
		width: 150px;
	}
	.textbox, .button {
		font-size: 11pt;
		vertical-align: middle;
	}
	@media (max-width: 450px) {
		.button {
			font-size: 9pt;
		}
	}
</style>

<div>

	<header>
		<div class="nav-wrapper"><ul class="nav">
			<li><a class="button nav-first" href="//pokemonshowdown.com/"><img src="//pokemonshowdown.com/images/pokemonshowdownbeta.png" srcset="//pokemonshowdown.com/images/pokemonshowdownbeta.png 1x, //pokemonshowdown.com/images/pokemonshowdownbeta@2x.png 2x" alt="Pok&eacute;mon Showdown" width="146" height="44" /> Home</a></li>
			<li><a class="button" href="//pokemonshowdown.com/dex/">Pok&eacute;dex</a></li>
			<li><a class="button cur" href="/">Replays</a></li>
			<li><a class="button" href="//pokemonshowdown.com/ladder/">Ladder</a></li>
			<li><a class="button nav-last" href="//pokemonshowdown.com/forums/">Forum</a></li>
			<li><a class="button greenbutton nav-first nav-last" href="//play.pokemonshowdown.com/">Play</a></li>
		</ul></div>
	</header>

	<div class="main" id="main">

		<noscript><section class="section">You need to enable JavaScript to use this page; sorry!</section></noscript>

	</div>

</div>

<script defer nomodule src="//play.pokemonshowdown.com/js/lib/ps-polyfill.js"></script>
<script defer src="//play.pokemonshowdown.com/js/lib/preact.min.js"></script>

<script defer src="//play.pokemonshowdown.com/config/config.js?6dec07f6"></script>
<script defer src="//play.pokemonshowdown.com/js/lib/jquery-1.11.0.min.js"></script>
<script defer src="//play.pokemonshowdown.com/js/lib/html-sanitizer-minified.js"></script>
<script defer src="//play.pokemonshowdown.com/js/battle-sound.js"></script>
<script defer src="//play.pokemonshowdown.com/js/battledata.js?0.6315294753075389"></script>
<script defer src="//play.pokemonshowdown.com/data/pokedex-mini.js?0.7603743185311358"></script>
<script defer src="//play.pokemonshowdown.com/data/pokedex-mini-bw.js?0.030888842834281283"></script>
<script defer src="//play.pokemonshowdown.com/data/graphics.js?0.05593094747507488"></script>
<script defer src="//play.pokemonshowdown.com/data/pokedex.js?0.47064822249611904"></script>
<script defer src="//play.pokemonshowdown.com/data/moves.js?0.8583693120512459"></script>
<script defer src="//play.pokemonshowdown.com/data/abilities.js?0.16017181182386842"></script>
<script defer src="//play.pokemonshowdown.com/data/items.js?0.4163379185673943"></script>
<script defer src="//play.pokemonshowdown.com/data/teambuilder-tables.js?0.31075597372830477"></script>
<script defer src="//play.pokemonshowdown.com/js/battle-tooltips.js?0.6536193500708172"></script>
<script defer src="//play.pokemonshowdown.com/js/battle.js?0.1916591943277901"></script>

<script defer src="js/utils.js?e31f9a17"></script>
<script defer src="js/replays-battle.js?7008c182"></script>

<!-- don't scrape this data! just add .json or .log after the URL!
Full API docs: https://github.com/smogon/pokemon-showdown-client/blob/master/WEB-API.md -->
<script type="text/plain" class="log" id="replaylog-smogtours-gen3ou-793847">
|inactive|Battle timer is ON: inactive players will automatically lose when time's up.
|t:|1727817937
|gametype|singles
|player|p1|yd12k|266|
|player|p2|nick_parenti|scientist|
|teamsize|p1|6
|teamsize|p2|6
|gen|3
|tier|[Gen 3] OU
|rule|Sleep Clause Mod: Limit one foe put to sleep
|rule|Switch Priority Clause Mod: Faster Pokémon switch first
|rule|Species Clause: Limit one of each Pokémon
|rule|OHKO Clause: OHKO moves are banned
|rule|Evasion Items Clause: Evasion items are banned
|rule|Evasion Moves Clause: Evasion moves are banned
|rule|Endless Battle Clause: Forcing endless battles is banned
|rule|HP Percentage Mod: HP is shown in percentages
|rule|One Boost Passer Clause: Limit one Baton Passer that has a way to boost its stats
|rule|Freeze Clause Mod: Limit one foe frozen
|
|t:|1727817937
|start
|switch|p1a: Jirachi|Jirachi|100/100
|switch|p2a: Espeon|Espeon, M|100/100
|turn|1
|
|t:|1727817943
|move|p2a: Espeon|Substitute|p2a: Espeon
|-start|p2a: Espeon|Substitute
|-damage|p2a: Espeon|76/100
|move|p1a: Jirachi|Body Slam|p2a: Espeon
|-end|p2a: Espeon|Substitute
|
|upkeep
|turn|2
|
|t:|1727817958
|move|p2a: Espeon|Calm Mind|p2a: Espeon
|-boost|p2a: Espeon|spa|1
|-boost|p2a: Espeon|spd|1
|move|p1a: Jirachi|Doom Desire|p2a: Espeon
|-start|p1a: Jirachi|Doom Desire
|
|upkeep
|turn|3
|
|t:|1727817969
|move|p2a: Espeon|Substitute|p2a: Espeon
|-start|p2a: Espeon|Substitute
|-damage|p2a: Espeon|51/100
|move|p1a: Jirachi|Body Slam|p2a: Espeon
|-end|p2a: Espeon|Substitute
|
|upkeep
|turn|4
|
|t:|1727817980
|move|p2a: Espeon|Baton Pass|p2a: Espeon
|
|t:|1727818000
|switch|p2a: Suicune|Suicune, shiny|100/100|[from] Baton Pass
|move|p1a: Jirachi|Body Slam|p2a: Suicune
|-damage|p2a: Suicune|90/100
|-status|p2a: Suicune|par
|-enditem|p2a: Suicune|Lum Berry|[eat]
|-curestatus|p2a: Suicune|par|[msg]
|
|-end|p2a: Suicune|move: Doom Desire
|-damage|p2a: Suicune|58/100
|upkeep
|turn|5
|
|t:|1727818012
|move|p1a: Jirachi|Body Slam|p2a: Suicune
|-damage|p2a: Suicune|49/100
|-status|p2a: Suicune|par
|move|p2a: Suicune|Calm Mind|p2a: Suicune
|-boost|p2a: Suicune|spa|1
|-boost|p2a: Suicune|spd|1
|
|upkeep
|turn|6
|
|t:|1727818028
|switch|p1a: Suicune|Suicune|100/100
|move|p2a: Suicune|Surf|p1a: Suicune
|-resisted|p1a: Suicune
|-damage|p1a: Suicune|77/100
|
|-heal|p1a: Suicune|84/100|[from] item: Leftovers
|upkeep
|turn|7
|
|t:|1727818036
|move|p1a: Suicune|Calm Mind|p1a: Suicune
|-boost|p1a: Suicune|spa|1
|-boost|p1a: Suicune|spd|1
|move|p2a: Suicune|Roar|p1a: Suicune
|drag|p1a: Claydol|Claydol|100/100
|
|upkeep
|turn|8
|
|t:|1727818051
|switch|p1a: Suicune|Suicune|84/100
|move|p2a: Suicune|Ice Beam|p1a: Suicune
|-resisted|p1a: Suicune
|-damage|p1a: Suicune|69/100
|
|-heal|p1a: Suicune|75/100|[from] item: Leftovers
|upkeep
|turn|9
|
|t:|1727818058
|move|p1a: Suicune|Hidden Power|p2a: Suicune
|-supereffective|p2a: Suicune
|-damage|p2a: Suicune|34/100 par
|move|p2a: Suicune|Surf|p1a: Suicune
|-resisted|p1a: Suicune
|-damage|p1a: Suicune|53/100
|
|-heal|p1a: Suicune|60/100|[from] item: Leftovers
|upkeep
|turn|10
|
|t:|1727818066
|move|p1a: Suicune|Calm Mind|p1a: Suicune
|-boost|p1a: Suicune|spa|1
|-boost|p1a: Suicune|spd|1
|move|p2a: Suicune|Surf|p1a: Suicune
|-resisted|p1a: Suicune
|-damage|p1a: Suicune|46/100
|
|-heal|p1a: Suicune|52/100|[from] item: Leftovers
|upkeep
|turn|11
|
|t:|1727818073
|move|p1a: Suicune|Hidden Power|p2a: Suicune
|-supereffective|p2a: Suicune
|-damage|p2a: Suicune|10/100 par
|move|p2a: Suicune|Roar|p1a: Suicune
|drag|p1a: Jirachi|Jirachi|100/100
|
|upkeep
|turn|12
|
|t:|1727818081
|move|p1a: Jirachi|Body Slam|p2a: Suicune
|-damage|p2a: Suicune|0 fnt
|faint|p2a: Suicune
|
|t:|1727818087
|switch|p2a: Jirachi|Jirachi|100/100
|
|upkeep
|turn|13
|
|t:|1727818096
|move|p1a: Jirachi|Body Slam|p2a: Jirachi
|-resisted|p2a: Jirachi
|-damage|p2a: Jirachi|94/100
|move|p2a: Jirachi|Calm Mind|p2a: Jirachi
|-boost|p2a: Jirachi|spa|1
|-boost|p2a: Jirachi|spd|1
|
|upkeep
|turn|14
|
|t:|1727818105
|move|p1a: Jirachi|Doom Desire|p2a: Jirachi
|-start|p1a: Jirachi|Doom Desire
|move|p2a: Jirachi|Calm Mind|p2a: Jirachi
|-boost|p2a: Jirachi|spa|1
|-boost|p2a: Jirachi|spd|1
|
|upkeep
|turn|15
|
|t:|1727818109
|move|p1a: Jirachi|Body Slam|p2a: Jirachi
|-resisted|p2a: Jirachi
|-damage|p2a: Jirachi|86/100
|-status|p2a: Jirachi|par
|-enditem|p2a: Jirachi|Lum Berry|[eat]
|-curestatus|p2a: Jirachi|par|[msg]
|move|p2a: Jirachi|Calm Mind|p2a: Jirachi
|-boost|p2a: Jirachi|spa|1
|-boost|p2a: Jirachi|spd|1
|
|upkeep
|turn|16
|
|t:|1727818119
|move|p1a: Jirachi|Body Slam|p2a: Jirachi
|-resisted|p2a: Jirachi
|-damage|p2a: Jirachi|80/100
|-status|p2a: Jirachi|par
|move|p2a: Jirachi|Fire Punch|p1a: Jirachi
|-supereffective|p1a: Jirachi
|-damage|p1a: Jirachi|52/100
|
|-heal|p1a: Jirachi|58/100|[from] item: Leftovers
|-end|p2a: Jirachi|move: Doom Desire
|-damage|p2a: Jirachi|61/100 par
|upkeep
|turn|17
|
|t:|1727818140
|switch|p1a: Suicune|Suicune|52/100
|move|p2a: Jirachi|Calm Mind|p2a: Jirachi
|-boost|p2a: Jirachi|spa|1
|-boost|p2a: Jirachi|spd|1
|
|-heal|p1a: Suicune|58/100|[from] item: Leftovers
|upkeep
|turn|18
|
|t:|1727818147
|move|p1a: Suicune|Calm Mind|p1a: Suicune
|-boost|p1a: Suicune|spa|1
|-boost|p1a: Suicune|spd|1
|cant|p2a: Jirachi|par
|
|-heal|p1a: Suicune|64/100|[from] item: Leftovers
|upkeep
|turn|19
|
|t:|1727818153
|move|p1a: Suicune|Calm Mind|p1a: Suicune
|-boost|p1a: Suicune|spa|1
|-boost|p1a: Suicune|spd|1
|move|p2a: Jirachi|Psychic|p1a: Suicune
|-damage|p1a: Suicune|29/100
|
|-heal|p1a: Suicune|35/100|[from] item: Leftovers
|upkeep
|turn|20
|
|t:|1727818161
|move|p1a: Suicune|Calm Mind|p1a: Suicune
|-boost|p1a: Suicune|spa|1
|-boost|p1a: Suicune|spd|1
|move|p2a: Jirachi|Psychic|p1a: Suicune
|-damage|p1a: Suicune|7/100
|
|-heal|p1a: Suicune|13/100|[from] item: Leftovers
|upkeep
|turn|21
|
|t:|1727818169
|move|p1a: Suicune|Surf|p2a: Jirachi
|-crit|p2a: Jirachi
|-damage|p2a: Jirachi|0 fnt
|faint|p2a: Jirachi
|
|t:|1727818173
|switch|p2a: Raikou|Raikou, shiny|100/100
|
|-heal|p1a: Suicune|19/100|[from] item: Leftovers
|upkeep
|turn|22
|
|t:|1727818183
|move|p2a: Raikou|Thunderbolt|p1a: Suicune
|-supereffective|p1a: Suicune
|-damage|p1a: Suicune|0 fnt
|faint|p1a: Suicune
|
|t:|1727818191
|switch|p1a: Claydol|Claydol|100/100
|
|upkeep
|turn|23
|
|t:|1727818195
|switch|p2a: Espeon|Espeon, M|51/100
|move|p1a: Claydol|Earthquake|p2a: Espeon
|-damage|p2a: Espeon|0 fnt
|faint|p2a: Espeon
|
|t:|1727818202
|switch|p2a: Metagross|Metagross|100/100
|
|upkeep
|turn|24
|
|t:|1727818206
|move|p2a: Metagross|Meteor Mash|p1a: Claydol|[miss]
|-miss|p2a: Metagross|p1a: Claydol
|move|p1a: Claydol|Earthquake|p2a: Metagross
|-supereffective|p2a: Metagross
|-damage|p2a: Metagross|39/100
|
|upkeep
|turn|25
|
|t:|1727818212
|move|p2a: Metagross|Meteor Mash|p1a: Claydol
|-damage|p1a: Claydol|13/100
|move|p1a: Claydol|Earthquake|p2a: Metagross
|-supereffective|p2a: Metagross
|-damage|p2a: Metagross|0 fnt
|faint|p2a: Metagross
|c|☆nick_parenti|:(
|
|t:|1727818219
|switch|p2a: Tyranitar|Tyranitar, M|100/100
|-weather|Sandstorm|[from] ability: Sand Stream|[of] p2a: Tyranitar
|
|-weather|Sandstorm|[upkeep]
|-heal|p1a: Claydol|19/100|[from] item: Leftovers
|upkeep
|turn|26
|
|t:|1727818226
|move|p2a: Tyranitar|Dragon Dance|p2a: Tyranitar
|-boost|p2a: Tyranitar|atk|1
|-boost|p2a: Tyranitar|spe|1
|move|p1a: Claydol|Earthquake|p2a: Tyranitar
|-supereffective|p2a: Tyranitar
|-damage|p2a: Tyranitar|37/100
|
|-weather|Sandstorm|[upkeep]
|-heal|p1a: Claydol|25/100|[from] item: Leftovers
|upkeep
|turn|27
|
|t:|1727818244
|move|p2a: Tyranitar|Double-Edge|p1a: Claydol
|-damage|p1a: Claydol|0 fnt
|-damage|p2a: Tyranitar|30/100|[from] Recoil|[of] p1a: Claydol
|faint|p1a: Claydol
|
|t:|1727818254
|switch|p1a: Cloyster|Cloyster, F|100/100
|
|-weather|Sandstorm|[upkeep]
|-damage|p1a: Cloyster|94/100|[from] Sandstorm
|-heal|p1a: Cloyster|100/100|[from] item: Leftovers
|upkeep
|turn|28
|
|t:|1727818260
|move|p2a: Tyranitar|Double-Edge|p1a: Cloyster
|-damage|p1a: Cloyster|68/100
|-damage|p2a: Tyranitar|22/100|[from] Recoil|[of] p1a: Cloyster
|move|p1a: Cloyster|Surf|p2a: Tyranitar
|-supereffective|p2a: Tyranitar
|-crit|p2a: Tyranitar
|-damage|p2a: Tyranitar|0 fnt
|faint|p2a: Tyranitar
|
|t:|1727818266
|switch|p2a: Raikou|Raikou, shiny|100/100
|
|-weather|Sandstorm|[upkeep]
|-damage|p2a: Raikou|94/100|[from] Sandstorm
|-damage|p1a: Cloyster|62/100|[from] Sandstorm
|-heal|p1a: Cloyster|68/100|[from] item: Leftovers
|upkeep
|turn|29
|
|t:|1727818273
|move|p2a: Raikou|Thunderbolt|p1a: Cloyster
|-supereffective|p1a: Cloyster
|-damage|p1a: Cloyster|0 fnt
|faint|p1a: Cloyster
|
|t:|1727818278
|switch|p1a: Jirachi|Jirachi|58/100
|
|-weather|Sandstorm|[upkeep]
|-damage|p2a: Raikou|88/100|[from] Sandstorm
|-heal|p1a: Jirachi|65/100|[from] item: Leftovers
|upkeep
|turn|30
|
|t:|1727818284
|move|p2a: Raikou|Substitute|p2a: Raikou
|-start|p2a: Raikou|Substitute
|-damage|p2a: Raikou|63/100
|move|p1a: Jirachi|Body Slam|p2a: Raikou
|-activate|p2a: Raikou|Substitute|[damage]
|
|-weather|Sandstorm|[upkeep]
|-damage|p2a: Raikou|57/100|[from] Sandstorm
|-heal|p1a: Jirachi|71/100|[from] item: Leftovers
|upkeep
|turn|31
|
|t:|1727818293
|move|p2a: Raikou|Calm Mind|p2a: Raikou
|-boost|p2a: Raikou|spa|1
|-boost|p2a: Raikou|spd|1
|move|p1a: Jirachi|Doom Desire|p2a: Raikou
|-start|p1a: Jirachi|Doom Desire
|
|-weather|Sandstorm|[upkeep]
|-damage|p2a: Raikou|51/100|[from] Sandstorm
|-heal|p1a: Jirachi|77/100|[from] item: Leftovers
|upkeep
|turn|32
|
|t:|1727818301
|move|p2a: Raikou|Calm Mind|p2a: Raikou
|-boost|p2a: Raikou|spa|1
|-boost|p2a: Raikou|spd|1
|move|p1a: Jirachi|Body Slam|p2a: Raikou
|-end|p2a: Raikou|Substitute
|
|-weather|Sandstorm|[upkeep]
|-damage|p2a: Raikou|45/100|[from] Sandstorm
|-heal|p1a: Jirachi|83/100|[from] item: Leftovers
|upkeep
|turn|33
|
|t:|1727818310
|move|p2a: Raikou|Substitute|p2a: Raikou
|-start|p2a: Raikou|Substitute
|-damage|p2a: Raikou|20/100
|move|p1a: Jirachi|Body Slam|p2a: Raikou
|-end|p2a: Raikou|Substitute
|
|-weather|Sandstorm|[upkeep]
|-damage|p2a: Raikou|14/100|[from] Sandstorm
|-heal|p1a: Jirachi|89/100|[from] item: Leftovers
|-end|p2a: Raikou|move: Doom Desire
|-damage|p2a: Raikou|0 fnt
|faint|p2a: Raikou
|
|win|yd12k
|upkeep

</script>
<script type="application/json" class="data" id="replaydata-smogtours-gen3ou-793847">
{"id":"smogtours-gen3ou-793847","format":"[Gen 3] OU","players":["yd12k","nick_parenti"],"uploadtime":1727818310,"views":122,"formatid":"gen3ou","rating":null,"private":0,"password":null}
</script>

<script defer src="js/replays.js?9d40a366"></script>
