<!DOCTYPE html>
<meta charset="utf-8" />
<meta name="viewport" content="width=device-width" />

<title>[Gen 3] OU: Colby2D vs. marcelbruer - Replays - Pok&eacute;mon Showdown!</title>

<meta name="description" content="Watch a replay of a Pok&eacute;mon battle between Colby2D and marcelbruer! Format: [Gen 3] OU; Date: Oct 17, 2024" />
<!--

Hey, you! Looking in the source for the replay log?

You can find them in JSON format, just add `.json` at the end of a replay URL.

https://replay.pokemonshowdown.com/gen7randomdoublesbattle-865046831.json

Or, if you only need the log itself, add `.log` instead:

https://replay.pokemonshowdown.com/gen7randomdoublesbattle-865046831.log

-->

<link rel="stylesheet" href="//pokemonshowdown.com/style/global.css?0.023195364461161105" />
<link rel="stylesheet" href="//play.pokemonshowdown.com/style/font-awesome.css?0.13261647063804238" />
<link rel="stylesheet" href="//play.pokemonshowdown.com/style/battle.css?0.8753245789963631" />
<link rel="stylesheet" href="//play.pokemonshowdown.com/style/utilichart.css?0.8627959624976733" />

<!-- Global site tag (gtag.js) - Google Analytics -->
<script async src="https://www.googletagmanager.com/gtag/js?id=UA-26211653-1"></script>
<script>
  window.dataLayer = window.dataLayer || [];
  function gtag(){dataLayer.push(arguments);}
  gtag('js', new Date());

  gtag('config', 'UA-26211653-1');
</script>
<!-- End Google Analytics -->
<!-- Venatus Ad Manager - Install in <HEAD> of page -->
	<script src="https://hb.vntsm.com/v3/live/ad-manager.min.js" type="text/javascript" data-site-id="642aba63ec9a7b11c3c9c1be" data-mode="scan" async></script>
<!-- / Venatus Ad Manager -->

<style>
	@media (max-width:820px) {
		.battle {
			margin: 0 auto;
		}
		.battle-log {
			margin: 7px auto 0;
			max-width: 640px;
			height: 300px;
			position: static;
		}
	}
	.optgroup {
		display: inline-block;
		line-height: 22px;
		font-size: 10pt;
	}
	.optgroup .button {
		height: 25px;
		padding-top: 0;
		padding-bottom: 0;
	}
	.optgroup button.button {
		padding-left: 12px;
		padding-right: 12px;
	}
	.linklist {
		list-style: none;
		margin: 0.5em 0;
		padding: 0;
	}
	.linklist li {
		padding: 2px 0;
	}
	.sidebar {
		float: left;
		width: 320px;
	}
	.bar-wrapper {
		max-width: 1100px;
		margin: 0 auto;
	}
	.bar-wrapper.has-sidebar {
		max-width: 1430px;
	}
	.mainbar {
		margin: 0;
		padding-right: 1px;
	}
	.mainbar.has-sidebar {
		margin-left: 330px;
	}
	@media (min-width: 1511px) {
		.sidebar {
			width: 400px;
		}
		.bar-wrapper.has-sidebar {
			max-width: 1510px;
		}
		.mainbar.has-sidebar {
			margin-left: 410px;
		}
	}
	.section.first-section {
		margin-top: 9px;
	}
	.blocklink small {
		white-space: normal;
	}
	.button {
		vertical-align: middle;
	}
	.replay-controls {
		padding-top: 10px;
	}
	.replay-controls h1 {
		font-size: 16pt;
		font-weight: normal;
		color: #CCC;
	}
	.pagelink {
		text-align: center;
	}
	.pagelink a {
		width: 150px;
	}
	.textbox, .button {
		font-size: 11pt;
		vertical-align: middle;
	}
	@media (max-width: 450px) {
		.button {
			font-size: 9pt;
		}
	}
</style>

<div>

	<header>
		<div class="nav-wrapper"><ul class="nav">
			<li><a class="button nav-first" href="//pokemonshowdown.com/"><img src="//pokemonshowdown.com/images/pokemonshowdownbeta.png" srcset="//pokemonshowdown.com/images/pokemonshowdownbeta.png 1x, //pokemonshowdown.com/images/pokemonshowdownbeta@2x.png 2x" alt="Pok&eacute;mon Showdown" width="146" height="44" /> Home</a></li>
			<li><a class="button" href="//pokemonshowdown.com/dex/">Pok&eacute;dex</a></li>
			<li><a class="button cur" href="/">Replays</a></li>
			<li><a class="button" href="//pokemonshowdown.com/ladder/">Ladder</a></li>
			<li><a class="button nav-last" href="//pokemonshowdown.com/forums/">Forum</a></li>
			<li><a class="button greenbutton nav-first nav-last" href="//play.pokemonshowdown.com/">Play</a></li>
		</ul></div>
	</header>

	<div class="main" id="main">

		<noscript><section class="section">You need to enable JavaScript to use this page; sorry!</section></noscript>

	</div>

</div>

<script defer nomodule src="//play.pokemonshowdown.com/js/lib/ps-polyfill.js"></script>
<script defer src="//play.pokemonshowdown.com/js/lib/preact.min.js"></script>

<script defer src="//play.pokemonshowdown.com/config/config.js?2bddbc15"></script>
<script defer src="//play.pokemonshowdown.com/js/lib/jquery-1.11.0.min.js"></script>
<script defer src="//play.pokemonshowdown.com/js/lib/html-sanitizer-minified.js"></script>
<script defer src="//play.pokemonshowdown.com/js/battle-sound.js"></script>
<script defer src="//play.pokemonshowdown.com/js/battledata.js?0.7209276989879541"></script>
<script defer src="//play.pokemonshowdown.com/data/pokedex-mini.js?0.6111056340867951"></script>
<script defer src="//play.pokemonshowdown.com/data/pokedex-mini-bw.js?0.3532142036491459"></script>
<script defer src="//play.pokemonshowdown.com/data/graphics.js?0.24223875632456182"></script>
<script defer src="//play.pokemonshowdown.com/data/pokedex.js?0.38839984266356864"></script>
<script defer src="//play.pokemonshowdown.com/data/moves.js?0.21866028504024015"></script>
<script defer src="//play.pokemonshowdown.com/data/abilities.js?0.2005157953846628"></script>
<script defer src="//play.pokemonshowdown.com/data/items.js?0.9894211263848525"></script>
<script defer src="//play.pokemonshowdown.com/data/teambuilder-tables.js?0.6008791140282215"></script>
<script defer src="//play.pokemonshowdown.com/js/battle-tooltips.js?0.7580118955022959"></script>
<script defer src="//play.pokemonshowdown.com/js/battle.js?0.6057722274234274"></script>

<script defer src="js/utils.js?e31f9a17"></script>
<script defer src="js/replays-battle.js?7008c182"></script>

<!-- don't scrape this data! just add .json or .log after the URL!
Full API docs: https://github.com/smogon/pokemon-showdown-client/blob/master/WEB-API.md -->
<script type="text/plain" class="log" id="replaylog-smogtours-gen3ou-799240">
|inactive|Battle timer is ON: inactive players will automatically lose when time's up.
|t:|1729140122
|gametype|singles
|player|p1|Colby2D|101|
|player|p2|marcelbruer|169|
|teamsize|p1|6
|teamsize|p2|6
|gen|3
|tier|[Gen 3] OU
|rule|Sleep Clause Mod: Limit one foe put to sleep
|rule|Switch Priority Clause Mod: Faster Pokémon switch first
|rule|Species Clause: Limit one of each Pokémon
|rule|OHKO Clause: OHKO moves are banned
|rule|Evasion Items Clause: Evasion items are banned
|rule|Evasion Moves Clause: Evasion moves are banned
|rule|Endless Battle Clause: Forcing endless battles is banned
|rule|HP Percentage Mod: HP is shown in percentages
|rule|One Boost Passer Clause: Limit one Baton Passer that has a way to boost its stats
|rule|Freeze Clause Mod: Limit one foe frozen
|
|t:|1729140122
|start
|switch|p1a: Jolteon|Jolteon, M|100/100
|switch|p2a: Heracross|Heracross, M|100/100
|turn|1
|
|t:|1729140144
|switch|p1a: Salamence|Salamence, M|100/100
|-ability|p1a: Salamence|Intimidate|boost
|-unboost|p2a: Heracross|atk|1
|move|p2a: Heracross|Substitute|p2a: Heracross
|-start|p2a: Heracross|Substitute
|-damage|p2a: Heracross|75/100
|
|upkeep
|turn|2
|
|t:|1729140166
|move|p1a: Salamence|Hidden Power|p2a: Heracross
|-supereffective|p2a: Heracross
|-end|p2a: Heracross|Substitute
|move|p2a: Heracross|Swords Dance|p2a: Heracross
|-boost|p2a: Heracross|atk|2
|
|upkeep
|turn|3
|
|t:|1729140175
|switch|p2a: Starmie|Starmie|100/100
|move|p1a: Salamence|Hidden Power|p2a: Starmie
|-damage|p2a: Starmie|42/100
|
|-heal|p2a: Starmie|49/100|[from] item: Leftovers
|upkeep
|turn|4
|
|t:|1729140188
|switch|p1a: Jirachi|Jirachi|100/100
|move|p2a: Starmie|Ice Beam|p1a: Jirachi
|-resisted|p1a: Jirachi
|-damage|p1a: Jirachi|89/100
|
|-heal|p2a: Starmie|55/100|[from] item: Leftovers
|-heal|p1a: Jirachi|95/100|[from] item: Leftovers
|upkeep
|turn|5
|
|t:|1729140205
|switch|p2a: Snorlax|Snorlax, M|100/100
|move|p1a: Jirachi|Thunder|p2a: Snorlax
|-damage|p2a: Snorlax|84/100
|
|-heal|p1a: Jirachi|100/100|[from] item: Leftovers
|-heal|p2a: Snorlax|91/100|[from] item: Leftovers
|upkeep
|turn|6
|
|t:|1729140219
|switch|p1a: Suicune|Suicune|100/100
|move|p2a: Snorlax|Earthquake|p1a: Suicune
|-damage|p1a: Suicune|84/100
|
|-heal|p1a: Suicune|90/100|[from] item: Leftovers
|-heal|p2a: Snorlax|97/100|[from] item: Leftovers
|upkeep
|turn|7
|
|t:|1729140228
|move|p1a: Suicune|Calm Mind|p1a: Suicune
|-boost|p1a: Suicune|spa|1
|-boost|p1a: Suicune|spd|1
|move|p2a: Snorlax|Return|p1a: Suicune
|-damage|p1a: Suicune|64/100
|
|-heal|p1a: Suicune|70/100|[from] item: Leftovers
|-heal|p2a: Snorlax|100/100|[from] item: Leftovers
|upkeep
|turn|8
|
|t:|1729140239
|switch|p2a: Starmie|Starmie|55/100
|move|p1a: Suicune|Calm Mind|p1a: Suicune
|-boost|p1a: Suicune|spa|1
|-boost|p1a: Suicune|spd|1
|
|-heal|p2a: Starmie|61/100|[from] item: Leftovers
|-heal|p1a: Suicune|76/100|[from] item: Leftovers
|upkeep
|turn|9
|
|t:|1729140248
|move|p2a: Starmie|Thunderbolt|p1a: Suicune
|-supereffective|p1a: Suicune
|-damage|p1a: Suicune|57/100
|move|p1a: Suicune|Surf|p2a: Starmie
|-resisted|p2a: Starmie
|-damage|p2a: Starmie|20/100
|
|-heal|p2a: Starmie|26/100|[from] item: Leftovers
|-heal|p1a: Suicune|63/100|[from] item: Leftovers
|upkeep
|turn|10
|
|t:|1729140257
|move|p2a: Starmie|Thunderbolt|p1a: Suicune
|-supereffective|p1a: Suicune
|-damage|p1a: Suicune|43/100
|move|p1a: Suicune|Calm Mind|p1a: Suicune
|-boost|p1a: Suicune|spa|1
|-boost|p1a: Suicune|spd|1
|
|-heal|p2a: Starmie|32/100|[from] item: Leftovers
|-heal|p1a: Suicune|49/100|[from] item: Leftovers
|upkeep
|turn|11
|
|t:|1729140265
|switch|p2a: Snorlax|Snorlax, M|100/100
|move|p1a: Suicune|Rest|p1a: Suicune
|-status|p1a: Suicune|slp|[from] move: Rest
|-heal|p1a: Suicune|100/100 slp|[silent]
|
|upkeep
|turn|12
|
|t:|1729140272
|switch|p2a: Medicham|Medicham, M|100/100
|cant|p1a: Suicune|slp
|
|upkeep
|turn|13
|
|t:|1729140277
|-singleturn|p2a: Medicham|move: Focus Punch
|cant|p1a: Suicune|slp
|move|p2a: Medicham|Focus Punch|p1a: Suicune
|-crit|p1a: Suicune
|-damage|p1a: Suicune|0 fnt
|faint|p1a: Suicune
|
|t:|1729140282
|switch|p1a: Jolteon|Jolteon, M|100/100
|
|upkeep
|turn|14
|
|t:|1729140287
|switch|p2a: Snorlax|Snorlax, M|100/100
|move|p1a: Jolteon|Substitute|p1a: Jolteon
|-start|p1a: Jolteon|Substitute
|-damage|p1a: Jolteon|76/100
|
|-heal|p1a: Jolteon|82/100|[from] item: Leftovers
|upkeep
|turn|15
|
|t:|1729140293
|move|p1a: Jolteon|Baton Pass|p1a: Jolteon
|
|t:|1729140296
|switch|p1a: Salamence|Salamence, M|100/100|[from] Baton Pass
|-ability|p1a: Salamence|Intimidate|boost
|-unboost|p2a: Snorlax|atk|1
|move|p2a: Snorlax|Return|p1a: Salamence
|-end|p1a: Salamence|Substitute
|
|upkeep
|turn|16
|
|t:|1729140318
|switch|p1a: Metagross|Metagross|100/100
|switch|p2a: Metagross|Metagross|100/100
|
|upkeep
|turn|17
|
|t:|1729140324
|move|p2a: Metagross|Earthquake|p1a: Metagross
|-supereffective|p1a: Metagross
|-damage|p1a: Metagross|40/100
|move|p1a: Metagross|Earthquake|p2a: Metagross
|-supereffective|p2a: Metagross
|-damage|p2a: Metagross|44/100
|
|-heal|p2a: Metagross|50/100|[from] item: Leftovers
|upkeep
|turn|18
|
|t:|1729140337
|switch|p1a: Salamence|Salamence, M|100/100
|-ability|p1a: Salamence|Intimidate|boost
|-fail|p2a: Metagross|unboost|[from] ability: Clear Body|[of] p2a: Metagross
|move|p2a: Metagross|Earthquake|p1a: Salamence
|-immune|p1a: Salamence
|
|-heal|p2a: Metagross|56/100|[from] item: Leftovers
|upkeep
|turn|19
|
|t:|1729140347
|move|p1a: Salamence|Earthquake|p2a: Metagross
|-supereffective|p2a: Metagross
|-damage|p2a: Metagross|1/100
|move|p2a: Metagross|Agility|p2a: Metagross
|-boost|p2a: Metagross|spe|2
|
|-heal|p2a: Metagross|7/100|[from] item: Leftovers
|upkeep
|turn|20
|
|t:|1729140360
|switch|p1a: Metagross|Metagross|40/100
|move|p2a: Metagross|Explosion|p1a: Metagross
|-resisted|p1a: Metagross
|-damage|p1a: Metagross|0 fnt
|faint|p2a: Metagross
|faint|p1a: Metagross
|
|t:|1729140373
|switch|p2a: Medicham|Medicham, M|100/100
|switch|p1a: Jirachi|Jirachi|100/100
|
|upkeep
|turn|21
|
|t:|1729140389
|move|p1a: Jirachi|Thunder|p2a: Medicham|[miss]
|-miss|p1a: Jirachi|p2a: Medicham
|move|p2a: Medicham|Brick Break|p1a: Jirachi
|-damage|p1a: Jirachi|51/100
|
|-heal|p1a: Jirachi|57/100|[from] item: Leftovers
|upkeep
|turn|22
|
|t:|1729140398
|switch|p1a: Salamence|Salamence, M|100/100
|-ability|p1a: Salamence|Intimidate|boost
|-unboost|p2a: Medicham|atk|1
|move|p2a: Medicham|Brick Break|p1a: Salamence
|-resisted|p1a: Salamence
|-damage|p1a: Salamence|72/100
|
|-heal|p1a: Salamence|78/100|[from] item: Leftovers
|upkeep
|turn|23
|
|t:|1729140417
|switch|p2a: Salamence|Salamence, F|100/100
|-ability|p2a: Salamence|Intimidate|boost
|-unboost|p1a: Salamence|atk|1
|move|p1a: Salamence|Dragon Dance|p1a: Salamence
|-boost|p1a: Salamence|atk|1
|-boost|p1a: Salamence|spe|1
|
|-heal|p1a: Salamence|84/100|[from] item: Leftovers
|upkeep
|turn|24
|
|t:|1729140425
|move|p1a: Salamence|Rock Slide|p2a: Salamence
|-supereffective|p2a: Salamence
|-damage|p2a: Salamence|36/100
|cant|p2a: Salamence|flinch
|
|-heal|p1a: Salamence|90/100|[from] item: Leftovers
|-heal|p2a: Salamence|42/100|[from] item: Leftovers
|upkeep
|turn|25
|
|t:|1729140438
|move|p1a: Salamence|Rock Slide|p2a: Salamence
|-supereffective|p2a: Salamence
|-damage|p2a: Salamence|0 fnt
|faint|p2a: Salamence
|
|t:|1729140450
|switch|p2a: Snorlax|Snorlax, M|100/100
|
|-heal|p1a: Salamence|97/100|[from] item: Leftovers
|upkeep
|turn|26
|
|t:|1729140459
|move|p1a: Salamence|Rock Slide|p2a: Snorlax
|-damage|p2a: Snorlax|78/100
|move|p2a: Snorlax|Return|p1a: Salamence
|-damage|p1a: Salamence|42/100
|
|-heal|p1a: Salamence|48/100|[from] item: Leftovers
|-heal|p2a: Snorlax|84/100|[from] item: Leftovers
|upkeep
|turn|27
|
|t:|1729140469
|switch|p1a: Jirachi|Jirachi|57/100
|move|p2a: Snorlax|Return|p1a: Jirachi
|-resisted|p1a: Jirachi
|-damage|p1a: Jirachi|43/100
|
|-heal|p1a: Jirachi|49/100|[from] item: Leftovers
|-heal|p2a: Snorlax|90/100|[from] item: Leftovers
|upkeep
|turn|28
|
|t:|1729140477
|move|p1a: Jirachi|Wish|p1a: Jirachi
|move|p2a: Snorlax|Earthquake|p1a: Jirachi
|-supereffective|p1a: Jirachi
|-crit|p1a: Jirachi
|-damage|p1a: Jirachi|0 fnt
|faint|p1a: Jirachi
|
|t:|1729140483
|switch|p1a: Salamence|Salamence, M|48/100
|-ability|p1a: Salamence|Intimidate|boost
|-unboost|p2a: Snorlax|atk|1
|
|-heal|p1a: Salamence|54/100|[from] item: Leftovers
|-heal|p2a: Snorlax|96/100|[from] item: Leftovers
|upkeep
|turn|29
|
|t:|1729140500
|move|p1a: Salamence|Dragon Dance|p1a: Salamence
|-boost|p1a: Salamence|atk|1
|-boost|p1a: Salamence|spe|1
|move|p2a: Snorlax|Return|p1a: Salamence
|-damage|p1a: Salamence|19/100
|
|-heal|p1a: Salamence|69/100|[from] move: Wish|[wisher] Jirachi
|-heal|p1a: Salamence|75/100|[from] item: Leftovers
|-heal|p2a: Snorlax|100/100|[from] item: Leftovers
|upkeep
|turn|30
|
|t:|1729140512
|move|p1a: Salamence|Rock Slide|p2a: Snorlax
|-damage|p2a: Snorlax|69/100
|move|p2a: Snorlax|Return|p1a: Salamence
|-damage|p1a: Salamence|39/100
|
|-heal|p1a: Salamence|45/100|[from] item: Leftovers
|-heal|p2a: Snorlax|75/100|[from] item: Leftovers
|upkeep
|turn|31
|
|t:|1729140521
|move|p1a: Salamence|Rock Slide|p2a: Snorlax
|-damage|p2a: Snorlax|43/100
|cant|p2a: Snorlax|flinch
|
|-heal|p1a: Salamence|51/100|[from] item: Leftovers
|-heal|p2a: Snorlax|49/100|[from] item: Leftovers
|upkeep
|turn|32
|
|t:|1729140528
|move|p1a: Salamence|Hidden Power|p2a: Snorlax
|-damage|p2a: Snorlax|0 fnt
|faint|p2a: Snorlax
|
|t:|1729140542
|switch|p2a: Starmie|Starmie|32/100
|
|-heal|p1a: Salamence|57/100|[from] item: Leftovers
|-heal|p2a: Starmie|38/100|[from] item: Leftovers
|upkeep
|turn|33
|
|t:|1729140549
|move|p1a: Salamence|Hidden Power|p2a: Starmie
|-damage|p2a: Starmie|0 fnt
|faint|p2a: Starmie
|
|t:|1729140551
|switch|p2a: Medicham|Medicham, M|100/100
|
|-heal|p1a: Salamence|63/100|[from] item: Leftovers
|upkeep
|turn|34
|
|t:|1729140558
|move|p1a: Salamence|Hidden Power|p2a: Medicham
|-supereffective|p2a: Medicham
|-damage|p2a: Medicham|0 fnt
|faint|p2a: Medicham
|
|t:|1729140562
|switch|p2a: Heracross|Heracross, M|75/100
|
|-heal|p1a: Salamence|69/100|[from] item: Leftovers
|upkeep
|turn|35
|
|t:|1729140566
|move|p1a: Salamence|Hidden Power|p2a: Heracross
|-supereffective|p2a: Heracross
|-damage|p2a: Heracross|0 fnt
|faint|p2a: Heracross
|
|win|Colby2D

</script>
<script type="application/json" class="data" id="replaydata-smogtours-gen3ou-799240">
{"id":"smogtours-gen3ou-799240","format":"[Gen 3] OU","players":["Colby2D","marcelbruer"],"uploadtime":1729140566,"views":76,"formatid":"gen3ou","rating":null,"private":0,"password":null}
</script>

<script defer src="js/replays.js?9d40a366"></script>
