<!DOCTYPE html>
<meta charset="utf-8" />
<meta name="viewport" content="width=device-width" />

<title>[Gen 3] OU: Schmohg vs. Dridri457 - Replays - Pok&eacute;mon Showdown!</title>

<meta name="description" content="Watch a replay of a Pok&eacute;mon battle between Schmohg and Dridri457! Format: [Gen 3] OU; Date: Oct 29, 2024" />
<!--

Hey, you! Looking in the source for the replay log?

You can find them in JSON format, just add `.json` at the end of a replay URL.

https://replay.pokemonshowdown.com/gen7randomdoublesbattle-865046831.json

Or, if you only need the log itself, add `.log` instead:

https://replay.pokemonshowdown.com/gen7randomdoublesbattle-865046831.log

-->

<link rel="stylesheet" href="//pokemonshowdown.com/style/global.css?0.023195364461161105" />
<link rel="stylesheet" href="//play.pokemonshowdown.com/style/font-awesome.css?0.13261647063804238" />
<link rel="stylesheet" href="//play.pokemonshowdown.com/style/battle.css?0.8753245789963631" />
<link rel="stylesheet" href="//play.pokemonshowdown.com/style/utilichart.css?0.8627959624976733" />

<!-- Global site tag (gtag.js) - Google Analytics -->
<script async src="https://www.googletagmanager.com/gtag/js?id=UA-26211653-1"></script>
<script>
  window.dataLayer = window.dataLayer || [];
  function gtag(){dataLayer.push(arguments);}
  gtag('js', new Date());

  gtag('config', 'UA-26211653-1');
</script>
<!-- End Google Analytics -->
<!-- Venatus Ad Manager - Install in <HEAD> of page -->
	<script src="https://hb.vntsm.com/v3/live/ad-manager.min.js" type="text/javascript" data-site-id="642aba63ec9a7b11c3c9c1be" data-mode="scan" async></script>
<!-- / Venatus Ad Manager -->

<style>
	@media (max-width:820px) {
		.battle {
			margin: 0 auto;
		}
		.battle-log {
			margin: 7px auto 0;
			max-width: 640px;
			height: 300px;
			position: static;
		}
	}
	.optgroup {
		display: inline-block;
		line-height: 22px;
		font-size: 10pt;
	}
	.optgroup .button {
		height: 25px;
		padding-top: 0;
		padding-bottom: 0;
	}
	.optgroup button.button {
		padding-left: 12px;
		padding-right: 12px;
	}
	.linklist {
		list-style: none;
		margin: 0.5em 0;
		padding: 0;
	}
	.linklist li {
		padding: 2px 0;
	}
	.sidebar {
		float: left;
		width: 320px;
	}
	.bar-wrapper {
		max-width: 1100px;
		margin: 0 auto;
	}
	.bar-wrapper.has-sidebar {
		max-width: 1430px;
	}
	.mainbar {
		margin: 0;
		padding-right: 1px;
	}
	.mainbar.has-sidebar {
		margin-left: 330px;
	}
	@media (min-width: 1511px) {
		.sidebar {
			width: 400px;
		}
		.bar-wrapper.has-sidebar {
			max-width: 1510px;
		}
		.mainbar.has-sidebar {
			margin-left: 410px;
		}
	}
	.section.first-section {
		margin-top: 9px;
	}
	.blocklink small {
		white-space: normal;
	}
	.button {
		vertical-align: middle;
	}
	.replay-controls {
		padding-top: 10px;
	}
	.replay-controls h1 {
		font-size: 16pt;
		font-weight: normal;
		color: #CCC;
	}
	.pagelink {
		text-align: center;
	}
	.pagelink a {
		width: 150px;
	}
	.textbox, .button {
		font-size: 11pt;
		vertical-align: middle;
	}
	@media (max-width: 450px) {
		.button {
			font-size: 9pt;
		}
	}
</style>

<div>

	<header>
		<div class="nav-wrapper"><ul class="nav">
			<li><a class="button nav-first" href="//pokemonshowdown.com/"><img src="//pokemonshowdown.com/images/pokemonshowdownbeta.png" srcset="//pokemonshowdown.com/images/pokemonshowdownbeta.png 1x, //pokemonshowdown.com/images/pokemonshowdownbeta@2x.png 2x" alt="Pok&eacute;mon Showdown" width="146" height="44" /> Home</a></li>
			<li><a class="button" href="//pokemonshowdown.com/dex/">Pok&eacute;dex</a></li>
			<li><a class="button cur" href="/">Replays</a></li>
			<li><a class="button" href="//pokemonshowdown.com/ladder/">Ladder</a></li>
			<li><a class="button nav-last" href="//pokemonshowdown.com/forums/">Forum</a></li>
			<li><a class="button greenbutton nav-first nav-last" href="//play.pokemonshowdown.com/">Play</a></li>
		</ul></div>
	</header>

	<div class="main" id="main">

		<noscript><section class="section">You need to enable JavaScript to use this page; sorry!</section></noscript>

	</div>

</div>

<script defer nomodule src="//play.pokemonshowdown.com/js/lib/ps-polyfill.js"></script>
<script defer src="//play.pokemonshowdown.com/js/lib/preact.min.js"></script>

<script defer src="//play.pokemonshowdown.com/config/config.js?2bddbc15"></script>
<script defer src="//play.pokemonshowdown.com/js/lib/jquery-1.11.0.min.js"></script>
<script defer src="//play.pokemonshowdown.com/js/lib/html-sanitizer-minified.js"></script>
<script defer src="//play.pokemonshowdown.com/js/battle-sound.js"></script>
<script defer src="//play.pokemonshowdown.com/js/battledata.js?0.7209276989879541"></script>
<script defer src="//play.pokemonshowdown.com/data/pokedex-mini.js?0.6111056340867951"></script>
<script defer src="//play.pokemonshowdown.com/data/pokedex-mini-bw.js?0.3532142036491459"></script>
<script defer src="//play.pokemonshowdown.com/data/graphics.js?0.24223875632456182"></script>
<script defer src="//play.pokemonshowdown.com/data/pokedex.js?0.38839984266356864"></script>
<script defer src="//play.pokemonshowdown.com/data/moves.js?0.21866028504024015"></script>
<script defer src="//play.pokemonshowdown.com/data/abilities.js?0.2005157953846628"></script>
<script defer src="//play.pokemonshowdown.com/data/items.js?0.9894211263848525"></script>
<script defer src="//play.pokemonshowdown.com/data/teambuilder-tables.js?0.6008791140282215"></script>
<script defer src="//play.pokemonshowdown.com/js/battle-tooltips.js?0.7580118955022959"></script>
<script defer src="//play.pokemonshowdown.com/js/battle.js?0.6057722274234274"></script>

<script defer src="js/utils.js?e31f9a17"></script>
<script defer src="js/replays-battle.js?7008c182"></script>

<!-- don't scrape this data! just add .json or .log after the URL!
Full API docs: https://github.com/smogon/pokemon-showdown-client/blob/master/WEB-API.md -->
<script type="text/plain" class="log" id="replaylog-smogtours-gen3ou-803380">
|inactive|Battle timer is ON: inactive players will automatically lose when time's up.
|t:|1730243761
|gametype|singles
|player|p1|Schmohg|acetrainerf|
|player|p2|Dridri457|#dridri457|
|teamsize|p1|6
|teamsize|p2|6
|gen|3
|tier|[Gen 3] OU
|rule|Sleep Clause Mod: Limit one foe put to sleep
|rule|Switch Priority Clause Mod: Faster Pokémon switch first
|rule|Species Clause: Limit one of each Pokémon
|rule|OHKO Clause: OHKO moves are banned
|rule|Evasion Items Clause: Evasion items are banned
|rule|Evasion Moves Clause: Evasion moves are banned
|rule|Endless Battle Clause: Forcing endless battles is banned
|rule|HP Percentage Mod: HP is shown in percentages
|rule|One Boost Passer Clause: Limit one Baton Passer that has a way to boost its stats
|rule|Freeze Clause Mod: Limit one foe frozen
|
|t:|1730243761
|start
|switch|p1a: Suicune|Suicune, shiny|100/100
|switch|p2a: Zap|Zapdos|100/100
|turn|1
|c|☆Dridri457|hf
|c|☆Schmohg|u2
|
|t:|1730243783
|switch|p1a: Snorlax|Snorlax, F, shiny|100/100
|switch|p2a: Tyra|Tyranitar, F|100/100
|-weather|Sandstorm|[from] ability: Sand Stream|[of] p2a: Tyra
|
|-weather|Sandstorm|[upkeep]
|-damage|p1a: Snorlax|94/100|[from] Sandstorm
|-heal|p1a: Snorlax|100/100|[from] item: Leftovers
|upkeep
|turn|2
|
|t:|1730243800
|switch|p2a: skarm|Skarmory, F|100/100
|move|p1a: Snorlax|Earthquake|p2a: skarm
|-immune|p2a: skarm
|
|-weather|Sandstorm|[upkeep]
|-damage|p1a: Snorlax|94/100|[from] Sandstorm
|-heal|p1a: Snorlax|100/100|[from] item: Leftovers
|upkeep
|turn|3
|
|t:|1730243804
|switch|p1a: Magneton|Magneton|100/100
|move|p2a: skarm|Spikes|p1a: Magneton
|-sidestart|p1: Schmohg|Spikes
|
|-weather|Sandstorm|[upkeep]
|upkeep
|turn|4
|
|t:|1730243808
|move|p1a: Magneton|Thunderbolt|p2a: skarm
|-supereffective|p2a: skarm
|-damage|p2a: skarm|0 fnt
|faint|p2a: skarm
|
|t:|1730243816
|switch|p2a: Gon|Flygon, M|100/100
|
|-weather|Sandstorm|[upkeep]
|upkeep
|turn|5
|
|t:|1730243823
|switch|p1a: Suicune|Suicune, shiny|100/100
|-damage|p1a: Suicune|88/100|[from] Spikes
|move|p2a: Gon|Earthquake|p1a: Suicune
|-damage|p1a: Suicune|53/100
|
|-weather|Sandstorm|[upkeep]
|-damage|p1a: Suicune|47/100|[from] Sandstorm
|-heal|p1a: Suicune|53/100|[from] item: Leftovers
|upkeep
|turn|6
|
|t:|1730243840
|switch|p2a: Jira|Jirachi|100/100
|move|p1a: Suicune|Ice Beam|p2a: Jira
|-resisted|p2a: Jira
|-damage|p2a: Jira|90/100
|
|-weather|Sandstorm|[upkeep]
|-damage|p1a: Suicune|47/100|[from] Sandstorm
|-heal|p1a: Suicune|53/100|[from] item: Leftovers
|-heal|p2a: Jira|96/100|[from] item: Leftovers
|upkeep
|turn|7
|
|t:|1730243860
|move|p1a: Suicune|Hydro Pump|p2a: Jira
|-damage|p2a: Jira|58/100
|move|p2a: Jira|Calm Mind|p2a: Jira
|-boost|p2a: Jira|spa|1
|-boost|p2a: Jira|spd|1
|
|-weather|Sandstorm|[upkeep]
|-damage|p1a: Suicune|47/100|[from] Sandstorm
|-heal|p1a: Suicune|53/100|[from] item: Leftovers
|-heal|p2a: Jira|64/100|[from] item: Leftovers
|upkeep
|turn|8
|
|t:|1730243867
|move|p2a: Jira|Wish|p2a: Jira
|move|p1a: Suicune|Roar|p2a: Jira
|drag|p2a: Tyra|Tyranitar, F|100/100
|
|-weather|Sandstorm|[upkeep]
|-damage|p1a: Suicune|47/100|[from] Sandstorm
|-heal|p1a: Suicune|53/100|[from] item: Leftovers
|upkeep
|turn|9
|
|t:|1730243884
|move|p1a: Suicune|Hydro Pump|p2a: Tyra|[miss]
|-miss|p1a: Suicune|p2a: Tyra
|move|p2a: Tyra|Rock Slide|p1a: Suicune
|-damage|p1a: Suicune|21/100
|
|-weather|Sandstorm|[upkeep]
|-damage|p1a: Suicune|15/100|[from] Sandstorm
|-heal|p1a: Suicune|21/100|[from] item: Leftovers
|upkeep
|turn|10
|
|t:|1730243902
|switch|p2a: Jira|Jirachi|64/100
|move|p1a: Suicune|Hydro Pump|p2a: Jira
|-damage|p2a: Jira|20/100
|
|-weather|Sandstorm|[upkeep]
|-damage|p1a: Suicune|15/100|[from] Sandstorm
|-heal|p1a: Suicune|21/100|[from] item: Leftovers
|-heal|p2a: Jira|26/100|[from] item: Leftovers
|upkeep
|turn|11
|
|t:|1730243914
|move|p1a: Suicune|Hydro Pump|p2a: Jira
|-damage|p2a: Jira|0 fnt
|faint|p2a: Jira
|
|t:|1730243919
|switch|p2a: Gar|Gengar, F|100/100
|
|-weather|Sandstorm|[upkeep]
|-damage|p2a: Gar|94/100|[from] Sandstorm
|-damage|p1a: Suicune|15/100|[from] Sandstorm
|-heal|p2a: Gar|100/100|[from] item: Leftovers
|-heal|p1a: Suicune|21/100|[from] item: Leftovers
|upkeep
|turn|12
|
|t:|1730243928
|move|p2a: Gar|Thunderbolt|p1a: Suicune
|-supereffective|p1a: Suicune
|-damage|p1a: Suicune|0 fnt
|faint|p1a: Suicune
|
|t:|1730243941
|switch|p1a: Snorlax|Snorlax, F, shiny|100/100
|-damage|p1a: Snorlax|88/100|[from] Spikes
|
|-weather|Sandstorm|[upkeep]
|-damage|p2a: Gar|94/100|[from] Sandstorm
|-damage|p1a: Snorlax|82/100|[from] Sandstorm
|-heal|p2a: Gar|100/100|[from] item: Leftovers
|-heal|p1a: Snorlax|88/100|[from] item: Leftovers
|upkeep
|turn|13
|
|t:|1730243947
|move|p2a: Gar|Will-O-Wisp|p1a: Snorlax|[miss]
|-miss|p2a: Gar|p1a: Snorlax
|move|p1a: Snorlax|Shadow Ball|p2a: Gar
|-supereffective|p2a: Gar
|-damage|p2a: Gar|16/100
|-unboost|p2a: Gar|spd|1
|
|-weather|Sandstorm|[upkeep]
|-damage|p2a: Gar|10/100|[from] Sandstorm
|-damage|p1a: Snorlax|82/100|[from] Sandstorm
|-heal|p2a: Gar|16/100|[from] item: Leftovers
|-heal|p1a: Snorlax|88/100|[from] item: Leftovers
|upkeep
|turn|14
|
|t:|1730243954
|move|p2a: Gar|Will-O-Wisp|p1a: Snorlax|[miss]
|-miss|p2a: Gar|p1a: Snorlax
|move|p1a: Snorlax|Shadow Ball|p2a: Gar
|-supereffective|p2a: Gar
|-damage|p2a: Gar|0 fnt
|faint|p2a: Gar
|c|☆Schmohg|oof
|c|☆Dridri457|^^
|
|t:|1730243964
|switch|p2a: Tyra|Tyranitar, F|100/100
|
|-weather|Sandstorm|[upkeep]
|-damage|p1a: Snorlax|82/100|[from] Sandstorm
|-heal|p1a: Snorlax|88/100|[from] item: Leftovers
|upkeep
|turn|15
|
|t:|1730243972
|move|p2a: Tyra|Rock Slide|p1a: Snorlax
|-crit|p1a: Snorlax
|-damage|p1a: Snorlax|13/100
|cant|p1a: Snorlax|flinch
|
|-weather|Sandstorm|[upkeep]
|-damage|p1a: Snorlax|6/100|[from] Sandstorm
|-heal|p1a: Snorlax|13/100|[from] item: Leftovers
|upkeep
|turn|16
|
|t:|1730243983
|move|p2a: Tyra|Earthquake|p1a: Snorlax
|-damage|p1a: Snorlax|0 fnt
|faint|p1a: Snorlax
|
|t:|1730243993
|switch|p1a: Heracross|Heracross, M|100/100
|-damage|p1a: Heracross|88/100|[from] Spikes
|
|-weather|Sandstorm|[upkeep]
|-damage|p1a: Heracross|82/100|[from] Sandstorm
|upkeep
|turn|17
|
|t:|1730244005
|move|p1a: Heracross|Substitute|p1a: Heracross
|-start|p1a: Heracross|Substitute
|-damage|p1a: Heracross|57/100
|move|p2a: Tyra|Dragon Dance|p2a: Tyra
|-boost|p2a: Tyra|atk|1
|-boost|p2a: Tyra|spe|1
|
|-weather|Sandstorm|[upkeep]
|-damage|p1a: Heracross|51/100|[from] Sandstorm
|upkeep
|turn|18
|
|t:|1730244011
|move|p2a: Tyra|Earthquake|p1a: Heracross
|-resisted|p1a: Heracross
|-end|p1a: Heracross|Substitute
|move|p1a: Heracross|Megahorn|p2a: Tyra
|-supereffective|p2a: Tyra
|-crit|p2a: Tyra
|-damage|p2a: Tyra|0 fnt
|faint|p2a: Tyra
|
|t:|1730244017
|switch|p2a: Zap|Zapdos|100/100
|
|-weather|Sandstorm|[upkeep]
|-damage|p1a: Heracross|45/100|[from] Sandstorm
|-damage|p2a: Zap|94/100|[from] Sandstorm
|-heal|p2a: Zap|100/100|[from] item: Leftovers
|upkeep
|turn|19
|
|t:|1730244030
|switch|p1a: Metagross|Metagross|100/100
|-damage|p1a: Metagross|88/100|[from] Spikes
|move|p2a: Zap|Roar|p1a: Metagross
|drag|p1a: Heracross|Heracross, M|45/100
|-damage|p1a: Heracross|33/100|[from] Spikes
|
|-weather|Sandstorm|[upkeep]
|-damage|p1a: Heracross|27/100|[from] Sandstorm
|-damage|p2a: Zap|94/100|[from] Sandstorm
|-heal|p2a: Zap|100/100|[from] item: Leftovers
|upkeep
|turn|20
|
|t:|1730244037
|switch|p1a: Metagross|Metagross|88/100
|-damage|p1a: Metagross|76/100|[from] Spikes
|move|p2a: Zap|Thunderbolt|p1a: Metagross
|-crit|p1a: Metagross
|-damage|p1a: Metagross|0 fnt
|faint|p1a: Metagross
|
|t:|1730244042
|switch|p1a: Salamence|Salamence, F|100/100
|-ability|p1a: Salamence|Intimidate|boost
|-unboost|p2a: Zap|atk|1
|
|-weather|Sandstorm|[upkeep]
|-damage|p1a: Salamence|94/100|[from] Sandstorm
|-damage|p2a: Zap|94/100|[from] Sandstorm
|-heal|p1a: Salamence|100/100|[from] item: Leftovers
|-heal|p2a: Zap|100/100|[from] item: Leftovers
|upkeep
|turn|21
|c|☆Dridri457|ouch
|c|☆Schmohg|yeah wow
|
|t:|1730244055
|move|p1a: Salamence|Dragon Claw|p2a: Zap
|-crit|p2a: Zap
|-damage|p2a: Zap|46/100
|move|p2a: Zap|Thunder Wave|p1a: Salamence
|-status|p1a: Salamence|par
|
|-weather|Sandstorm|[upkeep]
|-damage|p2a: Zap|40/100|[from] Sandstorm
|-damage|p1a: Salamence|94/100 par|[from] Sandstorm
|-heal|p2a: Zap|46/100|[from] item: Leftovers
|-heal|p1a: Salamence|100/100 par|[from] item: Leftovers
|upkeep
|turn|22
|
|t:|1730244067
|move|p2a: Zap|Thunderbolt|p1a: Salamence
|-damage|p1a: Salamence|45/100 par
|move|p1a: Salamence|Dragon Claw|p2a: Zap
|-damage|p2a: Zap|17/100
|
|-weather|Sandstorm|[upkeep]
|-damage|p2a: Zap|10/100|[from] Sandstorm
|-damage|p1a: Salamence|39/100 par|[from] Sandstorm
|-heal|p2a: Zap|17/100|[from] item: Leftovers
|-heal|p1a: Salamence|45/100 par|[from] item: Leftovers
|upkeep
|turn|23
|
|t:|1730244078
|move|p2a: Zap|Thunderbolt|p1a: Salamence
|-crit|p1a: Salamence
|-damage|p1a: Salamence|0 fnt
|faint|p1a: Salamence
|
|t:|1730244088
|switch|p1a: Magneton|Magneton|100/100
|-damage|p1a: Magneton|88/100|[from] Spikes
|
|-weather|Sandstorm|[upkeep]
|-damage|p2a: Zap|10/100|[from] Sandstorm
|-heal|p2a: Zap|17/100|[from] item: Leftovers
|upkeep
|turn|24
|
|t:|1730244095
|move|p1a: Magneton|Rain Dance|p1a: Magneton
|-weather|RainDance
|move|p2a: Zap|Thunder Wave|p1a: Magneton
|-status|p1a: Magneton|par
|
|-weather|RainDance|[upkeep]
|-heal|p2a: Zap|23/100|[from] item: Leftovers
|upkeep
|turn|25
|
|t:|1730244109
|move|p2a: Zap|Thunderbolt|p1a: Magneton
|-resisted|p1a: Magneton
|-damage|p1a: Magneton|52/100 par
|move|p1a: Magneton|Thunder Wave|p2a: Zap
|-status|p2a: Zap|par
|
|-weather|RainDance|[upkeep]
|-heal|p2a: Zap|29/100 par|[from] item: Leftovers
|upkeep
|turn|26
|
|t:|1730244115
|move|p1a: Magneton|Thunderbolt|p2a: Zap
|-damage|p2a: Zap|0 fnt
|faint|p2a: Zap
|
|t:|1730244117
|switch|p2a: Gon|Flygon, M|100/100
|
|-weather|RainDance|[upkeep]
|upkeep
|turn|27
|
|t:|1730244121
|move|p2a: Gon|Earthquake|p1a: Magneton
|-supereffective|p1a: Magneton
|-damage|p1a: Magneton|0 fnt
|faint|p1a: Magneton
|
|t:|1730244123
|switch|p1a: Heracross|Heracross, M|27/100
|-damage|p1a: Heracross|15/100|[from] Spikes
|
|-weather|RainDance|[upkeep]
|-enditem|p1a: Heracross|Salac Berry|[eat]
|-boost|p1a: Heracross|spe|1|[from] item: Salac Berry
|upkeep
|turn|28
|c|☆Dridri457|gg
|
|t:|1730244135
|move|p1a: Heracross|Megahorn|p2a: Gon
|-damage|p2a: Gon|0 fnt
|faint|p2a: Gon
|
|win|Schmohg
|c|☆Schmohg|gg

</script>
<script type="application/json" class="data" id="replaydata-smogtours-gen3ou-803380">
{"id":"smogtours-gen3ou-803380","format":"[Gen 3] OU","players":["Schmohg","Dridri457"],"uploadtime":1730244135,"views":60,"formatid":"gen3ou","rating":null,"private":0,"password":null}
</script>

<script defer src="js/replays.js?9d40a366"></script>
