<!DOCTYPE html>
<meta charset="utf-8" />
<meta name="viewport" content="width=device-width" />

<title>[Gen 3] OU: naisuneicha vs. Humorous Husband - Replays - Pok&eacute;mon Showdown!</title>

<meta name="description" content="Watch a replay of a Pok&eacute;mon battle between naisuneicha and Humorous Husband! Format: [Gen 3] OU; Date: Oct 15, 2024" />
<!--

Hey, you! Looking in the source for the replay log?

You can find them in JSON format, just add `.json` at the end of a replay URL.

https://replay.pokemonshowdown.com/gen7randomdoublesbattle-865046831.json

Or, if you only need the log itself, add `.log` instead:

https://replay.pokemonshowdown.com/gen7randomdoublesbattle-865046831.log

-->

<link rel="stylesheet" href="//pokemonshowdown.com/style/global.css?0.767286132409787" />
<link rel="stylesheet" href="//play.pokemonshowdown.com/style/font-awesome.css?0.9266228007934947" />
<link rel="stylesheet" href="//play.pokemonshowdown.com/style/battle.css?0.7924700842790926" />
<link rel="stylesheet" href="//play.pokemonshowdown.com/style/utilichart.css?0.8777417872839479" />

<!-- Global site tag (gtag.js) - Google Analytics -->
<script async src="https://www.googletagmanager.com/gtag/js?id=UA-26211653-1"></script>
<script>
  window.dataLayer = window.dataLayer || [];
  function gtag(){dataLayer.push(arguments);}
  gtag('js', new Date());

  gtag('config', 'UA-26211653-1');
</script>
<!-- End Google Analytics -->
<!-- Venatus Ad Manager - Install in <HEAD> of page -->
	<script src="https://hb.vntsm.com/v3/live/ad-manager.min.js" type="text/javascript" data-site-id="642aba63ec9a7b11c3c9c1be" data-mode="scan" async></script>
<!-- / Venatus Ad Manager -->

<style>
	@media (max-width:820px) {
		.battle {
			margin: 0 auto;
		}
		.battle-log {
			margin: 7px auto 0;
			max-width: 640px;
			height: 300px;
			position: static;
		}
	}
	.optgroup {
		display: inline-block;
		line-height: 22px;
		font-size: 10pt;
	}
	.optgroup .button {
		height: 25px;
		padding-top: 0;
		padding-bottom: 0;
	}
	.optgroup button.button {
		padding-left: 12px;
		padding-right: 12px;
	}
	.linklist {
		list-style: none;
		margin: 0.5em 0;
		padding: 0;
	}
	.linklist li {
		padding: 2px 0;
	}
	.sidebar {
		float: left;
		width: 320px;
	}
	.bar-wrapper {
		max-width: 1100px;
		margin: 0 auto;
	}
	.bar-wrapper.has-sidebar {
		max-width: 1430px;
	}
	.mainbar {
		margin: 0;
		padding-right: 1px;
	}
	.mainbar.has-sidebar {
		margin-left: 330px;
	}
	@media (min-width: 1511px) {
		.sidebar {
			width: 400px;
		}
		.bar-wrapper.has-sidebar {
			max-width: 1510px;
		}
		.mainbar.has-sidebar {
			margin-left: 410px;
		}
	}
	.section.first-section {
		margin-top: 9px;
	}
	.blocklink small {
		white-space: normal;
	}
	.button {
		vertical-align: middle;
	}
	.replay-controls {
		padding-top: 10px;
	}
	.replay-controls h1 {
		font-size: 16pt;
		font-weight: normal;
		color: #CCC;
	}
	.pagelink {
		text-align: center;
	}
	.pagelink a {
		width: 150px;
	}
	.textbox, .button {
		font-size: 11pt;
		vertical-align: middle;
	}
	@media (max-width: 450px) {
		.button {
			font-size: 9pt;
		}
	}
</style>

<div>

	<header>
		<div class="nav-wrapper"><ul class="nav">
			<li><a class="button nav-first" href="//pokemonshowdown.com/"><img src="//pokemonshowdown.com/images/pokemonshowdownbeta.png" srcset="//pokemonshowdown.com/images/pokemonshowdownbeta.png 1x, //pokemonshowdown.com/images/pokemonshowdownbeta@2x.png 2x" alt="Pok&eacute;mon Showdown" width="146" height="44" /> Home</a></li>
			<li><a class="button" href="//pokemonshowdown.com/dex/">Pok&eacute;dex</a></li>
			<li><a class="button cur" href="/">Replays</a></li>
			<li><a class="button" href="//pokemonshowdown.com/ladder/">Ladder</a></li>
			<li><a class="button nav-last" href="//pokemonshowdown.com/forums/">Forum</a></li>
			<li><a class="button greenbutton nav-first nav-last" href="//play.pokemonshowdown.com/">Play</a></li>
		</ul></div>
	</header>

	<div class="main" id="main">

		<noscript><section class="section">You need to enable JavaScript to use this page; sorry!</section></noscript>

	</div>

</div>

<script defer nomodule src="//play.pokemonshowdown.com/js/lib/ps-polyfill.js"></script>
<script defer src="//play.pokemonshowdown.com/js/lib/preact.min.js"></script>

<script defer src="//play.pokemonshowdown.com/config/config.js?6dec07f6"></script>
<script defer src="//play.pokemonshowdown.com/js/lib/jquery-1.11.0.min.js"></script>
<script defer src="//play.pokemonshowdown.com/js/lib/html-sanitizer-minified.js"></script>
<script defer src="//play.pokemonshowdown.com/js/battle-sound.js"></script>
<script defer src="//play.pokemonshowdown.com/js/battledata.js?0.6315294753075389"></script>
<script defer src="//play.pokemonshowdown.com/data/pokedex-mini.js?0.7603743185311358"></script>
<script defer src="//play.pokemonshowdown.com/data/pokedex-mini-bw.js?0.030888842834281283"></script>
<script defer src="//play.pokemonshowdown.com/data/graphics.js?0.05593094747507488"></script>
<script defer src="//play.pokemonshowdown.com/data/pokedex.js?0.47064822249611904"></script>
<script defer src="//play.pokemonshowdown.com/data/moves.js?0.8583693120512459"></script>
<script defer src="//play.pokemonshowdown.com/data/abilities.js?0.16017181182386842"></script>
<script defer src="//play.pokemonshowdown.com/data/items.js?0.4163379185673943"></script>
<script defer src="//play.pokemonshowdown.com/data/teambuilder-tables.js?0.31075597372830477"></script>
<script defer src="//play.pokemonshowdown.com/js/battle-tooltips.js?0.6536193500708172"></script>
<script defer src="//play.pokemonshowdown.com/js/battle.js?0.1916591943277901"></script>

<script defer src="js/utils.js?e31f9a17"></script>
<script defer src="js/replays-battle.js?7008c182"></script>

<!-- don't scrape this data! just add .json or .log after the URL!
Full API docs: https://github.com/smogon/pokemon-showdown-client/blob/master/WEB-API.md -->
<script type="text/plain" class="log" id="replaylog-smogtours-gen3ou-799047">
|inactive|Battle timer is ON: inactive players will automatically lose when time's up.
|t:|1729029301
|gametype|singles
|player|p1|naisuneicha|karen|
|player|p2|Humorous Husband|wattson|
|teamsize|p1|6
|teamsize|p2|6
|gen|3
|tier|[Gen 3] OU
|rule|Sleep Clause Mod: Limit one foe put to sleep
|rule|Switch Priority Clause Mod: Faster Pokémon switch first
|rule|Species Clause: Limit one of each Pokémon
|rule|OHKO Clause: OHKO moves are banned
|rule|Evasion Items Clause: Evasion items are banned
|rule|Evasion Moves Clause: Evasion moves are banned
|rule|Endless Battle Clause: Forcing endless battles is banned
|rule|HP Percentage Mod: HP is shown in percentages
|rule|One Boost Passer Clause: Limit one Baton Passer that has a way to boost its stats
|rule|Freeze Clause Mod: Limit one foe frozen
|
|t:|1729029301
|start
|switch|p1a: Hariyama|Hariyama, F|100/100
|switch|p2a: Martin Yan|Breloom, M, shiny|100/100
|turn|1
|c|☆naisuneicha|glhf
|inactive|naisuneicha has 270 seconds left.
|c|☆Humorous Husband|gl
|
|t:|1729029357
|move|p2a: Martin Yan|Spore|p1a: Hariyama
|-status|p1a: Hariyama|slp|[from] move: Spore
|cant|p1a: Hariyama|slp
|
|upkeep
|turn|2
|
|t:|1729029362
|-singleturn|p2a: Martin Yan|move: Focus Punch
|switch|p1a: Claydol|Claydol|100/100
|move|p2a: Martin Yan|Focus Punch|p1a: Claydol
|-resisted|p1a: Claydol
|-damage|p1a: Claydol|59/100
|
|-heal|p1a: Claydol|65/100|[from] item: Leftovers
|upkeep
|turn|3
|
|t:|1729029376
|switch|p2a: Julia Childes|Milotic, F, shiny|100/100
|move|p1a: Claydol|Psychic|p2a: Julia Childes
|-damage|p2a: Julia Childes|82/100
|
|-heal|p2a: Julia Childes|88/100|[from] item: Leftovers
|-heal|p1a: Claydol|71/100|[from] item: Leftovers
|upkeep
|turn|4
|
|t:|1729029384
|switch|p1a: Skarmory|Skarmory, F|100/100
|move|p2a: Julia Childes|Ice Beam|p1a: Skarmory
|-damage|p1a: Skarmory|80/100
|
|-heal|p2a: Julia Childes|94/100|[from] item: Leftovers
|-heal|p1a: Skarmory|86/100|[from] item: Leftovers
|upkeep
|turn|5
|
|t:|1729029392
|switch|p2a: Anthony Bordain|Ampharos, M|100/100
|move|p1a: Skarmory|Spikes|p2a: Anthony Bordain
|-sidestart|p2: Humorous Husband|Spikes
|
|-heal|p1a: Skarmory|92/100|[from] item: Leftovers
|upkeep
|turn|6
|
|t:|1729029402
|switch|p1a: Claydol|Claydol|71/100
|move|p2a: Anthony Bordain|Rain Dance|p2a: Anthony Bordain
|-weather|RainDance
|
|-weather|RainDance|[upkeep]
|-heal|p1a: Claydol|77/100|[from] item: Leftovers
|upkeep
|turn|7
|
|t:|1729029412
|move|p2a: Anthony Bordain|Protect|p2a: Anthony Bordain
|-singleturn|p2a: Anthony Bordain|Protect
|move|p1a: Claydol|Earthquake|p2a: Anthony Bordain
|-activate|p2a: Anthony Bordain|Protect
|
|-weather|RainDance|[upkeep]
|-heal|p1a: Claydol|83/100|[from] item: Leftovers
|upkeep
|turn|8
|
|t:|1729029427
|switch|p2a: FutureCanoe|Ludicolo, M, shiny|100/100
|-damage|p2a: FutureCanoe|88/100|[from] Spikes
|move|p1a: Claydol|Earthquake|p2a: FutureCanoe
|-resisted|p2a: FutureCanoe
|-damage|p2a: FutureCanoe|75/100
|
|-weather|RainDance|[upkeep]
|-heal|p2a: FutureCanoe|81/100|[from] item: Leftovers
|-heal|p1a: Claydol|89/100|[from] item: Leftovers
|upkeep
|turn|9
|
|t:|1729029451
|switch|p1a: Milotic|Milotic, M|100/100
|move|p2a: FutureCanoe|Surf|p1a: Milotic
|-resisted|p1a: Milotic
|-damage|p1a: Milotic|84/100
|
|-weather|RainDance|[upkeep]
|-heal|p2a: FutureCanoe|87/100|[from] item: Leftovers
|-heal|p1a: Milotic|90/100|[from] item: Leftovers
|upkeep
|turn|10
|
|t:|1729029463
|move|p2a: FutureCanoe|Leech Seed|p1a: Milotic|[miss]
|-miss|p2a: FutureCanoe|p1a: Milotic
|move|p1a: Milotic|Toxic|p2a: FutureCanoe
|-status|p2a: FutureCanoe|tox
|
|-weather|none
|-heal|p2a: FutureCanoe|93/100 tox|[from] item: Leftovers
|-damage|p2a: FutureCanoe|87/100 tox|[from] psn
|-heal|p1a: Milotic|96/100|[from] item: Leftovers
|upkeep
|turn|11
|
|t:|1729029473
|move|p2a: FutureCanoe|Leech Seed|p1a: Milotic
|-start|p1a: Milotic|move: Leech Seed
|move|p1a: Milotic|Toxic|p2a: FutureCanoe
|-fail|p2a: FutureCanoe|tox
|
|-heal|p2a: FutureCanoe|93/100 tox|[from] item: Leftovers
|-heal|p1a: Milotic|100/100|[from] item: Leftovers
|-damage|p1a: Milotic|88/100|[from] Leech Seed|[of] p2a: FutureCanoe
|-heal|p2a: FutureCanoe|100/100 tox|[silent]
|-damage|p2a: FutureCanoe|88/100 tox|[from] psn
|upkeep
|turn|12
|
|t:|1729029486
|switch|p2a: Anthony Bordain|Ampharos, M|100/100
|-damage|p2a: Anthony Bordain|88/100|[from] Spikes
|switch|p1a: Skarmory|Skarmory, F|92/100
|
|-heal|p1a: Skarmory|98/100|[from] item: Leftovers
|-heal|p2a: Anthony Bordain|94/100|[from] item: Leftovers
|upkeep
|turn|13
|
|t:|1729029495
|switch|p1a: Claydol|Claydol|89/100
|move|p2a: Anthony Bordain|Rain Dance|p2a: Anthony Bordain
|-weather|RainDance
|
|-weather|RainDance|[upkeep]
|-heal|p1a: Claydol|96/100|[from] item: Leftovers
|-heal|p2a: Anthony Bordain|100/100|[from] item: Leftovers
|upkeep
|turn|14
|
|t:|1729029508
|switch|p2a: Gordon Ramsay|Kingdra, M, shiny|100/100
|-damage|p2a: Gordon Ramsay|88/100|[from] Spikes
|move|p1a: Claydol|Earthquake|p2a: Gordon Ramsay
|-damage|p2a: Gordon Ramsay|61/100
|
|-weather|RainDance|[upkeep]
|-heal|p1a: Claydol|100/100|[from] item: Leftovers
|upkeep
|turn|15
|
|t:|1729029518
|switch|p1a: Blissey|Blissey, F|100/100
|move|p2a: Gordon Ramsay|Hidden Power|p1a: Blissey
|-damage|p1a: Blissey|92/100
|
|-weather|RainDance|[upkeep]
|-heal|p1a: Blissey|99/100|[from] item: Leftovers
|upkeep
|turn|16
|
|t:|1729029527
|switch|p2a: Jacques Pépin|Dugtrio, M, shiny|100/100
|-damage|p2a: Jacques Pépin|88/100|[from] Spikes
|move|p1a: Blissey|Toxic|p2a: Jacques Pépin
|-status|p2a: Jacques Pépin|tox
|
|-weather|RainDance|[upkeep]
|-damage|p2a: Jacques Pépin|82/100 tox|[from] psn
|-heal|p1a: Blissey|100/100|[from] item: Leftovers
|upkeep
|turn|17
|
|t:|1729029541
|move|p2a: Jacques Pépin|Earthquake|p1a: Blissey
|-crit|p1a: Blissey
|-damage|p1a: Blissey|0 fnt
|faint|p1a: Blissey
|c|☆naisuneicha|that hurts 
|
|t:|1729029559
|switch|p1a: Skarmory|Skarmory, F|98/100
|
|-weather|none
|-damage|p2a: Jacques Pépin|71/100 tox|[from] psn
|-heal|p1a: Skarmory|100/100|[from] item: Leftovers
|upkeep
|turn|18
|c|☆Humorous Husband|Yeah it does sorry
|
|t:|1729029572
|switch|p2a: Anthony Bordain|Ampharos, M|100/100
|-damage|p2a: Anthony Bordain|88/100|[from] Spikes
|move|p1a: Skarmory|Roar|p2a: Anthony Bordain
|drag|p2a: Martin Yan|Breloom, M, shiny|100/100
|-damage|p2a: Martin Yan|88/100|[from] Spikes
|
|upkeep
|turn|19
|
|t:|1729029586
|move|p2a: Martin Yan|Sky Uppercut|p1a: Skarmory
|-damage|p1a: Skarmory|65/100
|move|p1a: Skarmory|Toxic|p2a: Martin Yan|[miss]
|-miss|p1a: Skarmory|p2a: Martin Yan
|
|-heal|p1a: Skarmory|71/100|[from] item: Leftovers
|upkeep
|turn|20
|
|t:|1729029593
|-singleturn|p2a: Martin Yan|move: Focus Punch
|move|p1a: Skarmory|Protect|p1a: Skarmory
|-singleturn|p1a: Skarmory|Protect
|move|p2a: Martin Yan|Focus Punch|p1a: Skarmory
|-activate|p1a: Skarmory|Protect
|
|-heal|p1a: Skarmory|77/100|[from] item: Leftovers
|upkeep
|turn|21
|
|t:|1729029601
|-singleturn|p2a: Martin Yan|move: Focus Punch
|switch|p1a: Claydol|Claydol|100/100
|move|p2a: Martin Yan|Focus Punch|p1a: Claydol
|-resisted|p1a: Claydol
|-damage|p1a: Claydol|57/100
|
|-heal|p1a: Claydol|63/100|[from] item: Leftovers
|upkeep
|turn|22
|
|t:|1729029615
|switch|p2a: Julia Childes|Milotic, F, shiny|94/100
|-damage|p2a: Julia Childes|82/100|[from] Spikes
|move|p1a: Claydol|Psychic|p2a: Julia Childes
|-damage|p2a: Julia Childes|65/100
|
|-heal|p2a: Julia Childes|71/100|[from] item: Leftovers
|-heal|p1a: Claydol|70/100|[from] item: Leftovers
|upkeep
|turn|23
|
|t:|1729029625
|switch|p1a: Milotic|Milotic, M|88/100
|move|p2a: Julia Childes|Toxic|p1a: Milotic
|-status|p1a: Milotic|tox
|
|-heal|p1a: Milotic|94/100 tox|[from] item: Leftovers
|-heal|p2a: Julia Childes|77/100|[from] item: Leftovers
|-damage|p1a: Milotic|88/100 tox|[from] psn
|upkeep
|turn|24
|
|t:|1729029634
|switch|p2a: Anthony Bordain|Ampharos, M|88/100
|-damage|p2a: Anthony Bordain|75/100|[from] Spikes
|move|p1a: Milotic|Refresh|p1a: Milotic
|-curestatus|p1a: Milotic|tox|[msg]
|
|-heal|p1a: Milotic|94/100|[from] item: Leftovers
|-heal|p2a: Anthony Bordain|82/100|[from] item: Leftovers
|upkeep
|turn|25
|
|t:|1729029642
|switch|p1a: Claydol|Claydol|70/100
|move|p2a: Anthony Bordain|Heal Bell|p2a: Anthony Bordain
|-activate|p2a: Anthony Bordain|move: Heal Bell
|-curestatus|p2: Jacques Pépin|tox|[silent]
|-curestatus|p2: FutureCanoe|tox|[silent]
|
|-heal|p1a: Claydol|76/100|[from] item: Leftovers
|-heal|p2a: Anthony Bordain|88/100|[from] item: Leftovers
|upkeep
|turn|26
|
|t:|1729029657
|move|p2a: Anthony Bordain|Protect|p2a: Anthony Bordain
|-singleturn|p2a: Anthony Bordain|Protect
|move|p1a: Claydol|Earthquake|p2a: Anthony Bordain
|-activate|p2a: Anthony Bordain|Protect
|
|-heal|p1a: Claydol|82/100|[from] item: Leftovers
|-heal|p2a: Anthony Bordain|94/100|[from] item: Leftovers
|upkeep
|turn|27
|
|t:|1729029679
|switch|p1a: Skarmory|Skarmory, F|77/100
|switch|p2a: FutureCanoe|Ludicolo, M, shiny|88/100
|-damage|p2a: FutureCanoe|76/100|[from] Spikes
|
|-heal|p2a: FutureCanoe|82/100|[from] item: Leftovers
|-heal|p1a: Skarmory|83/100|[from] item: Leftovers
|upkeep
|turn|28
|
|t:|1729029688
|move|p1a: Skarmory|Protect|p1a: Skarmory
|-singleturn|p1a: Skarmory|Protect
|move|p2a: FutureCanoe|Leech Seed|p1a: Skarmory|[miss]
|-miss|p2a: FutureCanoe|p1a: Skarmory
|
|-heal|p2a: FutureCanoe|88/100|[from] item: Leftovers
|-heal|p1a: Skarmory|89/100|[from] item: Leftovers
|upkeep
|turn|29
|
|t:|1729029696
|move|p2a: FutureCanoe|Leech Seed|p1a: Skarmory
|-start|p1a: Skarmory|move: Leech Seed
|move|p1a: Skarmory|Spikes|p2a: FutureCanoe
|-sidestart|p2: Humorous Husband|Spikes
|
|-heal|p2a: FutureCanoe|94/100|[from] item: Leftovers
|-heal|p1a: Skarmory|95/100|[from] item: Leftovers
|-damage|p1a: Skarmory|83/100|[from] Leech Seed|[of] p2a: FutureCanoe
|-heal|p2a: FutureCanoe|100/100|[silent]
|upkeep
|turn|30
|
|t:|1729029709
|switch|p1a: Milotic|Milotic, M|94/100
|move|p2a: FutureCanoe|Rain Dance|p2a: FutureCanoe
|-weather|RainDance
|
|-weather|RainDance|[upkeep]
|-heal|p1a: Milotic|99/100|[from] item: Leftovers
|upkeep
|turn|31
|
|t:|1729029717
|move|p2a: FutureCanoe|Leech Seed|p1a: Milotic
|-start|p1a: Milotic|move: Leech Seed
|move|p1a: Milotic|Toxic|p2a: FutureCanoe
|-status|p2a: FutureCanoe|tox
|
|-weather|RainDance|[upkeep]
|-damage|p2a: FutureCanoe|94/100 tox|[from] psn
|-heal|p1a: Milotic|100/100|[from] item: Leftovers
|-damage|p1a: Milotic|88/100|[from] Leech Seed|[of] p2a: FutureCanoe
|-heal|p2a: FutureCanoe|100/100 tox|[silent]
|upkeep
|turn|32
|
|t:|1729029729
|move|p2a: FutureCanoe|Toxic|p1a: Milotic
|-status|p1a: Milotic|tox
|move|p1a: Milotic|Surf|p2a: FutureCanoe
|-resisted|p2a: FutureCanoe
|-damage|p2a: FutureCanoe|89/100 tox
|
|-weather|RainDance|[upkeep]
|-heal|p2a: FutureCanoe|95/100 tox|[from] item: Leftovers
|-damage|p2a: FutureCanoe|83/100 tox|[from] psn
|-heal|p1a: Milotic|94/100 tox|[from] item: Leftovers
|-damage|p1a: Milotic|82/100 tox|[from] Leech Seed|[of] p2a: FutureCanoe
|-heal|p2a: FutureCanoe|96/100 tox|[silent]
|-damage|p1a: Milotic|76/100 tox|[from] psn
|upkeep
|turn|33
|
|t:|1729029741
|switch|p2a: Gordon Ramsay|Kingdra, M, shiny|61/100
|-damage|p2a: Gordon Ramsay|45/100|[from] Spikes
|move|p1a: Milotic|Refresh|p1a: Milotic
|-curestatus|p1a: Milotic|tox|[msg]
|
|-weather|RainDance|[upkeep]
|-heal|p1a: Milotic|82/100|[from] item: Leftovers
|-damage|p1a: Milotic|69/100|[from] Leech Seed|[of] p2a: Gordon Ramsay
|-heal|p2a: Gordon Ramsay|60/100|[silent]
|upkeep
|turn|34
|
|t:|1729029751
|move|p2a: Gordon Ramsay|Hidden Power|p1a: Milotic
|-supereffective|p1a: Milotic
|-crit|p1a: Milotic
|-damage|p1a: Milotic|3/100
|move|p1a: Milotic|Recover|p1a: Milotic
|-heal|p1a: Milotic|53/100
|
|-weather|none
|-heal|p1a: Milotic|59/100|[from] item: Leftovers
|-damage|p1a: Milotic|47/100|[from] Leech Seed|[of] p2a: Gordon Ramsay
|-heal|p2a: Gordon Ramsay|76/100|[silent]
|upkeep
|turn|35
|
|t:|1729029761
|switch|p1a: Tyranitar|Tyranitar, M|100/100
|-weather|Sandstorm|[from] ability: Sand Stream|[of] p1a: Tyranitar
|move|p2a: Gordon Ramsay|Hidden Power|p1a: Tyranitar
|-damage|p1a: Tyranitar|80/100
|
|-weather|Sandstorm|[upkeep]
|-damage|p2a: Gordon Ramsay|70/100|[from] Sandstorm
|upkeep
|turn|36
|inactive|naisuneicha has 270 seconds left.
|
|t:|1729029796
|switch|p2a: Julia Childes|Milotic, F, shiny|77/100
|-damage|p2a: Julia Childes|60/100|[from] Spikes
|switch|p1a: Hariyama|Hariyama, F|100/100 slp
|
|-weather|Sandstorm|[upkeep]
|-damage|p2a: Julia Childes|54/100|[from] Sandstorm
|-damage|p1a: Hariyama|94/100 slp|[from] Sandstorm
|-heal|p2a: Julia Childes|60/100|[from] item: Leftovers
|-heal|p1a: Hariyama|100/100 slp|[from] item: Leftovers
|upkeep
|turn|37
|inactive|naisuneicha has 270 seconds left.
|
|t:|1729029808
|move|p2a: Julia Childes|Recover|p2a: Julia Childes
|-heal|p2a: Julia Childes|100/100
|cant|p1a: Hariyama|slp
|
|-weather|Sandstorm|[upkeep]
|-damage|p2a: Julia Childes|94/100|[from] Sandstorm
|-damage|p1a: Hariyama|94/100 slp|[from] Sandstorm
|-heal|p2a: Julia Childes|100/100|[from] item: Leftovers
|-heal|p1a: Hariyama|100/100 slp|[from] item: Leftovers
|upkeep
|turn|38
|inactive|naisuneicha has 270 seconds left.
|
|t:|1729029822
|switch|p2a: Jacques Pépin|Dugtrio, M, shiny|71/100
|-damage|p2a: Jacques Pépin|54/100|[from] Spikes
|switch|p1a: Milotic|Milotic, M|47/100
|
|-weather|Sandstorm|[upkeep]
|-damage|p1a: Milotic|41/100|[from] Sandstorm
|-heal|p1a: Milotic|47/100|[from] item: Leftovers
|upkeep
|turn|39
|inactive|Humorous Husband has 270 seconds left.
|
|t:|1729029855
|switch|p2a: Anthony Bordain|Ampharos, M|94/100
|-damage|p2a: Anthony Bordain|78/100|[from] Spikes
|move|p1a: Milotic|Recover|p1a: Milotic
|-heal|p1a: Milotic|97/100
|
|-weather|Sandstorm|[upkeep]
|-damage|p1a: Milotic|91/100|[from] Sandstorm
|-damage|p2a: Anthony Bordain|71/100|[from] Sandstorm
|-heal|p1a: Milotic|97/100|[from] item: Leftovers
|-heal|p2a: Anthony Bordain|78/100|[from] item: Leftovers
|upkeep
|turn|40
|
|t:|1729029865
|switch|p1a: Claydol|Claydol|82/100
|move|p2a: Anthony Bordain|Rain Dance|p2a: Anthony Bordain
|-weather|RainDance
|
|-weather|RainDance|[upkeep]
|-heal|p1a: Claydol|88/100|[from] item: Leftovers
|-heal|p2a: Anthony Bordain|84/100|[from] item: Leftovers
|upkeep
|turn|41
|inactive|Humorous Husband has 270 seconds left.
|
|t:|1729029885
|switch|p1a: Tyranitar|Tyranitar, M|80/100
|-weather|Sandstorm|[from] ability: Sand Stream|[of] p1a: Tyranitar
|switch|p2a: Gordon Ramsay|Kingdra, M, shiny|70/100
|-damage|p2a: Gordon Ramsay|53/100|[from] Spikes
|
|-weather|Sandstorm|[upkeep]
|-damage|p2a: Gordon Ramsay|47/100|[from] Sandstorm
|upkeep
|turn|42
|
|t:|1729029893
|switch|p1a: Milotic|Milotic, M|97/100
|move|p2a: Gordon Ramsay|Hydro Pump|p1a: Milotic
|-resisted|p1a: Milotic
|-damage|p1a: Milotic|76/100
|
|-weather|Sandstorm|[upkeep]
|-damage|p2a: Gordon Ramsay|41/100|[from] Sandstorm
|-damage|p1a: Milotic|70/100|[from] Sandstorm
|-heal|p1a: Milotic|76/100|[from] item: Leftovers
|upkeep
|turn|43
|
|t:|1729029914
|move|p2a: Gordon Ramsay|Rain Dance|p2a: Gordon Ramsay
|-weather|RainDance
|move|p1a: Milotic|Surf|p2a: Gordon Ramsay
|-resisted|p2a: Gordon Ramsay
|-damage|p2a: Gordon Ramsay|26/100
|
|-weather|RainDance|[upkeep]
|-heal|p1a: Milotic|82/100|[from] item: Leftovers
|upkeep
|turn|44
|
|t:|1729029921
|move|p2a: Gordon Ramsay|Hidden Power|p1a: Milotic
|-supereffective|p1a: Milotic
|-damage|p1a: Milotic|51/100
|move|p1a: Milotic|Recover|p1a: Milotic
|-heal|p1a: Milotic|100/100
|
|-weather|RainDance|[upkeep]
|upkeep
|turn|45
|
|t:|1729029939
|switch|p2a: Martin Yan|Breloom, M, shiny|88/100
|-damage|p2a: Martin Yan|72/100|[from] Spikes
|move|p1a: Milotic|Surf|p2a: Martin Yan
|-resisted|p2a: Martin Yan
|-damage|p2a: Martin Yan|25/100
|
|-weather|RainDance|[upkeep]
|upkeep
|turn|46
|
|t:|1729029947
|move|p2a: Martin Yan|Sky Uppercut|p1a: Milotic
|-damage|p1a: Milotic|67/100
|move|p1a: Milotic|Surf|p2a: Martin Yan
|-resisted|p2a: Martin Yan
|-damage|p2a: Martin Yan|0 fnt
|faint|p2a: Martin Yan
|
|t:|1729029956
|switch|p2a: Anthony Bordain|Ampharos, M|84/100
|-damage|p2a: Anthony Bordain|67/100|[from] Spikes
|
|-weather|RainDance|[upkeep]
|-heal|p1a: Milotic|73/100|[from] item: Leftovers
|-heal|p2a: Anthony Bordain|73/100|[from] item: Leftovers
|upkeep
|turn|47
|
|t:|1729029967
|switch|p1a: Claydol|Claydol|88/100
|move|p2a: Anthony Bordain|Heal Bell|p2a: Anthony Bordain
|-activate|p2a: Anthony Bordain|move: Heal Bell
|-curestatus|p2: FutureCanoe|tox|[silent]
|
|-weather|none
|-heal|p1a: Claydol|94/100|[from] item: Leftovers
|-heal|p2a: Anthony Bordain|80/100|[from] item: Leftovers
|upkeep
|turn|48
|
|t:|1729029983
|switch|p1a: Tyranitar|Tyranitar, M|80/100
|-weather|Sandstorm|[from] ability: Sand Stream|[of] p1a: Tyranitar
|switch|p2a: FutureCanoe|Ludicolo, M, shiny|96/100
|-damage|p2a: FutureCanoe|80/100|[from] Spikes
|
|-weather|Sandstorm|[upkeep]
|-damage|p2a: FutureCanoe|74/100|[from] Sandstorm
|-heal|p2a: FutureCanoe|80/100|[from] item: Leftovers
|upkeep
|turn|49
|
|t:|1729029993
|switch|p1a: Milotic|Milotic, M|73/100
|move|p2a: FutureCanoe|Surf|p1a: Milotic
|-resisted|p1a: Milotic
|-damage|p1a: Milotic|62/100
|
|-weather|Sandstorm|[upkeep]
|-damage|p1a: Milotic|56/100|[from] Sandstorm
|-damage|p2a: FutureCanoe|74/100|[from] Sandstorm
|-heal|p1a: Milotic|62/100|[from] item: Leftovers
|-heal|p2a: FutureCanoe|80/100|[from] item: Leftovers
|upkeep
|turn|50
|
|t:|1729030007
|move|p2a: FutureCanoe|Leech Seed|p1a: Milotic
|-start|p1a: Milotic|move: Leech Seed
|move|p1a: Milotic|Toxic|p2a: FutureCanoe|[miss]
|-miss|p1a: Milotic|p2a: FutureCanoe
|
|-weather|Sandstorm|[upkeep]
|-damage|p1a: Milotic|56/100|[from] Sandstorm
|-damage|p2a: FutureCanoe|74/100|[from] Sandstorm
|-heal|p2a: FutureCanoe|80/100|[from] item: Leftovers
|-heal|p1a: Milotic|62/100|[from] item: Leftovers
|-damage|p1a: Milotic|50/100|[from] Leech Seed|[of] p2a: FutureCanoe
|-heal|p2a: FutureCanoe|93/100|[silent]
|upkeep
|turn|51
|
|t:|1729030017
|move|p1a: Milotic|Recover|p1a: Milotic
|-heal|p1a: Milotic|99/100
|move|p2a: FutureCanoe|Toxic|p1a: Milotic|[miss]
|-miss|p2a: FutureCanoe|p1a: Milotic
|
|-weather|Sandstorm|[upkeep]
|-damage|p2a: FutureCanoe|87/100|[from] Sandstorm
|-damage|p1a: Milotic|94/100|[from] Sandstorm
|-heal|p2a: FutureCanoe|93/100|[from] item: Leftovers
|-heal|p1a: Milotic|99/100|[from] item: Leftovers
|-damage|p1a: Milotic|88/100|[from] Leech Seed|[of] p2a: FutureCanoe
|-heal|p2a: FutureCanoe|100/100|[silent]
|upkeep
|turn|52
|
|t:|1729030028
|switch|p1a: Skarmory|Skarmory, F|83/100
|move|p2a: FutureCanoe|Toxic|p1a: Skarmory
|-immune|p1a: Skarmory
|
|-weather|Sandstorm|[upkeep]
|-damage|p2a: FutureCanoe|94/100|[from] Sandstorm
|-heal|p2a: FutureCanoe|100/100|[from] item: Leftovers
|-heal|p1a: Skarmory|89/100|[from] item: Leftovers
|upkeep
|turn|53
|
|t:|1729030036
|move|p2a: FutureCanoe|Rain Dance|p2a: FutureCanoe
|-weather|RainDance
|move|p1a: Skarmory|Spikes|p2a: FutureCanoe
|-sidestart|p2: Humorous Husband|Spikes
|
|-weather|RainDance|[upkeep]
|-heal|p1a: Skarmory|95/100|[from] item: Leftovers
|upkeep
|turn|54
|
|t:|1729030049
|move|p1a: Skarmory|Protect|p1a: Skarmory
|-singleturn|p1a: Skarmory|Protect
|move|p2a: FutureCanoe|Surf|p1a: Skarmory
|-activate|p1a: Skarmory|Protect
|
|-weather|RainDance|[upkeep]
|-heal|p1a: Skarmory|100/100|[from] item: Leftovers
|upkeep
|turn|55
|
|t:|1729030056
|switch|p1a: Milotic|Milotic, M|88/100
|move|p2a: FutureCanoe|Leech Seed|p1a: Milotic
|-start|p1a: Milotic|move: Leech Seed
|
|-weather|RainDance|[upkeep]
|-heal|p1a: Milotic|94/100|[from] item: Leftovers
|-damage|p1a: Milotic|81/100|[from] Leech Seed|[of] p2a: FutureCanoe
|upkeep
|turn|56
|
|t:|1729030065
|move|p2a: FutureCanoe|Toxic|p1a: Milotic
|-status|p1a: Milotic|tox
|move|p1a: Milotic|Toxic|p2a: FutureCanoe|[miss]
|-miss|p1a: Milotic|p2a: FutureCanoe
|
|-weather|RainDance|[upkeep]
|-heal|p1a: Milotic|87/100 tox|[from] item: Leftovers
|-damage|p1a: Milotic|75/100 tox|[from] Leech Seed|[of] p2a: FutureCanoe
|-damage|p1a: Milotic|69/100 tox|[from] psn
|upkeep
|turn|57
|
|t:|1729030073
|move|p2a: FutureCanoe|Surf|p1a: Milotic
|-resisted|p1a: Milotic
|-damage|p1a: Milotic|53/100 tox
|move|p1a: Milotic|Refresh|p1a: Milotic
|-curestatus|p1a: Milotic|tox|[msg]
|
|-weather|none
|-heal|p1a: Milotic|59/100|[from] item: Leftovers
|-damage|p1a: Milotic|46/100|[from] Leech Seed|[of] p2a: FutureCanoe
|upkeep
|turn|58
|c|☆naisuneicha|aint my day is it lol 
|
|t:|1729030082
|move|p1a: Milotic|Recover|p1a: Milotic
|-heal|p1a: Milotic|96/100
|move|p2a: FutureCanoe|Toxic|p1a: Milotic|[miss]
|-miss|p2a: FutureCanoe|p1a: Milotic
|
|-heal|p1a: Milotic|100/100|[from] item: Leftovers
|-damage|p1a: Milotic|88/100|[from] Leech Seed|[of] p2a: FutureCanoe
|upkeep
|turn|59
|inactive|Humorous Husband has 270 seconds left.
|
|t:|1729030140
|move|p1a: Milotic|Toxic|p2a: FutureCanoe
|-status|p2a: FutureCanoe|tox
|move|p2a: FutureCanoe|Toxic|p1a: Milotic
|-status|p1a: Milotic|tox
|
|-heal|p1a: Milotic|94/100 tox|[from] item: Leftovers
|-damage|p1a: Milotic|82/100 tox|[from] Leech Seed|[of] p2a: FutureCanoe
|-damage|p2a: FutureCanoe|94/100 tox|[from] psn
|-damage|p1a: Milotic|76/100 tox|[from] psn
|upkeep
|turn|60
|
|t:|1729030149
|move|p2a: FutureCanoe|Surf|p1a: Milotic
|-resisted|p1a: Milotic
|-damage|p1a: Milotic|66/100 tox
|move|p1a: Milotic|Refresh|p1a: Milotic
|-curestatus|p1a: Milotic|tox|[msg]
|
|-heal|p1a: Milotic|72/100|[from] item: Leftovers
|-heal|p2a: FutureCanoe|100/100 tox|[from] item: Leftovers
|-damage|p1a: Milotic|59/100|[from] Leech Seed|[of] p2a: FutureCanoe
|-damage|p2a: FutureCanoe|88/100 tox|[from] psn
|upkeep
|turn|61
|
|t:|1729030159
|move|p1a: Milotic|Recover|p1a: Milotic
|-heal|p1a: Milotic|100/100
|move|p2a: FutureCanoe|Rain Dance|p2a: FutureCanoe
|-weather|RainDance
|
|-weather|RainDance|[upkeep]
|-heal|p2a: FutureCanoe|94/100 tox|[from] item: Leftovers
|-damage|p2a: FutureCanoe|76/100 tox|[from] psn
|-damage|p1a: Milotic|88/100|[from] Leech Seed|[of] p2a: FutureCanoe
|-heal|p2a: FutureCanoe|90/100 tox|[silent]
|upkeep
|turn|62
|
|t:|1729030187
|move|p2a: FutureCanoe|Surf|p1a: Milotic
|-resisted|p1a: Milotic
|-damage|p1a: Milotic|71/100
|move|p1a: Milotic|Refresh||[still]
|-fail|p1a: Milotic
|
|-weather|RainDance|[upkeep]
|-heal|p2a: FutureCanoe|96/100 tox|[from] item: Leftovers
|-damage|p2a: FutureCanoe|72/100 tox|[from] psn
|-heal|p1a: Milotic|77/100|[from] item: Leftovers
|-damage|p1a: Milotic|64/100|[from] Leech Seed|[of] p2a: FutureCanoe
|-heal|p2a: FutureCanoe|85/100 tox|[silent]
|upkeep
|turn|63
|
|t:|1729030197
|switch|p2a: Anthony Bordain|Ampharos, M|80/100
|-damage|p2a: Anthony Bordain|55/100|[from] Spikes
|move|p1a: Milotic|Recover|p1a: Milotic
|-heal|p1a: Milotic|100/100
|
|-weather|RainDance|[upkeep]
|-damage|p1a: Milotic|88/100|[from] Leech Seed|[of] p2a: Anthony Bordain
|-heal|p2a: Anthony Bordain|67/100|[silent]
|-heal|p2a: Anthony Bordain|74/100|[from] item: Leftovers
|upkeep
|turn|64
|
|t:|1729030207
|switch|p1a: Tyranitar|Tyranitar, M|80/100
|-weather|Sandstorm|[from] ability: Sand Stream|[of] p1a: Tyranitar
|move|p2a: Anthony Bordain|Heal Bell|p2a: Anthony Bordain
|-activate|p2a: Anthony Bordain|move: Heal Bell
|-curestatus|p2: FutureCanoe|tox|[silent]
|
|-weather|Sandstorm|[upkeep]
|-damage|p2a: Anthony Bordain|67/100|[from] Sandstorm
|-heal|p2a: Anthony Bordain|74/100|[from] item: Leftovers
|upkeep
|turn|65
|
|t:|1729030230
|move|p2a: Anthony Bordain|Protect|p2a: Anthony Bordain
|-singleturn|p2a: Anthony Bordain|Protect
|move|p1a: Tyranitar|Hidden Power|p2a: Anthony Bordain
|-activate|p2a: Anthony Bordain|Protect
|
|-weather|Sandstorm|[upkeep]
|-damage|p2a: Anthony Bordain|67/100|[from] Sandstorm
|-heal|p2a: Anthony Bordain|74/100|[from] item: Leftovers
|upkeep
|turn|66
|
|t:|1729030243
|move|p1a: Tyranitar|Hidden Power|p2a: Anthony Bordain
|-crit|p2a: Anthony Bordain
|-damage|p2a: Anthony Bordain|11/100
|move|p2a: Anthony Bordain|Rain Dance|p2a: Anthony Bordain
|-weather|RainDance
|
|-weather|RainDance|[upkeep]
|-heal|p2a: Anthony Bordain|17/100|[from] item: Leftovers
|upkeep
|turn|67
|
|t:|1729030251
|move|p2a: Anthony Bordain|Protect|p2a: Anthony Bordain
|-singleturn|p2a: Anthony Bordain|Protect
|move|p1a: Tyranitar|Hidden Power|p2a: Anthony Bordain
|-activate|p2a: Anthony Bordain|Protect
|
|-weather|RainDance|[upkeep]
|-heal|p2a: Anthony Bordain|23/100|[from] item: Leftovers
|upkeep
|turn|68
|
|t:|1729030260
|move|p1a: Tyranitar|Hidden Power|p2a: Anthony Bordain
|-damage|p2a: Anthony Bordain|0 fnt
|faint|p2a: Anthony Bordain
|
|t:|1729030264
|switch|p2a: Jacques Pépin|Dugtrio, M, shiny|54/100
|-damage|p2a: Jacques Pépin|29/100|[from] Spikes
|
|-weather|RainDance|[upkeep]
|upkeep
|turn|69
|
|t:|1729030269
|move|p2a: Jacques Pépin|Earthquake|p1a: Tyranitar
|-supereffective|p1a: Tyranitar
|-damage|p1a: Tyranitar|0 fnt
|faint|p1a: Tyranitar
|
|t:|1729030274
|switch|p1a: Skarmory|Skarmory, F|100/100
|
|-weather|RainDance|[upkeep]
|upkeep
|turn|70
|
|t:|1729030286
|switch|p2a: Gordon Ramsay|Kingdra, M, shiny|26/100
|-damage|p2a: Gordon Ramsay|1/100|[from] Spikes
|move|p1a: Skarmory|Toxic|p2a: Gordon Ramsay|[miss]
|-miss|p1a: Skarmory|p2a: Gordon Ramsay
|
|-weather|none
|upkeep
|turn|71
|
|t:|1729030307
|switch|p1a: Milotic|Milotic, M|88/100
|move|p2a: Gordon Ramsay|Hidden Power|p1a: Milotic
|-supereffective|p1a: Milotic
|-damage|p1a: Milotic|59/100
|
|-heal|p1a: Milotic|65/100|[from] item: Leftovers
|upkeep
|turn|72
|
|t:|1729030317
|move|p2a: Gordon Ramsay|Hydro Pump|p1a: Milotic
|-resisted|p1a: Milotic
|-damage|p1a: Milotic|43/100
|move|p1a: Milotic|Recover|p1a: Milotic
|-heal|p1a: Milotic|93/100
|
|-heal|p1a: Milotic|99/100|[from] item: Leftovers
|upkeep
|turn|73
|inactive|Humorous Husband has 270 seconds left.
|c|☆Humorous Husband|I have nothing to get over you at this point. I should have kept leftovers on kingdra and hp grass on ludi
|inactive|Humorous Husband has 240 seconds left.
|-message|Humorous Husband forfeited.
|
|win|naisuneicha
|c|☆naisuneicha|gg 
|c|☆naisuneicha|i think rain dish wouldve been better for what ur going for 

</script>
<script type="application/json" class="data" id="replaydata-smogtours-gen3ou-799047">
{"id":"smogtours-gen3ou-799047","format":"[Gen 3] OU","players":["naisuneicha","Humorous Husband"],"uploadtime":1729030377,"views":89,"formatid":"gen3ou","rating":null,"private":0,"password":null}
</script>

<script defer src="js/replays.js?9d40a366"></script>
