<!DOCTYPE html>
<meta charset="utf-8" />
<meta name="viewport" content="width=device-width" />

<title>[Gen 3] OU: Just_Leonardo vs. leoperi99 - Replays - Pok&eacute;mon Showdown!</title>

<meta name="description" content="Watch a replay of a Pok&eacute;mon battle between Just_Leonardo and leoperi99! Format: [Gen 3] OU; Date: Oct 8, 2024" />
<!--

Hey, you! Looking in the source for the replay log?

You can find them in JSON format, just add `.json` at the end of a replay URL.

https://replay.pokemonshowdown.com/gen7randomdoublesbattle-865046831.json

Or, if you only need the log itself, add `.log` instead:

https://replay.pokemonshowdown.com/gen7randomdoublesbattle-865046831.log

-->

<link rel="stylesheet" href="//pokemonshowdown.com/style/global.css?0.767286132409787" />
<link rel="stylesheet" href="//play.pokemonshowdown.com/style/font-awesome.css?0.9266228007934947" />
<link rel="stylesheet" href="//play.pokemonshowdown.com/style/battle.css?0.7924700842790926" />
<link rel="stylesheet" href="//play.pokemonshowdown.com/style/utilichart.css?0.8777417872839479" />

<!-- Global site tag (gtag.js) - Google Analytics -->
<script async src="https://www.googletagmanager.com/gtag/js?id=UA-26211653-1"></script>
<script>
  window.dataLayer = window.dataLayer || [];
  function gtag(){dataLayer.push(arguments);}
  gtag('js', new Date());

  gtag('config', 'UA-26211653-1');
</script>
<!-- End Google Analytics -->
<!-- Venatus Ad Manager - Install in <HEAD> of page -->
	<script src="https://hb.vntsm.com/v3/live/ad-manager.min.js" type="text/javascript" data-site-id="642aba63ec9a7b11c3c9c1be" data-mode="scan" async></script>
<!-- / Venatus Ad Manager -->

<style>
	@media (max-width:820px) {
		.battle {
			margin: 0 auto;
		}
		.battle-log {
			margin: 7px auto 0;
			max-width: 640px;
			height: 300px;
			position: static;
		}
	}
	.optgroup {
		display: inline-block;
		line-height: 22px;
		font-size: 10pt;
	}
	.optgroup .button {
		height: 25px;
		padding-top: 0;
		padding-bottom: 0;
	}
	.optgroup button.button {
		padding-left: 12px;
		padding-right: 12px;
	}
	.linklist {
		list-style: none;
		margin: 0.5em 0;
		padding: 0;
	}
	.linklist li {
		padding: 2px 0;
	}
	.sidebar {
		float: left;
		width: 320px;
	}
	.bar-wrapper {
		max-width: 1100px;
		margin: 0 auto;
	}
	.bar-wrapper.has-sidebar {
		max-width: 1430px;
	}
	.mainbar {
		margin: 0;
		padding-right: 1px;
	}
	.mainbar.has-sidebar {
		margin-left: 330px;
	}
	@media (min-width: 1511px) {
		.sidebar {
			width: 400px;
		}
		.bar-wrapper.has-sidebar {
			max-width: 1510px;
		}
		.mainbar.has-sidebar {
			margin-left: 410px;
		}
	}
	.section.first-section {
		margin-top: 9px;
	}
	.blocklink small {
		white-space: normal;
	}
	.button {
		vertical-align: middle;
	}
	.replay-controls {
		padding-top: 10px;
	}
	.replay-controls h1 {
		font-size: 16pt;
		font-weight: normal;
		color: #CCC;
	}
	.pagelink {
		text-align: center;
	}
	.pagelink a {
		width: 150px;
	}
	.textbox, .button {
		font-size: 11pt;
		vertical-align: middle;
	}
	@media (max-width: 450px) {
		.button {
			font-size: 9pt;
		}
	}
</style>

<div>

	<header>
		<div class="nav-wrapper"><ul class="nav">
			<li><a class="button nav-first" href="//pokemonshowdown.com/"><img src="//pokemonshowdown.com/images/pokemonshowdownbeta.png" srcset="//pokemonshowdown.com/images/pokemonshowdownbeta.png 1x, //pokemonshowdown.com/images/pokemonshowdownbeta@2x.png 2x" alt="Pok&eacute;mon Showdown" width="146" height="44" /> Home</a></li>
			<li><a class="button" href="//pokemonshowdown.com/dex/">Pok&eacute;dex</a></li>
			<li><a class="button cur" href="/">Replays</a></li>
			<li><a class="button" href="//pokemonshowdown.com/ladder/">Ladder</a></li>
			<li><a class="button nav-last" href="//pokemonshowdown.com/forums/">Forum</a></li>
			<li><a class="button greenbutton nav-first nav-last" href="//play.pokemonshowdown.com/">Play</a></li>
		</ul></div>
	</header>

	<div class="main" id="main">

		<noscript><section class="section">You need to enable JavaScript to use this page; sorry!</section></noscript>

	</div>

</div>

<script defer nomodule src="//play.pokemonshowdown.com/js/lib/ps-polyfill.js"></script>
<script defer src="//play.pokemonshowdown.com/js/lib/preact.min.js"></script>

<script defer src="//play.pokemonshowdown.com/config/config.js?6dec07f6"></script>
<script defer src="//play.pokemonshowdown.com/js/lib/jquery-1.11.0.min.js"></script>
<script defer src="//play.pokemonshowdown.com/js/lib/html-sanitizer-minified.js"></script>
<script defer src="//play.pokemonshowdown.com/js/battle-sound.js"></script>
<script defer src="//play.pokemonshowdown.com/js/battledata.js?0.6315294753075389"></script>
<script defer src="//play.pokemonshowdown.com/data/pokedex-mini.js?0.7603743185311358"></script>
<script defer src="//play.pokemonshowdown.com/data/pokedex-mini-bw.js?0.030888842834281283"></script>
<script defer src="//play.pokemonshowdown.com/data/graphics.js?0.05593094747507488"></script>
<script defer src="//play.pokemonshowdown.com/data/pokedex.js?0.47064822249611904"></script>
<script defer src="//play.pokemonshowdown.com/data/moves.js?0.8583693120512459"></script>
<script defer src="//play.pokemonshowdown.com/data/abilities.js?0.16017181182386842"></script>
<script defer src="//play.pokemonshowdown.com/data/items.js?0.4163379185673943"></script>
<script defer src="//play.pokemonshowdown.com/data/teambuilder-tables.js?0.31075597372830477"></script>
<script defer src="//play.pokemonshowdown.com/js/battle-tooltips.js?0.6536193500708172"></script>
<script defer src="//play.pokemonshowdown.com/js/battle.js?0.1916591943277901"></script>

<script defer src="js/utils.js?e31f9a17"></script>
<script defer src="js/replays-battle.js?7008c182"></script>

<!-- don't scrape this data! just add .json or .log after the URL!
Full API docs: https://github.com/smogon/pokemon-showdown-client/blob/master/WEB-API.md -->
<script type="text/plain" class="log" id="replaylog-smogtours-gen3ou-796434">
|inactive|Battle timer is ON: inactive players will automatically lose when time's up.
|t:|1728412291
|gametype|singles
|player|p1|Just_Leonardo|hiker-gen4|
|player|p2|leoperi99|hala|
|teamsize|p1|6
|teamsize|p2|6
|gen|3
|tier|[Gen 3] OU
|rule|Sleep Clause Mod: Limit one foe put to sleep
|rule|Switch Priority Clause Mod: Faster Pokémon switch first
|rule|Species Clause: Limit one of each Pokémon
|rule|OHKO Clause: OHKO moves are banned
|rule|Evasion Items Clause: Evasion items are banned
|rule|Evasion Moves Clause: Evasion moves are banned
|rule|Endless Battle Clause: Forcing endless battles is banned
|rule|HP Percentage Mod: HP is shown in percentages
|rule|One Boost Passer Clause: Limit one Baton Passer that has a way to boost its stats
|rule|Freeze Clause Mod: Limit one foe frozen
|
|t:|1728412291
|start
|switch|p1a: V|Skarmory, F|100/100
|switch|p2a: Metagross|Metagross, shiny|100/100
|turn|1
|c|☆Just_Leonardo|hf
|c|☆leoperi99|u2
|inactive|Just_Leonardo has 270 seconds left.
|inactive|Just_Leonardo has 240 seconds left.
|
|t:|1728412357
|switch|p2a: Suicune|Suicune|100/100
|move|p1a: V|Spikes|p2a: Suicune
|-sidestart|p2: leoperi99|Spikes
|
|upkeep
|turn|2
|
|t:|1728412367
|switch|p1a: pkLeech(seed)|Celebi|100/100
|move|p2a: Suicune|Calm Mind|p2a: Suicune
|-boost|p2a: Suicune|spa|1
|-boost|p2a: Suicune|spd|1
|
|upkeep
|turn|3
|
|t:|1728412369
|move|p1a: pkLeech(seed)|Leech Seed|p2a: Suicune
|-start|p2a: Suicune|move: Leech Seed
|move|p2a: Suicune|Ice Beam|p1a: pkLeech(seed)
|-supereffective|p1a: pkLeech(seed)
|-damage|p1a: pkLeech(seed)|28/100
|-status|p1a: pkLeech(seed)|frz
|
|-heal|p1a: pkLeech(seed)|34/100 frz|[from] item: Leftovers
|-damage|p2a: Suicune|88/100|[from] Leech Seed|[of] p1a: pkLeech(seed)
|-heal|p1a: pkLeech(seed)|46/100 frz|[silent]
|upkeep
|turn|4
|
|t:|1728412377
|-curestatus|p1a: pkLeech(seed)|frz|[from] ability: Natural Cure
|switch|p1a: Joy|Blissey, F|100/100
|switch|p2a: Metagross|Metagross, shiny|100/100
|-damage|p2a: Metagross|88/100|[from] Spikes
|
|-heal|p2a: Metagross|94/100|[from] item: Leftovers
|upkeep
|turn|5
|
|t:|1728412387
|switch|p1a: V|Skarmory, F|100/100
|switch|p2a: Claydol|Claydol, shiny|100/100
|
|upkeep
|turn|6
|
|t:|1728412390
|move|p2a: Claydol|Rapid Spin|p1a: V
|-resisted|p1a: V
|-crit|p1a: V
|-damage|p1a: V|96/100
|-sideend|p2: leoperi99|Spikes|[from] move: Rapid Spin|[of] p2a: Claydol
|move|p1a: V|Drill Peck|p2a: Claydol
|-damage|p2a: Claydol|77/100
|
|-heal|p2a: Claydol|83/100|[from] item: Leftovers
|-heal|p1a: V|100/100|[from] item: Leftovers
|upkeep
|turn|7
|
|t:|1728412395
|switch|p2a: Suicune|Suicune|88/100
|move|p1a: V|Spikes|p2a: Suicune
|-sidestart|p2: leoperi99|Spikes
|
|-heal|p2a: Suicune|94/100|[from] item: Leftovers
|upkeep
|turn|8
|
|t:|1728412401
|switch|p1a: Joy|Blissey, F|100/100
|move|p2a: Suicune|Surf|p1a: Joy
|-damage|p1a: Joy|84/100
|
|-heal|p1a: Joy|90/100|[from] item: Leftovers
|-heal|p2a: Suicune|100/100|[from] item: Leftovers
|upkeep
|turn|9
|
|t:|1728412403
|move|p1a: Joy|Thunder Wave|p2a: Suicune
|-status|p2a: Suicune|par
|move|p2a: Suicune|Calm Mind|p2a: Suicune
|-boost|p2a: Suicune|spa|1
|-boost|p2a: Suicune|spd|1
|
|-heal|p1a: Joy|96/100|[from] item: Leftovers
|upkeep
|turn|10
|
|t:|1728412409
|move|p1a: Joy|Wish|p1a: Joy
|move|p2a: Suicune|Surf|p1a: Joy
|-damage|p1a: Joy|70/100
|
|-heal|p1a: Joy|76/100|[from] item: Leftovers
|upkeep
|turn|11
|
|t:|1728412412
|move|p1a: Joy|Seismic Toss|p2a: Suicune
|-damage|p2a: Suicune|76/100 par
|move|p2a: Suicune|Ice Beam|p1a: Joy
|-crit|p1a: Joy
|-damage|p1a: Joy|39/100
|-status|p1a: Joy|frz
|
|-heal|p1a: Joy|89/100 frz|[from] move: Wish|[wisher] Joy
|-heal|p1a: Joy|95/100 frz|[from] item: Leftovers
|-heal|p2a: Suicune|82/100 par|[from] item: Leftovers
|upkeep
|turn|12
|
|t:|1728412418
|-curestatus|p1a: Joy|frz|[from] ability: Natural Cure
|switch|p1a: Stella|Starmie|100/100
|cant|p2a: Suicune|par
|
|-heal|p2a: Suicune|88/100 par|[from] item: Leftovers
|upkeep
|turn|13
|
|t:|1728412424
|switch|p1a: Joy|Blissey, F|95/100
|switch|p2a: Regice|Regice, shiny|100/100
|-damage|p2a: Regice|88/100|[from] Spikes
|
|-heal|p1a: Joy|100/100|[from] item: Leftovers
|-heal|p2a: Regice|94/100|[from] item: Leftovers
|upkeep
|turn|14
|
|t:|1728412438
|switch|p2a: Dugtrio|Dugtrio, M|100/100
|-damage|p2a: Dugtrio|88/100|[from] Spikes
|move|p1a: Joy|Thunder Wave|p2a: Dugtrio
|-immune|p2a: Dugtrio
|
|upkeep
|turn|15
|
|t:|1728412445
|move|p2a: Dugtrio|Earthquake|p1a: Joy
|-damage|p1a: Joy|47/100
|move|p1a: Joy|Soft-Boiled|p1a: Joy
|-heal|p1a: Joy|97/100
|
|-heal|p1a: Joy|100/100|[from] item: Leftovers
|upkeep
|turn|16
|
|t:|1728412448
|move|p2a: Dugtrio|Earthquake|p1a: Joy
|-damage|p1a: Joy|45/100
|move|p1a: Joy|Soft-Boiled|p1a: Joy
|-heal|p1a: Joy|95/100
|
|-heal|p1a: Joy|100/100|[from] item: Leftovers
|upkeep
|turn|17
|
|t:|1728412451
|move|p2a: Dugtrio|Earthquake|p1a: Joy
|-damage|p1a: Joy|48/100
|move|p1a: Joy|Soft-Boiled|p1a: Joy
|-heal|p1a: Joy|98/100
|
|-heal|p1a: Joy|100/100|[from] item: Leftovers
|upkeep
|turn|18
|
|t:|1728412458
|move|p2a: Dugtrio|Earthquake|p1a: Joy
|-damage|p1a: Joy|50/100
|move|p1a: Joy|Soft-Boiled|p1a: Joy
|-heal|p1a: Joy|99/100
|
|-heal|p1a: Joy|100/100|[from] item: Leftovers
|upkeep
|turn|19
|inactive|Just_Leonardo has 270 seconds left.
|
|t:|1728412490
|move|p2a: Dugtrio|Earthquake|p1a: Joy
|-damage|p1a: Joy|43/100
|move|p1a: Joy|Soft-Boiled|p1a: Joy
|-heal|p1a: Joy|93/100
|
|-heal|p1a: Joy|99/100|[from] item: Leftovers
|upkeep
|turn|20
|
|t:|1728412495
|move|p2a: Dugtrio|Earthquake|p1a: Joy
|-damage|p1a: Joy|42/100
|move|p1a: Joy|Soft-Boiled|p1a: Joy
|-heal|p1a: Joy|92/100
|
|-heal|p1a: Joy|98/100|[from] item: Leftovers
|upkeep
|turn|21
|
|t:|1728412501
|move|p2a: Dugtrio|Earthquake|p1a: Joy
|-damage|p1a: Joy|44/100
|move|p1a: Joy|Soft-Boiled|p1a: Joy
|-heal|p1a: Joy|94/100
|
|-heal|p1a: Joy|100/100|[from] item: Leftovers
|upkeep
|turn|22
|
|t:|1728412513
|move|p2a: Dugtrio|Earthquake|p1a: Joy
|-damage|p1a: Joy|44/100
|move|p1a: Joy|Soft-Boiled|p1a: Joy
|-heal|p1a: Joy|94/100
|
|-heal|p1a: Joy|99/100|[from] item: Leftovers
|upkeep
|turn|23
|
|t:|1728412518
|move|p2a: Dugtrio|Earthquake|p1a: Joy
|-damage|p1a: Joy|46/100
|move|p1a: Joy|Soft-Boiled|p1a: Joy
|-heal|p1a: Joy|96/100
|
|-heal|p1a: Joy|100/100|[from] item: Leftovers
|upkeep
|turn|24
|
|t:|1728412523
|move|p2a: Dugtrio|Earthquake|p1a: Joy
|-damage|p1a: Joy|46/100
|move|p1a: Joy|Soft-Boiled|p1a: Joy
|-heal|p1a: Joy|96/100
|
|-heal|p1a: Joy|100/100|[from] item: Leftovers
|upkeep
|turn|25
|
|t:|1728412526
|move|p2a: Dugtrio|Earthquake|p1a: Joy
|-damage|p1a: Joy|45/100
|move|p1a: Joy|Soft-Boiled|p1a: Joy
|-heal|p1a: Joy|95/100
|
|-heal|p1a: Joy|100/100|[from] item: Leftovers
|upkeep
|turn|26
|
|t:|1728412528
|move|p2a: Dugtrio|Earthquake|p1a: Joy
|-damage|p1a: Joy|46/100
|move|p1a: Joy|Soft-Boiled|p1a: Joy
|-heal|p1a: Joy|96/100
|
|-heal|p1a: Joy|100/100|[from] item: Leftovers
|upkeep
|turn|27
|
|t:|1728412532
|move|p2a: Dugtrio|Earthquake|p1a: Joy
|-damage|p1a: Joy|51/100
|move|p1a: Joy|Soft-Boiled|p1a: Joy
|-heal|p1a: Joy|100/100
|
|upkeep
|turn|28
|
|t:|1728412534
|move|p2a: Dugtrio|Earthquake|p1a: Joy
|-damage|p1a: Joy|44/100
|move|p1a: Joy|Soft-Boiled|p1a: Joy
|-heal|p1a: Joy|94/100
|
|-heal|p1a: Joy|99/100|[from] item: Leftovers
|upkeep
|turn|29
|
|t:|1728412536
|move|p2a: Dugtrio|Earthquake|p1a: Joy
|-damage|p1a: Joy|45/100
|move|p1a: Joy|Soft-Boiled|p1a: Joy
|-heal|p1a: Joy|95/100
|
|-heal|p1a: Joy|100/100|[from] item: Leftovers
|upkeep
|turn|30
|
|t:|1728412539
|move|p2a: Dugtrio|Earthquake|p1a: Joy
|-damage|p1a: Joy|46/100
|move|p1a: Joy|Soft-Boiled|p1a: Joy
|-heal|p1a: Joy|96/100
|
|-heal|p1a: Joy|100/100|[from] item: Leftovers
|upkeep
|turn|31
|
|t:|1728412543
|switch|p2a: Claydol|Claydol, shiny|83/100
|move|p1a: Joy|Seismic Toss|p2a: Claydol
|-damage|p2a: Claydol|52/100
|
|-heal|p2a: Claydol|58/100|[from] item: Leftovers
|upkeep
|turn|32
|
|t:|1728412550
|switch|p1a: V|Skarmory, F|100/100
|move|p2a: Claydol|Rapid Spin|p1a: V
|-resisted|p1a: V
|-damage|p1a: V|99/100
|-sideend|p2: leoperi99|Spikes|[from] move: Rapid Spin|[of] p2a: Claydol
|
|-heal|p2a: Claydol|64/100|[from] item: Leftovers
|-heal|p1a: V|100/100|[from] item: Leftovers
|upkeep
|turn|33
|
|t:|1728412557
|switch|p2a: Regice|Regice, shiny|94/100
|move|p1a: V|Spikes|p2a: Regice
|-sidestart|p2: leoperi99|Spikes
|
|-heal|p2a: Regice|99/100|[from] item: Leftovers
|upkeep
|turn|34
|
|t:|1728412581
|switch|p1a: Cogito|Metagross, shiny|100/100
|move|p2a: Regice|Thunder Wave|p1a: Cogito
|-status|p1a: Cogito|par
|
|-heal|p2a: Regice|100/100|[from] item: Leftovers
|upkeep
|turn|35
|
|t:|1728412591
|switch|p2a: Metagross|Metagross, shiny|94/100
|-damage|p2a: Metagross|82/100|[from] Spikes
|move|p1a: Cogito|Meteor Mash|p2a: Metagross
|-resisted|p2a: Metagross
|-damage|p2a: Metagross|61/100
|-boost|p1a: Cogito|atk|1
|
|-heal|p2a: Metagross|67/100|[from] item: Leftovers
|upkeep
|turn|36
|
|t:|1728412597
|move|p2a: Metagross|Earthquake|p1a: Cogito
|-supereffective|p1a: Cogito
|-damage|p1a: Cogito|46/100 par
|move|p1a: Cogito|Earthquake|p2a: Metagross
|-supereffective|p2a: Metagross
|-damage|p2a: Metagross|0 fnt
|faint|p2a: Metagross
|
|t:|1728412617
|switch|p2a: Salamence|Salamence, F|100/100
|-ability|p2a: Salamence|Intimidate|boost
|-fail|p1a: Cogito|unboost|[from] ability: Clear Body|[of] p1a: Cogito
|
|-heal|p1a: Cogito|52/100 par|[from] item: Leftovers
|upkeep
|turn|37
|
|t:|1728412631
|switch|p1a: Stella|Starmie|100/100
|move|p2a: Salamence|Earthquake|p1a: Stella
|-damage|p1a: Stella|56/100
|
|-heal|p1a: Stella|63/100|[from] item: Leftovers
|upkeep
|turn|38
|
|t:|1728412658
|switch|p2a: Regice|Regice, shiny|100/100
|-damage|p2a: Regice|88/100|[from] Spikes
|move|p1a: Stella|Recover|p1a: Stella
|-heal|p1a: Stella|100/100
|
|-heal|p2a: Regice|94/100|[from] item: Leftovers
|upkeep
|turn|39
|
|t:|1728412667
|switch|p1a: Cogito|Metagross, shiny|52/100 par
|move|p2a: Regice|Thunderbolt|p1a: Cogito
|-damage|p1a: Cogito|23/100 par
|
|-heal|p2a: Regice|99/100|[from] item: Leftovers
|-heal|p1a: Cogito|29/100 par|[from] item: Leftovers
|upkeep
|turn|40
|
|t:|1728412677
|move|p1a: Cogito|Protect|p1a: Cogito
|-singleturn|p1a: Cogito|Protect
|move|p2a: Regice|Thunderbolt|p1a: Cogito
|-activate|p1a: Cogito|Protect
|
|-heal|p2a: Regice|100/100|[from] item: Leftovers
|-heal|p1a: Cogito|35/100 par|[from] item: Leftovers
|upkeep
|turn|41
|inactive|Just_Leonardo has 270 seconds left.
|
|t:|1728412712
|switch|p2a: Claydol|Claydol, shiny|64/100
|switch|p1a: Joy|Blissey, F|100/100
|
|-heal|p2a: Claydol|71/100|[from] item: Leftovers
|upkeep
|turn|42
|
|t:|1728412722
|move|p1a: Joy|Wish|p1a: Joy
|move|p2a: Claydol|Rapid Spin|p1a: Joy
|-damage|p1a: Joy|96/100
|-sideend|p2: leoperi99|Spikes|[from] move: Rapid Spin|[of] p2a: Claydol
|
|-heal|p1a: Joy|100/100|[from] item: Leftovers
|-heal|p2a: Claydol|77/100|[from] item: Leftovers
|upkeep
|turn|43
|
|t:|1728412729
|switch|p1a: pkLeech(seed)|Celebi|46/100
|switch|p2a: Dugtrio|Dugtrio, M|88/100
|
|-heal|p1a: pkLeech(seed)|96/100|[from] move: Wish|[wisher] Joy
|-heal|p1a: pkLeech(seed)|100/100|[from] item: Leftovers
|upkeep
|turn|44
|
|t:|1728412734
|move|p2a: Dugtrio|Hidden Power|p1a: pkLeech(seed)
|-supereffective|p1a: pkLeech(seed)
|-damage|p1a: pkLeech(seed)|32/100
|move|p1a: pkLeech(seed)|Hidden Power|p2a: Dugtrio
|-supereffective|p2a: Dugtrio
|-damage|p2a: Dugtrio|0 fnt
|faint|p2a: Dugtrio
|
|t:|1728412739
|switch|p2a: Salamence|Salamence, F|100/100
|-ability|p2a: Salamence|Intimidate|boost
|-unboost|p1a: pkLeech(seed)|atk|1
|
|-heal|p1a: pkLeech(seed)|39/100|[from] item: Leftovers
|upkeep
|turn|45
|
|t:|1728412743
|switch|p1a: V|Skarmory, F|100/100
|move|p2a: Salamence|Dragon Dance|p2a: Salamence
|-boost|p2a: Salamence|atk|1
|-boost|p2a: Salamence|spe|1
|
|upkeep
|turn|46
|
|t:|1728412750
|move|p2a: Salamence|Rock Slide|p1a: V
|-damage|p1a: V|69/100
|move|p1a: V|Roar|p2a: Salamence
|drag|p2a: Suicune|Suicune|88/100 par
|
|-heal|p1a: V|75/100|[from] item: Leftovers
|-heal|p2a: Suicune|94/100 par|[from] item: Leftovers
|upkeep
|turn|47
|
|t:|1728412755
|switch|p1a: Joy|Blissey, F|100/100
|move|p2a: Suicune|Calm Mind|p2a: Suicune
|-boost|p2a: Suicune|spa|1
|-boost|p2a: Suicune|spd|1
|
|-heal|p2a: Suicune|100/100 par|[from] item: Leftovers
|upkeep
|turn|48
|
|t:|1728412759
|move|p1a: Joy|Wish|p1a: Joy
|move|p2a: Suicune|Calm Mind|p2a: Suicune
|-boost|p2a: Suicune|spa|1
|-boost|p2a: Suicune|spd|1
|
|upkeep
|turn|49
|
|t:|1728412763
|move|p1a: Joy|Seismic Toss|p2a: Suicune
|-damage|p2a: Suicune|76/100 par
|move|p2a: Suicune|Surf|p1a: Joy
|-damage|p1a: Joy|64/100
|
|-heal|p1a: Joy|100/100|[from] move: Wish|[wisher] Joy
|-heal|p2a: Suicune|82/100 par|[from] item: Leftovers
|upkeep
|turn|50
|
|t:|1728412769
|move|p1a: Joy|Seismic Toss|p2a: Suicune
|-damage|p2a: Suicune|57/100 par
|move|p2a: Suicune|Calm Mind|p2a: Suicune
|-boost|p2a: Suicune|spa|1
|-boost|p2a: Suicune|spd|1
|
|-heal|p2a: Suicune|63/100 par|[from] item: Leftovers
|upkeep
|turn|51
|
|t:|1728412775
|move|p1a: Joy|Seismic Toss|p2a: Suicune
|-damage|p2a: Suicune|39/100 par
|move|p2a: Suicune|Rest|p2a: Suicune
|-status|p2a: Suicune|slp|[from] move: Rest
|-heal|p2a: Suicune|100/100 slp|[silent]
|
|upkeep
|turn|52
|
|t:|1728412781
|switch|p1a: V|Skarmory, F|75/100
|cant|p2a: Suicune|slp
|
|-heal|p1a: V|81/100|[from] item: Leftovers
|upkeep
|turn|53
|
|t:|1728412783
|cant|p2a: Suicune|slp
|move|p1a: V|Roar|p2a: Suicune
|drag|p2a: Claydol|Claydol, shiny|77/100
|
|-heal|p2a: Claydol|83/100|[from] item: Leftovers
|-heal|p1a: V|87/100|[from] item: Leftovers
|upkeep
|turn|54
|
|t:|1728412788
|switch|p2a: Suicune|Suicune|100/100 slp
|move|p1a: V|Spikes|p2a: Suicune
|-sidestart|p2: leoperi99|Spikes
|
|-heal|p1a: V|93/100|[from] item: Leftovers
|upkeep
|turn|55
|
|t:|1728412794
|-curestatus|p2a: Suicune|slp|[msg]
|move|p2a: Suicune|Surf|p1a: V
|-damage|p1a: V|55/100
|move|p1a: V|Roar|p2a: Suicune
|drag|p2a: Salamence|Salamence, F|100/100
|-ability|p2a: Salamence|Intimidate|boost
|-unboost|p1a: V|atk|1
|
|-heal|p1a: V|61/100|[from] item: Leftovers
|upkeep
|turn|56
|
|t:|1728412799
|move|p2a: Salamence|Dragon Dance|p2a: Salamence
|-boost|p2a: Salamence|atk|1
|-boost|p2a: Salamence|spe|1
|move|p1a: V|Spikes|p2a: Salamence
|-sidestart|p2: leoperi99|Spikes
|
|-heal|p1a: V|67/100|[from] item: Leftovers
|upkeep
|turn|57
|
|t:|1728412801
|move|p2a: Salamence|Rock Slide|p1a: V|[miss]
|-miss|p2a: Salamence|p1a: V
|move|p1a: V|Roar|p2a: Salamence
|drag|p2a: Suicune|Suicune|100/100
|-damage|p2a: Suicune|84/100|[from] Spikes
|
|-heal|p2a: Suicune|90/100|[from] item: Leftovers
|-heal|p1a: V|73/100|[from] item: Leftovers
|upkeep
|turn|58
|
|t:|1728412806
|switch|p1a: Joy|Blissey, F|100/100
|move|p2a: Suicune|Surf|p1a: Joy
|-damage|p1a: Joy|85/100
|
|-heal|p1a: Joy|91/100|[from] item: Leftovers
|-heal|p2a: Suicune|96/100|[from] item: Leftovers
|upkeep
|turn|59
|
|t:|1728412812
|move|p1a: Joy|Thunder Wave|p2a: Suicune
|-status|p2a: Suicune|par
|move|p2a: Suicune|Calm Mind|p2a: Suicune
|-boost|p2a: Suicune|spa|1
|-boost|p2a: Suicune|spd|1
|
|-heal|p1a: Joy|97/100|[from] item: Leftovers
|-heal|p2a: Suicune|100/100 par|[from] item: Leftovers
|upkeep
|turn|60
|
|t:|1728412814
|move|p1a: Joy|Seismic Toss|p2a: Suicune
|-damage|p2a: Suicune|76/100 par
|cant|p2a: Suicune|par
|
|-heal|p1a: Joy|100/100|[from] item: Leftovers
|-heal|p2a: Suicune|82/100 par|[from] item: Leftovers
|upkeep
|turn|61
|
|t:|1728412819
|move|p1a: Joy|Seismic Toss|p2a: Suicune
|-damage|p2a: Suicune|57/100 par
|move|p2a: Suicune|Calm Mind|p2a: Suicune
|-boost|p2a: Suicune|spa|1
|-boost|p2a: Suicune|spd|1
|
|-heal|p2a: Suicune|63/100 par|[from] item: Leftovers
|upkeep
|turn|62
|
|t:|1728412823
|move|p1a: Joy|Seismic Toss|p2a: Suicune
|-damage|p2a: Suicune|39/100 par
|move|p2a: Suicune|Rest|p2a: Suicune
|-status|p2a: Suicune|slp|[from] move: Rest
|-heal|p2a: Suicune|100/100 slp|[silent]
|
|upkeep
|turn|63
|
|t:|1728412828
|switch|p1a: V|Skarmory, F|73/100
|cant|p2a: Suicune|slp
|
|-heal|p1a: V|79/100|[from] item: Leftovers
|upkeep
|turn|64
|
|t:|1728412829
|cant|p2a: Suicune|slp
|move|p1a: V|Roar|p2a: Suicune
|drag|p2a: Salamence|Salamence, F|100/100
|-ability|p2a: Salamence|Intimidate|boost
|-unboost|p1a: V|atk|1
|
|-heal|p1a: V|85/100|[from] item: Leftovers
|upkeep
|turn|65
|
|t:|1728412833
|move|p2a: Salamence|Dragon Dance|p2a: Salamence
|-boost|p2a: Salamence|atk|1
|-boost|p2a: Salamence|spe|1
|move|p1a: V|Spikes|p2a: Salamence
|-sidestart|p2: leoperi99|Spikes
|
|-heal|p1a: V|91/100|[from] item: Leftovers
|upkeep
|turn|66
|
|t:|1728412835
|move|p2a: Salamence|Rock Slide|p1a: V
|-damage|p1a: V|57/100
|move|p1a: V|Roar|p2a: Salamence
|drag|p2a: Regice|Regice, shiny|100/100
|-damage|p2a: Regice|75/100|[from] Spikes
|
|-heal|p1a: V|63/100|[from] item: Leftovers
|-heal|p2a: Regice|82/100|[from] item: Leftovers
|upkeep
|turn|67
|
|t:|1728412845
|switch|p1a: Joy|Blissey, F|100/100
|move|p2a: Regice|Ice Beam|p1a: Joy
|-damage|p1a: Joy|82/100
|
|-heal|p1a: Joy|88/100|[from] item: Leftovers
|-heal|p2a: Regice|88/100|[from] item: Leftovers
|upkeep
|turn|68
|
|t:|1728412857
|switch|p1a: Stella|Starmie|100/100
|switch|p2a: Claydol|Claydol, shiny|83/100
|
|-heal|p2a: Claydol|89/100|[from] item: Leftovers
|upkeep
|turn|69
|
|t:|1728412862
|switch|p2a: Regice|Regice, shiny|88/100
|-damage|p2a: Regice|63/100|[from] Spikes
|move|p1a: Stella|Thunder Wave|p2a: Regice
|-status|p2a: Regice|par
|
|-heal|p2a: Regice|69/100 par|[from] item: Leftovers
|upkeep
|turn|70
|
|t:|1728412875
|move|p1a: Stella|Surf|p2a: Regice
|-damage|p2a: Regice|52/100 par
|move|p2a: Regice|Thunderbolt|p1a: Stella
|-supereffective|p1a: Stella
|-damage|p1a: Stella|29/100
|
|-heal|p1a: Stella|35/100|[from] item: Leftovers
|-heal|p2a: Regice|58/100 par|[from] item: Leftovers
|upkeep
|turn|71
|
|t:|1728412880
|move|p1a: Stella|Recover|p1a: Stella
|-heal|p1a: Stella|85/100
|move|p2a: Regice|Thunderbolt|p1a: Stella
|-supereffective|p1a: Stella
|-damage|p1a: Stella|8/100
|
|-heal|p1a: Stella|14/100|[from] item: Leftovers
|-heal|p2a: Regice|64/100 par|[from] item: Leftovers
|upkeep
|turn|72
|
|t:|1728412907
|move|p1a: Stella|Recover|p1a: Stella
|-heal|p1a: Stella|64/100
|move|p2a: Regice|Thunderbolt|p1a: Stella
|-supereffective|p1a: Stella
|-damage|p1a: Stella|0 fnt
|faint|p1a: Stella
|
|t:|1728412911
|switch|p1a: Cogito|Metagross, shiny|35/100 par
|
|-heal|p1a: Cogito|41/100 par|[from] item: Leftovers
|-heal|p2a: Regice|70/100 par|[from] item: Leftovers
|upkeep
|turn|73
|
|t:|1728412918
|switch|p2a: Salamence|Salamence, F|100/100
|-ability|p2a: Salamence|Intimidate|boost
|-fail|p1a: Cogito|unboost|[from] ability: Clear Body|[of] p1a: Cogito
|move|p1a: Cogito|Meteor Mash|p2a: Salamence
|-damage|p2a: Salamence|35/100
|
|-heal|p2a: Salamence|41/100|[from] item: Leftovers
|-heal|p1a: Cogito|47/100 par|[from] item: Leftovers
|upkeep
|turn|74
|
|t:|1728412929
|switch|p1a: V|Skarmory, F|63/100
|move|p2a: Salamence|Earthquake|p1a: V
|-immune|p1a: V
|
|-heal|p2a: Salamence|47/100|[from] item: Leftovers
|-heal|p1a: V|69/100|[from] item: Leftovers
|upkeep
|turn|75
|
|t:|1728412934
|switch|p2a: Claydol|Claydol, shiny|89/100
|move|p1a: V|Drill Peck|p2a: Claydol
|-damage|p2a: Claydol|67/100
|
|-heal|p2a: Claydol|73/100|[from] item: Leftovers
|-heal|p1a: V|75/100|[from] item: Leftovers
|upkeep
|turn|76
|
|t:|1728412938
|move|p2a: Claydol|Rapid Spin|p1a: V
|-resisted|p1a: V
|-damage|p1a: V|73/100
|-sideend|p2: leoperi99|Spikes|[from] move: Rapid Spin|[of] p2a: Claydol
|move|p1a: V|Drill Peck|p2a: Claydol
|-damage|p2a: Claydol|48/100
|
|-heal|p2a: Claydol|54/100|[from] item: Leftovers
|-heal|p1a: V|79/100|[from] item: Leftovers
|upkeep
|turn|77
|
|t:|1728412940
|switch|p2a: Suicune|Suicune|100/100 slp
|move|p1a: V|Spikes|p2a: Suicune
|-sidestart|p2: leoperi99|Spikes
|
|-heal|p1a: V|85/100|[from] item: Leftovers
|upkeep
|turn|78
|
|t:|1728412948
|switch|p1a: Joy|Blissey, F|88/100
|-curestatus|p2a: Suicune|slp|[msg]
|move|p2a: Suicune|Ice Beam|p1a: Joy
|-damage|p1a: Joy|77/100
|
|-heal|p1a: Joy|83/100|[from] item: Leftovers
|upkeep
|turn|79
|
|t:|1728412952
|move|p1a: Joy|Seismic Toss|p2a: Suicune
|-damage|p2a: Suicune|76/100
|move|p2a: Suicune|Calm Mind|p2a: Suicune
|-boost|p2a: Suicune|spa|1
|-boost|p2a: Suicune|spd|1
|
|-heal|p1a: Joy|89/100|[from] item: Leftovers
|-heal|p2a: Suicune|82/100|[from] item: Leftovers
|upkeep
|turn|80
|
|t:|1728412954
|move|p1a: Joy|Seismic Toss|p2a: Suicune
|-damage|p2a: Suicune|57/100
|move|p2a: Suicune|Calm Mind|p2a: Suicune
|-boost|p2a: Suicune|spa|1
|-boost|p2a: Suicune|spd|1
|
|-heal|p1a: Joy|96/100|[from] item: Leftovers
|-heal|p2a: Suicune|63/100|[from] item: Leftovers
|upkeep
|turn|81
|
|t:|1728412957
|move|p1a: Joy|Seismic Toss|p2a: Suicune
|-damage|p2a: Suicune|39/100
|move|p2a: Suicune|Surf|p1a: Joy
|-damage|p1a: Joy|62/100
|
|-heal|p1a: Joy|69/100|[from] item: Leftovers
|-heal|p2a: Suicune|45/100|[from] item: Leftovers
|upkeep
|turn|82
|
|t:|1728412963
|move|p1a: Joy|Seismic Toss|p2a: Suicune
|-damage|p2a: Suicune|20/100
|move|p2a: Suicune|Rest|p2a: Suicune
|-status|p2a: Suicune|slp|[from] move: Rest
|-heal|p2a: Suicune|100/100 slp|[silent]
|
|-heal|p1a: Joy|75/100|[from] item: Leftovers
|upkeep
|turn|83
|
|t:|1728412969
|switch|p1a: V|Skarmory, F|85/100
|cant|p2a: Suicune|slp
|
|-heal|p1a: V|91/100|[from] item: Leftovers
|upkeep
|turn|84
|
|t:|1728412970
|cant|p2a: Suicune|slp
|move|p1a: V|Roar|p2a: Suicune
|drag|p2a: Regice|Regice, shiny|70/100 par
|-damage|p2a: Regice|58/100 par|[from] Spikes
|
|-heal|p1a: V|97/100|[from] item: Leftovers
|-heal|p2a: Regice|64/100 par|[from] item: Leftovers
|upkeep
|turn|85
|
|t:|1728412977
|move|p1a: V|Protect|p1a: V
|-singleturn|p1a: V|Protect
|move|p2a: Regice|Thunderbolt|p1a: V
|-activate|p1a: V|Protect
|
|-heal|p1a: V|100/100|[from] item: Leftovers
|-heal|p2a: Regice|70/100 par|[from] item: Leftovers
|upkeep
|turn|86
|
|t:|1728412984
|switch|p1a: pkLeech(seed)|Celebi|39/100
|switch|p2a: Claydol|Claydol, shiny|54/100
|
|-heal|p1a: pkLeech(seed)|45/100|[from] item: Leftovers
|-heal|p2a: Claydol|60/100|[from] item: Leftovers
|upkeep
|turn|87
|
|t:|1728412990
|move|p1a: pkLeech(seed)|Recover|p1a: pkLeech(seed)
|-heal|p1a: pkLeech(seed)|95/100
|move|p2a: Claydol|Rapid Spin|p1a: pkLeech(seed)
|-damage|p1a: pkLeech(seed)|91/100
|-sideend|p2: leoperi99|Spikes|[from] move: Rapid Spin|[of] p2a: Claydol
|
|-heal|p1a: pkLeech(seed)|97/100|[from] item: Leftovers
|-heal|p2a: Claydol|66/100|[from] item: Leftovers
|upkeep
|turn|88
|
|t:|1728413000
|switch|p2a: Regice|Regice, shiny|70/100 par
|move|p1a: pkLeech(seed)|Leech Seed|p2a: Regice
|-start|p2a: Regice|move: Leech Seed
|
|-heal|p1a: pkLeech(seed)|100/100|[from] item: Leftovers
|-heal|p2a: Regice|76/100 par|[from] item: Leftovers
|-damage|p2a: Regice|64/100 par|[from] Leech Seed|[of] p1a: pkLeech(seed)
|upkeep
|turn|89
|
|t:|1728413020
|switch|p1a: Cogito|Metagross, shiny|47/100 par
|switch|p2a: Suicune|Suicune|100/100 slp
|
|-heal|p1a: Cogito|53/100 par|[from] item: Leftovers
|upkeep
|turn|90
|inactive|Just_Leonardo has 270 seconds left.
|
|t:|1728413067
|switch|p2a: Claydol|Claydol, shiny|66/100
|switch|p1a: V|Skarmory, F|100/100
|
|-heal|p2a: Claydol|72/100|[from] item: Leftovers
|upkeep
|turn|91
|
|t:|1728413071
|switch|p2a: Suicune|Suicune|100/100 slp
|move|p1a: V|Spikes|p2a: Suicune
|-sidestart|p2: leoperi99|Spikes
|
|upkeep
|turn|92
|
|t:|1728413075
|switch|p1a: pkLeech(seed)|Celebi|100/100
|-curestatus|p2a: Suicune|slp|[msg]
|move|p2a: Suicune|Surf|p1a: pkLeech(seed)
|-resisted|p1a: pkLeech(seed)
|-damage|p1a: pkLeech(seed)|83/100
|
|-heal|p1a: pkLeech(seed)|89/100|[from] item: Leftovers
|upkeep
|turn|93
|
|t:|1728413078
|move|p1a: pkLeech(seed)|Leech Seed|p2a: Suicune
|-start|p2a: Suicune|move: Leech Seed
|move|p2a: Suicune|Calm Mind|p2a: Suicune
|-boost|p2a: Suicune|spa|1
|-boost|p2a: Suicune|spd|1
|
|-heal|p1a: pkLeech(seed)|95/100|[from] item: Leftovers
|-damage|p2a: Suicune|88/100|[from] Leech Seed|[of] p1a: pkLeech(seed)
|-heal|p1a: pkLeech(seed)|100/100|[silent]
|upkeep
|turn|94
|
|t:|1728413081
|switch|p1a: Joy|Blissey, F|75/100
|move|p2a: Suicune|Ice Beam|p1a: Joy
|-crit|p1a: Joy
|-damage|p1a: Joy|42/100
|
|-heal|p1a: Joy|49/100|[from] item: Leftovers
|-heal|p2a: Suicune|94/100|[from] item: Leftovers
|-damage|p2a: Suicune|82/100|[from] Leech Seed|[of] p1a: Joy
|-heal|p1a: Joy|56/100|[silent]
|upkeep
|turn|95
|
|t:|1728413084
|switch|p2a: Claydol|Claydol, shiny|72/100
|move|p1a: Joy|Wish|p1a: Joy
|
|-heal|p1a: Joy|62/100|[from] item: Leftovers
|-heal|p2a: Claydol|79/100|[from] item: Leftovers
|upkeep
|turn|96
|
|t:|1728413096
|move|p1a: Joy|Seismic Toss|p2a: Claydol
|-damage|p2a: Claydol|48/100
|move|p2a: Claydol|Earthquake|p1a: Joy
|-damage|p1a: Joy|28/100
|
|-heal|p1a: Joy|77/100|[from] move: Wish|[wisher] Joy
|-heal|p1a: Joy|84/100|[from] item: Leftovers
|-heal|p2a: Claydol|54/100|[from] item: Leftovers
|upkeep
|turn|97
|
|t:|1728413100
|switch|p1a: V|Skarmory, F|100/100
|move|p2a: Claydol|Rapid Spin|p1a: V
|-resisted|p1a: V
|-damage|p1a: V|99/100
|-sideend|p2: leoperi99|Spikes|[from] move: Rapid Spin|[of] p2a: Claydol
|
|-heal|p2a: Claydol|60/100|[from] item: Leftovers
|-heal|p1a: V|100/100|[from] item: Leftovers
|upkeep
|turn|98
|
|t:|1728413105
|switch|p2a: Suicune|Suicune|82/100
|move|p1a: V|Spikes|p2a: Suicune
|-sidestart|p2: leoperi99|Spikes
|
|-heal|p2a: Suicune|88/100|[from] item: Leftovers
|upkeep
|turn|99
|
|t:|1728413110
|move|p2a: Suicune|Calm Mind|p2a: Suicune
|-boost|p2a: Suicune|spa|1
|-boost|p2a: Suicune|spd|1
|move|p1a: V|Roar|p2a: Suicune
|drag|p2a: Salamence|Salamence, F|47/100
|-ability|p2a: Salamence|Intimidate|boost
|-unboost|p1a: V|atk|1
|
|-heal|p2a: Salamence|53/100|[from] item: Leftovers
|upkeep
|turn|100
|
|t:|1728413114
|move|p2a: Salamence|Dragon Dance|p2a: Salamence
|-boost|p2a: Salamence|atk|1
|-boost|p2a: Salamence|spe|1
|move|p1a: V|Spikes|p2a: Salamence
|-sidestart|p2: leoperi99|Spikes
|
|-heal|p2a: Salamence|59/100|[from] item: Leftovers
|upkeep
|turn|101
|
|t:|1728413116
|move|p2a: Salamence|Rock Slide|p1a: V
|-damage|p1a: V|68/100
|move|p1a: V|Roar|p2a: Salamence
|drag|p2a: Suicune|Suicune|88/100
|-damage|p2a: Suicune|72/100|[from] Spikes
|
|-heal|p2a: Suicune|78/100|[from] item: Leftovers
|-heal|p1a: V|74/100|[from] item: Leftovers
|upkeep
|turn|102
|
|t:|1728413120
|switch|p1a: pkLeech(seed)|Celebi|100/100
|move|p2a: Suicune|Surf|p1a: pkLeech(seed)
|-resisted|p1a: pkLeech(seed)
|-damage|p1a: pkLeech(seed)|83/100
|
|-heal|p1a: pkLeech(seed)|89/100|[from] item: Leftovers
|-heal|p2a: Suicune|84/100|[from] item: Leftovers
|upkeep
|turn|103
|
|t:|1728413123
|move|p1a: pkLeech(seed)|Hidden Power|p2a: Suicune
|-supereffective|p2a: Suicune
|-damage|p2a: Suicune|43/100
|move|p2a: Suicune|Ice Beam|p1a: pkLeech(seed)
|-supereffective|p1a: pkLeech(seed)
|-crit|p1a: pkLeech(seed)
|-damage|p1a: pkLeech(seed)|0 fnt
|faint|p1a: pkLeech(seed)
|
|t:|1728413133
|switch|p1a: Drake|Salamence, M|100/100
|-ability|p1a: Drake|Intimidate|boost
|-unboost|p2a: Suicune|atk|1
|
|-heal|p2a: Suicune|49/100|[from] item: Leftovers
|upkeep
|turn|104
|
|t:|1728413139
|switch|p2a: Salamence|Salamence, F|59/100
|-ability|p2a: Salamence|Intimidate|boost
|-unboost|p1a: Drake|atk|1
|move|p1a: Drake|Hidden Power|p2a: Salamence
|-resisted|p2a: Salamence
|-damage|p2a: Salamence|52/100
|
|-heal|p2a: Salamence|58/100|[from] item: Leftovers
|upkeep
|turn|105
|inactive|leoperi99 has 270 seconds left.
|
|t:|1728413174
|switch|p2a: Regice|Regice, shiny|64/100 par
|-damage|p2a: Regice|47/100 par|[from] Spikes
|move|p1a: Drake|Dragon Claw|p2a: Regice
|-damage|p2a: Regice|28/100 par
|
|-heal|p2a: Regice|34/100 par|[from] item: Leftovers
|upkeep
|turn|106
|
|t:|1728413201
|switch|p1a: Cogito|Metagross, shiny|53/100 par
|move|p2a: Regice|Ice Beam|p1a: Cogito
|-resisted|p1a: Cogito
|-crit|p1a: Cogito
|-damage|p1a: Cogito|5/100 par
|
|-heal|p1a: Cogito|12/100 par|[from] item: Leftovers
|-heal|p2a: Regice|40/100 par|[from] item: Leftovers
|upkeep
|turn|107
|
|t:|1728413213
|switch|p2a: Salamence|Salamence, F|58/100
|-ability|p2a: Salamence|Intimidate|boost
|-fail|p1a: Cogito|unboost|[from] ability: Clear Body|[of] p1a: Cogito
|move|p1a: Cogito|Explosion|p2a: Salamence
|-damage|p2a: Salamence|0 fnt
|faint|p1a: Cogito
|faint|p2a: Salamence
|
|t:|1728413221
|switch|p2a: Claydol|Claydol, shiny|60/100
|switch|p1a: Drake|Salamence, M|100/100
|-ability|p1a: Drake|Intimidate|boost
|-unboost|p2a: Claydol|atk|1
|
|-heal|p2a: Claydol|66/100|[from] item: Leftovers
|upkeep
|turn|108
|inactive|leoperi99 has 270 seconds left.
|inactive|Just_Leonardo has 270 seconds left.
|
|t:|1728413255
|switch|p1a: V|Skarmory, F|74/100
|move|p2a: Claydol|Rapid Spin|p1a: V
|-resisted|p1a: V
|-damage|p1a: V|73/100
|-sideend|p2: leoperi99|Spikes|[from] move: Rapid Spin|[of] p2a: Claydol
|
|-heal|p2a: Claydol|72/100|[from] item: Leftovers
|-heal|p1a: V|79/100|[from] item: Leftovers
|upkeep
|turn|109
|
|t:|1728413260
|switch|p2a: Suicune|Suicune|49/100
|move|p1a: V|Spikes|p2a: Suicune
|-sidestart|p2: leoperi99|Spikes
|
|-heal|p2a: Suicune|55/100|[from] item: Leftovers
|-heal|p1a: V|85/100|[from] item: Leftovers
|upkeep
|turn|110
|
|t:|1728413262
|move|p2a: Suicune|Surf|p1a: V
|-damage|p1a: V|48/100
|move|p1a: V|Roar|p2a: Suicune
|drag|p2a: Claydol|Claydol, shiny|72/100
|
|-heal|p2a: Claydol|79/100|[from] item: Leftovers
|-heal|p1a: V|54/100|[from] item: Leftovers
|upkeep
|turn|111
|
|t:|1728413265
|move|p2a: Claydol|Rapid Spin|p1a: V
|-resisted|p1a: V
|-damage|p1a: V|52/100
|-sideend|p2: leoperi99|Spikes|[from] move: Rapid Spin|[of] p2a: Claydol
|move|p1a: V|Drill Peck|p2a: Claydol
|-damage|p2a: Claydol|57/100
|
|-heal|p2a: Claydol|63/100|[from] item: Leftovers
|-heal|p1a: V|58/100|[from] item: Leftovers
|upkeep
|turn|112
|
|t:|1728413267
|move|p2a: Claydol|Psychic|p1a: V
|-resisted|p1a: V
|-damage|p1a: V|49/100
|move|p1a: V|Spikes|p2a: Claydol
|-sidestart|p2: leoperi99|Spikes
|
|-heal|p2a: Claydol|70/100|[from] item: Leftovers
|-heal|p1a: V|55/100|[from] item: Leftovers
|upkeep
|turn|113
|
|t:|1728413270
|move|p1a: V|Protect|p1a: V
|-singleturn|p1a: V|Protect
|move|p2a: Claydol|Rapid Spin|p1a: V
|-activate|p1a: V|Protect
|
|-heal|p2a: Claydol|76/100|[from] item: Leftovers
|-heal|p1a: V|61/100|[from] item: Leftovers
|upkeep
|turn|114
|
|t:|1728413273
|move|p2a: Claydol|Rapid Spin|p1a: V
|-resisted|p1a: V
|-damage|p1a: V|59/100
|-sideend|p2: leoperi99|Spikes|[from] move: Rapid Spin|[of] p2a: Claydol
|move|p1a: V|Spikes|p2a: Claydol
|-sidestart|p2: leoperi99|Spikes
|
|-heal|p2a: Claydol|82/100|[from] item: Leftovers
|-heal|p1a: V|65/100|[from] item: Leftovers
|upkeep
|turn|115
|
|t:|1728413275
|move|p1a: V|Protect|p1a: V
|-singleturn|p1a: V|Protect
|move|p2a: Claydol|Rapid Spin|p1a: V
|-activate|p1a: V|Protect
|
|-heal|p2a: Claydol|88/100|[from] item: Leftovers
|-heal|p1a: V|71/100|[from] item: Leftovers
|upkeep
|turn|116
|
|t:|1728413277
|move|p2a: Claydol|Rapid Spin|p1a: V
|-resisted|p1a: V
|-damage|p1a: V|69/100
|-sideend|p2: leoperi99|Spikes|[from] move: Rapid Spin|[of] p2a: Claydol
|move|p1a: V|Drill Peck|p2a: Claydol
|-damage|p2a: Claydol|66/100
|
|-heal|p2a: Claydol|72/100|[from] item: Leftovers
|-heal|p1a: V|75/100|[from] item: Leftovers
|upkeep
|turn|117
|
|t:|1728413280
|switch|p2a: Regice|Regice, shiny|40/100 par
|move|p1a: V|Spikes|p2a: Regice
|-sidestart|p2: leoperi99|Spikes
|
|-heal|p1a: V|81/100|[from] item: Leftovers
|-heal|p2a: Regice|46/100 par|[from] item: Leftovers
|upkeep
|turn|118
|
|t:|1728413284
|move|p1a: V|Drill Peck|p2a: Regice
|-damage|p2a: Regice|26/100 par
|move|p2a: Regice|Thunder Wave|p1a: V
|-status|p1a: V|par
|
|-heal|p1a: V|87/100 par|[from] item: Leftovers
|-heal|p2a: Regice|32/100 par|[from] item: Leftovers
|upkeep
|turn|119
|
|t:|1728413290
|switch|p2a: Claydol|Claydol, shiny|72/100
|move|p1a: V|Drill Peck|p2a: Claydol
|-damage|p2a: Claydol|47/100
|
|-heal|p2a: Claydol|53/100|[from] item: Leftovers
|-heal|p1a: V|93/100 par|[from] item: Leftovers
|upkeep
|turn|120
|
|t:|1728413295
|move|p2a: Claydol|Rapid Spin|p1a: V
|-resisted|p1a: V
|-damage|p1a: V|91/100 par
|-sideend|p2: leoperi99|Spikes|[from] move: Rapid Spin|[of] p2a: Claydol
|cant|p1a: V|par
|
|-heal|p2a: Claydol|59/100|[from] item: Leftovers
|-heal|p1a: V|97/100 par|[from] item: Leftovers
|upkeep
|turn|121
|
|t:|1728413301
|switch|p2a: Suicune|Suicune|55/100
|move|p1a: V|Spikes|p2a: Suicune
|-sidestart|p2: leoperi99|Spikes
|
|-heal|p2a: Suicune|61/100|[from] item: Leftovers
|-heal|p1a: V|100/100 par|[from] item: Leftovers
|upkeep
|turn|122
|
|t:|1728413307
|move|p2a: Suicune|Surf|p1a: V
|-damage|p1a: V|62/100 par
|move|p1a: V|Roar|p2a: Suicune
|drag|p2a: Claydol|Claydol, shiny|59/100
|
|-heal|p2a: Claydol|65/100|[from] item: Leftovers
|-heal|p1a: V|68/100 par|[from] item: Leftovers
|upkeep
|turn|123
|
|t:|1728413309
|move|p2a: Claydol|Rapid Spin|p1a: V
|-resisted|p1a: V
|-damage|p1a: V|66/100 par
|-sideend|p2: leoperi99|Spikes|[from] move: Rapid Spin|[of] p2a: Claydol
|move|p1a: V|Drill Peck|p2a: Claydol
|-crit|p2a: Claydol
|-damage|p2a: Claydol|20/100
|
|-heal|p2a: Claydol|26/100|[from] item: Leftovers
|-heal|p1a: V|72/100 par|[from] item: Leftovers
|upkeep
|turn|124
|
|t:|1728413312
|switch|p2a: Suicune|Suicune|61/100
|move|p1a: V|Spikes|p2a: Suicune
|-sidestart|p2: leoperi99|Spikes
|
|-heal|p2a: Suicune|68/100|[from] item: Leftovers
|-heal|p1a: V|78/100 par|[from] item: Leftovers
|upkeep
|turn|125
|
|t:|1728413315
|switch|p1a: Joy|Blissey, F|84/100
|move|p2a: Suicune|Surf|p1a: Joy
|-damage|p1a: Joy|67/100
|
|-heal|p1a: Joy|73/100|[from] item: Leftovers
|-heal|p2a: Suicune|74/100|[from] item: Leftovers
|upkeep
|turn|126
|
|t:|1728413318
|move|p1a: Joy|Seismic Toss|p2a: Suicune
|-damage|p2a: Suicune|49/100
|move|p2a: Suicune|Calm Mind|p2a: Suicune
|-boost|p2a: Suicune|spa|1
|-boost|p2a: Suicune|spd|1
|
|-heal|p1a: Joy|79/100|[from] item: Leftovers
|-heal|p2a: Suicune|55/100|[from] item: Leftovers
|upkeep
|turn|127
|
|t:|1728413324
|move|p1a: Joy|Seismic Toss|p2a: Suicune
|-damage|p2a: Suicune|30/100
|move|p2a: Suicune|Surf|p1a: Joy
|-damage|p1a: Joy|53/100
|
|-heal|p1a: Joy|59/100|[from] item: Leftovers
|-heal|p2a: Suicune|37/100|[from] item: Leftovers
|upkeep
|turn|128
|
|t:|1728413332
|move|p1a: Joy|Seismic Toss|p2a: Suicune
|-damage|p2a: Suicune|12/100
|move|p2a: Suicune|Rest|p2a: Suicune
|-status|p2a: Suicune|slp|[from] move: Rest
|-heal|p2a: Suicune|100/100 slp|[silent]
|
|-heal|p1a: Joy|65/100|[from] item: Leftovers
|upkeep
|turn|129
|
|t:|1728413335
|switch|p1a: V|Skarmory, F|78/100 par
|cant|p2a: Suicune|slp
|
|-heal|p1a: V|84/100 par|[from] item: Leftovers
|upkeep
|turn|130
|
|t:|1728413336
|cant|p2a: Suicune|slp
|move|p1a: V|Roar|p2a: Suicune
|drag|p2a: Regice|Regice, shiny|32/100 par
|-damage|p2a: Regice|19/100 par|[from] Spikes
|
|-heal|p1a: V|90/100 par|[from] item: Leftovers
|-heal|p2a: Regice|25/100 par|[from] item: Leftovers
|upkeep
|turn|131
|
|t:|1728413341
|switch|p2a: Claydol|Claydol, shiny|26/100
|move|p1a: V|Drill Peck|p2a: Claydol
|-damage|p2a: Claydol|4/100
|
|-heal|p2a: Claydol|10/100|[from] item: Leftovers
|-heal|p1a: V|96/100 par|[from] item: Leftovers
|upkeep
|turn|132
|
|t:|1728413348
|move|p2a: Claydol|Rapid Spin|p1a: V
|-resisted|p1a: V
|-damage|p1a: V|94/100 par
|-sideend|p2: leoperi99|Spikes|[from] move: Rapid Spin|[of] p2a: Claydol
|move|p1a: V|Drill Peck|p2a: Claydol
|-damage|p2a: Claydol|0 fnt
|faint|p2a: Claydol
|
|t:|1728413350
|switch|p2a: Regice|Regice, shiny|25/100 par
|
|-heal|p1a: V|99/100 par|[from] item: Leftovers
|-heal|p2a: Regice|32/100 par|[from] item: Leftovers
|upkeep
|turn|133
|
|t:|1728413353
|switch|p2a: Suicune|Suicune|100/100 slp
|move|p1a: V|Spikes|p2a: Suicune
|-sidestart|p2: leoperi99|Spikes
|
|-heal|p1a: V|100/100 par|[from] item: Leftovers
|upkeep
|turn|134
|
|t:|1728413356
|-curestatus|p2a: Suicune|slp|[msg]
|move|p2a: Suicune|Surf|p1a: V
|-damage|p1a: V|58/100 par
|move|p1a: V|Roar|p2a: Suicune
|drag|p2a: Regice|Regice, shiny|32/100 par
|-damage|p2a: Regice|19/100 par|[from] Spikes
|
|-heal|p1a: V|64/100 par|[from] item: Leftovers
|-heal|p2a: Regice|25/100 par|[from] item: Leftovers
|upkeep
|turn|135
|
|t:|1728413365
|move|p1a: V|Drill Peck|p2a: Regice
|-crit|p2a: Regice
|-damage|p2a: Regice|0 fnt
|faint|p2a: Regice
|
|t:|1728413367
|switch|p2a: Suicune|Suicune|100/100
|-damage|p2a: Suicune|88/100|[from] Spikes
|
|-heal|p2a: Suicune|94/100|[from] item: Leftovers
|-heal|p1a: V|70/100 par|[from] item: Leftovers
|upkeep
|turn|136
|
|t:|1728413369
|switch|p1a: Joy|Blissey, F|65/100
|move|p2a: Suicune|Calm Mind|p2a: Suicune
|-boost|p2a: Suicune|spa|1
|-boost|p2a: Suicune|spd|1
|
|-heal|p1a: Joy|71/100|[from] item: Leftovers
|-heal|p2a: Suicune|100/100|[from] item: Leftovers
|upkeep
|turn|137
|
|t:|1728413372
|move|p1a: Joy|Seismic Toss|p2a: Suicune
|-damage|p2a: Suicune|76/100
|move|p2a: Suicune|Calm Mind|p2a: Suicune
|-boost|p2a: Suicune|spa|1
|-boost|p2a: Suicune|spd|1
|
|-heal|p1a: Joy|78/100|[from] item: Leftovers
|-heal|p2a: Suicune|82/100|[from] item: Leftovers
|upkeep
|turn|138
|
|t:|1728413375
|move|p1a: Joy|Thunder Wave|p2a: Suicune
|-status|p2a: Suicune|par
|move|p2a: Suicune|Calm Mind|p2a: Suicune
|-boost|p2a: Suicune|spa|1
|-boost|p2a: Suicune|spd|1
|
|-heal|p1a: Joy|84/100|[from] item: Leftovers
|-heal|p2a: Suicune|88/100 par|[from] item: Leftovers
|upkeep
|turn|139
|
|t:|1728413377
|move|p1a: Joy|Wish|p1a: Joy
|move|p2a: Suicune|Calm Mind|p2a: Suicune
|-boost|p2a: Suicune|spa|1
|-boost|p2a: Suicune|spd|1
|
|-heal|p1a: Joy|90/100|[from] item: Leftovers
|-heal|p2a: Suicune|94/100 par|[from] item: Leftovers
|upkeep
|turn|140
|
|t:|1728413380
|move|p1a: Joy|Thunder Wave|p2a: Suicune
|-fail|p2a: Suicune|par
|move|p2a: Suicune|Calm Mind|p2a: Suicune
|-boost|p2a: Suicune|spa|1
|-boost|p2a: Suicune|spd|1
|
|-heal|p1a: Joy|100/100|[from] move: Wish|[wisher] Joy
|-heal|p2a: Suicune|100/100 par|[from] item: Leftovers
|upkeep
|turn|141
|
|t:|1728413386
|move|p1a: Joy|Wish|p1a: Joy
|move|p2a: Suicune|Calm Mind|p2a: Suicune
|-boost|p2a: Suicune|spa|1
|-boost|p2a: Suicune|spd|1
|
|upkeep
|turn|142
|
|t:|1728413390
|switch|p1a: V|Skarmory, F|70/100 par
|move|p2a: Suicune|Calm Mind|p2a: Suicune
|-boost|p2a: Suicune|spa|0
|-boost|p2a: Suicune|spd|0
|
|-heal|p1a: V|100/100 par|[from] move: Wish|[wisher] Joy
|upkeep
|turn|143
|
|t:|1728413393
|move|p1a: V|Protect|p1a: V
|-singleturn|p1a: V|Protect
|move|p2a: Suicune|Surf|p1a: V
|-activate|p1a: V|Protect
|
|upkeep
|turn|144
|
|t:|1728413396
|move|p2a: Suicune|Surf|p1a: V
|-crit|p1a: V
|-damage|p1a: V|0 fnt
|faint|p1a: V
|
|t:|1728413399
|switch|p1a: Joy|Blissey, F|100/100
|
|upkeep
|turn|145
|
|t:|1728413402
|move|p1a: Joy|Wish|p1a: Joy
|move|p2a: Suicune|Ice Beam|p1a: Joy
|-damage|p1a: Joy|56/100
|
|-heal|p1a: Joy|62/100|[from] item: Leftovers
|upkeep
|turn|146
|
|t:|1728413406
|move|p1a: Joy|Thunder Wave|p2a: Suicune
|-fail|p2a: Suicune|par
|move|p2a: Suicune|Calm Mind|p2a: Suicune
|-boost|p2a: Suicune|spa|0
|-boost|p2a: Suicune|spd|0
|
|-heal|p1a: Joy|100/100|[from] move: Wish|[wisher] Joy
|upkeep
|turn|147
|
|t:|1728413411
|move|p1a: Joy|Wish|p1a: Joy
|move|p2a: Suicune|Calm Mind|p2a: Suicune
|-boost|p2a: Suicune|spa|0
|-boost|p2a: Suicune|spd|0
|
|upkeep
|turn|148
|
|t:|1728413413
|move|p1a: Joy|Thunder Wave|p2a: Suicune
|-fail|p2a: Suicune|par
|move|p2a: Suicune|Calm Mind|p2a: Suicune
|-boost|p2a: Suicune|spa|0
|-boost|p2a: Suicune|spd|0
|
|upkeep
|turn|149
|
|t:|1728413415
|move|p1a: Joy|Thunder Wave|p2a: Suicune
|-fail|p2a: Suicune|par
|move|p2a: Suicune|Surf|p1a: Joy
|-damage|p1a: Joy|37/100
|
|-heal|p1a: Joy|43/100|[from] item: Leftovers
|upkeep
|turn|150
|
|t:|1728413419
|move|p1a: Joy|Wish|p1a: Joy
|move|p2a: Suicune|Surf|p1a: Joy
|-damage|p1a: Joy|0 fnt
|faint|p1a: Joy
|
|t:|1728413421
|switch|p1a: Drake|Salamence, M|100/100
|-ability|p1a: Drake|Intimidate|boost
|-unboost|p2a: Suicune|atk|1
|
|upkeep
|turn|151
|
|t:|1728413423
|move|p1a: Drake|Hidden Power|p2a: Suicune
|-supereffective|p2a: Suicune
|-damage|p2a: Suicune|91/100 par
|move|p2a: Suicune|Ice Beam|p1a: Drake
|-supereffective|p1a: Drake
|-damage|p1a: Drake|0 fnt
|faint|p1a: Drake
|
|win|leoperi99
|c|☆leoperi99|gg

</script>
<script type="application/json" class="data" id="replaydata-smogtours-gen3ou-796434">
{"id":"smogtours-gen3ou-796434","format":"[Gen 3] OU","players":["Just_Leonardo","leoperi99"],"uploadtime":1728413423,"views":152,"formatid":"gen3ou","rating":null,"private":0,"password":null}
</script>

<script defer src="js/replays.js?9d40a366"></script>
