<!DOCTYPE html>
<meta charset="utf-8" />
<meta name="viewport" content="width=device-width" />

<title>[Gen 3] OU: Leeto64 vs. bydy2 - Replays - Pok&eacute;mon Showdown!</title>

<meta name="description" content="Watch a replay of a Pok&eacute;mon battle between Leeto64 and bydy2! Format: [Gen 3] OU; Date: Oct 28, 2024" />
<!--

Hey, you! Looking in the source for the replay log?

You can find them in JSON format, just add `.json` at the end of a replay URL.

https://replay.pokemonshowdown.com/gen7randomdoublesbattle-865046831.json

Or, if you only need the log itself, add `.log` instead:

https://replay.pokemonshowdown.com/gen7randomdoublesbattle-865046831.log

-->

<link rel="stylesheet" href="//pokemonshowdown.com/style/global.css?0.023195364461161105" />
<link rel="stylesheet" href="//play.pokemonshowdown.com/style/font-awesome.css?0.13261647063804238" />
<link rel="stylesheet" href="//play.pokemonshowdown.com/style/battle.css?0.8753245789963631" />
<link rel="stylesheet" href="//play.pokemonshowdown.com/style/utilichart.css?0.8627959624976733" />

<!-- Global site tag (gtag.js) - Google Analytics -->
<script async src="https://www.googletagmanager.com/gtag/js?id=UA-26211653-1"></script>
<script>
  window.dataLayer = window.dataLayer || [];
  function gtag(){dataLayer.push(arguments);}
  gtag('js', new Date());

  gtag('config', 'UA-26211653-1');
</script>
<!-- End Google Analytics -->
<!-- Venatus Ad Manager - Install in <HEAD> of page -->
	<script src="https://hb.vntsm.com/v3/live/ad-manager.min.js" type="text/javascript" data-site-id="642aba63ec9a7b11c3c9c1be" data-mode="scan" async></script>
<!-- / Venatus Ad Manager -->

<style>
	@media (max-width:820px) {
		.battle {
			margin: 0 auto;
		}
		.battle-log {
			margin: 7px auto 0;
			max-width: 640px;
			height: 300px;
			position: static;
		}
	}
	.optgroup {
		display: inline-block;
		line-height: 22px;
		font-size: 10pt;
	}
	.optgroup .button {
		height: 25px;
		padding-top: 0;
		padding-bottom: 0;
	}
	.optgroup button.button {
		padding-left: 12px;
		padding-right: 12px;
	}
	.linklist {
		list-style: none;
		margin: 0.5em 0;
		padding: 0;
	}
	.linklist li {
		padding: 2px 0;
	}
	.sidebar {
		float: left;
		width: 320px;
	}
	.bar-wrapper {
		max-width: 1100px;
		margin: 0 auto;
	}
	.bar-wrapper.has-sidebar {
		max-width: 1430px;
	}
	.mainbar {
		margin: 0;
		padding-right: 1px;
	}
	.mainbar.has-sidebar {
		margin-left: 330px;
	}
	@media (min-width: 1511px) {
		.sidebar {
			width: 400px;
		}
		.bar-wrapper.has-sidebar {
			max-width: 1510px;
		}
		.mainbar.has-sidebar {
			margin-left: 410px;
		}
	}
	.section.first-section {
		margin-top: 9px;
	}
	.blocklink small {
		white-space: normal;
	}
	.button {
		vertical-align: middle;
	}
	.replay-controls {
		padding-top: 10px;
	}
	.replay-controls h1 {
		font-size: 16pt;
		font-weight: normal;
		color: #CCC;
	}
	.pagelink {
		text-align: center;
	}
	.pagelink a {
		width: 150px;
	}
	.textbox, .button {
		font-size: 11pt;
		vertical-align: middle;
	}
	@media (max-width: 450px) {
		.button {
			font-size: 9pt;
		}
	}
</style>

<div>

	<header>
		<div class="nav-wrapper"><ul class="nav">
			<li><a class="button nav-first" href="//pokemonshowdown.com/"><img src="//pokemonshowdown.com/images/pokemonshowdownbeta.png" srcset="//pokemonshowdown.com/images/pokemonshowdownbeta.png 1x, //pokemonshowdown.com/images/pokemonshowdownbeta@2x.png 2x" alt="Pok&eacute;mon Showdown" width="146" height="44" /> Home</a></li>
			<li><a class="button" href="//pokemonshowdown.com/dex/">Pok&eacute;dex</a></li>
			<li><a class="button cur" href="/">Replays</a></li>
			<li><a class="button" href="//pokemonshowdown.com/ladder/">Ladder</a></li>
			<li><a class="button nav-last" href="//pokemonshowdown.com/forums/">Forum</a></li>
			<li><a class="button greenbutton nav-first nav-last" href="//play.pokemonshowdown.com/">Play</a></li>
		</ul></div>
	</header>

	<div class="main" id="main">

		<noscript><section class="section">You need to enable JavaScript to use this page; sorry!</section></noscript>

	</div>

</div>

<script defer nomodule src="//play.pokemonshowdown.com/js/lib/ps-polyfill.js"></script>
<script defer src="//play.pokemonshowdown.com/js/lib/preact.min.js"></script>

<script defer src="//play.pokemonshowdown.com/config/config.js?2bddbc15"></script>
<script defer src="//play.pokemonshowdown.com/js/lib/jquery-1.11.0.min.js"></script>
<script defer src="//play.pokemonshowdown.com/js/lib/html-sanitizer-minified.js"></script>
<script defer src="//play.pokemonshowdown.com/js/battle-sound.js"></script>
<script defer src="//play.pokemonshowdown.com/js/battledata.js?0.7209276989879541"></script>
<script defer src="//play.pokemonshowdown.com/data/pokedex-mini.js?0.6111056340867951"></script>
<script defer src="//play.pokemonshowdown.com/data/pokedex-mini-bw.js?0.3532142036491459"></script>
<script defer src="//play.pokemonshowdown.com/data/graphics.js?0.24223875632456182"></script>
<script defer src="//play.pokemonshowdown.com/data/pokedex.js?0.38839984266356864"></script>
<script defer src="//play.pokemonshowdown.com/data/moves.js?0.21866028504024015"></script>
<script defer src="//play.pokemonshowdown.com/data/abilities.js?0.2005157953846628"></script>
<script defer src="//play.pokemonshowdown.com/data/items.js?0.9894211263848525"></script>
<script defer src="//play.pokemonshowdown.com/data/teambuilder-tables.js?0.6008791140282215"></script>
<script defer src="//play.pokemonshowdown.com/js/battle-tooltips.js?0.7580118955022959"></script>
<script defer src="//play.pokemonshowdown.com/js/battle.js?0.6057722274234274"></script>

<script defer src="js/utils.js?e31f9a17"></script>
<script defer src="js/replays-battle.js?7008c182"></script>

<!-- don't scrape this data! just add .json or .log after the URL!
Full API docs: https://github.com/smogon/pokemon-showdown-client/blob/master/WEB-API.md -->
<script type="text/plain" class="log" id="replaylog-smogtours-gen3ou-803146">
|inactive|Battle timer is ON: inactive players will automatically lose when time's up.
|t:|1730150639
|gametype|singles
|player|p1|Leeto64|supernerd|
|player|p2|bydy2|barry|
|teamsize|p1|6
|teamsize|p2|6
|gen|3
|tier|[Gen 3] OU
|rule|Sleep Clause Mod: Limit one foe put to sleep
|rule|Switch Priority Clause Mod: Faster Pokémon switch first
|rule|Species Clause: Limit one of each Pokémon
|rule|OHKO Clause: OHKO moves are banned
|rule|Evasion Items Clause: Evasion items are banned
|rule|Evasion Moves Clause: Evasion moves are banned
|rule|Endless Battle Clause: Forcing endless battles is banned
|rule|HP Percentage Mod: HP is shown in percentages
|rule|One Boost Passer Clause: Limit one Baton Passer that has a way to boost its stats
|rule|Freeze Clause Mod: Limit one foe frozen
|
|t:|1730150639
|start
|switch|p1a: Salamence|Salamence, F, shiny|100/100
|switch|p2a: Skarmory|Skarmory, M|100/100
|-ability|p1a: Salamence|Intimidate|boost
|-unboost|p2a: Skarmory|atk|1
|turn|1
|c|☆Leeto64|hf
|c|☆bydy2|u2
|
|t:|1730150666
|move|p2a: Skarmory|Protect|p2a: Skarmory
|-singleturn|p2a: Skarmory|Protect
|move|p1a: Salamence|Fire Blast|p2a: Skarmory
|-activate|p2a: Skarmory|Protect
|
|upkeep
|turn|2
|
|t:|1730150678
|switch|p1a: Breloom|Breloom, F|100/100
|switch|p2a: Gengar|Gengar, F|100/100
|
|upkeep
|turn|3
|
|t:|1730150697
|switch|p1a: Porygon2|Porygon2|100/100
|-ability|p1a: Porygon2|Levitate|[from] ability: Trace|[of] p2a: Gengar
|move|p2a: Gengar|Ice Punch|p1a: Porygon2
|-damage|p1a: Porygon2|78/100
|
|-heal|p1a: Porygon2|84/100|[from] item: Leftovers
|upkeep
|turn|4
|
|t:|1730150710
|switch|p2a: Skarmory|Skarmory, M|100/100
|move|p1a: Porygon2|Thunder Wave|p2a: Skarmory
|-status|p2a: Skarmory|par
|
|-heal|p1a: Porygon2|91/100|[from] item: Leftovers
|upkeep
|turn|5
|
|t:|1730150715
|move|p1a: Porygon2|Thunderbolt|p2a: Skarmory
|-supereffective|p2a: Skarmory
|-damage|p2a: Skarmory|58/100 par
|move|p2a: Skarmory|Spikes|p1a: Porygon2
|-sidestart|p1: Leeto64|Spikes
|
|-heal|p1a: Porygon2|97/100|[from] item: Leftovers
|-heal|p2a: Skarmory|64/100 par|[from] item: Leftovers
|upkeep
|turn|6
|
|t:|1730150726
|switch|p1a: Salamence|Salamence, F, shiny|100/100
|-ability|p1a: Salamence|Intimidate|boost
|-unboost|p2a: Skarmory|atk|1
|switch|p2a: Jolteon|Jolteon, F|100/100
|
|upkeep
|turn|7
|
|t:|1730150737
|move|p2a: Jolteon|Baton Pass|p2a: Jolteon
|
|t:|1730150744
|switch|p2a: Gengar|Gengar, F|100/100|[from] Baton Pass
|move|p1a: Salamence|Dragon Claw|p2a: Gengar
|-damage|p2a: Gengar|30/100
|
|-heal|p2a: Gengar|36/100|[from] item: Leftovers
|upkeep
|turn|8
|
|t:|1730150757
|move|p2a: Gengar|Ice Punch|p1a: Salamence
|-supereffective|p1a: Salamence
|-damage|p1a: Salamence|0 fnt
|faint|p1a: Salamence
|
|t:|1730150764
|switch|p1a: Porygon2|Porygon2|97/100
|-damage|p1a: Porygon2|84/100|[from] Spikes
|-ability|p1a: Porygon2|Levitate|[from] ability: Trace|[of] p2a: Gengar
|
|-heal|p2a: Gengar|41/100|[from] item: Leftovers
|-heal|p1a: Porygon2|91/100|[from] item: Leftovers
|upkeep
|turn|9
|inactive|bydy2 has 270 seconds left.
|
|t:|1730150799
|switch|p2a: Skarmory|Skarmory, M|64/100 par
|move|p1a: Porygon2|Ice Beam|p2a: Skarmory
|-damage|p2a: Skarmory|44/100 par
|
|-heal|p1a: Porygon2|97/100|[from] item: Leftovers
|-heal|p2a: Skarmory|50/100 par|[from] item: Leftovers
|upkeep
|turn|10
|
|t:|1730150808
|switch|p2a: Jolteon|Jolteon, F|100/100
|move|p1a: Porygon2|Thunderbolt|p2a: Jolteon
|-immune|p2a: Jolteon|[from] ability: Volt Absorb
|
|-heal|p1a: Porygon2|100/100|[from] item: Leftovers
|upkeep
|turn|11
|
|t:|1730150816
|move|p2a: Jolteon|Thunder Wave|p1a: Porygon2
|-status|p1a: Porygon2|par
|cant|p1a: Porygon2|par
|
|upkeep
|turn|12
|
|t:|1730150824
|move|p2a: Jolteon|Baton Pass|p2a: Jolteon
|
|t:|1730150828
|switch|p2a: Skarmory|Skarmory, M|50/100 par|[from] Baton Pass
|move|p1a: Porygon2|Thunderbolt|p2a: Skarmory
|-supereffective|p2a: Skarmory
|-damage|p2a: Skarmory|11/100 par
|
|-heal|p2a: Skarmory|17/100 par|[from] item: Leftovers
|upkeep
|turn|13
|
|t:|1730150839
|switch|p2a: Tyranitar|Tyranitar, F|100/100
|-weather|Sandstorm|[from] ability: Sand Stream|[of] p2a: Tyranitar
|cant|p1a: Porygon2|par
|
|-weather|Sandstorm|[upkeep]
|-damage|p1a: Porygon2|94/100 par|[from] Sandstorm
|-heal|p1a: Porygon2|100/100 par|[from] item: Leftovers
|upkeep
|turn|14
|
|t:|1730150843
|-singleturn|p2a: Tyranitar|move: Focus Punch
|move|p1a: Porygon2|Thunder Wave|p2a: Tyranitar
|-status|p2a: Tyranitar|par
|move|p2a: Tyranitar|Focus Punch|p1a: Porygon2
|-supereffective|p1a: Porygon2
|-damage|p1a: Porygon2|17/100 par
|
|-weather|Sandstorm|[upkeep]
|-damage|p1a: Porygon2|11/100 par|[from] Sandstorm
|-heal|p1a: Porygon2|17/100 par|[from] item: Leftovers
|upkeep
|turn|15
|
|t:|1730150850
|move|p1a: Porygon2|Recover|p1a: Porygon2
|-heal|p1a: Porygon2|67/100 par
|move|p2a: Tyranitar|Rock Slide|p1a: Porygon2
|-crit|p1a: Porygon2
|-damage|p1a: Porygon2|0 fnt
|faint|p1a: Porygon2
|
|t:|1730150858
|switch|p1a: Breloom|Breloom, F|100/100
|-damage|p1a: Breloom|88/100|[from] Spikes
|
|-weather|Sandstorm|[upkeep]
|-damage|p1a: Breloom|82/100|[from] Sandstorm
|-heal|p1a: Breloom|88/100|[from] item: Leftovers
|upkeep
|turn|16
|
|t:|1730150887
|move|p1a: Breloom|Spore||[still]
|-fail|p1a: Breloom
|cant|p2a: Tyranitar|par
|
|-weather|Sandstorm|[upkeep]
|-damage|p1a: Breloom|82/100|[from] Sandstorm
|-heal|p1a: Breloom|88/100|[from] item: Leftovers
|upkeep
|turn|17
|inactive|bydy2 has 270 seconds left.
|
|t:|1730150912
|switch|p2a: Skarmory|Skarmory, M|17/100 par
|move|p1a: Breloom|Spore||[still]
|-fail|p1a: Breloom
|
|-weather|Sandstorm|[upkeep]
|-damage|p1a: Breloom|82/100|[from] Sandstorm
|-heal|p1a: Breloom|88/100|[from] item: Leftovers
|-heal|p2a: Skarmory|23/100 par|[from] item: Leftovers
|upkeep
|turn|18
|inactive|bydy2 has 270 seconds left.
|
|t:|1730150921
|move|p1a: Breloom|Sky Uppercut|p2a: Skarmory
|-damage|p2a: Skarmory|0 fnt
|faint|p2a: Skarmory
|
|t:|1730150924
|switch|p2a: Gengar|Gengar, F|41/100
|
|-weather|Sandstorm|[upkeep]
|-damage|p2a: Gengar|36/100|[from] Sandstorm
|-damage|p1a: Breloom|82/100|[from] Sandstorm
|-heal|p2a: Gengar|41/100|[from] item: Leftovers
|-heal|p1a: Breloom|88/100|[from] item: Leftovers
|upkeep
|turn|19
|
|t:|1730150928
|move|p2a: Gengar|Ice Punch|p1a: Breloom
|-supereffective|p1a: Breloom
|-damage|p1a: Breloom|0 fnt
|faint|p1a: Breloom
|
|t:|1730150930
|switch|p1a: Takeru|Raikou, shiny|100/100
|-damage|p1a: Takeru|88/100|[from] Spikes
|
|-weather|Sandstorm|[upkeep]
|-damage|p1a: Takeru|82/100|[from] Sandstorm
|-damage|p2a: Gengar|36/100|[from] Sandstorm
|-heal|p1a: Takeru|88/100|[from] item: Leftovers
|-heal|p2a: Gengar|41/100|[from] item: Leftovers
|upkeep
|turn|20
|inactive|bydy2 has 270 seconds left.
|
|t:|1730150964
|move|p1a: Takeru|Substitute|p1a: Takeru
|-start|p1a: Takeru|Substitute
|-damage|p1a: Takeru|63/100
|move|p2a: Gengar|Ice Punch|p1a: Takeru
|-end|p1a: Takeru|Substitute
|
|-weather|Sandstorm|[upkeep]
|-damage|p1a: Takeru|57/100|[from] Sandstorm
|-damage|p2a: Gengar|36/100|[from] Sandstorm
|-heal|p1a: Takeru|63/100|[from] item: Leftovers
|-heal|p2a: Gengar|41/100|[from] item: Leftovers
|upkeep
|turn|21
|
|t:|1730150974
|switch|p2a: Jolteon|Jolteon, F|100/100
|move|p1a: Takeru|Calm Mind|p1a: Takeru
|-boost|p1a: Takeru|spa|1
|-boost|p1a: Takeru|spd|1
|
|-weather|Sandstorm|[upkeep]
|-damage|p2a: Jolteon|94/100|[from] Sandstorm
|-damage|p1a: Takeru|57/100|[from] Sandstorm
|-heal|p2a: Jolteon|100/100|[from] item: Leftovers
|-heal|p1a: Takeru|63/100|[from] item: Leftovers
|upkeep
|turn|22
|
|t:|1730150980
|move|p2a: Jolteon|Thunder Wave|p1a: Takeru
|-status|p1a: Takeru|par
|move|p1a: Takeru|Hidden Power|p2a: Jolteon
|-damage|p2a: Jolteon|56/100
|
|-weather|Sandstorm|[upkeep]
|-damage|p2a: Jolteon|50/100|[from] Sandstorm
|-damage|p1a: Takeru|57/100 par|[from] Sandstorm
|-heal|p2a: Jolteon|56/100|[from] item: Leftovers
|-heal|p1a: Takeru|63/100 par|[from] item: Leftovers
|upkeep
|turn|23
|
|t:|1730150997
|move|p2a: Jolteon|Baton Pass|p2a: Jolteon
|
|t:|1730150999
|switch|p2a: Tyranitar|Tyranitar, F|100/100 par|[from] Baton Pass
|move|p1a: Takeru|Calm Mind|p1a: Takeru
|-boost|p1a: Takeru|spa|1
|-boost|p1a: Takeru|spd|1
|
|-weather|Sandstorm|[upkeep]
|-damage|p1a: Takeru|57/100 par|[from] Sandstorm
|-heal|p1a: Takeru|63/100 par|[from] item: Leftovers
|upkeep
|turn|24
|
|t:|1730151003
|move|p1a: Takeru|Thunderbolt|p2a: Tyranitar
|-damage|p2a: Tyranitar|22/100 par
|move|p2a: Tyranitar|Earthquake|p1a: Takeru
|-supereffective|p1a: Takeru
|-damage|p1a: Takeru|0 fnt
|faint|p1a: Takeru
|
|t:|1730151012
|switch|p1a: Dugtrio|Dugtrio, M|100/100
|-damage|p1a: Dugtrio|88/100|[from] Spikes
|
|-weather|Sandstorm|[upkeep]
|-heal|p2a: Tyranitar|28/100 par|[from] item: Leftovers
|upkeep
|turn|25
|
|t:|1730151015
|move|p1a: Dugtrio|Earthquake|p2a: Tyranitar
|-supereffective|p2a: Tyranitar
|-damage|p2a: Tyranitar|0 fnt
|faint|p2a: Tyranitar
|
|t:|1730151018
|switch|p2a: Gengar|Gengar, F|41/100
|
|-weather|Sandstorm|[upkeep]
|-damage|p2a: Gengar|36/100|[from] Sandstorm
|-heal|p2a: Gengar|41/100|[from] item: Leftovers
|upkeep
|turn|26
|
|t:|1730151022
|move|p2a: Gengar|Ice Punch|p1a: Dugtrio
|-supereffective|p1a: Dugtrio
|-damage|p1a: Dugtrio|7/100
|move|p1a: Dugtrio|Earthquake|p2a: Gengar
|-immune|p2a: Gengar
|
|-weather|Sandstorm|[upkeep]
|-damage|p2a: Gengar|36/100|[from] Sandstorm
|-heal|p2a: Gengar|41/100|[from] item: Leftovers
|upkeep
|turn|27
|
|t:|1730151025
|move|p2a: Gengar|Ice Punch|p1a: Dugtrio
|-supereffective|p1a: Dugtrio
|-damage|p1a: Dugtrio|0 fnt
|faint|p1a: Dugtrio
|
|t:|1730151027
|switch|p1a: Swampert|Swampert, M|100/100
|-damage|p1a: Swampert|88/100|[from] Spikes
|
|-weather|Sandstorm|[upkeep]
|-damage|p2a: Gengar|36/100|[from] Sandstorm
|-heal|p2a: Gengar|41/100|[from] item: Leftovers
|-heal|p1a: Swampert|94/100|[from] item: Leftovers
|upkeep
|turn|28
|
|t:|1730151030
|move|p2a: Gengar|Hidden Power|p1a: Swampert
|-supereffective|p1a: Swampert
|-damage|p1a: Swampert|0 fnt
|faint|p1a: Swampert
|
|win|bydy2
|c|☆Leeto64|gg wp
|c|☆bydy2|ggs

</script>
<script type="application/json" class="data" id="replaydata-smogtours-gen3ou-803146">
{"id":"smogtours-gen3ou-803146","format":"[Gen 3] OU","players":["Leeto64","bydy2"],"uploadtime":1730151030,"views":54,"formatid":"gen3ou","rating":null,"private":0,"password":null}
</script>

<script defer src="js/replays.js?9d40a366"></script>
