<!DOCTYPE html>
<meta charset="utf-8" />
<meta name="viewport" content="width=device-width" />

<title>[Gen 3] OU: dajib vs. Count Sliggoo II - Replays - Pok&eacute;mon Showdown!</title>

<meta name="description" content="Watch a replay of a Pok&eacute;mon battle between dajib and Count Sliggoo II! Format: [Gen 3] OU; Date: Oct 17, 2024" />
<!--

Hey, you! Looking in the source for the replay log?

You can find them in JSON format, just add `.json` at the end of a replay URL.

https://replay.pokemonshowdown.com/gen7randomdoublesbattle-865046831.json

Or, if you only need the log itself, add `.log` instead:

https://replay.pokemonshowdown.com/gen7randomdoublesbattle-865046831.log

-->

<link rel="stylesheet" href="//pokemonshowdown.com/style/global.css?0.023195364461161105" />
<link rel="stylesheet" href="//play.pokemonshowdown.com/style/font-awesome.css?0.13261647063804238" />
<link rel="stylesheet" href="//play.pokemonshowdown.com/style/battle.css?0.8753245789963631" />
<link rel="stylesheet" href="//play.pokemonshowdown.com/style/utilichart.css?0.8627959624976733" />

<!-- Global site tag (gtag.js) - Google Analytics -->
<script async src="https://www.googletagmanager.com/gtag/js?id=UA-26211653-1"></script>
<script>
  window.dataLayer = window.dataLayer || [];
  function gtag(){dataLayer.push(arguments);}
  gtag('js', new Date());

  gtag('config', 'UA-26211653-1');
</script>
<!-- End Google Analytics -->
<!-- Venatus Ad Manager - Install in <HEAD> of page -->
	<script src="https://hb.vntsm.com/v3/live/ad-manager.min.js" type="text/javascript" data-site-id="642aba63ec9a7b11c3c9c1be" data-mode="scan" async></script>
<!-- / Venatus Ad Manager -->

<style>
	@media (max-width:820px) {
		.battle {
			margin: 0 auto;
		}
		.battle-log {
			margin: 7px auto 0;
			max-width: 640px;
			height: 300px;
			position: static;
		}
	}
	.optgroup {
		display: inline-block;
		line-height: 22px;
		font-size: 10pt;
	}
	.optgroup .button {
		height: 25px;
		padding-top: 0;
		padding-bottom: 0;
	}
	.optgroup button.button {
		padding-left: 12px;
		padding-right: 12px;
	}
	.linklist {
		list-style: none;
		margin: 0.5em 0;
		padding: 0;
	}
	.linklist li {
		padding: 2px 0;
	}
	.sidebar {
		float: left;
		width: 320px;
	}
	.bar-wrapper {
		max-width: 1100px;
		margin: 0 auto;
	}
	.bar-wrapper.has-sidebar {
		max-width: 1430px;
	}
	.mainbar {
		margin: 0;
		padding-right: 1px;
	}
	.mainbar.has-sidebar {
		margin-left: 330px;
	}
	@media (min-width: 1511px) {
		.sidebar {
			width: 400px;
		}
		.bar-wrapper.has-sidebar {
			max-width: 1510px;
		}
		.mainbar.has-sidebar {
			margin-left: 410px;
		}
	}
	.section.first-section {
		margin-top: 9px;
	}
	.blocklink small {
		white-space: normal;
	}
	.button {
		vertical-align: middle;
	}
	.replay-controls {
		padding-top: 10px;
	}
	.replay-controls h1 {
		font-size: 16pt;
		font-weight: normal;
		color: #CCC;
	}
	.pagelink {
		text-align: center;
	}
	.pagelink a {
		width: 150px;
	}
	.textbox, .button {
		font-size: 11pt;
		vertical-align: middle;
	}
	@media (max-width: 450px) {
		.button {
			font-size: 9pt;
		}
	}
</style>

<div>

	<header>
		<div class="nav-wrapper"><ul class="nav">
			<li><a class="button nav-first" href="//pokemonshowdown.com/"><img src="//pokemonshowdown.com/images/pokemonshowdownbeta.png" srcset="//pokemonshowdown.com/images/pokemonshowdownbeta.png 1x, //pokemonshowdown.com/images/pokemonshowdownbeta@2x.png 2x" alt="Pok&eacute;mon Showdown" width="146" height="44" /> Home</a></li>
			<li><a class="button" href="//pokemonshowdown.com/dex/">Pok&eacute;dex</a></li>
			<li><a class="button cur" href="/">Replays</a></li>
			<li><a class="button" href="//pokemonshowdown.com/ladder/">Ladder</a></li>
			<li><a class="button nav-last" href="//pokemonshowdown.com/forums/">Forum</a></li>
			<li><a class="button greenbutton nav-first nav-last" href="//play.pokemonshowdown.com/">Play</a></li>
		</ul></div>
	</header>

	<div class="main" id="main">

		<noscript><section class="section">You need to enable JavaScript to use this page; sorry!</section></noscript>

	</div>

</div>

<script defer nomodule src="//play.pokemonshowdown.com/js/lib/ps-polyfill.js"></script>
<script defer src="//play.pokemonshowdown.com/js/lib/preact.min.js"></script>

<script defer src="//play.pokemonshowdown.com/config/config.js?2bddbc15"></script>
<script defer src="//play.pokemonshowdown.com/js/lib/jquery-1.11.0.min.js"></script>
<script defer src="//play.pokemonshowdown.com/js/lib/html-sanitizer-minified.js"></script>
<script defer src="//play.pokemonshowdown.com/js/battle-sound.js"></script>
<script defer src="//play.pokemonshowdown.com/js/battledata.js?0.7209276989879541"></script>
<script defer src="//play.pokemonshowdown.com/data/pokedex-mini.js?0.6111056340867951"></script>
<script defer src="//play.pokemonshowdown.com/data/pokedex-mini-bw.js?0.3532142036491459"></script>
<script defer src="//play.pokemonshowdown.com/data/graphics.js?0.24223875632456182"></script>
<script defer src="//play.pokemonshowdown.com/data/pokedex.js?0.38839984266356864"></script>
<script defer src="//play.pokemonshowdown.com/data/moves.js?0.21866028504024015"></script>
<script defer src="//play.pokemonshowdown.com/data/abilities.js?0.2005157953846628"></script>
<script defer src="//play.pokemonshowdown.com/data/items.js?0.9894211263848525"></script>
<script defer src="//play.pokemonshowdown.com/data/teambuilder-tables.js?0.6008791140282215"></script>
<script defer src="//play.pokemonshowdown.com/js/battle-tooltips.js?0.7580118955022959"></script>
<script defer src="//play.pokemonshowdown.com/js/battle.js?0.6057722274234274"></script>

<script defer src="js/utils.js?e31f9a17"></script>
<script defer src="js/replays-battle.js?7008c182"></script>

<!-- don't scrape this data! just add .json or .log after the URL!
Full API docs: https://github.com/smogon/pokemon-showdown-client/blob/master/WEB-API.md -->
<script type="text/plain" class="log" id="replaylog-smogtours-gen3ou-799421">
|inactive|Battle timer is ON: inactive players will automatically lose when time's up.
|t:|1729208197
|gametype|singles
|player|p1|dajib|170|
|player|p2|Count Sliggoo II|ruinmaniac-gen3rs|
|teamsize|p1|6
|teamsize|p2|6
|gen|3
|tier|[Gen 3] OU
|rule|Sleep Clause Mod: Limit one foe put to sleep
|rule|Switch Priority Clause Mod: Faster Pokémon switch first
|rule|Species Clause: Limit one of each Pokémon
|rule|OHKO Clause: OHKO moves are banned
|rule|Evasion Items Clause: Evasion items are banned
|rule|Evasion Moves Clause: Evasion moves are banned
|rule|Endless Battle Clause: Forcing endless battles is banned
|rule|HP Percentage Mod: HP is shown in percentages
|rule|One Boost Passer Clause: Limit one Baton Passer that has a way to boost its stats
|rule|Freeze Clause Mod: Limit one foe frozen
|
|t:|1729208197
|start
|switch|p1a: Salamence|Salamence, M|100/100
|switch|p2a: Boltbeak|Zapdos|100/100
|-ability|p1a: Salamence|Intimidate|boost
|-unboost|p2a: Boltbeak|atk|1
|turn|1
|c|☆Count Sliggoo II|Glhf.
|
|t:|1729208210
|move|p2a: Boltbeak|Hidden Power|p1a: Salamence
|-supereffective|p1a: Salamence
|-damage|p1a: Salamence|0 fnt
|faint|p1a: Salamence
|
|t:|1729208214
|switch|p1a: Miltank|Miltank, F|100/100
|
|upkeep
|turn|2
|
|t:|1729208227
|move|p2a: Boltbeak|Thunderbolt|p1a: Miltank
|-damage|p1a: Miltank|66/100
|move|p1a: Miltank|Thunder Wave|p2a: Boltbeak
|-status|p2a: Boltbeak|par
|
|-heal|p1a: Miltank|72/100|[from] item: Leftovers
|upkeep
|turn|3
|
|t:|1729208236
|switch|p2a: Despot|Tyranitar, M, shiny|100/100
|-weather|Sandstorm|[from] ability: Sand Stream|[of] p2a: Despot
|move|p1a: Miltank|Seismic Toss|p2a: Despot
|-damage|p2a: Despot|71/100
|
|-weather|Sandstorm|[upkeep]
|-damage|p1a: Miltank|66/100|[from] Sandstorm
|-heal|p1a: Miltank|72/100|[from] item: Leftovers
|upkeep
|turn|4
|
|t:|1729208242
|switch|p1a: Swampert|Swampert, M|100/100
|move|p2a: Despot|Brick Break|p1a: Swampert
|-damage|p1a: Swampert|72/100
|
|-weather|Sandstorm|[upkeep]
|-heal|p1a: Swampert|78/100|[from] item: Leftovers
|upkeep
|turn|5
|
|t:|1729208264
|switch|p2a: Boltbeak|Zapdos|100/100 par
|move|p1a: Swampert|Surf|p2a: Boltbeak
|-damage|p2a: Boltbeak|65/100 par
|
|-weather|Sandstorm|[upkeep]
|-damage|p2a: Boltbeak|59/100 par|[from] Sandstorm
|-heal|p1a: Swampert|84/100|[from] item: Leftovers
|-heal|p2a: Boltbeak|65/100 par|[from] item: Leftovers
|upkeep
|turn|6
|
|t:|1729208277
|move|p1a: Swampert|Ice Beam|p2a: Boltbeak
|-supereffective|p2a: Boltbeak
|-damage|p2a: Boltbeak|19/100 par
|cant|p2a: Boltbeak|par
|
|-weather|Sandstorm|[upkeep]
|-damage|p2a: Boltbeak|12/100 par|[from] Sandstorm
|-heal|p1a: Swampert|91/100|[from] item: Leftovers
|-heal|p2a: Boltbeak|19/100 par|[from] item: Leftovers
|upkeep
|turn|7
|
|t:|1729208287
|switch|p2a: Unfazed|Snorlax, M, shiny|100/100
|move|p1a: Swampert|Surf|p2a: Unfazed
|-damage|p2a: Unfazed|85/100
|
|-weather|Sandstorm|[upkeep]
|-damage|p2a: Unfazed|79/100|[from] Sandstorm
|-heal|p1a: Swampert|97/100|[from] item: Leftovers
|-heal|p2a: Unfazed|85/100|[from] item: Leftovers
|upkeep
|turn|8
|
|t:|1729208299
|switch|p1a: Forretress|Forretress, F|100/100
|move|p2a: Unfazed|Body Slam|p1a: Forretress
|-resisted|p1a: Forretress
|-damage|p1a: Forretress|86/100
|-status|p1a: Forretress|par
|
|-weather|Sandstorm|[upkeep]
|-damage|p2a: Unfazed|79/100|[from] Sandstorm
|-heal|p2a: Unfazed|85/100|[from] item: Leftovers
|-heal|p1a: Forretress|92/100 par|[from] item: Leftovers
|upkeep
|turn|9
|
|t:|1729208304
|switch|p2a: Deadbolt|Magneton|100/100
|move|p1a: Forretress|Spikes|p2a: Deadbolt
|-sidestart|p2: Count Sliggoo II|Spikes
|
|-weather|Sandstorm|[upkeep]
|-heal|p1a: Forretress|99/100 par|[from] item: Leftovers
|upkeep
|turn|10
|
|t:|1729208306
|move|p2a: Deadbolt|Hidden Power|p1a: Forretress
|-supereffective|p1a: Forretress
|-damage|p1a: Forretress|0 fnt
|faint|p1a: Forretress
|
|t:|1729208335
|switch|p1a: Moltres|Moltres|100/100
|
|-weather|Sandstorm|[upkeep]
|-damage|p1a: Moltres|94/100|[from] Sandstorm
|-heal|p1a: Moltres|100/100|[from] item: Leftovers
|upkeep
|turn|11
|
|t:|1729208337
|move|p2a: Deadbolt|Protect|p2a: Deadbolt
|-singleturn|p2a: Deadbolt|Protect
|move|p1a: Moltres|Flamethrower|p2a: Deadbolt
|-activate|p2a: Deadbolt|Protect
|
|-weather|Sandstorm|[upkeep]
|-damage|p1a: Moltres|94/100|[from] Sandstorm
|-heal|p1a: Moltres|100/100|[from] item: Leftovers
|upkeep
|turn|12
|
|t:|1729208349
|move|p1a: Moltres|Flamethrower|p2a: Deadbolt
|-supereffective|p2a: Deadbolt
|-damage|p2a: Deadbolt|0 fnt
|faint|p2a: Deadbolt
|
|t:|1729208371
|switch|p2a: Draco|Salamence, M|100/100
|-ability|p2a: Draco|Intimidate|boost
|-unboost|p1a: Moltres|atk|1
|
|-weather|Sandstorm|[upkeep]
|-damage|p1a: Moltres|94/100|[from] Sandstorm
|-damage|p2a: Draco|94/100|[from] Sandstorm
|-heal|p1a: Moltres|100/100|[from] item: Leftovers
|-heal|p2a: Draco|100/100|[from] item: Leftovers
|upkeep
|turn|13
|
|t:|1729208377
|switch|p1a: Miltank|Miltank, F|72/100
|move|p2a: Draco|Dragon Claw|p1a: Miltank
|-damage|p1a: Miltank|42/100
|
|-weather|Sandstorm|[upkeep]
|-damage|p2a: Draco|94/100|[from] Sandstorm
|-damage|p1a: Miltank|36/100|[from] Sandstorm
|-heal|p2a: Draco|100/100|[from] item: Leftovers
|-heal|p1a: Miltank|42/100|[from] item: Leftovers
|upkeep
|turn|14
|inactive|Count Sliggoo II has 270 seconds left.
|
|t:|1729208417
|move|p2a: Draco|Brick Break|p1a: Miltank
|-supereffective|p1a: Miltank
|-damage|p1a: Miltank|4/100
|move|p1a: Miltank|Milk Drink|p1a: Miltank
|-heal|p1a: Miltank|54/100
|
|-weather|Sandstorm|[upkeep]
|-damage|p2a: Draco|94/100|[from] Sandstorm
|-damage|p1a: Miltank|48/100|[from] Sandstorm
|-heal|p2a: Draco|100/100|[from] item: Leftovers
|-heal|p1a: Miltank|54/100|[from] item: Leftovers
|upkeep
|turn|15
|
|t:|1729208424
|switch|p2a: Despot|Tyranitar, M, shiny|71/100
|-damage|p2a: Despot|59/100|[from] Spikes
|move|p1a: Miltank|Milk Drink|p1a: Miltank
|-heal|p1a: Miltank|100/100
|
|-weather|Sandstorm|[upkeep]
|-damage|p1a: Miltank|94/100|[from] Sandstorm
|-heal|p1a: Miltank|100/100|[from] item: Leftovers
|upkeep
|turn|16
|
|t:|1729208427
|switch|p1a: Swampert|Swampert, M|97/100
|move|p2a: Despot|Brick Break|p1a: Swampert
|-damage|p1a: Swampert|68/100
|
|-weather|Sandstorm|[upkeep]
|-heal|p1a: Swampert|74/100|[from] item: Leftovers
|upkeep
|turn|17
|
|t:|1729208432
|switch|p2a: Boltbeak|Zapdos|19/100 par
|move|p1a: Swampert|Earthquake|p2a: Boltbeak
|-immune|p2a: Boltbeak
|
|-weather|Sandstorm|[upkeep]
|-damage|p2a: Boltbeak|12/100 par|[from] Sandstorm
|-heal|p1a: Swampert|80/100|[from] item: Leftovers
|-heal|p2a: Boltbeak|19/100 par|[from] item: Leftovers
|upkeep
|turn|18
|
|t:|1729208437
|move|p1a: Swampert|Surf|p2a: Boltbeak
|-damage|p2a: Boltbeak|0 fnt
|faint|p2a: Boltbeak
|
|t:|1729208439
|switch|p2a: Unfazed|Snorlax, M, shiny|85/100
|-damage|p2a: Unfazed|72/100|[from] Spikes
|
|-weather|Sandstorm|[upkeep]
|-damage|p2a: Unfazed|66/100|[from] Sandstorm
|-heal|p1a: Swampert|87/100|[from] item: Leftovers
|-heal|p2a: Unfazed|72/100|[from] item: Leftovers
|upkeep
|turn|19
|
|t:|1729208444
|move|p1a: Swampert|Earthquake|p2a: Unfazed
|-crit|p2a: Unfazed
|-damage|p2a: Unfazed|14/100
|move|p2a: Unfazed|Body Slam|p1a: Swampert
|-damage|p1a: Swampert|63/100
|-status|p1a: Swampert|par
|
|-weather|Sandstorm|[upkeep]
|-damage|p2a: Unfazed|8/100|[from] Sandstorm
|-heal|p2a: Unfazed|14/100|[from] item: Leftovers
|-heal|p1a: Swampert|69/100 par|[from] item: Leftovers
|upkeep
|turn|20
|
|t:|1729208451
|move|p1a: Swampert|Protect|p1a: Swampert
|-singleturn|p1a: Swampert|Protect
|move|p2a: Unfazed|Body Slam|p1a: Swampert
|-activate|p1a: Swampert|Protect
|
|-weather|Sandstorm|[upkeep]
|-damage|p2a: Unfazed|8/100|[from] Sandstorm
|-heal|p2a: Unfazed|14/100|[from] item: Leftovers
|-heal|p1a: Swampert|75/100 par|[from] item: Leftovers
|upkeep
|turn|21
|
|t:|1729208455
|move|p2a: Unfazed|Self-Destruct|p1a: Swampert
|-damage|p1a: Swampert|0 fnt
|faint|p2a: Unfazed
|faint|p1a: Swampert
|
|t:|1729208461
|switch|p1a: Moltres|Moltres|100/100
|switch|p2a: Despot|Tyranitar, M, shiny|59/100
|-damage|p2a: Despot|47/100|[from] Spikes
|
|-weather|Sandstorm|[upkeep]
|-damage|p1a: Moltres|94/100|[from] Sandstorm
|-heal|p1a: Moltres|100/100|[from] item: Leftovers
|upkeep
|turn|22
|
|t:|1729208489
|move|p1a: Moltres|Will-O-Wisp|p2a: Despot
|-status|p2a: Despot|brn
|move|p2a: Despot|Rock Slide|p1a: Moltres
|-supereffective|p1a: Moltres
|-damage|p1a: Moltres|0 fnt
|faint|p1a: Moltres
|
|t:|1729208494
|switch|p1a: Miltank|Miltank, F|100/100
|
|-weather|Sandstorm|[upkeep]
|-damage|p1a: Miltank|94/100|[from] Sandstorm
|-damage|p2a: Despot|34/100 brn|[from] brn
|-heal|p1a: Miltank|100/100|[from] item: Leftovers
|upkeep
|turn|23
|
|t:|1729208496
|move|p2a: Despot|Rock Slide|p1a: Miltank
|-damage|p1a: Miltank|75/100
|move|p1a: Miltank|Seismic Toss|p2a: Despot
|-damage|p2a: Despot|5/100 brn
|
|-weather|Sandstorm|[upkeep]
|-damage|p1a: Miltank|69/100|[from] Sandstorm
|-damage|p2a: Despot|0 fnt|[from] brn
|faint|p2a: Despot
|-heal|p1a: Miltank|75/100|[from] item: Leftovers
|upkeep
|inactive|Count Sliggoo II has 270 seconds left.
|
|t:|1729208537
|switch|p2a: Gigaton|Metagross, shiny|100/100
|-damage|p2a: Gigaton|88/100|[from] Spikes
|turn|24
|
|t:|1729208544
|switch|p1a: Houndoom|Houndoom, M|100/100
|move|p2a: Gigaton|Meteor Mash|p1a: Houndoom
|-resisted|p1a: Houndoom
|-damage|p1a: Houndoom|46/100
|
|-weather|Sandstorm|[upkeep]
|-damage|p1a: Houndoom|39/100|[from] Sandstorm
|-heal|p1a: Houndoom|46/100|[from] item: Leftovers
|-heal|p2a: Gigaton|94/100|[from] item: Leftovers
|upkeep
|turn|25
|inactive|Count Sliggoo II has 270 seconds left.
|
|t:|1729208555
|switch|p2a: Draco|Salamence, M|100/100
|-ability|p2a: Draco|Intimidate|boost
|-unboost|p1a: Houndoom|atk|1
|move|p1a: Houndoom|Fire Blast|p2a: Draco
|-resisted|p2a: Draco
|-damage|p2a: Draco|65/100
|
|-weather|Sandstorm|[upkeep]
|-damage|p1a: Houndoom|39/100|[from] Sandstorm
|-damage|p2a: Draco|59/100|[from] Sandstorm
|-heal|p1a: Houndoom|46/100|[from] item: Leftovers
|-heal|p2a: Draco|65/100|[from] item: Leftovers
|upkeep
|turn|26
|inactive|Count Sliggoo II has 270 seconds left.
|
|t:|1729208567
|move|p1a: Houndoom|Crunch|p2a: Draco
|-damage|p2a: Draco|15/100
|move|p2a: Draco|Brick Break|p1a: Houndoom
|-supereffective|p1a: Houndoom
|-damage|p1a: Houndoom|0 fnt
|faint|p1a: Houndoom
|
|t:|1729208569
|switch|p1a: Miltank|Miltank, F|75/100
|
|-weather|Sandstorm|[upkeep]
|-damage|p2a: Draco|9/100|[from] Sandstorm
|-damage|p1a: Miltank|69/100|[from] Sandstorm
|-heal|p2a: Draco|15/100|[from] item: Leftovers
|-heal|p1a: Miltank|75/100|[from] item: Leftovers
|upkeep
|turn|27
|c|☆dajib|gg
|-message|dajib forfeited.
|
|win|Count Sliggoo II
|c|☆Count Sliggoo II|Gg.

</script>
<script type="application/json" class="data" id="replaydata-smogtours-gen3ou-799421">
{"id":"smogtours-gen3ou-799421","format":"[Gen 3] OU","players":["dajib","Count Sliggoo II"],"uploadtime":1729208577,"views":73,"formatid":"gen3ou","rating":null,"private":0,"password":null}
</script>

<script defer src="js/replays.js?9d40a366"></script>
