<!DOCTYPE html>
<meta charset="utf-8" />
<meta name="viewport" content="width=device-width" />

<title>[Gen 3] OU: Quarante8 vs. dicerat8 - Replays - Pok&eacute;mon Showdown!</title>

<meta name="description" content="Watch a replay of a Pok&eacute;mon battle between Quarante8 and dicerat8! Format: [Gen 3] OU; Date: Oct 25, 2024" />
<!--

Hey, you! Looking in the source for the replay log?

You can find them in JSON format, just add `.json` at the end of a replay URL.

https://replay.pokemonshowdown.com/gen7randomdoublesbattle-865046831.json

Or, if you only need the log itself, add `.log` instead:

https://replay.pokemonshowdown.com/gen7randomdoublesbattle-865046831.log

-->

<link rel="stylesheet" href="//pokemonshowdown.com/style/global.css?0.023195364461161105" />
<link rel="stylesheet" href="//play.pokemonshowdown.com/style/font-awesome.css?0.13261647063804238" />
<link rel="stylesheet" href="//play.pokemonshowdown.com/style/battle.css?0.8753245789963631" />
<link rel="stylesheet" href="//play.pokemonshowdown.com/style/utilichart.css?0.8627959624976733" />

<!-- Global site tag (gtag.js) - Google Analytics -->
<script async src="https://www.googletagmanager.com/gtag/js?id=UA-26211653-1"></script>
<script>
  window.dataLayer = window.dataLayer || [];
  function gtag(){dataLayer.push(arguments);}
  gtag('js', new Date());

  gtag('config', 'UA-26211653-1');
</script>
<!-- End Google Analytics -->
<!-- Venatus Ad Manager - Install in <HEAD> of page -->
	<script src="https://hb.vntsm.com/v3/live/ad-manager.min.js" type="text/javascript" data-site-id="642aba63ec9a7b11c3c9c1be" data-mode="scan" async></script>
<!-- / Venatus Ad Manager -->

<style>
	@media (max-width:820px) {
		.battle {
			margin: 0 auto;
		}
		.battle-log {
			margin: 7px auto 0;
			max-width: 640px;
			height: 300px;
			position: static;
		}
	}
	.optgroup {
		display: inline-block;
		line-height: 22px;
		font-size: 10pt;
	}
	.optgroup .button {
		height: 25px;
		padding-top: 0;
		padding-bottom: 0;
	}
	.optgroup button.button {
		padding-left: 12px;
		padding-right: 12px;
	}
	.linklist {
		list-style: none;
		margin: 0.5em 0;
		padding: 0;
	}
	.linklist li {
		padding: 2px 0;
	}
	.sidebar {
		float: left;
		width: 320px;
	}
	.bar-wrapper {
		max-width: 1100px;
		margin: 0 auto;
	}
	.bar-wrapper.has-sidebar {
		max-width: 1430px;
	}
	.mainbar {
		margin: 0;
		padding-right: 1px;
	}
	.mainbar.has-sidebar {
		margin-left: 330px;
	}
	@media (min-width: 1511px) {
		.sidebar {
			width: 400px;
		}
		.bar-wrapper.has-sidebar {
			max-width: 1510px;
		}
		.mainbar.has-sidebar {
			margin-left: 410px;
		}
	}
	.section.first-section {
		margin-top: 9px;
	}
	.blocklink small {
		white-space: normal;
	}
	.button {
		vertical-align: middle;
	}
	.replay-controls {
		padding-top: 10px;
	}
	.replay-controls h1 {
		font-size: 16pt;
		font-weight: normal;
		color: #CCC;
	}
	.pagelink {
		text-align: center;
	}
	.pagelink a {
		width: 150px;
	}
	.textbox, .button {
		font-size: 11pt;
		vertical-align: middle;
	}
	@media (max-width: 450px) {
		.button {
			font-size: 9pt;
		}
	}
</style>

<div>

	<header>
		<div class="nav-wrapper"><ul class="nav">
			<li><a class="button nav-first" href="//pokemonshowdown.com/"><img src="//pokemonshowdown.com/images/pokemonshowdownbeta.png" srcset="//pokemonshowdown.com/images/pokemonshowdownbeta.png 1x, //pokemonshowdown.com/images/pokemonshowdownbeta@2x.png 2x" alt="Pok&eacute;mon Showdown" width="146" height="44" /> Home</a></li>
			<li><a class="button" href="//pokemonshowdown.com/dex/">Pok&eacute;dex</a></li>
			<li><a class="button cur" href="/">Replays</a></li>
			<li><a class="button" href="//pokemonshowdown.com/ladder/">Ladder</a></li>
			<li><a class="button nav-last" href="//pokemonshowdown.com/forums/">Forum</a></li>
			<li><a class="button greenbutton nav-first nav-last" href="//play.pokemonshowdown.com/">Play</a></li>
		</ul></div>
	</header>

	<div class="main" id="main">

		<noscript><section class="section">You need to enable JavaScript to use this page; sorry!</section></noscript>

	</div>

</div>

<script defer nomodule src="//play.pokemonshowdown.com/js/lib/ps-polyfill.js"></script>
<script defer src="//play.pokemonshowdown.com/js/lib/preact.min.js"></script>

<script defer src="//play.pokemonshowdown.com/config/config.js?2bddbc15"></script>
<script defer src="//play.pokemonshowdown.com/js/lib/jquery-1.11.0.min.js"></script>
<script defer src="//play.pokemonshowdown.com/js/lib/html-sanitizer-minified.js"></script>
<script defer src="//play.pokemonshowdown.com/js/battle-sound.js"></script>
<script defer src="//play.pokemonshowdown.com/js/battledata.js?0.7209276989879541"></script>
<script defer src="//play.pokemonshowdown.com/data/pokedex-mini.js?0.6111056340867951"></script>
<script defer src="//play.pokemonshowdown.com/data/pokedex-mini-bw.js?0.3532142036491459"></script>
<script defer src="//play.pokemonshowdown.com/data/graphics.js?0.24223875632456182"></script>
<script defer src="//play.pokemonshowdown.com/data/pokedex.js?0.38839984266356864"></script>
<script defer src="//play.pokemonshowdown.com/data/moves.js?0.21866028504024015"></script>
<script defer src="//play.pokemonshowdown.com/data/abilities.js?0.2005157953846628"></script>
<script defer src="//play.pokemonshowdown.com/data/items.js?0.9894211263848525"></script>
<script defer src="//play.pokemonshowdown.com/data/teambuilder-tables.js?0.6008791140282215"></script>
<script defer src="//play.pokemonshowdown.com/js/battle-tooltips.js?0.7580118955022959"></script>
<script defer src="//play.pokemonshowdown.com/js/battle.js?0.6057722274234274"></script>

<script defer src="js/utils.js?e31f9a17"></script>
<script defer src="js/replays-battle.js?7008c182"></script>

<!-- don't scrape this data! just add .json or .log after the URL!
Full API docs: https://github.com/smogon/pokemon-showdown-client/blob/master/WEB-API.md -->
<script type="text/plain" class="log" id="replaylog-smogtours-gen3ou-801785">
|inactive|Battle timer is ON: inactive players will automatically lose when time's up.
|t:|1729853865
|gametype|singles
|player|p1|Quarante8|pilot|
|player|p2|dicerat8|eusine|
|teamsize|p1|6
|teamsize|p2|6
|gen|3
|tier|[Gen 3] OU
|rule|Sleep Clause Mod: Limit one foe put to sleep
|rule|Switch Priority Clause Mod: Faster Pokémon switch first
|rule|Species Clause: Limit one of each Pokémon
|rule|OHKO Clause: OHKO moves are banned
|rule|Evasion Items Clause: Evasion items are banned
|rule|Evasion Moves Clause: Evasion moves are banned
|rule|Endless Battle Clause: Forcing endless battles is banned
|rule|HP Percentage Mod: HP is shown in percentages
|rule|One Boost Passer Clause: Limit one Baton Passer that has a way to boost its stats
|rule|Freeze Clause Mod: Limit one foe frozen
|
|t:|1729853865
|start
|switch|p1a: Stormraider|Tyranitar, M|100/100
|switch|p2a: Medicham|Medicham, M|100/100
|-weather|Sandstorm|[from] ability: Sand Stream|[of] p1a: Stormraider
|turn|1
|c|☆Quarante8|hf!
|c|☆dicerat8|you too
|
|t:|1729853877
|switch|p1a: Mend the Fields|Claydol|100/100
|move|p2a: Medicham|Substitute|p2a: Medicham
|-start|p2a: Medicham|Substitute
|-damage|p2a: Medicham|76/100
|
|-weather|Sandstorm|[upkeep]
|-damage|p2a: Medicham|70/100|[from] Sandstorm
|-heal|p2a: Medicham|76/100|[from] item: Leftovers
|upkeep
|turn|2
|
|t:|1729853883
|-singleturn|p2a: Medicham|move: Focus Punch
|move|p1a: Mend the Fields|Earthquake|p2a: Medicham
|-end|p2a: Medicham|Substitute
|move|p2a: Medicham|Focus Punch|p1a: Mend the Fields
|-resisted|p1a: Mend the Fields
|-damage|p1a: Mend the Fields|51/100
|
|-weather|Sandstorm|[upkeep]
|-damage|p2a: Medicham|70/100|[from] Sandstorm
|-heal|p2a: Medicham|76/100|[from] item: Leftovers
|-heal|p1a: Mend the Fields|57/100|[from] item: Leftovers
|upkeep
|turn|3
|
|t:|1729853902
|switch|p2a: Salamence|Salamence, F|100/100
|-ability|p2a: Salamence|Intimidate|boost
|-unboost|p1a: Mend the Fields|atk|1
|switch|p1a: Spread the Rot|Skarmory, F|100/100
|
|-weather|Sandstorm|[upkeep]
|-damage|p2a: Salamence|94/100|[from] Sandstorm
|-heal|p2a: Salamence|100/100|[from] item: Leftovers
|upkeep
|turn|4
|
|t:|1729853911
|switch|p2a: Tyranitar|Tyranitar, M|100/100
|move|p1a: Spread the Rot|Spikes|p2a: Tyranitar
|-sidestart|p2: dicerat8|Spikes
|
|-weather|Sandstorm|[upkeep]
|upkeep
|turn|5
|
|t:|1729853917
|move|p1a: Spread the Rot|Spikes|p2a: Tyranitar
|-sidestart|p2: dicerat8|Spikes
|move|p2a: Tyranitar|Flamethrower|p1a: Spread the Rot
|-supereffective|p1a: Spread the Rot
|-damage|p1a: Spread the Rot|47/100
|
|-weather|Sandstorm|[upkeep]
|-heal|p1a: Spread the Rot|53/100|[from] item: Leftovers
|upkeep
|turn|6
|
|t:|1729853925
|switch|p2a: Magneton|Magneton|100/100
|-damage|p2a: Magneton|84/100|[from] Spikes
|move|p1a: Spread the Rot|Protect||[still]
|-fail|p1a: Spread the Rot
|
|-weather|Sandstorm|[upkeep]
|-heal|p1a: Spread the Rot|59/100|[from] item: Leftovers
|upkeep
|turn|7
|
|t:|1729853927
|move|p1a: Spread the Rot|Protect|p1a: Spread the Rot
|-singleturn|p1a: Spread the Rot|Protect
|move|p2a: Magneton|Thunderbolt|p1a: Spread the Rot
|-activate|p1a: Spread the Rot|Protect
|
|-weather|Sandstorm|[upkeep]
|-heal|p1a: Spread the Rot|65/100|[from] item: Leftovers
|upkeep
|turn|8
|
|t:|1729853930
|move|p1a: Spread the Rot|Protect||[still]
|-fail|p1a: Spread the Rot
|move|p2a: Magneton|Thunderbolt|p1a: Spread the Rot
|-supereffective|p1a: Spread the Rot
|-damage|p1a: Spread the Rot|0 fnt
|faint|p1a: Spread the Rot
|
|t:|1729853938
|switch|p1a: Mend the Fields|Claydol|57/100
|
|-weather|Sandstorm|[upkeep]
|-heal|p1a: Mend the Fields|63/100|[from] item: Leftovers
|upkeep
|turn|9
|
|t:|1729853941
|move|p2a: Magneton|Hidden Power|p1a: Mend the Fields
|-supereffective|p1a: Mend the Fields
|-damage|p1a: Mend the Fields|16/100
|move|p1a: Mend the Fields|Earthquake|p2a: Magneton
|-supereffective|p2a: Magneton
|-damage|p2a: Magneton|0 fnt
|faint|p2a: Magneton
|
|t:|1729853945
|switch|p2a: Salamence|Salamence, F|100/100
|-ability|p2a: Salamence|Intimidate|boost
|-unboost|p1a: Mend the Fields|atk|1
|
|-weather|Sandstorm|[upkeep]
|-damage|p2a: Salamence|94/100|[from] Sandstorm
|-heal|p2a: Salamence|100/100|[from] item: Leftovers
|-heal|p1a: Mend the Fields|22/100|[from] item: Leftovers
|upkeep
|turn|10
|
|t:|1729853953
|switch|p1a: Serendipity|Blissey, F|100/100
|move|p2a: Salamence|Hidden Power|p1a: Serendipity
|-damage|p1a: Serendipity|60/100
|
|-weather|Sandstorm|[upkeep]
|-damage|p2a: Salamence|94/100|[from] Sandstorm
|-damage|p1a: Serendipity|53/100|[from] Sandstorm
|-heal|p2a: Salamence|100/100|[from] item: Leftovers
|-heal|p1a: Serendipity|60/100|[from] item: Leftovers
|upkeep
|turn|11
|
|t:|1729853959
|switch|p2a: Metagross|Metagross|100/100
|-damage|p2a: Metagross|84/100|[from] Spikes
|move|p1a: Serendipity|Ice Beam|p2a: Metagross
|-resisted|p2a: Metagross
|-damage|p2a: Metagross|70/100
|
|-weather|Sandstorm|[upkeep]
|-damage|p1a: Serendipity|53/100|[from] Sandstorm
|-heal|p1a: Serendipity|60/100|[from] item: Leftovers
|upkeep
|turn|12
|
|t:|1729853962
|switch|p1a: Resilience|Jirachi|100/100
|move|p2a: Metagross|Agility|p2a: Metagross
|-boost|p2a: Metagross|spe|2
|
|-weather|Sandstorm|[upkeep]
|upkeep
|turn|13
|
|t:|1729853964
|move|p2a: Metagross|Earthquake|p1a: Resilience
|-supereffective|p1a: Resilience
|-damage|p1a: Resilience|49/100
|move|p1a: Resilience|Wish|p1a: Resilience
|
|-weather|Sandstorm|[upkeep]
|-heal|p1a: Resilience|55/100|[from] item: Leftovers
|upkeep
|turn|14
|
|t:|1729853969
|move|p1a: Resilience|Protect|p1a: Resilience
|-singleturn|p1a: Resilience|Protect
|move|p2a: Metagross|Meteor Mash|p1a: Resilience
|-activate|p1a: Resilience|Protect
|
|-heal|p1a: Resilience|100/100|[from] move: Wish|[wisher] Resilience
|-weather|Sandstorm|[upkeep]
|upkeep
|turn|15
|
|t:|1729853972
|move|p2a: Metagross|Earthquake|p1a: Resilience
|-supereffective|p1a: Resilience
|-crit|p1a: Resilience
|-damage|p1a: Resilience|0 fnt
|faint|p1a: Resilience
|c|☆dicerat8|mb
|c|☆Quarante8|XD
|c|☆Quarante8|w/e ig
|
|t:|1729853993
|switch|p1a: Stormraider|Tyranitar, M|100/100
|
|-weather|Sandstorm|[upkeep]
|upkeep
|turn|16
|
|t:|1729853995
|move|p2a: Metagross|Meteor Mash|p1a: Stormraider|[miss]
|-miss|p2a: Metagross|p1a: Stormraider
|move|p1a: Stormraider|Earthquake|p2a: Metagross
|-supereffective|p2a: Metagross
|-damage|p2a: Metagross|9/100
|
|-weather|Sandstorm|[upkeep]
|upkeep
|turn|17
|
|t:|1729853997
|move|p2a: Metagross|Meteor Mash|p1a: Stormraider
|-supereffective|p1a: Stormraider
|-damage|p1a: Stormraider|6/100
|move|p1a: Stormraider|Earthquake|p2a: Metagross
|-supereffective|p2a: Metagross
|-damage|p2a: Metagross|0 fnt
|faint|p2a: Metagross
|
|t:|1729854003
|switch|p2a: Medicham|Medicham, M|76/100
|-damage|p2a: Medicham|59/100|[from] Spikes
|
|-weather|Sandstorm|[upkeep]
|-damage|p2a: Medicham|53/100|[from] Sandstorm
|-heal|p2a: Medicham|59/100|[from] item: Leftovers
|-heal|p1a: Stormraider|12/100|[from] item: Leftovers
|upkeep
|turn|18
|
|t:|1729854005
|move|p2a: Medicham|Brick Break|p1a: Stormraider
|-supereffective|p1a: Stormraider
|-damage|p1a: Stormraider|0 fnt
|faint|p1a: Stormraider
|
|t:|1729854010
|switch|p1a: Finale|Aerodactyl, F|100/100
|
|-weather|Sandstorm|[upkeep]
|-damage|p2a: Medicham|53/100|[from] Sandstorm
|-heal|p2a: Medicham|59/100|[from] item: Leftovers
|upkeep
|turn|19
|
|t:|1729854021
|move|p1a: Finale|Double-Edge|p2a: Medicham
|-damage|p2a: Medicham|0 fnt
|faint|p2a: Medicham
|
|t:|1729854023
|switch|p2a: Salamence|Salamence, F|100/100
|-ability|p2a: Salamence|Intimidate|boost
|-unboost|p1a: Finale|atk|1
|
|-weather|Sandstorm|[upkeep]
|-damage|p2a: Salamence|94/100|[from] Sandstorm
|-heal|p2a: Salamence|100/100|[from] item: Leftovers
|upkeep
|turn|20
|
|t:|1729854028
|move|p1a: Finale|Double-Edge|p2a: Salamence
|-damage|p2a: Salamence|62/100
|move|p2a: Salamence|Dragon Dance|p2a: Salamence
|-boost|p2a: Salamence|atk|1
|-boost|p2a: Salamence|spe|1
|
|-weather|Sandstorm|[upkeep]
|-damage|p2a: Salamence|56/100|[from] Sandstorm
|-heal|p2a: Salamence|62/100|[from] item: Leftovers
|upkeep
|turn|21
|
|t:|1729854034
|move|p2a: Salamence|Dragon Dance|p2a: Salamence
|-boost|p2a: Salamence|atk|1
|-boost|p2a: Salamence|spe|1
|move|p1a: Finale|Double-Edge|p2a: Salamence
|-damage|p2a: Salamence|22/100
|
|-weather|Sandstorm|[upkeep]
|-damage|p2a: Salamence|16/100|[from] Sandstorm
|-heal|p2a: Salamence|22/100|[from] item: Leftovers
|upkeep
|turn|22
|
|t:|1729854038
|move|p2a: Salamence|Hidden Power|p1a: Finale
|-resisted|p1a: Finale
|-damage|p1a: Finale|30/100
|move|p1a: Finale|Double-Edge|p2a: Salamence
|-damage|p2a: Salamence|0 fnt
|faint|p2a: Salamence
|
|t:|1729854041
|switch|p2a: Tyranitar|Tyranitar, M|100/100
|-damage|p2a: Tyranitar|84/100|[from] Spikes
|
|-weather|Sandstorm|[upkeep]
|-heal|p2a: Tyranitar|90/100|[from] item: Leftovers
|upkeep
|turn|23
|
|t:|1729854045
|-activate|p1a: Finale|move: Pursuit
|move|p2a: Tyranitar|Pursuit|p1a: Finale|[from]Pursuit
|-damage|p1a: Finale|0 fnt
|faint|p1a: Finale
|-hint|Previously chosen switches continue in Gen 2-4 after a Pursuit target faints.
|switch|p1a: Serendipity|Blissey, F|60/100
|
|-weather|Sandstorm|[upkeep]
|-damage|p1a: Serendipity|53/100|[from] Sandstorm
|-heal|p2a: Tyranitar|97/100|[from] item: Leftovers
|-heal|p1a: Serendipity|60/100|[from] item: Leftovers
|upkeep
|turn|24
|
|t:|1729854051
|move|p2a: Tyranitar|Earthquake|p1a: Serendipity
|-damage|p1a: Serendipity|29/100
|move|p1a: Serendipity|Soft-Boiled|p1a: Serendipity
|-heal|p1a: Serendipity|79/100
|
|-weather|Sandstorm|[upkeep]
|-damage|p1a: Serendipity|73/100|[from] Sandstorm
|-heal|p2a: Tyranitar|100/100|[from] item: Leftovers
|-heal|p1a: Serendipity|79/100|[from] item: Leftovers
|upkeep
|turn|25
|
|t:|1729854054
|move|p2a: Tyranitar|Earthquake|p1a: Serendipity
|-damage|p1a: Serendipity|48/100
|move|p1a: Serendipity|Soft-Boiled|p1a: Serendipity
|-heal|p1a: Serendipity|98/100
|
|-weather|Sandstorm|[upkeep]
|-damage|p1a: Serendipity|92/100|[from] Sandstorm
|-heal|p1a: Serendipity|98/100|[from] item: Leftovers
|upkeep
|turn|26
|
|t:|1729854057
|move|p2a: Tyranitar|Crunch|p1a: Serendipity
|-damage|p1a: Serendipity|83/100
|move|p1a: Serendipity|Calm Mind|p1a: Serendipity
|-boost|p1a: Serendipity|spa|1
|-boost|p1a: Serendipity|spd|1
|
|-weather|Sandstorm|[upkeep]
|-damage|p1a: Serendipity|77/100|[from] Sandstorm
|-heal|p1a: Serendipity|83/100|[from] item: Leftovers
|upkeep
|turn|27
|
|t:|1729854059
|move|p2a: Tyranitar|Earthquake|p1a: Serendipity
|-damage|p1a: Serendipity|51/100
|move|p1a: Serendipity|Ice Beam|p2a: Tyranitar
|-damage|p2a: Tyranitar|69/100
|
|-weather|Sandstorm|[upkeep]
|-damage|p1a: Serendipity|44/100|[from] Sandstorm
|-heal|p2a: Tyranitar|75/100|[from] item: Leftovers
|-heal|p1a: Serendipity|51/100|[from] item: Leftovers
|upkeep
|turn|28
|
|t:|1729854062
|move|p2a: Tyranitar|Earthquake|p1a: Serendipity
|-damage|p1a: Serendipity|19/100
|move|p1a: Serendipity|Soft-Boiled|p1a: Serendipity
|-heal|p1a: Serendipity|69/100
|
|-weather|Sandstorm|[upkeep]
|-damage|p1a: Serendipity|63/100|[from] Sandstorm
|-heal|p2a: Tyranitar|82/100|[from] item: Leftovers
|-heal|p1a: Serendipity|69/100|[from] item: Leftovers
|upkeep
|turn|29
|
|t:|1729854064
|move|p2a: Tyranitar|Earthquake|p1a: Serendipity
|-damage|p1a: Serendipity|38/100
|move|p1a: Serendipity|Soft-Boiled|p1a: Serendipity
|-heal|p1a: Serendipity|88/100
|
|-weather|Sandstorm|[upkeep]
|-damage|p1a: Serendipity|82/100|[from] Sandstorm
|-heal|p2a: Tyranitar|88/100|[from] item: Leftovers
|-heal|p1a: Serendipity|88/100|[from] item: Leftovers
|upkeep
|turn|30
|
|t:|1729854067
|move|p2a: Tyranitar|Earthquake|p1a: Serendipity
|-damage|p1a: Serendipity|56/100
|move|p1a: Serendipity|Soft-Boiled|p1a: Serendipity
|-heal|p1a: Serendipity|100/100
|
|-weather|Sandstorm|[upkeep]
|-damage|p1a: Serendipity|94/100|[from] Sandstorm
|-heal|p2a: Tyranitar|94/100|[from] item: Leftovers
|-heal|p1a: Serendipity|100/100|[from] item: Leftovers
|upkeep
|turn|31
|
|t:|1729854070
|move|p2a: Tyranitar|Earthquake|p1a: Serendipity
|-damage|p1a: Serendipity|70/100
|move|p1a: Serendipity|Calm Mind|p1a: Serendipity
|-boost|p1a: Serendipity|spa|1
|-boost|p1a: Serendipity|spd|1
|
|-weather|Sandstorm|[upkeep]
|-damage|p1a: Serendipity|64/100|[from] Sandstorm
|-heal|p2a: Tyranitar|99/100|[from] item: Leftovers
|-heal|p1a: Serendipity|70/100|[from] item: Leftovers
|upkeep
|turn|32
|
|t:|1729854072
|move|p2a: Tyranitar|Earthquake|p1a: Serendipity
|-damage|p1a: Serendipity|39/100
|move|p1a: Serendipity|Soft-Boiled|p1a: Serendipity
|-heal|p1a: Serendipity|89/100
|
|-weather|Sandstorm|[upkeep]
|-damage|p1a: Serendipity|82/100|[from] Sandstorm
|-heal|p2a: Tyranitar|100/100|[from] item: Leftovers
|-heal|p1a: Serendipity|89/100|[from] item: Leftovers
|upkeep
|turn|33
|
|t:|1729854074
|move|p2a: Tyranitar|Earthquake|p1a: Serendipity
|-damage|p1a: Serendipity|59/100
|move|p1a: Serendipity|Soft-Boiled|p1a: Serendipity
|-heal|p1a: Serendipity|100/100
|
|-weather|Sandstorm|[upkeep]
|-damage|p1a: Serendipity|94/100|[from] Sandstorm
|-heal|p1a: Serendipity|100/100|[from] item: Leftovers
|upkeep
|turn|34
|
|t:|1729854077
|move|p2a: Tyranitar|Earthquake|p1a: Serendipity
|-damage|p1a: Serendipity|69/100
|move|p1a: Serendipity|Calm Mind|p1a: Serendipity
|-boost|p1a: Serendipity|spa|1
|-boost|p1a: Serendipity|spd|1
|
|-weather|Sandstorm|[upkeep]
|-damage|p1a: Serendipity|63/100|[from] Sandstorm
|-heal|p1a: Serendipity|69/100|[from] item: Leftovers
|upkeep
|turn|35
|
|t:|1729854079
|move|p2a: Tyranitar|Flamethrower|p1a: Serendipity
|-damage|p1a: Serendipity|64/100
|move|p1a: Serendipity|Soft-Boiled|p1a: Serendipity
|-heal|p1a: Serendipity|100/100
|
|-weather|Sandstorm|[upkeep]
|-damage|p1a: Serendipity|94/100|[from] Sandstorm
|-heal|p1a: Serendipity|100/100|[from] item: Leftovers
|upkeep
|turn|36
|
|t:|1729854081
|move|p2a: Tyranitar|Flamethrower|p1a: Serendipity
|-damage|p1a: Serendipity|96/100
|move|p1a: Serendipity|Ice Beam|p2a: Tyranitar
|-damage|p2a: Tyranitar|47/100
|
|-weather|Sandstorm|[upkeep]
|-damage|p1a: Serendipity|90/100|[from] Sandstorm
|-heal|p2a: Tyranitar|53/100|[from] item: Leftovers
|-heal|p1a: Serendipity|96/100|[from] item: Leftovers
|upkeep
|turn|37
|
|t:|1729854085
|move|p2a: Tyranitar|Earthquake|p1a: Serendipity
|-damage|p1a: Serendipity|63/100
|move|p1a: Serendipity|Calm Mind|p1a: Serendipity
|-boost|p1a: Serendipity|spa|1
|-boost|p1a: Serendipity|spd|1
|
|-weather|Sandstorm|[upkeep]
|-damage|p1a: Serendipity|57/100|[from] Sandstorm
|-heal|p2a: Tyranitar|59/100|[from] item: Leftovers
|-heal|p1a: Serendipity|63/100|[from] item: Leftovers
|upkeep
|turn|38
|
|t:|1729854089
|move|p2a: Tyranitar|Flamethrower|p1a: Serendipity
|-damage|p1a: Serendipity|59/100
|move|p1a: Serendipity|Soft-Boiled|p1a: Serendipity
|-heal|p1a: Serendipity|100/100
|
|-weather|Sandstorm|[upkeep]
|-damage|p1a: Serendipity|94/100|[from] Sandstorm
|-heal|p2a: Tyranitar|66/100|[from] item: Leftovers
|-heal|p1a: Serendipity|100/100|[from] item: Leftovers
|upkeep
|turn|39
|
|t:|1729854092
|move|p2a: Tyranitar|Earthquake|p1a: Serendipity
|-damage|p1a: Serendipity|71/100
|move|p1a: Serendipity|Ice Beam|p2a: Tyranitar
|-damage|p2a: Tyranitar|0 fnt
|faint|p2a: Tyranitar
|
|t:|1729854095
|switch|p2a: Blissey|Blissey, F|100/100
|-damage|p2a: Blissey|84/100|[from] Spikes
|
|-weather|Sandstorm|[upkeep]
|-damage|p1a: Serendipity|65/100|[from] Sandstorm
|-damage|p2a: Blissey|78/100|[from] Sandstorm
|-heal|p2a: Blissey|84/100|[from] item: Leftovers
|-heal|p1a: Serendipity|71/100|[from] item: Leftovers
|upkeep
|turn|40
|
|t:|1729854097
|move|p2a: Blissey|Soft-Boiled|p2a: Blissey
|-heal|p2a: Blissey|100/100
|move|p1a: Serendipity|Ice Beam|p2a: Blissey
|-damage|p2a: Blissey|69/100
|
|-weather|Sandstorm|[upkeep]
|-damage|p2a: Blissey|63/100|[from] Sandstorm
|-damage|p1a: Serendipity|65/100|[from] Sandstorm
|-heal|p2a: Blissey|69/100|[from] item: Leftovers
|-heal|p1a: Serendipity|71/100|[from] item: Leftovers
|upkeep
|turn|41
|
|t:|1729854101
|move|p2a: Blissey|Seismic Toss|p1a: Serendipity
|-damage|p1a: Serendipity|56/100
|move|p1a: Serendipity|Calm Mind|p1a: Serendipity
|-boost|p1a: Serendipity|spa|1
|-boost|p1a: Serendipity|spd|1
|
|-weather|Sandstorm|[upkeep]
|-damage|p2a: Blissey|63/100|[from] Sandstorm
|-damage|p1a: Serendipity|50/100|[from] Sandstorm
|-heal|p2a: Blissey|69/100|[from] item: Leftovers
|-heal|p1a: Serendipity|56/100|[from] item: Leftovers
|upkeep
|turn|42
|
|t:|1729854103
|move|p2a: Blissey|Soft-Boiled|p2a: Blissey
|-heal|p2a: Blissey|100/100
|move|p1a: Serendipity|Soft-Boiled|p1a: Serendipity
|-heal|p1a: Serendipity|100/100
|
|-weather|Sandstorm|[upkeep]
|-damage|p2a: Blissey|94/100|[from] Sandstorm
|-damage|p1a: Serendipity|94/100|[from] Sandstorm
|-heal|p1a: Serendipity|100/100|[from] item: Leftovers
|-heal|p2a: Blissey|100/100|[from] item: Leftovers
|upkeep
|turn|43
|
|t:|1729854105
|move|p1a: Serendipity|Calm Mind|p1a: Serendipity
|-boost|p1a: Serendipity|spa|1
|-boost|p1a: Serendipity|spd|1
|move|p2a: Blissey|Seismic Toss|p1a: Serendipity
|-damage|p1a: Serendipity|85/100
|
|-weather|Sandstorm|[upkeep]
|-damage|p2a: Blissey|94/100|[from] Sandstorm
|-damage|p1a: Serendipity|79/100|[from] Sandstorm
|-heal|p2a: Blissey|100/100|[from] item: Leftovers
|-heal|p1a: Serendipity|85/100|[from] item: Leftovers
|upkeep
|turn|44
|
|t:|1729854108
|move|p1a: Serendipity|Ice Beam|p2a: Blissey
|-damage|p2a: Blissey|62/100
|move|p2a: Blissey|Ice Beam|p1a: Serendipity
|-damage|p1a: Serendipity|83/100
|
|-weather|Sandstorm|[upkeep]
|-damage|p2a: Blissey|56/100|[from] Sandstorm
|-damage|p1a: Serendipity|76/100|[from] Sandstorm
|-heal|p1a: Serendipity|83/100|[from] item: Leftovers
|-heal|p2a: Blissey|62/100|[from] item: Leftovers
|upkeep
|turn|45
|
|t:|1729854111
|move|p1a: Serendipity|Ice Beam|p2a: Blissey
|-damage|p2a: Blissey|23/100
|move|p2a: Blissey|Soft-Boiled|p2a: Blissey
|-heal|p2a: Blissey|73/100
|
|-weather|Sandstorm|[upkeep]
|-damage|p2a: Blissey|67/100|[from] Sandstorm
|-damage|p1a: Serendipity|76/100|[from] Sandstorm
|-heal|p1a: Serendipity|83/100|[from] item: Leftovers
|-heal|p2a: Blissey|73/100|[from] item: Leftovers
|upkeep
|turn|46
|
|t:|1729854113
|move|p1a: Serendipity|Ice Beam|p2a: Blissey
|-damage|p2a: Blissey|32/100
|move|p2a: Blissey|Soft-Boiled|p2a: Blissey
|-heal|p2a: Blissey|82/100
|
|-weather|Sandstorm|[upkeep]
|-damage|p1a: Serendipity|76/100|[from] Sandstorm
|-damage|p2a: Blissey|76/100|[from] Sandstorm
|-heal|p2a: Blissey|82/100|[from] item: Leftovers
|-heal|p1a: Serendipity|83/100|[from] item: Leftovers
|upkeep
|turn|47
|
|t:|1729854116
|move|p1a: Serendipity|Ice Beam|p2a: Blissey
|-damage|p2a: Blissey|40/100
|move|p2a: Blissey|Wish|p2a: Blissey
|
|-weather|Sandstorm|[upkeep]
|-damage|p1a: Serendipity|76/100|[from] Sandstorm
|-damage|p2a: Blissey|34/100|[from] Sandstorm
|-heal|p2a: Blissey|40/100|[from] item: Leftovers
|-heal|p1a: Serendipity|83/100|[from] item: Leftovers
|upkeep
|turn|48
|
|t:|1729854119
|move|p2a: Blissey|Soft-Boiled|p2a: Blissey
|-heal|p2a: Blissey|90/100
|move|p1a: Serendipity|Ice Beam|p2a: Blissey
|-damage|p2a: Blissey|49/100
|
|-heal|p2a: Blissey|99/100|[from] move: Wish|[wisher] Blissey
|-weather|Sandstorm|[upkeep]
|-damage|p1a: Serendipity|76/100|[from] Sandstorm
|-damage|p2a: Blissey|93/100|[from] Sandstorm
|-heal|p1a: Serendipity|83/100|[from] item: Leftovers
|-heal|p2a: Blissey|99/100|[from] item: Leftovers
|upkeep
|turn|49
|
|t:|1729854128
|move|p2a: Blissey|Ice Beam|p1a: Serendipity
|-damage|p1a: Serendipity|80/100
|move|p1a: Serendipity|Ice Beam|p2a: Blissey
|-damage|p2a: Blissey|56/100
|
|-weather|Sandstorm|[upkeep]
|-damage|p1a: Serendipity|74/100|[from] Sandstorm
|-damage|p2a: Blissey|50/100|[from] Sandstorm
|-heal|p1a: Serendipity|80/100|[from] item: Leftovers
|-heal|p2a: Blissey|56/100|[from] item: Leftovers
|upkeep
|turn|50
|
|t:|1729854130
|move|p1a: Serendipity|Ice Beam|p2a: Blissey
|-damage|p2a: Blissey|17/100
|move|p2a: Blissey|Soft-Boiled|p2a: Blissey
|-heal|p2a: Blissey|67/100
|
|-weather|Sandstorm|[upkeep]
|-damage|p2a: Blissey|61/100|[from] Sandstorm
|-damage|p1a: Serendipity|74/100|[from] Sandstorm
|-heal|p1a: Serendipity|80/100|[from] item: Leftovers
|-heal|p2a: Blissey|67/100|[from] item: Leftovers
|upkeep
|turn|51
|
|t:|1729854132
|move|p1a: Serendipity|Ice Beam|p2a: Blissey
|-damage|p2a: Blissey|26/100
|move|p2a: Blissey|Soft-Boiled|p2a: Blissey
|-heal|p2a: Blissey|76/100
|
|-weather|Sandstorm|[upkeep]
|-damage|p2a: Blissey|70/100|[from] Sandstorm
|-damage|p1a: Serendipity|74/100|[from] Sandstorm
|-heal|p2a: Blissey|76/100|[from] item: Leftovers
|-heal|p1a: Serendipity|80/100|[from] item: Leftovers
|upkeep
|turn|52
|
|t:|1729854134
|move|p1a: Serendipity|Ice Beam|p2a: Blissey
|-damage|p2a: Blissey|32/100
|move|p2a: Blissey|Soft-Boiled|p2a: Blissey
|-heal|p2a: Blissey|82/100
|
|-weather|Sandstorm|[upkeep]
|-damage|p1a: Serendipity|74/100|[from] Sandstorm
|-damage|p2a: Blissey|76/100|[from] Sandstorm
|-heal|p2a: Blissey|82/100|[from] item: Leftovers
|-heal|p1a: Serendipity|80/100|[from] item: Leftovers
|upkeep
|turn|53
|
|t:|1729854136
|move|p1a: Serendipity|Ice Beam|p2a: Blissey
|-damage|p2a: Blissey|41/100
|-status|p2a: Blissey|frz
|-curestatus|p2a: Blissey|frz|[msg]
|move|p2a: Blissey|Soft-Boiled|p2a: Blissey
|-heal|p2a: Blissey|91/100
|
|-weather|Sandstorm|[upkeep]
|-damage|p2a: Blissey|84/100|[from] Sandstorm
|-damage|p1a: Serendipity|74/100|[from] Sandstorm
|-heal|p1a: Serendipity|80/100|[from] item: Leftovers
|-heal|p2a: Blissey|91/100|[from] item: Leftovers
|upkeep
|turn|54
|
|t:|1729854140
|move|p1a: Serendipity|Ice Beam|p2a: Blissey
|-damage|p2a: Blissey|50/100
|move|p2a: Blissey|Soft-Boiled|p2a: Blissey
|-heal|p2a: Blissey|99/100
|
|-weather|Sandstorm|[upkeep]
|-damage|p2a: Blissey|94/100|[from] Sandstorm
|-damage|p1a: Serendipity|74/100|[from] Sandstorm
|-heal|p2a: Blissey|99/100|[from] item: Leftovers
|-heal|p1a: Serendipity|80/100|[from] item: Leftovers
|upkeep
|turn|55
|
|t:|1729854142
|move|p2a: Blissey|Wish|p2a: Blissey
|move|p1a: Serendipity|Thunderbolt|p2a: Blissey
|-damage|p2a: Blissey|57/100
|
|-weather|Sandstorm|[upkeep]
|-damage|p1a: Serendipity|74/100|[from] Sandstorm
|-damage|p2a: Blissey|51/100|[from] Sandstorm
|-heal|p1a: Serendipity|80/100|[from] item: Leftovers
|-heal|p2a: Blissey|57/100|[from] item: Leftovers
|upkeep
|turn|56
|
|t:|1729854146
|move|p1a: Serendipity|Thunderbolt|p2a: Blissey
|-damage|p2a: Blissey|19/100
|move|p2a: Blissey|Soft-Boiled|p2a: Blissey
|-heal|p2a: Blissey|69/100
|
|-heal|p2a: Blissey|100/100|[from] move: Wish|[wisher] Blissey
|-weather|Sandstorm|[upkeep]
|-damage|p2a: Blissey|94/100|[from] Sandstorm
|-damage|p1a: Serendipity|74/100|[from] Sandstorm
|-heal|p2a: Blissey|100/100|[from] item: Leftovers
|-heal|p1a: Serendipity|80/100|[from] item: Leftovers
|upkeep
|turn|57
|
|t:|1729854148
|move|p2a: Blissey|Wish|p2a: Blissey
|move|p1a: Serendipity|Thunderbolt|p2a: Blissey
|-crit|p2a: Blissey
|-damage|p2a: Blissey|20/100
|
|-weather|Sandstorm|[upkeep]
|-damage|p1a: Serendipity|74/100|[from] Sandstorm
|-damage|p2a: Blissey|14/100|[from] Sandstorm
|-heal|p2a: Blissey|20/100|[from] item: Leftovers
|-heal|p1a: Serendipity|80/100|[from] item: Leftovers
|upkeep
|turn|58
|
|t:|1729854151
|move|p2a: Blissey|Soft-Boiled|p2a: Blissey
|-heal|p2a: Blissey|70/100
|move|p1a: Serendipity|Thunderbolt|p2a: Blissey
|-damage|p2a: Blissey|27/100
|
|-heal|p2a: Blissey|77/100|[from] move: Wish|[wisher] Blissey
|-weather|Sandstorm|[upkeep]
|-damage|p2a: Blissey|71/100|[from] Sandstorm
|-damage|p1a: Serendipity|74/100|[from] Sandstorm
|-heal|p1a: Serendipity|80/100|[from] item: Leftovers
|-heal|p2a: Blissey|77/100|[from] item: Leftovers
|upkeep
|turn|59
|
|t:|1729854154
|move|p1a: Serendipity|Thunderbolt|p2a: Blissey
|-damage|p2a: Blissey|37/100
|move|p2a: Blissey|Soft-Boiled|p2a: Blissey
|-heal|p2a: Blissey|87/100
|
|-weather|Sandstorm|[upkeep]
|-damage|p1a: Serendipity|74/100|[from] Sandstorm
|-damage|p2a: Blissey|81/100|[from] Sandstorm
|-heal|p1a: Serendipity|80/100|[from] item: Leftovers
|-heal|p2a: Blissey|87/100|[from] item: Leftovers
|upkeep
|turn|60
|
|t:|1729854156
|move|p1a: Serendipity|Thunderbolt|p2a: Blissey
|-damage|p2a: Blissey|47/100
|move|p2a: Blissey|Wish|p2a: Blissey
|
|-weather|Sandstorm|[upkeep]
|-damage|p2a: Blissey|40/100|[from] Sandstorm
|-damage|p1a: Serendipity|74/100|[from] Sandstorm
|-heal|p2a: Blissey|47/100|[from] item: Leftovers
|-heal|p1a: Serendipity|80/100|[from] item: Leftovers
|upkeep
|turn|61
|
|t:|1729854158
|move|p1a: Serendipity|Thunderbolt|p2a: Blissey
|-damage|p2a: Blissey|8/100
|-status|p2a: Blissey|par
|move|p2a: Blissey|Soft-Boiled|p2a: Blissey
|-heal|p2a: Blissey|58/100 par
|
|-heal|p2a: Blissey|100/100 par|[from] move: Wish|[wisher] Blissey
|-weather|Sandstorm|[upkeep]
|-damage|p1a: Serendipity|74/100|[from] Sandstorm
|-damage|p2a: Blissey|94/100 par|[from] Sandstorm
|-heal|p1a: Serendipity|80/100|[from] item: Leftovers
|-heal|p2a: Blissey|100/100 par|[from] item: Leftovers
|upkeep
|turn|62
|
|t:|1729854161
|move|p1a: Serendipity|Thunderbolt|p2a: Blissey
|-damage|p2a: Blissey|63/100 par
|move|p2a: Blissey|Wish|p2a: Blissey
|
|-weather|Sandstorm|[upkeep]
|-damage|p1a: Serendipity|74/100|[from] Sandstorm
|-damage|p2a: Blissey|57/100 par|[from] Sandstorm
|-heal|p1a: Serendipity|80/100|[from] item: Leftovers
|-heal|p2a: Blissey|63/100 par|[from] item: Leftovers
|upkeep
|turn|63
|
|t:|1729854163
|move|p1a: Serendipity|Thunderbolt|p2a: Blissey
|-damage|p2a: Blissey|19/100 par
|move|p2a: Blissey|Soft-Boiled|p2a: Blissey
|-heal|p2a: Blissey|69/100 par
|
|-heal|p2a: Blissey|100/100 par|[from] move: Wish|[wisher] Blissey
|-weather|Sandstorm|[upkeep]
|-damage|p1a: Serendipity|74/100|[from] Sandstorm
|-damage|p2a: Blissey|94/100 par|[from] Sandstorm
|-heal|p1a: Serendipity|80/100|[from] item: Leftovers
|-heal|p2a: Blissey|100/100 par|[from] item: Leftovers
|upkeep
|turn|64
|
|t:|1729854166
|move|p1a: Serendipity|Thunderbolt|p2a: Blissey
|-damage|p2a: Blissey|62/100 par
|move|p2a: Blissey|Wish|p2a: Blissey
|
|-weather|Sandstorm|[upkeep]
|-damage|p1a: Serendipity|74/100|[from] Sandstorm
|-damage|p2a: Blissey|56/100 par|[from] Sandstorm
|-heal|p1a: Serendipity|80/100|[from] item: Leftovers
|-heal|p2a: Blissey|62/100 par|[from] item: Leftovers
|upkeep
|turn|65
|
|t:|1729854169
|move|p1a: Serendipity|Thunderbolt|p2a: Blissey
|-damage|p2a: Blissey|22/100 par
|move|p2a: Blissey|Soft-Boiled|p2a: Blissey
|-heal|p2a: Blissey|72/100 par
|
|-heal|p2a: Blissey|100/100 par|[from] move: Wish|[wisher] Blissey
|-weather|Sandstorm|[upkeep]
|-damage|p1a: Serendipity|74/100|[from] Sandstorm
|-damage|p2a: Blissey|94/100 par|[from] Sandstorm
|-heal|p1a: Serendipity|80/100|[from] item: Leftovers
|-heal|p2a: Blissey|100/100 par|[from] item: Leftovers
|upkeep
|turn|66
|c|☆dicerat8|ggwp
|
|t:|1729854174
|move|p1a: Serendipity|Thunderbolt|p2a: Blissey
|-damage|p2a: Blissey|63/100 par
|move|p2a: Blissey|Wish|p2a: Blissey
|
|-weather|Sandstorm|[upkeep]
|-damage|p1a: Serendipity|74/100|[from] Sandstorm
|-damage|p2a: Blissey|57/100 par|[from] Sandstorm
|-heal|p1a: Serendipity|80/100|[from] item: Leftovers
|-heal|p2a: Blissey|63/100 par|[from] item: Leftovers
|upkeep
|turn|67
|c|☆Quarante8|gg
|
|t:|1729854177
|move|p1a: Serendipity|Thunderbolt|p2a: Blissey
|-damage|p2a: Blissey|23/100 par
|move|p2a: Blissey|Seismic Toss|p1a: Serendipity
|-damage|p1a: Serendipity|65/100
|
|-heal|p2a: Blissey|73/100 par|[from] move: Wish|[wisher] Blissey
|-weather|Sandstorm|[upkeep]
|-damage|p1a: Serendipity|59/100|[from] Sandstorm
|-damage|p2a: Blissey|67/100 par|[from] Sandstorm
|-heal|p1a: Serendipity|65/100|[from] item: Leftovers
|-heal|p2a: Blissey|73/100 par|[from] item: Leftovers
|upkeep
|turn|68
|
|t:|1729854179
|move|p1a: Serendipity|Thunderbolt|p2a: Blissey
|-damage|p2a: Blissey|32/100 par
|cant|p2a: Blissey|par
|
|-weather|Sandstorm|[upkeep]
|-damage|p1a: Serendipity|59/100|[from] Sandstorm
|-damage|p2a: Blissey|26/100 par|[from] Sandstorm
|-heal|p1a: Serendipity|65/100|[from] item: Leftovers
|-heal|p2a: Blissey|32/100 par|[from] item: Leftovers
|upkeep
|turn|69
|
|t:|1729854181
|move|p1a: Serendipity|Thunderbolt|p2a: Blissey
|-damage|p2a: Blissey|0 fnt
|faint|p2a: Blissey
|
|win|Quarante8
|player|p1|

</script>
<script type="application/json" class="data" id="replaydata-smogtours-gen3ou-801785">
{"id":"smogtours-gen3ou-801785","format":"[Gen 3] OU","players":["Quarante8","dicerat8"],"uploadtime":1729854181,"views":89,"formatid":"gen3ou","rating":null,"private":0,"password":null}
</script>

<script defer src="js/replays.js?9d40a366"></script>
