<!DOCTYPE html>
<meta charset="utf-8" />
<meta name="viewport" content="width=device-width" />

<title>[Gen 3] OU: Nardgo vs. brotha dog - Replays - Pok&eacute;mon Showdown!</title>

<meta name="description" content="Watch a replay of a Pok&eacute;mon battle between Nardgo and brotha dog! Format: [Gen 3] OU; Date: Oct 25, 2024" />
<!--

Hey, you! Looking in the source for the replay log?

You can find them in JSON format, just add `.json` at the end of a replay URL.

https://replay.pokemonshowdown.com/gen7randomdoublesbattle-865046831.json

Or, if you only need the log itself, add `.log` instead:

https://replay.pokemonshowdown.com/gen7randomdoublesbattle-865046831.log

-->

<link rel="stylesheet" href="//pokemonshowdown.com/style/global.css?0.023195364461161105" />
<link rel="stylesheet" href="//play.pokemonshowdown.com/style/font-awesome.css?0.13261647063804238" />
<link rel="stylesheet" href="//play.pokemonshowdown.com/style/battle.css?0.8753245789963631" />
<link rel="stylesheet" href="//play.pokemonshowdown.com/style/utilichart.css?0.8627959624976733" />

<!-- Global site tag (gtag.js) - Google Analytics -->
<script async src="https://www.googletagmanager.com/gtag/js?id=UA-26211653-1"></script>
<script>
  window.dataLayer = window.dataLayer || [];
  function gtag(){dataLayer.push(arguments);}
  gtag('js', new Date());

  gtag('config', 'UA-26211653-1');
</script>
<!-- End Google Analytics -->
<!-- Venatus Ad Manager - Install in <HEAD> of page -->
	<script src="https://hb.vntsm.com/v3/live/ad-manager.min.js" type="text/javascript" data-site-id="642aba63ec9a7b11c3c9c1be" data-mode="scan" async></script>
<!-- / Venatus Ad Manager -->

<style>
	@media (max-width:820px) {
		.battle {
			margin: 0 auto;
		}
		.battle-log {
			margin: 7px auto 0;
			max-width: 640px;
			height: 300px;
			position: static;
		}
	}
	.optgroup {
		display: inline-block;
		line-height: 22px;
		font-size: 10pt;
	}
	.optgroup .button {
		height: 25px;
		padding-top: 0;
		padding-bottom: 0;
	}
	.optgroup button.button {
		padding-left: 12px;
		padding-right: 12px;
	}
	.linklist {
		list-style: none;
		margin: 0.5em 0;
		padding: 0;
	}
	.linklist li {
		padding: 2px 0;
	}
	.sidebar {
		float: left;
		width: 320px;
	}
	.bar-wrapper {
		max-width: 1100px;
		margin: 0 auto;
	}
	.bar-wrapper.has-sidebar {
		max-width: 1430px;
	}
	.mainbar {
		margin: 0;
		padding-right: 1px;
	}
	.mainbar.has-sidebar {
		margin-left: 330px;
	}
	@media (min-width: 1511px) {
		.sidebar {
			width: 400px;
		}
		.bar-wrapper.has-sidebar {
			max-width: 1510px;
		}
		.mainbar.has-sidebar {
			margin-left: 410px;
		}
	}
	.section.first-section {
		margin-top: 9px;
	}
	.blocklink small {
		white-space: normal;
	}
	.button {
		vertical-align: middle;
	}
	.replay-controls {
		padding-top: 10px;
	}
	.replay-controls h1 {
		font-size: 16pt;
		font-weight: normal;
		color: #CCC;
	}
	.pagelink {
		text-align: center;
	}
	.pagelink a {
		width: 150px;
	}
	.textbox, .button {
		font-size: 11pt;
		vertical-align: middle;
	}
	@media (max-width: 450px) {
		.button {
			font-size: 9pt;
		}
	}
</style>

<div>

	<header>
		<div class="nav-wrapper"><ul class="nav">
			<li><a class="button nav-first" href="//pokemonshowdown.com/"><img src="//pokemonshowdown.com/images/pokemonshowdownbeta.png" srcset="//pokemonshowdown.com/images/pokemonshowdownbeta.png 1x, //pokemonshowdown.com/images/pokemonshowdownbeta@2x.png 2x" alt="Pok&eacute;mon Showdown" width="146" height="44" /> Home</a></li>
			<li><a class="button" href="//pokemonshowdown.com/dex/">Pok&eacute;dex</a></li>
			<li><a class="button cur" href="/">Replays</a></li>
			<li><a class="button" href="//pokemonshowdown.com/ladder/">Ladder</a></li>
			<li><a class="button nav-last" href="//pokemonshowdown.com/forums/">Forum</a></li>
			<li><a class="button greenbutton nav-first nav-last" href="//play.pokemonshowdown.com/">Play</a></li>
		</ul></div>
	</header>

	<div class="main" id="main">

		<noscript><section class="section">You need to enable JavaScript to use this page; sorry!</section></noscript>

	</div>

</div>

<script defer nomodule src="//play.pokemonshowdown.com/js/lib/ps-polyfill.js"></script>
<script defer src="//play.pokemonshowdown.com/js/lib/preact.min.js"></script>

<script defer src="//play.pokemonshowdown.com/config/config.js?2bddbc15"></script>
<script defer src="//play.pokemonshowdown.com/js/lib/jquery-1.11.0.min.js"></script>
<script defer src="//play.pokemonshowdown.com/js/lib/html-sanitizer-minified.js"></script>
<script defer src="//play.pokemonshowdown.com/js/battle-sound.js"></script>
<script defer src="//play.pokemonshowdown.com/js/battledata.js?0.7209276989879541"></script>
<script defer src="//play.pokemonshowdown.com/data/pokedex-mini.js?0.6111056340867951"></script>
<script defer src="//play.pokemonshowdown.com/data/pokedex-mini-bw.js?0.3532142036491459"></script>
<script defer src="//play.pokemonshowdown.com/data/graphics.js?0.24223875632456182"></script>
<script defer src="//play.pokemonshowdown.com/data/pokedex.js?0.38839984266356864"></script>
<script defer src="//play.pokemonshowdown.com/data/moves.js?0.21866028504024015"></script>
<script defer src="//play.pokemonshowdown.com/data/abilities.js?0.2005157953846628"></script>
<script defer src="//play.pokemonshowdown.com/data/items.js?0.9894211263848525"></script>
<script defer src="//play.pokemonshowdown.com/data/teambuilder-tables.js?0.6008791140282215"></script>
<script defer src="//play.pokemonshowdown.com/js/battle-tooltips.js?0.7580118955022959"></script>
<script defer src="//play.pokemonshowdown.com/js/battle.js?0.6057722274234274"></script>

<script defer src="js/utils.js?e31f9a17"></script>
<script defer src="js/replays-battle.js?7008c182"></script>

<!-- don't scrape this data! just add .json or .log after the URL!
Full API docs: https://github.com/smogon/pokemon-showdown-client/blob/master/WEB-API.md -->
<script type="text/plain" class="log" id="replaylog-smogtours-gen3ou-801748">
|inactive|Battle timer is ON: inactive players will automatically lose when time's up.
|t:|1729822595
|gametype|singles
|player|p1|Nardgo|steven|
|player|p2|brotha dog|cynthia-masters|
|teamsize|p1|6
|teamsize|p2|6
|gen|3
|tier|[Gen 3] OU
|rule|Sleep Clause Mod: Limit one foe put to sleep
|rule|Switch Priority Clause Mod: Faster Pokémon switch first
|rule|Species Clause: Limit one of each Pokémon
|rule|OHKO Clause: OHKO moves are banned
|rule|Evasion Items Clause: Evasion items are banned
|rule|Evasion Moves Clause: Evasion moves are banned
|rule|Endless Battle Clause: Forcing endless battles is banned
|rule|HP Percentage Mod: HP is shown in percentages
|rule|One Boost Passer Clause: Limit one Baton Passer that has a way to boost its stats
|rule|Freeze Clause Mod: Limit one foe frozen
|
|t:|1729822595
|start
|switch|p1a: Zapdos|Zapdos|100/100
|switch|p2a: Tyranitar|Tyranitar, F|100/100
|-weather|Sandstorm|[from] ability: Sand Stream|[of] p2a: Tyranitar
|turn|1
|inactive|brotha dog also wants the timer to be on.
|
|t:|1729822607
|move|p1a: Zapdos|Thunderbolt|p2a: Tyranitar
|-crit|p2a: Tyranitar
|-damage|p2a: Tyranitar|6/100
|move|p2a: Tyranitar|Rock Slide|p1a: Zapdos
|-supereffective|p1a: Zapdos
|-damage|p1a: Zapdos|8/100
|
|-weather|Sandstorm|[upkeep]
|-damage|p1a: Zapdos|2/100|[from] Sandstorm
|-heal|p1a: Zapdos|8/100|[from] item: Leftovers
|-heal|p2a: Tyranitar|13/100|[from] item: Leftovers
|upkeep
|turn|2
|
|t:|1729822616
|switch|p2a: Swampert|Swampert, F|100/100
|move|p1a: Zapdos|Hidden Power|p2a: Swampert
|-damage|p2a: Swampert|80/100
|
|-weather|Sandstorm|[upkeep]
|-damage|p1a: Zapdos|2/100|[from] Sandstorm
|-heal|p1a: Zapdos|8/100|[from] item: Leftovers
|-heal|p2a: Swampert|86/100|[from] item: Leftovers
|upkeep
|turn|3
|
|t:|1729822624
|switch|p1a: Kingdra|Kingdra, F|100/100
|move|p2a: Swampert|Surf|p1a: Kingdra
|-resisted|p1a: Kingdra
|-damage|p1a: Kingdra|93/100
|
|-weather|Sandstorm|[upkeep]
|-damage|p1a: Kingdra|87/100|[from] Sandstorm
|-heal|p1a: Kingdra|93/100|[from] item: Leftovers
|-heal|p2a: Swampert|92/100|[from] item: Leftovers
|upkeep
|turn|4
|
|t:|1729822630
|move|p1a: Kingdra|Rain Dance|p1a: Kingdra
|-weather|RainDance
|move|p2a: Swampert|Toxic|p1a: Kingdra
|-status|p1a: Kingdra|tox
|
|-weather|RainDance|[upkeep]
|-heal|p1a: Kingdra|99/100 tox|[from] item: Leftovers
|-damage|p1a: Kingdra|93/100 tox|[from] psn
|-heal|p2a: Swampert|98/100|[from] item: Leftovers
|upkeep
|turn|5
|
|t:|1729822646
|move|p2a: Swampert|Protect|p2a: Swampert
|-singleturn|p2a: Swampert|Protect
|move|p1a: Kingdra|Surf|p2a: Swampert
|-activate|p2a: Swampert|Protect
|
|-weather|RainDance|[upkeep]
|-heal|p1a: Kingdra|99/100 tox|[from] item: Leftovers
|-damage|p1a: Kingdra|87/100 tox|[from] psn
|-heal|p2a: Swampert|100/100|[from] item: Leftovers
|upkeep
|turn|6
|
|t:|1729822652
|move|p1a: Kingdra|Surf|p2a: Swampert
|-damage|p2a: Swampert|45/100
|move|p2a: Swampert|Surf|p1a: Kingdra
|-resisted|p1a: Kingdra
|-damage|p1a: Kingdra|75/100 tox
|
|-weather|RainDance|[upkeep]
|-heal|p1a: Kingdra|81/100 tox|[from] item: Leftovers
|-damage|p1a: Kingdra|63/100 tox|[from] psn
|-heal|p2a: Swampert|51/100|[from] item: Leftovers
|upkeep
|turn|7
|
|t:|1729822658
|switch|p1a: Snorlax|Snorlax, M|100/100
|move|p2a: Swampert|Protect||[still]
|-fail|p2a: Swampert
|
|-weather|RainDance|[upkeep]
|-heal|p2a: Swampert|57/100|[from] item: Leftovers
|upkeep
|turn|8
|
|t:|1729822671
|switch|p2a: Tyranitar|Tyranitar, F|13/100
|-weather|Sandstorm|[from] ability: Sand Stream|[of] p2a: Tyranitar
|move|p1a: Snorlax|Return|p2a: Tyranitar
|-resisted|p2a: Tyranitar
|-damage|p2a: Tyranitar|0 fnt
|faint|p2a: Tyranitar
|
|t:|1729822676
|switch|p2a: Skarmory|Skarmory, F|100/100
|
|-weather|Sandstorm|[upkeep]
|-damage|p1a: Snorlax|94/100|[from] Sandstorm
|-heal|p1a: Snorlax|100/100|[from] item: Leftovers
|upkeep
|turn|9
|
|t:|1729822683
|switch|p1a: Kingdra|Kingdra, F|63/100 tox
|move|p2a: Skarmory|Spikes|p1a: Kingdra
|-sidestart|p1: Nardgo|Spikes
|
|-weather|Sandstorm|[upkeep]
|-damage|p1a: Kingdra|57/100 tox|[from] Sandstorm
|-heal|p1a: Kingdra|63/100 tox|[from] item: Leftovers
|-damage|p1a: Kingdra|57/100 tox|[from] psn
|upkeep
|turn|10
|
|t:|1729822697
|move|p1a: Kingdra|Rain Dance|p1a: Kingdra
|-weather|RainDance
|move|p2a: Skarmory|Drill Peck|p1a: Kingdra
|-crit|p1a: Kingdra
|-damage|p1a: Kingdra|7/100 tox
|
|-weather|RainDance|[upkeep]
|-heal|p1a: Kingdra|13/100 tox|[from] item: Leftovers
|-damage|p1a: Kingdra|1/100 tox|[from] psn
|upkeep
|turn|11
|
|t:|1729822703
|switch|p1a: Zapdos|Zapdos|8/100
|move|p2a: Skarmory|Protect||[still]
|-fail|p2a: Skarmory
|
|-weather|RainDance|[upkeep]
|-heal|p1a: Zapdos|14/100|[from] item: Leftovers
|upkeep
|turn|12
|
|t:|1729822708
|switch|p2a: Swampert|Swampert, F|57/100
|move|p1a: Zapdos|Thunderbolt|p2a: Swampert
|-immune|p2a: Swampert
|
|-weather|RainDance|[upkeep]
|-heal|p1a: Zapdos|20/100|[from] item: Leftovers
|-heal|p2a: Swampert|63/100|[from] item: Leftovers
|upkeep
|turn|13
|
|t:|1729822713
|switch|p1a: Kingdra|Kingdra, F|1/100 tox
|-damage|p1a: Kingdra|0 fnt|[from] Spikes
|faint|p1a: Kingdra
|
|t:|1729822714
|switch|p1a: Raikou|Raikou|100/100
|-damage|p1a: Raikou|88/100|[from] Spikes
|
|-weather|RainDance|[upkeep]
|-heal|p1a: Raikou|94/100|[from] item: Leftovers
|-heal|p2a: Swampert|69/100|[from] item: Leftovers
|upkeep
|turn|14
|
|t:|1729822722
|switch|p2a: Aerodactyl|Aerodactyl, M|100/100
|move|p1a: Raikou|Substitute|p1a: Raikou
|-start|p1a: Raikou|Substitute
|-damage|p1a: Raikou|69/100
|
|-weather|none
|-heal|p1a: Raikou|76/100|[from] item: Leftovers
|upkeep
|turn|15
|
|t:|1729822725
|switch|p2a: Zapdos|Zapdos|100/100
|move|p1a: Raikou|Thunderbolt|p2a: Zapdos
|-damage|p2a: Zapdos|58/100
|
|-heal|p1a: Raikou|82/100|[from] item: Leftovers
|-heal|p2a: Zapdos|64/100|[from] item: Leftovers
|upkeep
|turn|16
|
|t:|1729822728
|move|p1a: Raikou|Thunderbolt|p2a: Zapdos
|-damage|p2a: Zapdos|23/100
|move|p2a: Zapdos|Roar|p1a: Raikou
|drag|p1a: Regirock|Regirock|100/100
|-damage|p1a: Regirock|88/100|[from] Spikes
|
|-heal|p2a: Zapdos|29/100|[from] item: Leftovers
|-heal|p1a: Regirock|94/100|[from] item: Leftovers
|upkeep
|turn|17
|
|t:|1729822733
|-singleturn|p1a: Regirock|move: Focus Punch
|move|p2a: Zapdos|Baton Pass|p2a: Zapdos
|
|t:|1729822735
|switch|p2a: Gengar|Gengar, M|100/100|[from] Baton Pass
|move|p1a: Regirock|Focus Punch|p2a: Gengar
|-immune|p2a: Gengar
|
|-heal|p1a: Regirock|99/100|[from] item: Leftovers
|upkeep
|turn|18
|
|t:|1729822740
|move|p2a: Gengar|Will-O-Wisp|p1a: Regirock
|-status|p1a: Regirock|brn
|move|p1a: Regirock|Thunder Wave|p2a: Gengar
|-status|p2a: Gengar|par
|
|-heal|p1a: Regirock|100/100 brn|[from] item: Leftovers
|-damage|p1a: Regirock|88/100 brn|[from] brn
|upkeep
|turn|19
|
|t:|1729822744
|switch|p2a: Swampert|Swampert, F|69/100
|move|p1a: Regirock|Rock Slide|p2a: Swampert
|-resisted|p2a: Swampert
|-damage|p2a: Swampert|64/100
|
|-heal|p2a: Swampert|70/100|[from] item: Leftovers
|-heal|p1a: Regirock|94/100 brn|[from] item: Leftovers
|-damage|p1a: Regirock|82/100 brn|[from] brn
|upkeep
|turn|20
|
|t:|1729822754
|-singleturn|p1a: Regirock|move: Focus Punch
|move|p2a: Swampert|Surf|p1a: Regirock
|-supereffective|p1a: Regirock
|-damage|p1a: Regirock|31/100 brn
|move|p1a: Regirock|Focus Punch||[still]
|cant|p1a: Regirock|Focus Punch|Focus Punch
|
|-heal|p2a: Swampert|76/100|[from] item: Leftovers
|-heal|p1a: Regirock|37/100 brn|[from] item: Leftovers
|-damage|p1a: Regirock|25/100 brn|[from] brn
|upkeep
|turn|21
|
|t:|1729822762
|switch|p2a: Gengar|Gengar, M|100/100 par
|move|p1a: Regirock|Explosion|p2a: Gengar
|-immune|p2a: Gengar
|faint|p1a: Regirock
|
|t:|1729822766
|switch|p1a: Zapdos|Zapdos|20/100
|
|-heal|p1a: Zapdos|27/100|[from] item: Leftovers
|upkeep
|turn|22
|
|t:|1729822771
|move|p1a: Zapdos|Thunderbolt|p2a: Gengar
|-damage|p2a: Gengar|43/100 par
|cant|p2a: Gengar|par
|
|-heal|p1a: Zapdos|33/100|[from] item: Leftovers
|-heal|p2a: Gengar|49/100 par|[from] item: Leftovers
|upkeep
|turn|23
|
|t:|1729822785
|switch|p2a: Swampert|Swampert, F|76/100
|move|p1a: Zapdos|Thunderbolt|p2a: Swampert
|-immune|p2a: Swampert
|
|-heal|p1a: Zapdos|39/100|[from] item: Leftovers
|-heal|p2a: Swampert|82/100|[from] item: Leftovers
|upkeep
|turn|24
|
|t:|1729822799
|switch|p1a: Snorlax|Snorlax, M|100/100
|-damage|p1a: Snorlax|88/100|[from] Spikes
|switch|p2a: Skarmory|Skarmory, F|100/100
|
|-heal|p1a: Snorlax|94/100|[from] item: Leftovers
|upkeep
|turn|25
|
|t:|1729822804
|switch|p1a: Zapdos|Zapdos|39/100
|move|p2a: Skarmory|Spikes|p1a: Zapdos
|-sidestart|p1: Nardgo|Spikes
|
|-heal|p1a: Zapdos|45/100|[from] item: Leftovers
|upkeep
|turn|26
|
|t:|1729822808
|move|p1a: Zapdos|Thunderbolt|p2a: Skarmory
|-supereffective|p2a: Skarmory
|-damage|p2a: Skarmory|0 fnt
|faint|p2a: Skarmory
|
|t:|1729822816
|switch|p2a: Aerodactyl|Aerodactyl, M|100/100
|
|-heal|p1a: Zapdos|52/100|[from] item: Leftovers
|upkeep
|turn|27
|
|t:|1729822831
|move|p2a: Aerodactyl|Double-Edge|p1a: Zapdos
|-damage|p1a: Zapdos|0 fnt
|faint|p1a: Zapdos
|
|t:|1729822833
|switch|p1a: Raikou|Raikou|82/100
|-damage|p1a: Raikou|65/100|[from] Spikes
|
|-heal|p1a: Raikou|72/100|[from] item: Leftovers
|upkeep
|turn|28
|
|t:|1729822843
|move|p2a: Aerodactyl|Double-Edge|p1a: Raikou
|-damage|p1a: Raikou|0 fnt
|faint|p1a: Raikou
|
|t:|1729822849
|switch|p1a: Dugtrio|Dugtrio, F|100/100
|-damage|p1a: Dugtrio|84/100|[from] Spikes
|
|upkeep
|turn|29
|
|t:|1729822859
|move|p2a: Aerodactyl|Double-Edge|p1a: Dugtrio
|-damage|p1a: Dugtrio|0 fnt
|faint|p1a: Dugtrio
|
|t:|1729822861
|switch|p1a: Snorlax|Snorlax, M|94/100
|-damage|p1a: Snorlax|78/100|[from] Spikes
|
|-heal|p1a: Snorlax|84/100|[from] item: Leftovers
|upkeep
|turn|30
|
|t:|1729822867
|move|p2a: Aerodactyl|Double-Edge|p1a: Snorlax
|-damage|p1a: Snorlax|39/100
|move|p1a: Snorlax|Curse|p1a: Snorlax
|-unboost|p1a: Snorlax|spe|1
|-boost|p1a: Snorlax|atk|1
|-boost|p1a: Snorlax|def|1
|
|-heal|p1a: Snorlax|45/100|[from] item: Leftovers
|upkeep
|turn|31
|
|t:|1729822872
|move|p2a: Aerodactyl|Double-Edge|p1a: Snorlax
|-damage|p1a: Snorlax|16/100
|move|p1a: Snorlax|Rest|p1a: Snorlax
|-status|p1a: Snorlax|slp|[from] move: Rest
|-heal|p1a: Snorlax|100/100 slp|[silent]
|
|upkeep
|turn|32
|
|t:|1729822878
|move|p2a: Aerodactyl|Double-Edge|p1a: Snorlax
|-damage|p1a: Snorlax|72/100 slp
|cant|p1a: Snorlax|slp
|
|-heal|p1a: Snorlax|78/100 slp|[from] item: Leftovers
|upkeep
|turn|33
|
|t:|1729822880
|move|p2a: Aerodactyl|Double-Edge|p1a: Snorlax
|-damage|p1a: Snorlax|49/100 slp
|cant|p1a: Snorlax|slp
|
|-heal|p1a: Snorlax|55/100 slp|[from] item: Leftovers
|upkeep
|turn|34
|
|t:|1729822881
|move|p2a: Aerodactyl|Double-Edge|p1a: Snorlax
|-damage|p1a: Snorlax|24/100 slp
|-curestatus|p1a: Snorlax|slp|[msg]
|move|p1a: Snorlax|Curse|p1a: Snorlax
|-unboost|p1a: Snorlax|spe|1
|-boost|p1a: Snorlax|atk|1
|-boost|p1a: Snorlax|def|1
|
|-heal|p1a: Snorlax|31/100|[from] item: Leftovers
|upkeep
|turn|35
|
|t:|1729822883
|move|p2a: Aerodactyl|Double-Edge|p1a: Snorlax
|-damage|p1a: Snorlax|9/100
|move|p1a: Snorlax|Rest|p1a: Snorlax
|-status|p1a: Snorlax|slp|[from] move: Rest
|-heal|p1a: Snorlax|100/100 slp|[silent]
|
|upkeep
|turn|36
|
|t:|1729822885
|move|p2a: Aerodactyl|Double-Edge|p1a: Snorlax
|-damage|p1a: Snorlax|79/100 slp
|cant|p1a: Snorlax|slp
|
|-heal|p1a: Snorlax|85/100 slp|[from] item: Leftovers
|upkeep
|turn|37
|
|t:|1729822887
|move|p2a: Aerodactyl|Double-Edge|p1a: Snorlax
|-damage|p1a: Snorlax|64/100 slp
|cant|p1a: Snorlax|slp
|
|-heal|p1a: Snorlax|71/100 slp|[from] item: Leftovers
|upkeep
|turn|38
|
|t:|1729822909
|move|p2a: Aerodactyl|Double-Edge|p1a: Snorlax
|-damage|p1a: Snorlax|49/100 slp
|-curestatus|p1a: Snorlax|slp|[msg]
|move|p1a: Snorlax|Curse|p1a: Snorlax
|-unboost|p1a: Snorlax|spe|1
|-boost|p1a: Snorlax|atk|1
|-boost|p1a: Snorlax|def|1
|
|-heal|p1a: Snorlax|55/100|[from] item: Leftovers
|upkeep
|turn|39
|
|t:|1729822911
|move|p2a: Aerodactyl|Double-Edge|p1a: Snorlax
|-damage|p1a: Snorlax|39/100
|move|p1a: Snorlax|Rest|p1a: Snorlax
|-status|p1a: Snorlax|slp|[from] move: Rest
|-heal|p1a: Snorlax|100/100 slp|[silent]
|
|upkeep
|turn|40
|
|t:|1729822913
|move|p2a: Aerodactyl|Double-Edge|p1a: Snorlax
|-crit|p1a: Snorlax
|-damage|p1a: Snorlax|17/100 slp
|cant|p1a: Snorlax|slp
|
|-heal|p1a: Snorlax|23/100 slp|[from] item: Leftovers
|upkeep
|turn|41
|
|t:|1729822916
|move|p2a: Aerodactyl|Double-Edge|p1a: Snorlax
|-crit|p1a: Snorlax
|-damage|p1a: Snorlax|0 fnt
|faint|p1a: Snorlax
|
|win|brotha dog

</script>
<script type="application/json" class="data" id="replaydata-smogtours-gen3ou-801748">
{"id":"smogtours-gen3ou-801748","format":"[Gen 3] OU","players":["Nardgo","brotha dog"],"uploadtime":1729822916,"views":82,"formatid":"gen3ou","rating":null,"private":0,"password":null}
</script>

<script defer src="js/replays.js?9d40a366"></script>
