<!DOCTYPE html>
<meta charset="utf-8" />
<meta name="viewport" content="width=device-width" />

<title>[Gen 3] OU: qsns vs. Hydreigon &gt; Latias - Replays - Pok&eacute;mon Showdown!</title>

<meta name="description" content="Watch a replay of a Pok&eacute;mon battle between qsns and Hydreigon &gt; Latias! Format: [Gen 3] OU; Date: Nov 3, 2024" />
<!--

Hey, you! Looking in the source for the replay log?

You can find them in JSON format, just add `.json` at the end of a replay URL.

https://replay.pokemonshowdown.com/gen7randomdoublesbattle-865046831.json

Or, if you only need the log itself, add `.log` instead:

https://replay.pokemonshowdown.com/gen7randomdoublesbattle-865046831.log

-->

<link rel="stylesheet" href="//pokemonshowdown.com/style/global.css?0.023195364461161105" />
<link rel="stylesheet" href="//play.pokemonshowdown.com/style/font-awesome.css?0.13261647063804238" />
<link rel="stylesheet" href="//play.pokemonshowdown.com/style/battle.css?0.8753245789963631" />
<link rel="stylesheet" href="//play.pokemonshowdown.com/style/utilichart.css?0.8627959624976733" />

<!-- Global site tag (gtag.js) - Google Analytics -->
<script async src="https://www.googletagmanager.com/gtag/js?id=UA-26211653-1"></script>
<script>
  window.dataLayer = window.dataLayer || [];
  function gtag(){dataLayer.push(arguments);}
  gtag('js', new Date());

  gtag('config', 'UA-26211653-1');
</script>
<!-- End Google Analytics -->
<!-- Venatus Ad Manager - Install in <HEAD> of page -->
	<script src="https://hb.vntsm.com/v3/live/ad-manager.min.js" type="text/javascript" data-site-id="642aba63ec9a7b11c3c9c1be" data-mode="scan" async></script>
<!-- / Venatus Ad Manager -->

<style>
	@media (max-width:820px) {
		.battle {
			margin: 0 auto;
		}
		.battle-log {
			margin: 7px auto 0;
			max-width: 640px;
			height: 300px;
			position: static;
		}
	}
	.optgroup {
		display: inline-block;
		line-height: 22px;
		font-size: 10pt;
	}
	.optgroup .button {
		height: 25px;
		padding-top: 0;
		padding-bottom: 0;
	}
	.optgroup button.button {
		padding-left: 12px;
		padding-right: 12px;
	}
	.linklist {
		list-style: none;
		margin: 0.5em 0;
		padding: 0;
	}
	.linklist li {
		padding: 2px 0;
	}
	.sidebar {
		float: left;
		width: 320px;
	}
	.bar-wrapper {
		max-width: 1100px;
		margin: 0 auto;
	}
	.bar-wrapper.has-sidebar {
		max-width: 1430px;
	}
	.mainbar {
		margin: 0;
		padding-right: 1px;
	}
	.mainbar.has-sidebar {
		margin-left: 330px;
	}
	@media (min-width: 1511px) {
		.sidebar {
			width: 400px;
		}
		.bar-wrapper.has-sidebar {
			max-width: 1510px;
		}
		.mainbar.has-sidebar {
			margin-left: 410px;
		}
	}
	.section.first-section {
		margin-top: 9px;
	}
	.blocklink small {
		white-space: normal;
	}
	.button {
		vertical-align: middle;
	}
	.replay-controls {
		padding-top: 10px;
	}
	.replay-controls h1 {
		font-size: 16pt;
		font-weight: normal;
		color: #CCC;
	}
	.pagelink {
		text-align: center;
	}
	.pagelink a {
		width: 150px;
	}
	.textbox, .button {
		font-size: 11pt;
		vertical-align: middle;
	}
	@media (max-width: 450px) {
		.button {
			font-size: 9pt;
		}
	}
</style>

<div>

	<header>
		<div class="nav-wrapper"><ul class="nav">
			<li><a class="button nav-first" href="//pokemonshowdown.com/"><img src="//pokemonshowdown.com/images/pokemonshowdownbeta.png" srcset="//pokemonshowdown.com/images/pokemonshowdownbeta.png 1x, //pokemonshowdown.com/images/pokemonshowdownbeta@2x.png 2x" alt="Pok&eacute;mon Showdown" width="146" height="44" /> Home</a></li>
			<li><a class="button" href="//pokemonshowdown.com/dex/">Pok&eacute;dex</a></li>
			<li><a class="button cur" href="/">Replays</a></li>
			<li><a class="button" href="//pokemonshowdown.com/ladder/">Ladder</a></li>
			<li><a class="button nav-last" href="//pokemonshowdown.com/forums/">Forum</a></li>
			<li><a class="button greenbutton nav-first nav-last" href="//play.pokemonshowdown.com/">Play</a></li>
		</ul></div>
	</header>

	<div class="main" id="main">

		<noscript><section class="section">You need to enable JavaScript to use this page; sorry!</section></noscript>

	</div>

</div>

<script defer nomodule src="//play.pokemonshowdown.com/js/lib/ps-polyfill.js"></script>
<script defer src="//play.pokemonshowdown.com/js/lib/preact.min.js"></script>

<script defer src="//play.pokemonshowdown.com/config/config.js?2bddbc15"></script>
<script defer src="//play.pokemonshowdown.com/js/lib/jquery-1.11.0.min.js"></script>
<script defer src="//play.pokemonshowdown.com/js/lib/html-sanitizer-minified.js"></script>
<script defer src="//play.pokemonshowdown.com/js/battle-sound.js"></script>
<script defer src="//play.pokemonshowdown.com/js/battledata.js?0.7209276989879541"></script>
<script defer src="//play.pokemonshowdown.com/data/pokedex-mini.js?0.6111056340867951"></script>
<script defer src="//play.pokemonshowdown.com/data/pokedex-mini-bw.js?0.3532142036491459"></script>
<script defer src="//play.pokemonshowdown.com/data/graphics.js?0.24223875632456182"></script>
<script defer src="//play.pokemonshowdown.com/data/pokedex.js?0.38839984266356864"></script>
<script defer src="//play.pokemonshowdown.com/data/moves.js?0.21866028504024015"></script>
<script defer src="//play.pokemonshowdown.com/data/abilities.js?0.2005157953846628"></script>
<script defer src="//play.pokemonshowdown.com/data/items.js?0.9894211263848525"></script>
<script defer src="//play.pokemonshowdown.com/data/teambuilder-tables.js?0.6008791140282215"></script>
<script defer src="//play.pokemonshowdown.com/js/battle-tooltips.js?0.7580118955022959"></script>
<script defer src="//play.pokemonshowdown.com/js/battle.js?0.6057722274234274"></script>

<script defer src="js/utils.js?e31f9a17"></script>
<script defer src="js/replays-battle.js?7008c182"></script>

<!-- don't scrape this data! just add .json or .log after the URL!
Full API docs: https://github.com/smogon/pokemon-showdown-client/blob/master/WEB-API.md -->
<script type="text/plain" class="log" id="replaylog-smogtours-gen3ou-804194">
|inactive|Battle timer is ON: inactive players will automatically lose when time's up.
|t:|1730595997
|gametype|singles
|player|p1|qsns|#scl4islanders2|
|player|p2|Hydreigon > Latias|guitarist|
|teamsize|p1|6
|teamsize|p2|6
|gen|3
|tier|[Gen 3] OU
|rule|Sleep Clause Mod: Limit one foe put to sleep
|rule|Switch Priority Clause Mod: Faster Pokémon switch first
|rule|Species Clause: Limit one of each Pokémon
|rule|OHKO Clause: OHKO moves are banned
|rule|Evasion Items Clause: Evasion items are banned
|rule|Evasion Moves Clause: Evasion moves are banned
|rule|Endless Battle Clause: Forcing endless battles is banned
|rule|HP Percentage Mod: HP is shown in percentages
|rule|One Boost Passer Clause: Limit one Baton Passer that has a way to boost its stats
|rule|Freeze Clause Mod: Limit one foe frozen
|
|t:|1730595997
|start
|switch|p1a: Metagross|Metagross|100/100
|switch|p2a: Salamence|Salamence, M|100/100
|-ability|p2a: Salamence|Intimidate|boost
|-fail|p1a: Metagross|unboost|[from] ability: Clear Body|[of] p1a: Metagross
|turn|1
|c|☆qsns|hf
|
|t:|1730596021
|switch|p2a: Metagross|Metagross|100/100
|switch|p1a: Suicune|Suicune|100/100
|
|upkeep
|turn|2
|
|t:|1730596039
|move|p1a: Suicune|Substitute|p1a: Suicune
|-start|p1a: Suicune|Substitute
|-damage|p1a: Suicune|75/100
|move|p2a: Metagross|Explosion|p1a: Suicune
|-end|p1a: Suicune|Substitute
|faint|p2a: Metagross
|
|t:|1730596047
|switch|p2a: Celebi|Celebi|100/100
|
|-heal|p1a: Suicune|82/100|[from] item: Leftovers
|upkeep
|turn|3
|
|t:|1730596055
|switch|p1a: Metagross|Metagross|100/100
|move|p2a: Celebi|Leech Seed|p1a: Metagross
|-start|p1a: Metagross|move: Leech Seed
|
|-damage|p1a: Metagross|88/100|[from] Leech Seed|[of] p2a: Celebi
|upkeep
|turn|4
|
|t:|1730596066
|switch|p2a: Magneton|Magneton|100/100
|switch|p1a: Zapdos|Zapdos|100/100
|
|upkeep
|turn|5
|
|t:|1730596074
|move|p1a: Zapdos|Baton Pass|p1a: Zapdos
|
|t:|1730596076
|switch|p1a: Marowak|Marowak, F|100/100|[from] Baton Pass
|move|p2a: Magneton|Thunderbolt|p1a: Marowak
|-immune|p1a: Marowak
|
|upkeep
|turn|6
|
|t:|1730596099
|switch|p2a: Milotic|Milotic, F|100/100
|move|p1a: Marowak|Rock Slide|p2a: Milotic|[miss]
|-miss|p1a: Marowak|p2a: Milotic
|
|upkeep
|turn|7
|
|t:|1730596111
|switch|p1a: Zapdos|Zapdos|100/100
|switch|p2a: Celebi|Celebi|100/100
|
|upkeep
|turn|8
|
|t:|1730596118
|move|p1a: Zapdos|Light Screen|p1a: Zapdos
|-sidestart|p1: qsns|Light Screen
|move|p2a: Celebi|Psychic|p1a: Zapdos
|-crit|p1a: Zapdos
|-damage|p1a: Zapdos|49/100
|
|-heal|p1a: Zapdos|55/100|[from] item: Leftovers
|upkeep
|turn|9
|
|t:|1730596126
|move|p1a: Zapdos|Baton Pass|p1a: Zapdos
|
|t:|1730596128
|switch|p1a: Snorlax|Snorlax, F|100/100|[from] Baton Pass
|move|p2a: Celebi|Leech Seed|p1a: Snorlax
|-start|p1a: Snorlax|move: Leech Seed
|
|-damage|p1a: Snorlax|88/100|[from] Leech Seed|[of] p2a: Celebi
|upkeep
|turn|10
|
|t:|1730596147
|switch|p2a: Magneton|Magneton|100/100
|switch|p1a: Metagross|Metagross|88/100
|
|-heal|p1a: Metagross|94/100|[from] item: Leftovers
|upkeep
|turn|11
|
|t:|1730596152
|switch|p2a: Skarmory|Skarmory, F|100/100
|move|p1a: Metagross|Earthquake|p2a: Skarmory
|-immune|p2a: Skarmory
|
|-heal|p1a: Metagross|100/100|[from] item: Leftovers
|upkeep
|turn|12
|
|t:|1730596155
|switch|p1a: Magneton|Magneton|100/100
|move|p2a: Skarmory|Spikes|p1a: Magneton
|-sidestart|p1: qsns|Spikes
|
|-sideend|p1: qsns|Light Screen
|upkeep
|turn|13
|
|t:|1730596158
|move|p1a: Magneton|Thunderbolt|p2a: Skarmory
|-supereffective|p2a: Skarmory
|-damage|p2a: Skarmory|4/100
|move|p2a: Skarmory|Roar|p1a: Magneton
|drag|p1a: Marowak|Marowak, F|100/100
|-damage|p1a: Marowak|88/100|[from] Spikes
|
|-heal|p2a: Skarmory|10/100|[from] item: Leftovers
|upkeep
|turn|14
|
|t:|1730596165
|switch|p2a: Milotic|Milotic, F|100/100
|move|p1a: Marowak|Rock Slide|p2a: Milotic
|-damage|p2a: Milotic|74/100
|
|-heal|p2a: Milotic|80/100|[from] item: Leftovers
|upkeep
|turn|15
|
|t:|1730596172
|switch|p1a: Zapdos|Zapdos|55/100
|switch|p2a: Magneton|Magneton|100/100
|
|-heal|p1a: Zapdos|61/100|[from] item: Leftovers
|upkeep
|turn|16
|
|t:|1730596182
|move|p1a: Zapdos|Light Screen|p1a: Zapdos
|-sidestart|p1: qsns|Light Screen
|move|p2a: Magneton|Toxic|p1a: Zapdos|[miss]
|-miss|p2a: Magneton|p1a: Zapdos
|
|-heal|p1a: Zapdos|68/100|[from] item: Leftovers
|upkeep
|turn|17
|
|t:|1730596198
|move|p1a: Zapdos|Baton Pass|p1a: Zapdos
|
|t:|1730596203
|switch|p1a: Snorlax|Snorlax, F|88/100|[from] Baton Pass
|-damage|p1a: Snorlax|76/100|[from] Spikes
|move|p2a: Magneton|Toxic|p1a: Snorlax
|-immune|p1a: Snorlax|[from] ability: Immunity
|
|-heal|p1a: Snorlax|82/100|[from] item: Leftovers
|upkeep
|turn|18
|
|t:|1730596209
|switch|p2a: Celebi|Celebi|100/100
|move|p1a: Snorlax|Curse|p1a: Snorlax
|-unboost|p1a: Snorlax|spe|1
|-boost|p1a: Snorlax|atk|1
|-boost|p1a: Snorlax|def|1
|
|-heal|p1a: Snorlax|88/100|[from] item: Leftovers
|upkeep
|turn|19
|
|t:|1730596217
|move|p2a: Celebi|Leech Seed|p1a: Snorlax|[miss]
|-miss|p2a: Celebi|p1a: Snorlax
|move|p1a: Snorlax|Curse|p1a: Snorlax
|-unboost|p1a: Snorlax|spe|1
|-boost|p1a: Snorlax|atk|1
|-boost|p1a: Snorlax|def|1
|
|-heal|p1a: Snorlax|94/100|[from] item: Leftovers
|upkeep
|turn|20
|
|t:|1730596219
|move|p2a: Celebi|Leech Seed|p1a: Snorlax
|-start|p1a: Snorlax|move: Leech Seed
|move|p1a: Snorlax|Shadow Ball|p2a: Celebi
|-supereffective|p2a: Celebi
|-damage|p2a: Celebi|24/100
|
|-sideend|p1: qsns|Light Screen
|-heal|p2a: Celebi|30/100|[from] item: Leftovers
|-heal|p1a: Snorlax|99/100|[from] item: Leftovers
|-damage|p1a: Snorlax|88/100|[from] Leech Seed|[of] p2a: Celebi
|-heal|p2a: Celebi|45/100|[silent]
|upkeep
|turn|21
|
|t:|1730596226
|move|p2a: Celebi|Recover|p2a: Celebi
|-heal|p2a: Celebi|95/100
|move|p1a: Snorlax|Shadow Ball|p2a: Celebi
|-supereffective|p2a: Celebi
|-damage|p2a: Celebi|18/100
|
|-heal|p2a: Celebi|25/100|[from] item: Leftovers
|-heal|p1a: Snorlax|94/100|[from] item: Leftovers
|-damage|p1a: Snorlax|81/100|[from] Leech Seed|[of] p2a: Celebi
|-heal|p2a: Celebi|39/100|[silent]
|upkeep
|turn|22
|
|t:|1730596236
|switch|p2a: Skarmory|Skarmory, F|10/100
|move|p1a: Snorlax|Shadow Ball|p2a: Skarmory
|-resisted|p2a: Skarmory
|-damage|p2a: Skarmory|0 fnt
|faint|p2a: Skarmory
|
|t:|1730596239
|switch|p2a: Magneton|Magneton|100/100
|
|-heal|p1a: Snorlax|87/100|[from] item: Leftovers
|-damage|p1a: Snorlax|75/100|[from] Leech Seed|[of] p2a: Magneton
|upkeep
|turn|23
|
|t:|1730596243
|move|p2a: Magneton|Substitute|p2a: Magneton
|-start|p2a: Magneton|Substitute
|-damage|p2a: Magneton|76/100
|move|p1a: Snorlax|Earthquake|p2a: Magneton
|-supereffective|p2a: Magneton
|-end|p2a: Magneton|Substitute
|
|-heal|p1a: Snorlax|81/100|[from] item: Leftovers
|-damage|p1a: Snorlax|69/100|[from] Leech Seed|[of] p2a: Magneton
|-heal|p2a: Magneton|99/100|[silent]
|upkeep
|turn|24
|
|t:|1730596249
|switch|p1a: Zapdos|Zapdos|68/100
|move|p2a: Magneton|Substitute|p2a: Magneton
|-start|p2a: Magneton|Substitute
|-damage|p2a: Magneton|74/100
|
|-heal|p1a: Zapdos|74/100|[from] item: Leftovers
|upkeep
|turn|25
|
|t:|1730596252
|move|p1a: Zapdos|Thunderbolt|p2a: Magneton
|-resisted|p2a: Magneton
|-end|p2a: Magneton|Substitute
|move|p2a: Magneton|Toxic|p1a: Zapdos|[miss]
|-miss|p2a: Magneton|p1a: Zapdos
|
|-heal|p1a: Zapdos|80/100|[from] item: Leftovers
|upkeep
|turn|26
|
|t:|1730596256
|move|p1a: Zapdos|Light Screen|p1a: Zapdos
|-sidestart|p1: qsns|Light Screen
|move|p2a: Magneton|Thunderbolt|p1a: Zapdos
|-damage|p1a: Zapdos|56/100
|
|-heal|p1a: Zapdos|62/100|[from] item: Leftovers
|upkeep
|turn|27
|
|t:|1730596265
|move|p1a: Zapdos|Thunderbolt|p2a: Magneton
|-resisted|p2a: Magneton
|-damage|p2a: Magneton|39/100
|move|p2a: Magneton|Substitute|p2a: Magneton
|-start|p2a: Magneton|Substitute
|-damage|p2a: Magneton|15/100
|
|-heal|p1a: Zapdos|69/100|[from] item: Leftovers
|upkeep
|turn|28
|
|t:|1730596268
|move|p1a: Zapdos|Thunderbolt|p2a: Magneton
|-resisted|p2a: Magneton
|-end|p2a: Magneton|Substitute
|move|p2a: Magneton|Toxic|p1a: Zapdos
|-status|p1a: Zapdos|tox
|
|-heal|p1a: Zapdos|75/100 tox|[from] item: Leftovers
|-damage|p1a: Zapdos|69/100 tox|[from] psn
|upkeep
|turn|29
|
|t:|1730596273
|move|p1a: Zapdos|Thunderbolt|p2a: Magneton
|-resisted|p2a: Magneton
|-damage|p2a: Magneton|0 fnt
|faint|p2a: Magneton
|
|t:|1730596282
|switch|p2a: Salamence|Salamence, M|100/100
|-ability|p2a: Salamence|Intimidate|boost
|-unboost|p1a: Zapdos|atk|1
|
|-heal|p1a: Zapdos|75/100 tox|[from] item: Leftovers
|-damage|p1a: Zapdos|62/100 tox|[from] psn
|upkeep
|turn|30
|
|t:|1730596288
|switch|p1a: Metagross|Metagross|100/100
|-damage|p1a: Metagross|88/100|[from] Spikes
|move|p2a: Salamence|Dragon Dance|p2a: Salamence
|-boost|p2a: Salamence|atk|1
|-boost|p2a: Salamence|spe|1
|
|-sideend|p1: qsns|Light Screen
|-heal|p1a: Metagross|94/100|[from] item: Leftovers
|upkeep
|turn|31
|
|t:|1730596296
|move|p2a: Salamence|Earthquake|p1a: Metagross
|-supereffective|p1a: Metagross
|-damage|p1a: Metagross|0 fnt
|faint|p1a: Metagross
|
|t:|1730596298
|switch|p1a: Suicune|Suicune|82/100
|-damage|p1a: Suicune|69/100|[from] Spikes
|
|-heal|p1a: Suicune|75/100|[from] item: Leftovers
|upkeep
|turn|32
|
|t:|1730596304
|move|p2a: Salamence|Rock Slide|p1a: Suicune
|-damage|p1a: Suicune|44/100
|cant|p1a: Suicune|flinch
|
|-heal|p1a: Suicune|50/100|[from] item: Leftovers
|upkeep
|turn|33
|
|t:|1730596306
|move|p2a: Salamence|Hidden Power|p1a: Suicune
|-crit|p1a: Suicune
|-damage|p1a: Suicune|0 fnt
|faint|p1a: Suicune
|c|☆qsns|yeah
|
|t:|1730596314
|switch|p1a: Snorlax|Snorlax, F|69/100
|-damage|p1a: Snorlax|56/100|[from] Spikes
|
|-heal|p1a: Snorlax|63/100|[from] item: Leftovers
|upkeep
|turn|34
|
|t:|1730596316
|move|p2a: Salamence|Hidden Power|p1a: Snorlax
|-damage|p1a: Snorlax|6/100
|move|p1a: Snorlax|Self-Destruct|p2a: Salamence
|-damage|p2a: Salamence|0 fnt
|faint|p1a: Snorlax
|faint|p2a: Salamence
|
|t:|1730596322
|switch|p2a: Celebi|Celebi|39/100
|switch|p1a: Magneton|Magneton|100/100
|-damage|p1a: Magneton|88/100|[from] Spikes
|
|-heal|p2a: Celebi|45/100|[from] item: Leftovers
|upkeep
|turn|35
|
|t:|1730596325
|move|p2a: Celebi|Recover|p2a: Celebi
|-heal|p2a: Celebi|95/100
|move|p1a: Magneton|Hidden Power|p2a: Celebi
|-supereffective|p2a: Celebi
|-damage|p2a: Celebi|52/100
|
|-heal|p2a: Celebi|58/100|[from] item: Leftovers
|upkeep
|turn|36
|
|t:|1730596328
|move|p2a: Celebi|Leech Seed|p1a: Magneton
|-start|p1a: Magneton|move: Leech Seed
|move|p1a: Magneton|Thunderbolt|p2a: Celebi
|-resisted|p2a: Celebi
|-damage|p2a: Celebi|35/100
|
|-heal|p2a: Celebi|41/100|[from] item: Leftovers
|-damage|p1a: Magneton|76/100|[from] Leech Seed|[of] p2a: Celebi
|-heal|p2a: Celebi|49/100|[silent]
|upkeep
|turn|37
|
|t:|1730596330
|move|p2a: Celebi|Recover|p2a: Celebi
|-heal|p2a: Celebi|99/100
|move|p1a: Magneton|Thunderbolt|p2a: Celebi
|-resisted|p2a: Celebi
|-damage|p2a: Celebi|75/100
|
|-heal|p2a: Celebi|81/100|[from] item: Leftovers
|-damage|p1a: Magneton|63/100|[from] Leech Seed|[of] p2a: Celebi
|-heal|p2a: Celebi|88/100|[silent]
|upkeep
|turn|38
|
|t:|1730596334
|switch|p1a: Zapdos|Zapdos|62/100 tox
|move|p2a: Celebi|Psychic|p1a: Zapdos
|-damage|p1a: Zapdos|36/100 tox
|
|-heal|p1a: Zapdos|43/100 tox|[from] item: Leftovers
|-damage|p1a: Zapdos|36/100 tox|[from] psn
|-heal|p2a: Celebi|95/100|[from] item: Leftovers
|upkeep
|turn|39
|
|t:|1730596337
|move|p1a: Zapdos|Light Screen|p1a: Zapdos
|-sidestart|p1: qsns|Light Screen
|move|p2a: Celebi|Psychic|p1a: Zapdos
|-damage|p1a: Zapdos|23/100 tox
|
|-heal|p1a: Zapdos|29/100 tox|[from] item: Leftovers
|-damage|p1a: Zapdos|17/100 tox|[from] psn
|-heal|p2a: Celebi|100/100|[from] item: Leftovers
|upkeep
|turn|40
|
|t:|1730596341
|move|p1a: Zapdos|Baton Pass|p1a: Zapdos
|
|t:|1730596342
|switch|p1a: Marowak|Marowak, F|88/100|[from] Baton Pass
|-damage|p1a: Marowak|76/100|[from] Spikes
|move|p2a: Celebi|Leech Seed|p1a: Marowak
|-start|p1a: Marowak|move: Leech Seed
|
|-damage|p1a: Marowak|64/100|[from] Leech Seed|[of] p2a: Celebi
|upkeep
|turn|41
|
|t:|1730596347
|switch|p2a: Milotic|Milotic, F|80/100
|move|p1a: Marowak|Hidden Power|p2a: Milotic
|-damage|p2a: Milotic|53/100
|
|-damage|p1a: Marowak|51/100|[from] Leech Seed|[of] p2a: Milotic
|-heal|p2a: Milotic|61/100|[silent]
|-heal|p2a: Milotic|67/100|[from] item: Leftovers
|upkeep
|turn|42
|
|t:|1730596352
|move|p1a: Marowak|Earthquake|p2a: Milotic
|-damage|p2a: Milotic|12/100
|move|p2a: Milotic|Surf|p1a: Marowak
|-supereffective|p1a: Marowak
|-damage|p1a: Marowak|0 fnt
|faint|p1a: Marowak
|
|t:|1730596357
|switch|p1a: Magneton|Magneton|63/100
|-damage|p1a: Magneton|51/100|[from] Spikes
|
|-heal|p2a: Milotic|19/100|[from] item: Leftovers
|upkeep
|turn|43
|
|t:|1730596360
|move|p1a: Magneton|Thunderbolt|p2a: Milotic
|-supereffective|p2a: Milotic
|-damage|p2a: Milotic|0 fnt
|faint|p2a: Milotic
|
|t:|1730596361
|switch|p2a: Celebi|Celebi|100/100
|
|-sideend|p1: qsns|Light Screen
|upkeep
|turn|44
|
|t:|1730596363
|move|p2a: Celebi|Psychic|p1a: Magneton
|-resisted|p1a: Magneton
|-damage|p1a: Magneton|20/100
|move|p1a: Magneton|Thunderbolt|p2a: Celebi
|-resisted|p2a: Celebi
|-damage|p2a: Celebi|79/100
|
|-heal|p2a: Celebi|85/100|[from] item: Leftovers
|upkeep
|turn|45
|
|t:|1730596365
|move|p2a: Celebi|Psychic|p1a: Magneton
|-resisted|p1a: Magneton
|-damage|p1a: Magneton|0 fnt
|faint|p1a: Magneton
|
|t:|1730596366
|switch|p1a: Zapdos|Zapdos|17/100 tox
|
|-heal|p1a: Zapdos|23/100 tox|[from] item: Leftovers
|-damage|p1a: Zapdos|17/100 tox|[from] psn
|-heal|p2a: Celebi|92/100|[from] item: Leftovers
|upkeep
|turn|46
|
|t:|1730596368
|move|p1a: Zapdos|Thunderbolt|p2a: Celebi
|-resisted|p2a: Celebi
|-damage|p2a: Celebi|75/100
|-status|p2a: Celebi|par
|move|p2a: Celebi|Psychic|p1a: Zapdos
|-damage|p1a: Zapdos|0 fnt
|faint|p1a: Zapdos
|
|win|Hydreigon > Latias
|player|p1|
|player|p2|
|player|p2|Hydreigon > Latias|guitarist|

</script>
<script type="application/json" class="data" id="replaydata-smogtours-gen3ou-804194">
{"id":"smogtours-gen3ou-804194","format":"[Gen 3] OU","players":["qsns","Hydreigon > Latias"],"uploadtime":1730596368,"views":51,"formatid":"gen3ou","rating":null,"private":1,"password":null}
</script>

<script defer src="js/replays.js?9d40a366"></script>
