<!DOCTYPE html>
<meta charset="utf-8" />
<meta name="viewport" content="width=device-width" />

<title>[Gen 3] OU: xhoshi vs. I love you Jesus - Replays - Pok&eacute;mon Showdown!</title>

<meta name="description" content="Watch a replay of a Pok&eacute;mon battle between xhoshi and I love you Jesus! Format: [Gen 3] OU; Date: Oct 31, 2024" />
<!--

Hey, you! Looking in the source for the replay log?

You can find them in JSON format, just add `.json` at the end of a replay URL.

https://replay.pokemonshowdown.com/gen7randomdoublesbattle-865046831.json

Or, if you only need the log itself, add `.log` instead:

https://replay.pokemonshowdown.com/gen7randomdoublesbattle-865046831.log

-->

<link rel="stylesheet" href="//pokemonshowdown.com/style/global.css?0.023195364461161105" />
<link rel="stylesheet" href="//play.pokemonshowdown.com/style/font-awesome.css?0.13261647063804238" />
<link rel="stylesheet" href="//play.pokemonshowdown.com/style/battle.css?0.8753245789963631" />
<link rel="stylesheet" href="//play.pokemonshowdown.com/style/utilichart.css?0.8627959624976733" />

<!-- Global site tag (gtag.js) - Google Analytics -->
<script async src="https://www.googletagmanager.com/gtag/js?id=UA-26211653-1"></script>
<script>
  window.dataLayer = window.dataLayer || [];
  function gtag(){dataLayer.push(arguments);}
  gtag('js', new Date());

  gtag('config', 'UA-26211653-1');
</script>
<!-- End Google Analytics -->
<!-- Venatus Ad Manager - Install in <HEAD> of page -->
	<script src="https://hb.vntsm.com/v3/live/ad-manager.min.js" type="text/javascript" data-site-id="642aba63ec9a7b11c3c9c1be" data-mode="scan" async></script>
<!-- / Venatus Ad Manager -->

<style>
	@media (max-width:820px) {
		.battle {
			margin: 0 auto;
		}
		.battle-log {
			margin: 7px auto 0;
			max-width: 640px;
			height: 300px;
			position: static;
		}
	}
	.optgroup {
		display: inline-block;
		line-height: 22px;
		font-size: 10pt;
	}
	.optgroup .button {
		height: 25px;
		padding-top: 0;
		padding-bottom: 0;
	}
	.optgroup button.button {
		padding-left: 12px;
		padding-right: 12px;
	}
	.linklist {
		list-style: none;
		margin: 0.5em 0;
		padding: 0;
	}
	.linklist li {
		padding: 2px 0;
	}
	.sidebar {
		float: left;
		width: 320px;
	}
	.bar-wrapper {
		max-width: 1100px;
		margin: 0 auto;
	}
	.bar-wrapper.has-sidebar {
		max-width: 1430px;
	}
	.mainbar {
		margin: 0;
		padding-right: 1px;
	}
	.mainbar.has-sidebar {
		margin-left: 330px;
	}
	@media (min-width: 1511px) {
		.sidebar {
			width: 400px;
		}
		.bar-wrapper.has-sidebar {
			max-width: 1510px;
		}
		.mainbar.has-sidebar {
			margin-left: 410px;
		}
	}
	.section.first-section {
		margin-top: 9px;
	}
	.blocklink small {
		white-space: normal;
	}
	.button {
		vertical-align: middle;
	}
	.replay-controls {
		padding-top: 10px;
	}
	.replay-controls h1 {
		font-size: 16pt;
		font-weight: normal;
		color: #CCC;
	}
	.pagelink {
		text-align: center;
	}
	.pagelink a {
		width: 150px;
	}
	.textbox, .button {
		font-size: 11pt;
		vertical-align: middle;
	}
	@media (max-width: 450px) {
		.button {
			font-size: 9pt;
		}
	}
</style>

<div>

	<header>
		<div class="nav-wrapper"><ul class="nav">
			<li><a class="button nav-first" href="//pokemonshowdown.com/"><img src="//pokemonshowdown.com/images/pokemonshowdownbeta.png" srcset="//pokemonshowdown.com/images/pokemonshowdownbeta.png 1x, //pokemonshowdown.com/images/pokemonshowdownbeta@2x.png 2x" alt="Pok&eacute;mon Showdown" width="146" height="44" /> Home</a></li>
			<li><a class="button" href="//pokemonshowdown.com/dex/">Pok&eacute;dex</a></li>
			<li><a class="button cur" href="/">Replays</a></li>
			<li><a class="button" href="//pokemonshowdown.com/ladder/">Ladder</a></li>
			<li><a class="button nav-last" href="//pokemonshowdown.com/forums/">Forum</a></li>
			<li><a class="button greenbutton nav-first nav-last" href="//play.pokemonshowdown.com/">Play</a></li>
		</ul></div>
	</header>

	<div class="main" id="main">

		<noscript><section class="section">You need to enable JavaScript to use this page; sorry!</section></noscript>

	</div>

</div>

<script defer nomodule src="//play.pokemonshowdown.com/js/lib/ps-polyfill.js"></script>
<script defer src="//play.pokemonshowdown.com/js/lib/preact.min.js"></script>

<script defer src="//play.pokemonshowdown.com/config/config.js?2bddbc15"></script>
<script defer src="//play.pokemonshowdown.com/js/lib/jquery-1.11.0.min.js"></script>
<script defer src="//play.pokemonshowdown.com/js/lib/html-sanitizer-minified.js"></script>
<script defer src="//play.pokemonshowdown.com/js/battle-sound.js"></script>
<script defer src="//play.pokemonshowdown.com/js/battledata.js?0.7209276989879541"></script>
<script defer src="//play.pokemonshowdown.com/data/pokedex-mini.js?0.6111056340867951"></script>
<script defer src="//play.pokemonshowdown.com/data/pokedex-mini-bw.js?0.3532142036491459"></script>
<script defer src="//play.pokemonshowdown.com/data/graphics.js?0.24223875632456182"></script>
<script defer src="//play.pokemonshowdown.com/data/pokedex.js?0.38839984266356864"></script>
<script defer src="//play.pokemonshowdown.com/data/moves.js?0.21866028504024015"></script>
<script defer src="//play.pokemonshowdown.com/data/abilities.js?0.2005157953846628"></script>
<script defer src="//play.pokemonshowdown.com/data/items.js?0.9894211263848525"></script>
<script defer src="//play.pokemonshowdown.com/data/teambuilder-tables.js?0.6008791140282215"></script>
<script defer src="//play.pokemonshowdown.com/js/battle-tooltips.js?0.7580118955022959"></script>
<script defer src="//play.pokemonshowdown.com/js/battle.js?0.6057722274234274"></script>

<script defer src="js/utils.js?e31f9a17"></script>
<script defer src="js/replays-battle.js?7008c182"></script>

<!-- don't scrape this data! just add .json or .log after the URL!
Full API docs: https://github.com/smogon/pokemon-showdown-client/blob/master/WEB-API.md -->
<script type="text/plain" class="log" id="replaylog-smogtours-gen3ou-803526">
|inactive|Battle timer is ON: inactive players will automatically lose when time's up.
|t:|1730334027
|gametype|singles
|player|p1|xhoshi|169|
|player|p2|I love you Jesus|bugsy|
|teamsize|p1|6
|teamsize|p2|6
|gen|3
|tier|[Gen 3] OU
|rule|Sleep Clause Mod: Limit one foe put to sleep
|rule|Switch Priority Clause Mod: Faster Pokémon switch first
|rule|Species Clause: Limit one of each Pokémon
|rule|OHKO Clause: OHKO moves are banned
|rule|Evasion Items Clause: Evasion items are banned
|rule|Evasion Moves Clause: Evasion moves are banned
|rule|Endless Battle Clause: Forcing endless battles is banned
|rule|HP Percentage Mod: HP is shown in percentages
|rule|One Boost Passer Clause: Limit one Baton Passer that has a way to boost its stats
|rule|Freeze Clause Mod: Limit one foe frozen
|
|t:|1730334027
|start
|switch|p1a: Skarmory|Skarmory, F|100/100
|switch|p2a: Tyranitar|Tyranitar, F|100/100
|-weather|Sandstorm|[from] ability: Sand Stream|[of] p2a: Tyranitar
|turn|1
|
|t:|1730334047
|switch|p2a: Jirachi|Jirachi|100/100
|move|p1a: Skarmory|Spikes|p2a: Jirachi
|-sidestart|p2: I love you Jesus|Spikes
|
|-weather|Sandstorm|[upkeep]
|upkeep
|turn|2
|
|t:|1730334068
|move|p1a: Skarmory|Protect|p1a: Skarmory
|-singleturn|p1a: Skarmory|Protect
|move|p2a: Jirachi|Fire Punch|p1a: Skarmory
|-activate|p1a: Skarmory|Protect
|
|-weather|Sandstorm|[upkeep]
|upkeep
|turn|3
|
|t:|1730334080
|switch|p1a: Blissey|Blissey, F|100/100
|move|p2a: Jirachi|Fire Punch|p1a: Blissey
|-damage|p1a: Blissey|93/100
|
|-weather|Sandstorm|[upkeep]
|-damage|p1a: Blissey|87/100|[from] Sandstorm
|-heal|p1a: Blissey|93/100|[from] item: Leftovers
|upkeep
|turn|4
|
|t:|1730334084
|move|p2a: Jirachi|Protect|p2a: Jirachi
|-singleturn|p2a: Jirachi|Protect
|move|p1a: Blissey|Seismic Toss|p2a: Jirachi
|-activate|p2a: Jirachi|Protect
|
|-weather|Sandstorm|[upkeep]
|-damage|p1a: Blissey|87/100|[from] Sandstorm
|-heal|p1a: Blissey|93/100|[from] item: Leftovers
|upkeep
|turn|5
|
|t:|1730334090
|move|p2a: Jirachi|Fire Punch|p1a: Blissey
|-damage|p1a: Blissey|86/100
|move|p1a: Blissey|Ice Beam|p2a: Jirachi
|-resisted|p2a: Jirachi
|-damage|p2a: Jirachi|94/100
|
|-weather|Sandstorm|[upkeep]
|-damage|p1a: Blissey|80/100|[from] Sandstorm
|-heal|p2a: Jirachi|99/100|[from] item: Leftovers
|-heal|p1a: Blissey|86/100|[from] item: Leftovers
|upkeep
|turn|6
|
|t:|1730334093
|switch|p2a: Skarmory|Skarmory, M|100/100
|move|p1a: Blissey|Seismic Toss|p2a: Skarmory
|-damage|p2a: Skarmory|71/100
|
|-weather|Sandstorm|[upkeep]
|-damage|p1a: Blissey|80/100|[from] Sandstorm
|-heal|p2a: Skarmory|77/100|[from] item: Leftovers
|-heal|p1a: Blissey|86/100|[from] item: Leftovers
|upkeep
|turn|7
|
|t:|1730334100
|switch|p1a: Zapdos|Zapdos|100/100
|move|p2a: Skarmory|Spikes|p1a: Zapdos
|-sidestart|p1: xhoshi|Spikes
|
|-weather|Sandstorm|[upkeep]
|-damage|p1a: Zapdos|94/100|[from] Sandstorm
|-heal|p1a: Zapdos|100/100|[from] item: Leftovers
|-heal|p2a: Skarmory|83/100|[from] item: Leftovers
|upkeep
|turn|8
|
|t:|1730334103
|move|p2a: Skarmory|Protect|p2a: Skarmory
|-singleturn|p2a: Skarmory|Protect
|move|p1a: Zapdos|Thunderbolt|p2a: Skarmory
|-activate|p2a: Skarmory|Protect
|
|-weather|Sandstorm|[upkeep]
|-damage|p1a: Zapdos|94/100|[from] Sandstorm
|-heal|p1a: Zapdos|100/100|[from] item: Leftovers
|-heal|p2a: Skarmory|89/100|[from] item: Leftovers
|upkeep
|turn|9
|
|t:|1730334106
|switch|p2a: Jirachi|Jirachi|99/100
|-damage|p2a: Jirachi|87/100|[from] Spikes
|move|p1a: Zapdos|Roar|p2a: Jirachi
|drag|p2a: Skarmory|Skarmory, M|89/100
|
|-weather|Sandstorm|[upkeep]
|-damage|p1a: Zapdos|94/100|[from] Sandstorm
|-heal|p1a: Zapdos|100/100|[from] item: Leftovers
|-heal|p2a: Skarmory|95/100|[from] item: Leftovers
|upkeep
|turn|10
|
|t:|1730334109
|move|p2a: Skarmory|Protect|p2a: Skarmory
|-singleturn|p2a: Skarmory|Protect
|move|p1a: Zapdos|Thunderbolt|p2a: Skarmory
|-activate|p2a: Skarmory|Protect
|
|-weather|Sandstorm|[upkeep]
|-damage|p1a: Zapdos|94/100|[from] Sandstorm
|-heal|p1a: Zapdos|100/100|[from] item: Leftovers
|-heal|p2a: Skarmory|100/100|[from] item: Leftovers
|upkeep
|turn|11
|
|t:|1730334111
|switch|p2a: Claydol|Claydol|100/100
|move|p1a: Zapdos|Thunderbolt|p2a: Claydol
|-immune|p2a: Claydol
|
|-weather|Sandstorm|[upkeep]
|-damage|p1a: Zapdos|94/100|[from] Sandstorm
|-heal|p1a: Zapdos|100/100|[from] item: Leftovers
|upkeep
|turn|12
|
|t:|1730334121
|switch|p1a: Gengar|Gengar, F|100/100
|switch|p2a: Jirachi|Jirachi|87/100
|-damage|p2a: Jirachi|75/100|[from] Spikes
|
|-weather|Sandstorm|[upkeep]
|-damage|p1a: Gengar|95/100|[from] Sandstorm
|-heal|p1a: Gengar|100/100|[from] item: Leftovers
|-heal|p2a: Jirachi|81/100|[from] item: Leftovers
|upkeep
|turn|13
|
|t:|1730334125
|move|p1a: Gengar|Will-O-Wisp|p2a: Jirachi
|-status|p2a: Jirachi|brn
|move|p2a: Jirachi|Fire Punch|p1a: Gengar
|-damage|p1a: Gengar|81/100
|-status|p1a: Gengar|brn
|
|-weather|Sandstorm|[upkeep]
|-damage|p1a: Gengar|75/100 brn|[from] Sandstorm
|-heal|p1a: Gengar|81/100 brn|[from] item: Leftovers
|-damage|p1a: Gengar|69/100 brn|[from] brn
|-heal|p2a: Jirachi|87/100 brn|[from] item: Leftovers
|-damage|p2a: Jirachi|75/100 brn|[from] brn
|upkeep
|turn|14
|
|t:|1730334136
|switch|p1a: Skarmory|Skarmory, F|100/100
|switch|p2a: Skarmory|Skarmory, M|100/100
|
|-weather|Sandstorm|[upkeep]
|upkeep
|turn|15
|
|t:|1730334141
|move|p2a: Skarmory|Spikes|p1a: Skarmory
|-sidestart|p1: xhoshi|Spikes
|move|p1a: Skarmory|Roar|p2a: Skarmory
|drag|p2a: Jirachi|Jirachi|75/100 brn
|-damage|p2a: Jirachi|63/100 brn|[from] Spikes
|
|-weather|Sandstorm|[upkeep]
|-heal|p2a: Jirachi|69/100 brn|[from] item: Leftovers
|-damage|p2a: Jirachi|56/100 brn|[from] brn
|upkeep
|turn|16
|
|t:|1730334145
|move|p1a: Skarmory|Protect|p1a: Skarmory
|-singleturn|p1a: Skarmory|Protect
|move|p2a: Jirachi|Wish|p2a: Jirachi
|
|-weather|Sandstorm|[upkeep]
|-heal|p2a: Jirachi|63/100 brn|[from] item: Leftovers
|-damage|p2a: Jirachi|50/100 brn|[from] brn
|upkeep
|turn|17
|
|t:|1730334149
|switch|p1a: Blissey|Blissey, F|86/100
|-damage|p1a: Blissey|69/100|[from] Spikes
|move|p2a: Jirachi|Protect||[still]
|-fail|p2a: Jirachi
|
|-heal|p2a: Jirachi|99/100 brn|[from] move: Wish|[wisher] Jirachi
|-weather|Sandstorm|[upkeep]
|-damage|p1a: Blissey|63/100|[from] Sandstorm
|-heal|p2a: Jirachi|100/100 brn|[from] item: Leftovers
|-damage|p2a: Jirachi|88/100 brn|[from] brn
|-heal|p1a: Blissey|69/100|[from] item: Leftovers
|upkeep
|turn|18
|
|t:|1730334154
|switch|p2a: Skarmory|Skarmory, M|100/100
|move|p1a: Blissey|Soft-Boiled|p1a: Blissey
|-heal|p1a: Blissey|100/100
|
|-weather|Sandstorm|[upkeep]
|-damage|p1a: Blissey|94/100|[from] Sandstorm
|-heal|p1a: Blissey|100/100|[from] item: Leftovers
|upkeep
|turn|19
|
|t:|1730334156
|switch|p1a: Zapdos|Zapdos|100/100
|move|p2a: Skarmory|Spikes|p1a: Zapdos
|-sidestart|p1: xhoshi|Spikes
|
|-weather|Sandstorm|[upkeep]
|-damage|p1a: Zapdos|94/100|[from] Sandstorm
|-heal|p1a: Zapdos|100/100|[from] item: Leftovers
|upkeep
|turn|20
|
|t:|1730334161
|move|p2a: Skarmory|Toxic|p1a: Zapdos
|-status|p1a: Zapdos|tox
|move|p1a: Zapdos|Roar|p2a: Skarmory
|drag|p2a: Jirachi|Jirachi|88/100 brn
|-damage|p2a: Jirachi|76/100 brn|[from] Spikes
|
|-weather|Sandstorm|[upkeep]
|-damage|p1a: Zapdos|94/100 tox|[from] Sandstorm
|-heal|p1a: Zapdos|100/100 tox|[from] item: Leftovers
|-damage|p1a: Zapdos|94/100 tox|[from] psn
|-heal|p2a: Jirachi|82/100 brn|[from] item: Leftovers
|-damage|p2a: Jirachi|70/100 brn|[from] brn
|upkeep
|turn|21
|
|t:|1730334163
|switch|p2a: Claydol|Claydol|100/100
|move|p1a: Zapdos|Thunderbolt|p2a: Claydol
|-immune|p2a: Claydol
|
|-weather|Sandstorm|[upkeep]
|-damage|p1a: Zapdos|88/100 tox|[from] Sandstorm
|-heal|p1a: Zapdos|94/100 tox|[from] item: Leftovers
|-damage|p1a: Zapdos|82/100 tox|[from] psn
|upkeep
|turn|22
|
|t:|1730334169
|move|p2a: Claydol|Rapid Spin|p1a: Zapdos
|-damage|p1a: Zapdos|78/100 tox
|-sideend|p2: I love you Jesus|Spikes|[from] move: Rapid Spin|[of] p2a: Claydol
|move|p1a: Zapdos|Roar|p2a: Claydol
|drag|p2a: Skarmory|Skarmory, M|100/100
|
|-weather|Sandstorm|[upkeep]
|-damage|p1a: Zapdos|72/100 tox|[from] Sandstorm
|-heal|p1a: Zapdos|78/100 tox|[from] item: Leftovers
|-damage|p1a: Zapdos|59/100 tox|[from] psn
|upkeep
|turn|23
|
|t:|1730334174
|switch|p2a: Jirachi|Jirachi|70/100 brn
|move|p1a: Zapdos|Rest|p1a: Zapdos
|-status|p1a: Zapdos|slp|[from] move: Rest
|-heal|p1a: Zapdos|100/100 slp|[silent]
|
|-weather|Sandstorm|[upkeep]
|-damage|p1a: Zapdos|94/100 slp|[from] Sandstorm
|-heal|p1a: Zapdos|100/100 slp|[from] item: Leftovers
|-heal|p2a: Jirachi|76/100 brn|[from] item: Leftovers
|-damage|p2a: Jirachi|63/100 brn|[from] brn
|upkeep
|turn|24
|
|t:|1730334176
|cant|p1a: Zapdos|slp
|move|p1a: Zapdos|Sleep Talk|p1a: Zapdos
|move|p1a: Zapdos|Roar|p2a: Jirachi|[from]Sleep Talk
|drag|p2a: Gengar|Gengar, F|100/100
|
|-weather|Sandstorm|[upkeep]
|-damage|p2a: Gengar|94/100|[from] Sandstorm
|-damage|p1a: Zapdos|94/100 slp|[from] Sandstorm
|-heal|p2a: Gengar|100/100|[from] item: Leftovers
|-heal|p1a: Zapdos|100/100 slp|[from] item: Leftovers
|upkeep
|turn|25
|
|t:|1730334183
|switch|p2a: Claydol|Claydol|100/100
|switch|p1a: Blissey|Blissey, F|100/100
|-damage|p1a: Blissey|76/100|[from] Spikes
|
|-weather|Sandstorm|[upkeep]
|-damage|p1a: Blissey|69/100|[from] Sandstorm
|-heal|p1a: Blissey|76/100|[from] item: Leftovers
|upkeep
|turn|26
|
|t:|1730334190
|switch|p2a: Skarmory|Skarmory, M|100/100
|move|p1a: Blissey|Ice Beam|p2a: Skarmory
|-damage|p2a: Skarmory|78/100
|
|-weather|Sandstorm|[upkeep]
|-damage|p1a: Blissey|69/100|[from] Sandstorm
|-heal|p2a: Skarmory|84/100|[from] item: Leftovers
|-heal|p1a: Blissey|76/100|[from] item: Leftovers
|upkeep
|turn|27
|
|t:|1730334195
|move|p1a: Blissey|Seismic Toss|p2a: Skarmory
|-damage|p2a: Skarmory|54/100
|move|p2a: Skarmory|Whirlwind|p1a: Blissey
|drag|p1a: Gengar|Gengar, F|69/100 brn
|
|-weather|Sandstorm|[upkeep]
|-damage|p1a: Gengar|63/100 brn|[from] Sandstorm
|-heal|p1a: Gengar|69/100 brn|[from] item: Leftovers
|-damage|p1a: Gengar|57/100 brn|[from] brn
|-heal|p2a: Skarmory|60/100|[from] item: Leftovers
|upkeep
|turn|28
|
|t:|1730334200
|switch|p1a: Skarmory|Skarmory, F|100/100
|move|p2a: Skarmory|Protect||[still]
|-fail|p2a: Skarmory
|
|-weather|Sandstorm|[upkeep]
|-heal|p2a: Skarmory|66/100|[from] item: Leftovers
|upkeep
|turn|29
|
|t:|1730334215
|switch|p2a: Jirachi|Jirachi|63/100 brn
|move|p1a: Skarmory|Spikes|p2a: Jirachi
|-sidestart|p2: I love you Jesus|Spikes
|
|-weather|Sandstorm|[upkeep]
|-heal|p2a: Jirachi|70/100 brn|[from] item: Leftovers
|-damage|p2a: Jirachi|57/100 brn|[from] brn
|upkeep
|turn|30
|
|t:|1730334221
|move|p2a: Jirachi|Fire Punch|p1a: Skarmory
|-supereffective|p1a: Skarmory
|-damage|p1a: Skarmory|67/100
|move|p1a: Skarmory|Roar|p2a: Jirachi
|drag|p2a: Gengar|Gengar, F|100/100
|
|-weather|Sandstorm|[upkeep]
|-damage|p2a: Gengar|94/100|[from] Sandstorm
|-heal|p2a: Gengar|100/100|[from] item: Leftovers
|-heal|p1a: Skarmory|73/100|[from] item: Leftovers
|upkeep
|turn|31
|
|t:|1730334225
|move|p1a: Skarmory|Protect|p1a: Skarmory
|-singleturn|p1a: Skarmory|Protect
|move|p2a: Gengar|Thunderbolt|p1a: Skarmory
|-activate|p1a: Skarmory|Protect
|
|-weather|Sandstorm|[upkeep]
|-damage|p2a: Gengar|94/100|[from] Sandstorm
|-heal|p2a: Gengar|100/100|[from] item: Leftovers
|-heal|p1a: Skarmory|79/100|[from] item: Leftovers
|upkeep
|turn|32
|
|t:|1730334239
|switch|p1a: Blissey|Blissey, F|76/100
|-damage|p1a: Blissey|51/100|[from] Spikes
|move|p2a: Gengar|Thunderbolt|p1a: Blissey
|-damage|p1a: Blissey|38/100
|
|-weather|Sandstorm|[upkeep]
|-damage|p2a: Gengar|94/100|[from] Sandstorm
|-damage|p1a: Blissey|32/100|[from] Sandstorm
|-heal|p2a: Gengar|100/100|[from] item: Leftovers
|-heal|p1a: Blissey|38/100|[from] item: Leftovers
|upkeep
|turn|33
|
|t:|1730334245
|move|p2a: Gengar|Hypnosis|p1a: Blissey
|-status|p1a: Blissey|slp|[from] move: Hypnosis
|cant|p1a: Blissey|slp
|
|-weather|Sandstorm|[upkeep]
|-damage|p2a: Gengar|94/100|[from] Sandstorm
|-damage|p1a: Blissey|32/100 slp|[from] Sandstorm
|-heal|p2a: Gengar|100/100|[from] item: Leftovers
|-heal|p1a: Blissey|38/100 slp|[from] item: Leftovers
|upkeep
|turn|34
|
|t:|1730334261
|-singleturn|p2a: Gengar|move: Focus Punch
|-curestatus|p1a: Blissey|slp|[from] ability: Natural Cure
|switch|p1a: Zapdos|Zapdos|100/100 slp
|move|p2a: Gengar|Focus Punch|p1a: Zapdos
|-resisted|p1a: Zapdos
|-damage|p1a: Zapdos|84/100 slp
|
|-weather|Sandstorm|[upkeep]
|-damage|p2a: Gengar|94/100|[from] Sandstorm
|-damage|p1a: Zapdos|78/100 slp|[from] Sandstorm
|-heal|p2a: Gengar|100/100|[from] item: Leftovers
|-heal|p1a: Zapdos|84/100 slp|[from] item: Leftovers
|upkeep
|turn|35
|
|t:|1730334268
|switch|p2a: Claydol|Claydol|100/100
|cant|p1a: Zapdos|slp
|move|p1a: Zapdos|Sleep Talk|p1a: Zapdos
|move|p1a: Zapdos|Thunderbolt|p2a: Claydol|[from]Sleep Talk
|-immune|p2a: Claydol
|
|-weather|Sandstorm|[upkeep]
|-damage|p1a: Zapdos|78/100 slp|[from] Sandstorm
|-heal|p1a: Zapdos|84/100 slp|[from] item: Leftovers
|upkeep
|turn|36
|
|t:|1730334282
|move|p2a: Claydol|Rapid Spin|p1a: Zapdos
|-damage|p1a: Zapdos|80/100 slp
|-sideend|p2: I love you Jesus|Spikes|[from] move: Rapid Spin|[of] p2a: Claydol
|cant|p1a: Zapdos|slp
|
|-weather|Sandstorm|[upkeep]
|-damage|p1a: Zapdos|74/100 slp|[from] Sandstorm
|-heal|p1a: Zapdos|80/100 slp|[from] item: Leftovers
|upkeep
|turn|37
|
|t:|1730334288
|move|p2a: Claydol|Psychic|p1a: Zapdos
|-damage|p1a: Zapdos|64/100 slp
|-curestatus|p1a: Zapdos|slp|[msg]
|move|p1a: Zapdos|Roar|p2a: Claydol
|drag|p2a: Skarmory|Skarmory, M|66/100
|
|-weather|Sandstorm|[upkeep]
|-damage|p1a: Zapdos|58/100|[from] Sandstorm
|-heal|p1a: Zapdos|64/100|[from] item: Leftovers
|-heal|p2a: Skarmory|72/100|[from] item: Leftovers
|upkeep
|turn|38
|
|t:|1730334298
|switch|p1a: Blissey|Blissey, F|38/100
|-damage|p1a: Blissey|13/100|[from] Spikes
|switch|p2a: Claydol|Claydol|100/100
|
|-weather|Sandstorm|[upkeep]
|-damage|p1a: Blissey|7/100|[from] Sandstorm
|-heal|p1a: Blissey|13/100|[from] item: Leftovers
|upkeep
|turn|39
|
|t:|1730334302
|move|p2a: Claydol|Earthquake|p1a: Blissey
|-damage|p1a: Blissey|0 fnt
|faint|p1a: Blissey
|
|t:|1730334309
|switch|p1a: Skarmory|Skarmory, F|79/100
|
|-weather|Sandstorm|[upkeep]
|-heal|p1a: Skarmory|85/100|[from] item: Leftovers
|upkeep
|turn|40
|
|t:|1730334316
|switch|p2a: Jirachi|Jirachi|57/100 brn
|move|p1a: Skarmory|Roar|p2a: Jirachi
|drag|p2a: Skarmory|Skarmory, M|72/100
|
|-weather|Sandstorm|[upkeep]
|-heal|p1a: Skarmory|91/100|[from] item: Leftovers
|-heal|p2a: Skarmory|78/100|[from] item: Leftovers
|upkeep
|turn|41
|
|t:|1730334320
|switch|p2a: Jirachi|Jirachi|57/100 brn
|move|p1a: Skarmory|Spikes|p2a: Jirachi
|-sidestart|p2: I love you Jesus|Spikes
|
|-weather|Sandstorm|[upkeep]
|-heal|p2a: Jirachi|63/100 brn|[from] item: Leftovers
|-damage|p2a: Jirachi|51/100 brn|[from] brn
|-heal|p1a: Skarmory|97/100|[from] item: Leftovers
|upkeep
|turn|42
|
|t:|1730334325
|move|p1a: Skarmory|Protect|p1a: Skarmory
|-singleturn|p1a: Skarmory|Protect
|move|p2a: Jirachi|Fire Punch|p1a: Skarmory
|-activate|p1a: Skarmory|Protect
|
|-weather|Sandstorm|[upkeep]
|-heal|p2a: Jirachi|57/100 brn|[from] item: Leftovers
|-damage|p2a: Jirachi|45/100 brn|[from] brn
|-heal|p1a: Skarmory|100/100|[from] item: Leftovers
|upkeep
|turn|43
|
|t:|1730334340
|switch|p1a: Flygon|Flygon, M|100/100
|move|p2a: Jirachi|Wish|p2a: Jirachi
|
|-weather|Sandstorm|[upkeep]
|-heal|p2a: Jirachi|51/100 brn|[from] item: Leftovers
|-damage|p2a: Jirachi|39/100 brn|[from] brn
|upkeep
|turn|44
|
|t:|1730334349
|move|p2a: Jirachi|Protect|p2a: Jirachi
|-singleturn|p2a: Jirachi|Protect
|move|p1a: Flygon|Earthquake|p2a: Jirachi
|-activate|p2a: Jirachi|Protect
|
|-heal|p2a: Jirachi|89/100 brn|[from] move: Wish|[wisher] Jirachi
|-weather|Sandstorm|[upkeep]
|-heal|p2a: Jirachi|95/100 brn|[from] item: Leftovers
|-damage|p2a: Jirachi|82/100 brn|[from] brn
|upkeep
|turn|45
|
|t:|1730334361
|switch|p2a: Skarmory|Skarmory, M|78/100
|move|p1a: Flygon|Flamethrower|p2a: Skarmory
|-supereffective|p2a: Skarmory
|-damage|p2a: Skarmory|48/100
|
|-weather|Sandstorm|[upkeep]
|-heal|p2a: Skarmory|54/100|[from] item: Leftovers
|upkeep
|turn|46
|
|t:|1730334365
|move|p1a: Flygon|Flamethrower|p2a: Skarmory
|-supereffective|p2a: Skarmory
|-damage|p2a: Skarmory|23/100
|move|p2a: Skarmory|Toxic|p1a: Flygon
|-status|p1a: Flygon|tox
|
|-weather|Sandstorm|[upkeep]
|-damage|p1a: Flygon|94/100 tox|[from] psn
|-heal|p2a: Skarmory|29/100|[from] item: Leftovers
|upkeep
|turn|47
|
|t:|1730334368
|move|p2a: Skarmory|Protect|p2a: Skarmory
|-singleturn|p2a: Skarmory|Protect
|move|p1a: Flygon|Flamethrower|p2a: Skarmory
|-activate|p2a: Skarmory|Protect
|
|-weather|Sandstorm|[upkeep]
|-heal|p1a: Flygon|100/100 tox|[from] item: Leftovers
|-damage|p1a: Flygon|88/100 tox|[from] psn
|-heal|p2a: Skarmory|35/100|[from] item: Leftovers
|upkeep
|turn|48
|
|t:|1730334371
|switch|p2a: Milotic|Milotic, F|100/100
|-damage|p2a: Milotic|88/100|[from] Spikes
|move|p1a: Flygon|Flamethrower|p2a: Milotic
|-resisted|p2a: Milotic
|-damage|p2a: Milotic|82/100
|
|-weather|Sandstorm|[upkeep]
|-damage|p2a: Milotic|76/100|[from] Sandstorm
|-heal|p1a: Flygon|94/100 tox|[from] item: Leftovers
|-damage|p1a: Flygon|76/100 tox|[from] psn
|-heal|p2a: Milotic|82/100|[from] item: Leftovers
|upkeep
|turn|49
|
|t:|1730334377
|switch|p1a: Tyranitar|Tyranitar, F|100/100
|-damage|p1a: Tyranitar|76/100|[from] Spikes
|move|p2a: Milotic|Ice Beam|p1a: Tyranitar
|-damage|p1a: Tyranitar|57/100
|
|-weather|Sandstorm|[upkeep]
|-damage|p2a: Milotic|76/100|[from] Sandstorm
|-heal|p2a: Milotic|82/100|[from] item: Leftovers
|-heal|p1a: Tyranitar|63/100|[from] item: Leftovers
|upkeep
|turn|50
|
|t:|1730334380
|move|p2a: Milotic|Surf|p1a: Tyranitar
|-supereffective|p1a: Tyranitar
|-damage|p1a: Tyranitar|8/100
|move|p1a: Tyranitar|Crunch|p2a: Milotic
|-damage|p2a: Milotic|55/100
|-unboost|p2a: Milotic|spd|1
|
|-weather|Sandstorm|[upkeep]
|-damage|p2a: Milotic|48/100|[from] Sandstorm
|-heal|p2a: Milotic|55/100|[from] item: Leftovers
|-heal|p1a: Tyranitar|14/100|[from] item: Leftovers
|upkeep
|turn|51
|
|t:|1730334384
|switch|p1a: Zapdos|Zapdos|64/100
|move|p2a: Milotic|Ice Beam|p1a: Zapdos
|-supereffective|p1a: Zapdos
|-damage|p1a: Zapdos|35/100
|
|-weather|Sandstorm|[upkeep]
|-damage|p1a: Zapdos|29/100|[from] Sandstorm
|-damage|p2a: Milotic|48/100|[from] Sandstorm
|-heal|p1a: Zapdos|35/100|[from] item: Leftovers
|-heal|p2a: Milotic|55/100|[from] item: Leftovers
|upkeep
|turn|52
|
|t:|1730334386
|switch|p2a: Claydol|Claydol|100/100
|move|p1a: Zapdos|Thunderbolt|p2a: Claydol
|-immune|p2a: Claydol
|
|-weather|Sandstorm|[upkeep]
|-damage|p1a: Zapdos|29/100|[from] Sandstorm
|-heal|p1a: Zapdos|35/100|[from] item: Leftovers
|upkeep
|turn|53
|
|t:|1730334389
|move|p1a: Zapdos|Rest|p1a: Zapdos
|-status|p1a: Zapdos|slp|[from] move: Rest
|-heal|p1a: Zapdos|100/100 slp|[silent]
|move|p2a: Claydol|Psychic|p1a: Zapdos
|-damage|p1a: Zapdos|83/100 slp
|
|-weather|Sandstorm|[upkeep]
|-damage|p1a: Zapdos|77/100 slp|[from] Sandstorm
|-heal|p1a: Zapdos|83/100 slp|[from] item: Leftovers
|upkeep
|turn|54
|
|t:|1730334391
|cant|p1a: Zapdos|slp
|move|p1a: Zapdos|Sleep Talk|p1a: Zapdos
|move|p1a: Zapdos|Rest|p1a: Zapdos|[from]Sleep Talk
|move|p2a: Claydol|Psychic|p1a: Zapdos
|-damage|p1a: Zapdos|65/100 slp
|
|-weather|Sandstorm|[upkeep]
|-damage|p1a: Zapdos|59/100 slp|[from] Sandstorm
|-heal|p1a: Zapdos|65/100 slp|[from] item: Leftovers
|upkeep
|turn|55
|
|t:|1730334393
|cant|p1a: Zapdos|slp
|move|p1a: Zapdos|Sleep Talk|p1a: Zapdos
|move|p1a: Zapdos|Roar|p2a: Claydol|[from]Sleep Talk
|drag|p2a: Milotic|Milotic, F|55/100
|-damage|p2a: Milotic|42/100|[from] Spikes
|
|-weather|Sandstorm|[upkeep]
|-damage|p1a: Zapdos|59/100 slp|[from] Sandstorm
|-damage|p2a: Milotic|36/100|[from] Sandstorm
|-heal|p1a: Zapdos|65/100 slp|[from] item: Leftovers
|-heal|p2a: Milotic|42/100|[from] item: Leftovers
|upkeep
|turn|56
|
|t:|1730334398
|switch|p2a: Claydol|Claydol|100/100
|-curestatus|p1a: Zapdos|slp|[msg]
|move|p1a: Zapdos|Roar|p2a: Claydol
|drag|p2a: Gengar|Gengar, F|100/100
|
|-weather|Sandstorm|[upkeep]
|-damage|p2a: Gengar|94/100|[from] Sandstorm
|-damage|p1a: Zapdos|59/100|[from] Sandstorm
|-heal|p2a: Gengar|100/100|[from] item: Leftovers
|-heal|p1a: Zapdos|65/100|[from] item: Leftovers
|upkeep
|turn|57
|
|t:|1730334401
|switch|p2a: Claydol|Claydol|100/100
|move|p1a: Zapdos|Thunderbolt|p2a: Claydol
|-immune|p2a: Claydol
|
|-weather|Sandstorm|[upkeep]
|-damage|p1a: Zapdos|59/100|[from] Sandstorm
|-heal|p1a: Zapdos|65/100|[from] item: Leftovers
|upkeep
|turn|58
|
|t:|1730334405
|switch|p1a: Skarmory|Skarmory, F|100/100
|move|p2a: Claydol|Rapid Spin|p1a: Skarmory
|-resisted|p1a: Skarmory
|-crit|p1a: Skarmory
|-damage|p1a: Skarmory|97/100
|-sideend|p2: I love you Jesus|Spikes|[from] move: Rapid Spin|[of] p2a: Claydol
|
|-weather|Sandstorm|[upkeep]
|-heal|p1a: Skarmory|100/100|[from] item: Leftovers
|upkeep
|turn|59
|
|t:|1730334412
|switch|p2a: Milotic|Milotic, F|42/100
|move|p1a: Skarmory|Spikes|p2a: Milotic
|-sidestart|p2: I love you Jesus|Spikes
|
|-weather|Sandstorm|[upkeep]
|-damage|p2a: Milotic|36/100|[from] Sandstorm
|-heal|p2a: Milotic|42/100|[from] item: Leftovers
|upkeep
|turn|60
|
|t:|1730334415
|move|p1a: Skarmory|Protect|p1a: Skarmory
|-singleturn|p1a: Skarmory|Protect
|move|p2a: Milotic|Recover|p2a: Milotic
|-heal|p2a: Milotic|92/100
|
|-weather|Sandstorm|[upkeep]
|-damage|p2a: Milotic|86/100|[from] Sandstorm
|-heal|p2a: Milotic|92/100|[from] item: Leftovers
|upkeep
|turn|61
|
|t:|1730334417
|move|p2a: Milotic|Surf|p1a: Skarmory
|-damage|p1a: Skarmory|70/100
|move|p1a: Skarmory|Toxic|p2a: Milotic
|-status|p2a: Milotic|tox
|
|-weather|Sandstorm|[upkeep]
|-damage|p2a: Milotic|86/100 tox|[from] Sandstorm
|-heal|p2a: Milotic|92/100 tox|[from] item: Leftovers
|-damage|p2a: Milotic|86/100 tox|[from] psn
|-heal|p1a: Skarmory|76/100|[from] item: Leftovers
|upkeep
|turn|62
|
|t:|1730334421
|switch|p2a: Gengar|Gengar, F|100/100
|move|p1a: Skarmory|Spikes|p2a: Gengar
|-sidestart|p2: I love you Jesus|Spikes
|
|-weather|Sandstorm|[upkeep]
|-damage|p2a: Gengar|94/100|[from] Sandstorm
|-heal|p2a: Gengar|100/100|[from] item: Leftovers
|-heal|p1a: Skarmory|82/100|[from] item: Leftovers
|upkeep
|turn|63
|
|t:|1730334424
|move|p1a: Skarmory|Protect|p1a: Skarmory
|-singleturn|p1a: Skarmory|Protect
|move|p2a: Gengar|Thunderbolt|p1a: Skarmory
|-activate|p1a: Skarmory|Protect
|
|-weather|Sandstorm|[upkeep]
|-damage|p2a: Gengar|94/100|[from] Sandstorm
|-heal|p2a: Gengar|100/100|[from] item: Leftovers
|-heal|p1a: Skarmory|88/100|[from] item: Leftovers
|upkeep
|turn|64
|
|t:|1730334429
|switch|p1a: Flygon|Flygon, M|76/100 tox
|move|p2a: Gengar|Thunderbolt|p1a: Flygon
|-immune|p1a: Flygon
|
|-weather|Sandstorm|[upkeep]
|-damage|p2a: Gengar|94/100|[from] Sandstorm
|-heal|p2a: Gengar|100/100|[from] item: Leftovers
|-heal|p1a: Flygon|82/100 tox|[from] item: Leftovers
|-damage|p1a: Flygon|76/100 tox|[from] psn
|upkeep
|turn|65
|
|t:|1730334431
|move|p2a: Gengar|Ice Punch|p1a: Flygon
|-supereffective|p1a: Flygon
|-damage|p1a: Flygon|0 fnt
|faint|p1a: Flygon
|
|t:|1730334437
|switch|p1a: Gengar|Gengar, F|57/100 brn
|
|-weather|Sandstorm|[upkeep]
|-damage|p2a: Gengar|94/100|[from] Sandstorm
|-damage|p1a: Gengar|51/100 brn|[from] Sandstorm
|-heal|p2a: Gengar|100/100|[from] item: Leftovers
|-heal|p1a: Gengar|57/100 brn|[from] item: Leftovers
|-damage|p1a: Gengar|44/100 brn|[from] brn
|upkeep
|turn|66
|
|t:|1730334441
|switch|p2a: Jirachi|Jirachi|82/100 brn
|-damage|p2a: Jirachi|66/100 brn|[from] Spikes
|move|p1a: Gengar|Thunderbolt|p2a: Jirachi
|-damage|p2a: Jirachi|49/100 brn
|
|-weather|Sandstorm|[upkeep]
|-damage|p1a: Gengar|38/100 brn|[from] Sandstorm
|-heal|p1a: Gengar|44/100 brn|[from] item: Leftovers
|-damage|p1a: Gengar|32/100 brn|[from] brn
|-heal|p2a: Jirachi|55/100 brn|[from] item: Leftovers
|-damage|p2a: Jirachi|43/100 brn|[from] brn
|upkeep
|turn|67
|
|t:|1730334453
|move|p1a: Gengar|Thunderbolt|p2a: Jirachi
|-damage|p2a: Jirachi|25/100 brn
|move|p2a: Jirachi|Wish|p2a: Jirachi
|
|-weather|Sandstorm|[upkeep]
|-damage|p1a: Gengar|26/100 brn|[from] Sandstorm
|-heal|p1a: Gengar|32/100 brn|[from] item: Leftovers
|-damage|p1a: Gengar|20/100 brn|[from] brn
|-heal|p2a: Jirachi|31/100 brn|[from] item: Leftovers
|-damage|p2a: Jirachi|18/100 brn|[from] brn
|upkeep
|turn|68
|
|t:|1730334460
|switch|p1a: Zapdos|Zapdos|65/100
|move|p2a: Jirachi|Protect||[still]
|-fail|p2a: Jirachi
|
|-heal|p2a: Jirachi|68/100 brn|[from] move: Wish|[wisher] Jirachi
|-weather|Sandstorm|[upkeep]
|-damage|p1a: Zapdos|59/100|[from] Sandstorm
|-heal|p1a: Zapdos|65/100|[from] item: Leftovers
|-heal|p2a: Jirachi|75/100 brn|[from] item: Leftovers
|-damage|p2a: Jirachi|62/100 brn|[from] brn
|upkeep
|turn|69
|
|t:|1730334477
|switch|p2a: Claydol|Claydol|100/100
|move|p1a: Zapdos|Roar|p2a: Claydol
|drag|p2a: Gengar|Gengar, F|100/100
|
|-weather|Sandstorm|[upkeep]
|-damage|p2a: Gengar|94/100|[from] Sandstorm
|-damage|p1a: Zapdos|59/100|[from] Sandstorm
|-heal|p2a: Gengar|100/100|[from] item: Leftovers
|-heal|p1a: Zapdos|65/100|[from] item: Leftovers
|upkeep
|turn|70
|
|t:|1730334481
|switch|p2a: Claydol|Claydol|100/100
|move|p1a: Zapdos|Thunderbolt|p2a: Claydol
|-immune|p2a: Claydol
|
|-weather|Sandstorm|[upkeep]
|-damage|p1a: Zapdos|59/100|[from] Sandstorm
|-heal|p1a: Zapdos|65/100|[from] item: Leftovers
|upkeep
|turn|71
|
|t:|1730334484
|switch|p1a: Gengar|Gengar, F|20/100 brn
|move|p2a: Claydol|Rapid Spin|p1a: Gengar
|-immune|p1a: Gengar
|
|-weather|Sandstorm|[upkeep]
|-damage|p1a: Gengar|14/100 brn|[from] Sandstorm
|-heal|p1a: Gengar|20/100 brn|[from] item: Leftovers
|-damage|p1a: Gengar|8/100 brn|[from] brn
|upkeep
|turn|72
|
|t:|1730334489
|switch|p2a: Jirachi|Jirachi|62/100 brn
|-damage|p2a: Jirachi|46/100 brn|[from] Spikes
|move|p1a: Gengar|Giga Drain|p2a: Jirachi
|-resisted|p2a: Jirachi
|-damage|p2a: Jirachi|40/100 brn
|-heal|p1a: Gengar|11/100 brn|[from] drain|[of] p2a: Jirachi
|
|-weather|Sandstorm|[upkeep]
|-damage|p1a: Gengar|5/100 brn|[from] Sandstorm
|-heal|p1a: Gengar|11/100 brn|[from] item: Leftovers
|-damage|p1a: Gengar|0 fnt|[from] brn
|faint|p1a: Gengar
|-heal|p2a: Jirachi|47/100 brn|[from] item: Leftovers
|-damage|p2a: Jirachi|34/100 brn|[from] brn
|upkeep
|
|t:|1730334494
|switch|p1a: Zapdos|Zapdos|65/100
|turn|73
|
|t:|1730334501
|move|p2a: Jirachi|Wish|p2a: Jirachi
|move|p1a: Zapdos|Roar|p2a: Jirachi
|drag|p2a: Milotic|Milotic, F|86/100 tox
|-damage|p2a: Milotic|70/100 tox|[from] Spikes
|
|-weather|Sandstorm|[upkeep]
|-damage|p1a: Zapdos|59/100|[from] Sandstorm
|-damage|p2a: Milotic|63/100 tox|[from] Sandstorm
|-heal|p1a: Zapdos|65/100|[from] item: Leftovers
|-heal|p2a: Milotic|70/100 tox|[from] item: Leftovers
|-damage|p2a: Milotic|63/100 tox|[from] psn
|upkeep
|turn|74
|
|t:|1730334513
|move|p1a: Zapdos|Thunderbolt|p2a: Milotic
|-supereffective|p2a: Milotic
|-damage|p2a: Milotic|11/100 tox
|move|p2a: Milotic|Ice Beam|p1a: Zapdos
|-supereffective|p1a: Zapdos
|-damage|p1a: Zapdos|35/100
|
|-heal|p2a: Milotic|61/100 tox|[from] move: Wish|[wisher] Jirachi
|-weather|Sandstorm|[upkeep]
|-damage|p1a: Zapdos|28/100|[from] Sandstorm
|-damage|p2a: Milotic|55/100 tox|[from] Sandstorm
|-heal|p1a: Zapdos|35/100|[from] item: Leftovers
|-heal|p2a: Milotic|61/100 tox|[from] item: Leftovers
|-damage|p2a: Milotic|48/100 tox|[from] psn
|upkeep
|turn|75
|
|t:|1730334518
|switch|p2a: Claydol|Claydol|100/100
|move|p1a: Zapdos|Roar|p2a: Claydol
|drag|p2a: Skarmory|Skarmory, M|35/100
|
|-weather|Sandstorm|[upkeep]
|-damage|p1a: Zapdos|28/100|[from] Sandstorm
|-heal|p1a: Zapdos|35/100|[from] item: Leftovers
|-heal|p2a: Skarmory|41/100|[from] item: Leftovers
|upkeep
|turn|76
|
|t:|1730334523
|switch|p2a: Claydol|Claydol|100/100
|move|p1a: Zapdos|Rest|p1a: Zapdos
|-status|p1a: Zapdos|slp|[from] move: Rest
|-heal|p1a: Zapdos|100/100 slp|[silent]
|
|-weather|Sandstorm|[upkeep]
|-damage|p1a: Zapdos|94/100 slp|[from] Sandstorm
|-heal|p1a: Zapdos|100/100 slp|[from] item: Leftovers
|upkeep
|turn|77
|
|t:|1730334529
|switch|p1a: Skarmory|Skarmory, F|88/100
|move|p2a: Claydol|Rapid Spin|p1a: Skarmory
|-resisted|p1a: Skarmory
|-damage|p1a: Skarmory|87/100
|-sideend|p2: I love you Jesus|Spikes|[from] move: Rapid Spin|[of] p2a: Claydol
|
|-weather|Sandstorm|[upkeep]
|-heal|p1a: Skarmory|93/100|[from] item: Leftovers
|upkeep
|turn|78
|
|t:|1730334531
|switch|p2a: Gengar|Gengar, F|100/100
|move|p1a: Skarmory|Spikes|p2a: Gengar
|-sidestart|p2: I love you Jesus|Spikes
|
|-weather|Sandstorm|[upkeep]
|-damage|p2a: Gengar|94/100|[from] Sandstorm
|-heal|p2a: Gengar|100/100|[from] item: Leftovers
|-heal|p1a: Skarmory|99/100|[from] item: Leftovers
|upkeep
|turn|79
|
|t:|1730334537
|switch|p1a: Tyranitar|Tyranitar, F|14/100
|-damage|p1a: Tyranitar|0 fnt|[from] Spikes
|faint|p1a: Tyranitar
|
|t:|1730334539
|switch|p1a: Zapdos|Zapdos|100/100 slp
|
|-weather|Sandstorm|[upkeep]
|-damage|p2a: Gengar|94/100|[from] Sandstorm
|-damage|p1a: Zapdos|94/100 slp|[from] Sandstorm
|-heal|p2a: Gengar|100/100|[from] item: Leftovers
|-heal|p1a: Zapdos|100/100 slp|[from] item: Leftovers
|upkeep
|turn|80
|
|t:|1730334553
|switch|p2a: Claydol|Claydol|100/100
|cant|p1a: Zapdos|slp
|move|p1a: Zapdos|Sleep Talk|p1a: Zapdos
|move|p1a: Zapdos|Roar|p2a: Claydol|[from]Sleep Talk
|drag|p2a: Milotic|Milotic, F|48/100 tox
|-damage|p2a: Milotic|36/100 tox|[from] Spikes
|
|-weather|Sandstorm|[upkeep]
|-damage|p1a: Zapdos|94/100 slp|[from] Sandstorm
|-damage|p2a: Milotic|30/100 tox|[from] Sandstorm
|-heal|p1a: Zapdos|100/100 slp|[from] item: Leftovers
|-heal|p2a: Milotic|36/100 tox|[from] item: Leftovers
|-damage|p2a: Milotic|30/100 tox|[from] psn
|upkeep
|turn|81
|
|t:|1730334564
|cant|p1a: Zapdos|slp
|move|p1a: Zapdos|Sleep Talk|p1a: Zapdos
|move|p1a: Zapdos|Thunderbolt|p2a: Milotic|[from]Sleep Talk
|-supereffective|p2a: Milotic
|-crit|p2a: Milotic
|-damage|p2a: Milotic|0 fnt
|faint|p2a: Milotic
|
|t:|1730334567
|switch|p2a: Tyranitar|Tyranitar, F|100/100
|-damage|p2a: Tyranitar|88/100|[from] Spikes
|
|-weather|Sandstorm|[upkeep]
|-damage|p1a: Zapdos|94/100 slp|[from] Sandstorm
|-heal|p1a: Zapdos|100/100 slp|[from] item: Leftovers
|upkeep
|turn|82
|
|t:|1730334571
|switch|p1a: Skarmory|Skarmory, F|99/100
|move|p2a: Tyranitar|Rock Slide|p1a: Skarmory
|-damage|p1a: Skarmory|67/100
|
|-weather|Sandstorm|[upkeep]
|-heal|p1a: Skarmory|73/100|[from] item: Leftovers
|upkeep
|turn|83
|
|t:|1730334574
|move|p2a: Tyranitar|Dragon Dance|p2a: Tyranitar
|-boost|p2a: Tyranitar|atk|1
|-boost|p2a: Tyranitar|spe|1
|move|p1a: Skarmory|Toxic|p2a: Tyranitar|[miss]
|-miss|p1a: Skarmory|p2a: Tyranitar
|
|-weather|Sandstorm|[upkeep]
|-heal|p1a: Skarmory|79/100|[from] item: Leftovers
|upkeep
|turn|84
|
|t:|1730334577
|move|p2a: Tyranitar|Rock Slide|p1a: Skarmory
|-damage|p1a: Skarmory|33/100
|move|p1a: Skarmory|Toxic|p2a: Tyranitar|[miss]
|-miss|p1a: Skarmory|p2a: Tyranitar
|
|-weather|Sandstorm|[upkeep]
|-heal|p1a: Skarmory|39/100|[from] item: Leftovers
|upkeep
|turn|85
|
|t:|1730334580
|move|p2a: Tyranitar|Rock Slide|p1a: Skarmory
|-damage|p1a: Skarmory|0 fnt
|faint|p1a: Skarmory
|
|t:|1730334582
|switch|p1a: Zapdos|Zapdos|100/100 slp
|
|-weather|Sandstorm|[upkeep]
|-damage|p1a: Zapdos|94/100 slp|[from] Sandstorm
|-heal|p1a: Zapdos|100/100 slp|[from] item: Leftovers
|upkeep
|turn|86
|
|t:|1730334585
|move|p2a: Tyranitar|Rock Slide|p1a: Zapdos
|-supereffective|p1a: Zapdos
|-damage|p1a: Zapdos|0 fnt
|faint|p1a: Zapdos
|
|win|I love you Jesus
|c|☆xhoshi|gg
|c|☆I love you Jesus|ggs

</script>
<script type="application/json" class="data" id="replaydata-smogtours-gen3ou-803526">
{"id":"smogtours-gen3ou-803526","format":"[Gen 3] OU","players":["xhoshi","I love you Jesus"],"uploadtime":1730334585,"views":80,"formatid":"gen3ou","rating":null,"private":0,"password":null}
</script>

<script defer src="js/replays.js?9d40a366"></script>
