<!DOCTYPE html>
<meta charset="utf-8" />
<meta name="viewport" content="width=device-width" />

<title>[Gen 3] OU: Witchgender vs. HeffTV - Replays - Pok&eacute;mon Showdown!</title>

<meta name="description" content="Watch a replay of a Pok&eacute;mon battle between Witchgender and HeffTV! Format: [Gen 3] OU; Date: Oct 14, 2024" />
<!--

Hey, you! Looking in the source for the replay log?

You can find them in JSON format, just add `.json` at the end of a replay URL.

https://replay.pokemonshowdown.com/gen7randomdoublesbattle-865046831.json

Or, if you only need the log itself, add `.log` instead:

https://replay.pokemonshowdown.com/gen7randomdoublesbattle-865046831.log

-->

<link rel="stylesheet" href="//pokemonshowdown.com/style/global.css?0.767286132409787" />
<link rel="stylesheet" href="//play.pokemonshowdown.com/style/font-awesome.css?0.9266228007934947" />
<link rel="stylesheet" href="//play.pokemonshowdown.com/style/battle.css?0.7924700842790926" />
<link rel="stylesheet" href="//play.pokemonshowdown.com/style/utilichart.css?0.8777417872839479" />

<!-- Global site tag (gtag.js) - Google Analytics -->
<script async src="https://www.googletagmanager.com/gtag/js?id=UA-26211653-1"></script>
<script>
  window.dataLayer = window.dataLayer || [];
  function gtag(){dataLayer.push(arguments);}
  gtag('js', new Date());

  gtag('config', 'UA-26211653-1');
</script>
<!-- End Google Analytics -->
<!-- Venatus Ad Manager - Install in <HEAD> of page -->
	<script src="https://hb.vntsm.com/v3/live/ad-manager.min.js" type="text/javascript" data-site-id="642aba63ec9a7b11c3c9c1be" data-mode="scan" async></script>
<!-- / Venatus Ad Manager -->

<style>
	@media (max-width:820px) {
		.battle {
			margin: 0 auto;
		}
		.battle-log {
			margin: 7px auto 0;
			max-width: 640px;
			height: 300px;
			position: static;
		}
	}
	.optgroup {
		display: inline-block;
		line-height: 22px;
		font-size: 10pt;
	}
	.optgroup .button {
		height: 25px;
		padding-top: 0;
		padding-bottom: 0;
	}
	.optgroup button.button {
		padding-left: 12px;
		padding-right: 12px;
	}
	.linklist {
		list-style: none;
		margin: 0.5em 0;
		padding: 0;
	}
	.linklist li {
		padding: 2px 0;
	}
	.sidebar {
		float: left;
		width: 320px;
	}
	.bar-wrapper {
		max-width: 1100px;
		margin: 0 auto;
	}
	.bar-wrapper.has-sidebar {
		max-width: 1430px;
	}
	.mainbar {
		margin: 0;
		padding-right: 1px;
	}
	.mainbar.has-sidebar {
		margin-left: 330px;
	}
	@media (min-width: 1511px) {
		.sidebar {
			width: 400px;
		}
		.bar-wrapper.has-sidebar {
			max-width: 1510px;
		}
		.mainbar.has-sidebar {
			margin-left: 410px;
		}
	}
	.section.first-section {
		margin-top: 9px;
	}
	.blocklink small {
		white-space: normal;
	}
	.button {
		vertical-align: middle;
	}
	.replay-controls {
		padding-top: 10px;
	}
	.replay-controls h1 {
		font-size: 16pt;
		font-weight: normal;
		color: #CCC;
	}
	.pagelink {
		text-align: center;
	}
	.pagelink a {
		width: 150px;
	}
	.textbox, .button {
		font-size: 11pt;
		vertical-align: middle;
	}
	@media (max-width: 450px) {
		.button {
			font-size: 9pt;
		}
	}
</style>

<div>

	<header>
		<div class="nav-wrapper"><ul class="nav">
			<li><a class="button nav-first" href="//pokemonshowdown.com/"><img src="//pokemonshowdown.com/images/pokemonshowdownbeta.png" srcset="//pokemonshowdown.com/images/pokemonshowdownbeta.png 1x, //pokemonshowdown.com/images/pokemonshowdownbeta@2x.png 2x" alt="Pok&eacute;mon Showdown" width="146" height="44" /> Home</a></li>
			<li><a class="button" href="//pokemonshowdown.com/dex/">Pok&eacute;dex</a></li>
			<li><a class="button cur" href="/">Replays</a></li>
			<li><a class="button" href="//pokemonshowdown.com/ladder/">Ladder</a></li>
			<li><a class="button nav-last" href="//pokemonshowdown.com/forums/">Forum</a></li>
			<li><a class="button greenbutton nav-first nav-last" href="//play.pokemonshowdown.com/">Play</a></li>
		</ul></div>
	</header>

	<div class="main" id="main">

		<noscript><section class="section">You need to enable JavaScript to use this page; sorry!</section></noscript>

	</div>

</div>

<script defer nomodule src="//play.pokemonshowdown.com/js/lib/ps-polyfill.js"></script>
<script defer src="//play.pokemonshowdown.com/js/lib/preact.min.js"></script>

<script defer src="//play.pokemonshowdown.com/config/config.js?6dec07f6"></script>
<script defer src="//play.pokemonshowdown.com/js/lib/jquery-1.11.0.min.js"></script>
<script defer src="//play.pokemonshowdown.com/js/lib/html-sanitizer-minified.js"></script>
<script defer src="//play.pokemonshowdown.com/js/battle-sound.js"></script>
<script defer src="//play.pokemonshowdown.com/js/battledata.js?0.6315294753075389"></script>
<script defer src="//play.pokemonshowdown.com/data/pokedex-mini.js?0.7603743185311358"></script>
<script defer src="//play.pokemonshowdown.com/data/pokedex-mini-bw.js?0.030888842834281283"></script>
<script defer src="//play.pokemonshowdown.com/data/graphics.js?0.05593094747507488"></script>
<script defer src="//play.pokemonshowdown.com/data/pokedex.js?0.47064822249611904"></script>
<script defer src="//play.pokemonshowdown.com/data/moves.js?0.8583693120512459"></script>
<script defer src="//play.pokemonshowdown.com/data/abilities.js?0.16017181182386842"></script>
<script defer src="//play.pokemonshowdown.com/data/items.js?0.4163379185673943"></script>
<script defer src="//play.pokemonshowdown.com/data/teambuilder-tables.js?0.31075597372830477"></script>
<script defer src="//play.pokemonshowdown.com/js/battle-tooltips.js?0.6536193500708172"></script>
<script defer src="//play.pokemonshowdown.com/js/battle.js?0.1916591943277901"></script>

<script defer src="js/utils.js?e31f9a17"></script>
<script defer src="js/replays-battle.js?7008c182"></script>

<!-- don't scrape this data! just add .json or .log after the URL!
Full API docs: https://github.com/smogon/pokemon-showdown-client/blob/master/WEB-API.md -->
<script type="text/plain" class="log" id="replaylog-smogtours-gen3ou-798676">
|inactive|Battle timer is ON: inactive players will automatically lose when time's up.
|t:|1728926431
|gametype|singles
|player|p1|Witchgender|101|
|player|p2|HeffTV|2|
|teamsize|p1|6
|teamsize|p2|6
|gen|3
|tier|[Gen 3] OU
|rule|Sleep Clause Mod: Limit one foe put to sleep
|rule|Switch Priority Clause Mod: Faster Pokémon switch first
|rule|Species Clause: Limit one of each Pokémon
|rule|OHKO Clause: OHKO moves are banned
|rule|Evasion Items Clause: Evasion items are banned
|rule|Evasion Moves Clause: Evasion moves are banned
|rule|Endless Battle Clause: Forcing endless battles is banned
|rule|HP Percentage Mod: HP is shown in percentages
|rule|One Boost Passer Clause: Limit one Baton Passer that has a way to boost its stats
|rule|Freeze Clause Mod: Limit one foe frozen
|
|t:|1728926431
|start
|switch|p1a: Tyranitar|Tyranitar, M|100/100
|switch|p2a: Salamence|Salamence, F|100/100
|-ability|p2a: Salamence|Intimidate|boost
|-unboost|p1a: Tyranitar|atk|1
|-weather|Sandstorm|[from] ability: Sand Stream|[of] p1a: Tyranitar
|turn|1
|c|☆HeffTV|glhf!
|c|☆Witchgender|glhf
|inactive|Witchgender has 270 seconds left.
|
|t:|1728926466
|switch|p1a: Swampert|Swampert, M|100/100
|move|p2a: Salamence|Brick Break|p1a: Swampert
|-damage|p1a: Swampert|73/100
|
|-weather|Sandstorm|[upkeep]
|-damage|p2a: Salamence|94/100|[from] Sandstorm
|-heal|p1a: Swampert|79/100|[from] item: Leftovers
|upkeep
|turn|2
|
|t:|1728926475
|switch|p2a: Blissey|Blissey, F|100/100
|move|p1a: Swampert|Protect||[still]
|-fail|p1a: Swampert
|
|-weather|Sandstorm|[upkeep]
|-damage|p2a: Blissey|94/100|[from] Sandstorm
|-heal|p1a: Swampert|86/100|[from] item: Leftovers
|-heal|p2a: Blissey|100/100|[from] item: Leftovers
|upkeep
|turn|3
|
|t:|1728926484
|switch|p1a: Celebi|Celebi|100/100
|move|p2a: Blissey|Toxic|p1a: Celebi
|-status|p1a: Celebi|tox
|
|-weather|Sandstorm|[upkeep]
|-damage|p1a: Celebi|94/100 tox|[from] Sandstorm
|-damage|p2a: Blissey|94/100|[from] Sandstorm
|-heal|p1a: Celebi|100/100 tox|[from] item: Leftovers
|-damage|p1a: Celebi|94/100 tox|[from] psn
|-heal|p2a: Blissey|100/100|[from] item: Leftovers
|upkeep
|turn|4
|
|t:|1728926494
|move|p1a: Celebi|Leech Seed|p2a: Blissey
|-start|p2a: Blissey|move: Leech Seed
|move|p2a: Blissey|Ice Beam|p1a: Celebi
|-supereffective|p1a: Celebi
|-damage|p1a: Celebi|53/100 tox
|
|-weather|Sandstorm|[upkeep]
|-damage|p1a: Celebi|47/100 tox|[from] Sandstorm
|-damage|p2a: Blissey|94/100|[from] Sandstorm
|-heal|p1a: Celebi|53/100 tox|[from] item: Leftovers
|-damage|p1a: Celebi|41/100 tox|[from] psn
|-heal|p2a: Blissey|100/100|[from] item: Leftovers
|-damage|p2a: Blissey|88/100|[from] Leech Seed|[of] p1a: Celebi
|-heal|p1a: Celebi|61/100 tox|[silent]
|upkeep
|turn|5
|
|t:|1728926507
|switch|p2a: Salamence|Salamence, F|94/100
|-ability|p2a: Salamence|Intimidate|boost
|-unboost|p1a: Celebi|atk|1
|move|p1a: Celebi|Recover|p1a: Celebi
|-heal|p1a: Celebi|100/100 tox
|
|-weather|Sandstorm|[upkeep]
|-damage|p2a: Salamence|88/100|[from] Sandstorm
|-damage|p1a: Celebi|94/100 tox|[from] Sandstorm
|-heal|p1a: Celebi|100/100 tox|[from] item: Leftovers
|-damage|p1a: Celebi|82/100 tox|[from] psn
|upkeep
|turn|6
|
|t:|1728926518
|-curestatus|p1a: Celebi|tox|[from] ability: Natural Cure
|switch|p1a: Skarmory|Skarmory, F|100/100
|move|p2a: Salamence|Hidden Power|p1a: Skarmory
|-resisted|p1a: Skarmory
|-damage|p1a: Skarmory|79/100
|
|-weather|Sandstorm|[upkeep]
|-damage|p2a: Salamence|82/100|[from] Sandstorm
|-heal|p1a: Skarmory|85/100|[from] item: Leftovers
|upkeep
|turn|7
|
|t:|1728926543
|switch|p2a: Starmie|Starmie|100/100
|move|p1a: Skarmory|Spikes|p2a: Starmie
|-sidestart|p2: HeffTV|Spikes
|
|-weather|Sandstorm|[upkeep]
|-damage|p2a: Starmie|94/100|[from] Sandstorm
|-heal|p2a: Starmie|100/100|[from] item: Leftovers
|-heal|p1a: Skarmory|91/100|[from] item: Leftovers
|upkeep
|turn|8
|
|t:|1728926551
|move|p1a: Skarmory|Protect|p1a: Skarmory
|-singleturn|p1a: Skarmory|Protect
|move|p2a: Starmie|Surf|p1a: Skarmory
|-activate|p1a: Skarmory|Protect
|
|-weather|Sandstorm|[upkeep]
|-damage|p2a: Starmie|94/100|[from] Sandstorm
|-heal|p2a: Starmie|100/100|[from] item: Leftovers
|-heal|p1a: Skarmory|97/100|[from] item: Leftovers
|upkeep
|turn|9
|
|t:|1728926560
|move|p2a: Starmie|Surf|p1a: Skarmory
|-damage|p1a: Skarmory|66/100
|move|p1a: Skarmory|Toxic|p2a: Starmie
|-status|p2a: Starmie|tox
|
|-weather|Sandstorm|[upkeep]
|-damage|p2a: Starmie|94/100 tox|[from] Sandstorm
|-heal|p2a: Starmie|100/100 tox|[from] item: Leftovers
|-damage|p2a: Starmie|94/100 tox|[from] psn
|-heal|p1a: Skarmory|72/100|[from] item: Leftovers
|upkeep
|turn|10
|
|t:|1728926571
|-curestatus|p2a: Starmie|tox|[from] ability: Natural Cure
|switch|p2a: Gengar|Gengar, F|100/100
|move|p1a: Skarmory|Protect||[still]
|-fail|p1a: Skarmory
|
|-weather|Sandstorm|[upkeep]
|-damage|p2a: Gengar|94/100|[from] Sandstorm
|-heal|p2a: Gengar|100/100|[from] item: Leftovers
|-heal|p1a: Skarmory|78/100|[from] item: Leftovers
|upkeep
|turn|11
|
|t:|1728926581
|move|p1a: Skarmory|Protect|p1a: Skarmory
|-singleturn|p1a: Skarmory|Protect
|move|p2a: Gengar|Hypnosis|p1a: Skarmory
|-activate|p1a: Skarmory|Protect
|
|-weather|Sandstorm|[upkeep]
|-damage|p2a: Gengar|94/100|[from] Sandstorm
|-heal|p2a: Gengar|100/100|[from] item: Leftovers
|-heal|p1a: Skarmory|84/100|[from] item: Leftovers
|upkeep
|turn|12
|
|t:|1728926609
|switch|p1a: Swampert|Swampert, M|86/100
|move|p2a: Gengar|Will-O-Wisp|p1a: Swampert
|-status|p1a: Swampert|brn
|
|-weather|Sandstorm|[upkeep]
|-damage|p2a: Gengar|94/100|[from] Sandstorm
|-heal|p2a: Gengar|100/100|[from] item: Leftovers
|-heal|p1a: Swampert|92/100 brn|[from] item: Leftovers
|-damage|p1a: Swampert|79/100 brn|[from] brn
|upkeep
|turn|13
|
|t:|1728926621
|switch|p2a: Starmie|Starmie|94/100
|-damage|p2a: Starmie|82/100|[from] Spikes
|move|p1a: Swampert|Protect||[still]
|-fail|p1a: Swampert
|
|-weather|Sandstorm|[upkeep]
|-damage|p2a: Starmie|76/100|[from] Sandstorm
|-heal|p2a: Starmie|82/100|[from] item: Leftovers
|-heal|p1a: Swampert|86/100 brn|[from] item: Leftovers
|-damage|p1a: Swampert|73/100 brn|[from] brn
|upkeep
|turn|14
|
|t:|1728926631
|switch|p1a: Celebi|Celebi|82/100
|move|p2a: Starmie|Rapid Spin|p1a: Celebi
|-damage|p1a: Celebi|79/100
|-sideend|p2: HeffTV|Spikes|[from] move: Rapid Spin|[of] p2a: Starmie
|
|-weather|Sandstorm|[upkeep]
|-damage|p2a: Starmie|76/100|[from] Sandstorm
|-damage|p1a: Celebi|73/100|[from] Sandstorm
|-heal|p2a: Starmie|82/100|[from] item: Leftovers
|-heal|p1a: Celebi|79/100|[from] item: Leftovers
|upkeep
|turn|15
|
|t:|1728926641
|switch|p2a: Blissey|Blissey, F|88/100
|move|p1a: Celebi|Leech Seed|p2a: Blissey
|-start|p2a: Blissey|move: Leech Seed
|
|-weather|Sandstorm|[upkeep]
|-damage|p1a: Celebi|73/100|[from] Sandstorm
|-damage|p2a: Blissey|82/100|[from] Sandstorm
|-heal|p1a: Celebi|79/100|[from] item: Leftovers
|-heal|p2a: Blissey|88/100|[from] item: Leftovers
|-damage|p2a: Blissey|76/100|[from] Leech Seed|[of] p1a: Celebi
|-heal|p1a: Celebi|99/100|[silent]
|upkeep
|turn|16
|
|t:|1728926652
|move|p1a: Celebi|Psychic|p2a: Blissey
|-damage|p2a: Blissey|59/100
|move|p2a: Blissey|Ice Beam|p1a: Celebi
|-supereffective|p1a: Celebi
|-crit|p1a: Celebi
|-damage|p1a: Celebi|16/100
|
|-weather|Sandstorm|[upkeep]
|-damage|p1a: Celebi|10/100|[from] Sandstorm
|-damage|p2a: Blissey|53/100|[from] Sandstorm
|-heal|p1a: Celebi|16/100|[from] item: Leftovers
|-heal|p2a: Blissey|59/100|[from] item: Leftovers
|-damage|p2a: Blissey|47/100|[from] Leech Seed|[of] p1a: Celebi
|-heal|p1a: Celebi|36/100|[silent]
|upkeep
|turn|17
|
|t:|1728926664
|move|p1a: Celebi|Recover|p1a: Celebi
|-heal|p1a: Celebi|86/100
|move|p2a: Blissey|Toxic|p1a: Celebi
|-status|p1a: Celebi|tox
|
|-weather|Sandstorm|[upkeep]
|-damage|p1a: Celebi|80/100 tox|[from] Sandstorm
|-damage|p2a: Blissey|41/100|[from] Sandstorm
|-heal|p1a: Celebi|86/100 tox|[from] item: Leftovers
|-damage|p1a: Celebi|80/100 tox|[from] psn
|-heal|p2a: Blissey|47/100|[from] item: Leftovers
|-damage|p2a: Blissey|35/100|[from] Leech Seed|[of] p1a: Celebi
|-heal|p1a: Celebi|99/100 tox|[silent]
|upkeep
|turn|18
|
|t:|1728926675
|-curestatus|p1a: Celebi|tox|[from] ability: Natural Cure
|switch|p1a: Tyranitar|Tyranitar, M|100/100
|move|p2a: Blissey|Soft-Boiled|p2a: Blissey
|-heal|p2a: Blissey|85/100
|
|-weather|Sandstorm|[upkeep]
|-damage|p2a: Blissey|78/100|[from] Sandstorm
|-heal|p2a: Blissey|85/100|[from] item: Leftovers
|-damage|p2a: Blissey|72/100|[from] Leech Seed|[of] p1a: Tyranitar
|upkeep
|turn|19
|
|t:|1728926685
|-singleturn|p1a: Tyranitar|move: Focus Punch
|move|p2a: Blissey|Toxic|p1a: Tyranitar|[miss]
|-miss|p2a: Blissey|p1a: Tyranitar
|move|p1a: Tyranitar|Focus Punch|p2a: Blissey
|-supereffective|p2a: Blissey
|-damage|p2a: Blissey|0 fnt
|faint|p2a: Blissey
|
|t:|1728926693
|switch|p2a: Heracross|Heracross, M|100/100
|
|-weather|Sandstorm|[upkeep]
|-damage|p2a: Heracross|94/100|[from] Sandstorm
|-heal|p2a: Heracross|100/100|[from] item: Leftovers
|upkeep
|turn|20
|
|t:|1728926709
|switch|p1a: Skarmory|Skarmory, F|84/100
|move|p2a: Heracross|Substitute|p2a: Heracross
|-start|p2a: Heracross|Substitute
|-damage|p2a: Heracross|76/100
|
|-weather|Sandstorm|[upkeep]
|-damage|p2a: Heracross|69/100|[from] Sandstorm
|-heal|p2a: Heracross|76/100|[from] item: Leftovers
|-heal|p1a: Skarmory|90/100|[from] item: Leftovers
|upkeep
|turn|21
|
|t:|1728926717
|-singleturn|p2a: Heracross|move: Focus Punch
|move|p2a: Heracross|Focus Punch|p1a: Skarmory
|-damage|p1a: Skarmory|39/100
|move|p1a: Skarmory|Roar|p2a: Heracross
|drag|p2a: Starmie|Starmie|82/100
|
|-weather|Sandstorm|[upkeep]
|-damage|p2a: Starmie|76/100|[from] Sandstorm
|-heal|p2a: Starmie|82/100|[from] item: Leftovers
|-heal|p1a: Skarmory|45/100|[from] item: Leftovers
|upkeep
|turn|22
|
|t:|1728926733
|switch|p1a: Celebi|Celebi|99/100
|move|p2a: Starmie|Thunder Wave|p1a: Celebi
|-status|p1a: Celebi|par
|
|-weather|Sandstorm|[upkeep]
|-damage|p2a: Starmie|76/100|[from] Sandstorm
|-damage|p1a: Celebi|94/100 par|[from] Sandstorm
|-heal|p2a: Starmie|82/100|[from] item: Leftovers
|-heal|p1a: Celebi|99/100 par|[from] item: Leftovers
|upkeep
|turn|23
|
|t:|1728926746
|switch|p2a: Heracross|Heracross, M|76/100
|-curestatus|p1a: Celebi|par|[from] ability: Natural Cure
|switch|p1a: Starmie|Starmie|100/100
|
|-weather|Sandstorm|[upkeep]
|-damage|p1a: Starmie|94/100|[from] Sandstorm
|-damage|p2a: Heracross|69/100|[from] Sandstorm
|-heal|p1a: Starmie|100/100|[from] item: Leftovers
|-heal|p2a: Heracross|76/100|[from] item: Leftovers
|upkeep
|turn|24
|
|t:|1728926759
|move|p1a: Starmie|Surf|p2a: Heracross
|-damage|p2a: Heracross|47/100
|move|p2a: Heracross|Megahorn|p1a: Starmie
|-supereffective|p1a: Starmie
|-damage|p1a: Starmie|0 fnt
|faint|p1a: Starmie
|
|t:|1728926764
|switch|p1a: Aerodactyl|Aerodactyl, F|100/100
|
|-weather|Sandstorm|[upkeep]
|-damage|p2a: Heracross|41/100|[from] Sandstorm
|-heal|p2a: Heracross|47/100|[from] item: Leftovers
|upkeep
|turn|25
|
|t:|1728926770
|switch|p2a: Metagross|Metagross|100/100
|move|p1a: Aerodactyl|Rock Slide|p2a: Metagross|[miss]
|-miss|p1a: Aerodactyl|p2a: Metagross
|
|-weather|Sandstorm|[upkeep]
|upkeep
|turn|26
|
|t:|1728926778
|switch|p1a: Skarmory|Skarmory, F|45/100
|move|p2a: Metagross|Meteor Mash|p1a: Skarmory
|-resisted|p1a: Skarmory
|-damage|p1a: Skarmory|24/100
|
|-weather|Sandstorm|[upkeep]
|-heal|p1a: Skarmory|30/100|[from] item: Leftovers
|upkeep
|turn|27
|
|t:|1728926785
|move|p2a: Metagross|Meteor Mash|p1a: Skarmory|[miss]
|-miss|p2a: Metagross|p1a: Skarmory
|move|p1a: Skarmory|Spikes|p2a: Metagross
|-sidestart|p2: HeffTV|Spikes
|
|-weather|Sandstorm|[upkeep]
|-heal|p1a: Skarmory|36/100|[from] item: Leftovers
|upkeep
|turn|28
|
|t:|1728926791
|move|p1a: Skarmory|Protect|p1a: Skarmory
|-singleturn|p1a: Skarmory|Protect
|move|p2a: Metagross|Meteor Mash|p1a: Skarmory
|-activate|p1a: Skarmory|Protect
|
|-weather|Sandstorm|[upkeep]
|-heal|p1a: Skarmory|42/100|[from] item: Leftovers
|upkeep
|turn|29
|
|t:|1728926804
|switch|p2a: Starmie|Starmie|82/100
|-damage|p2a: Starmie|70/100|[from] Spikes
|switch|p1a: Swampert|Swampert, M|73/100 brn
|
|-weather|Sandstorm|[upkeep]
|-damage|p2a: Starmie|63/100|[from] Sandstorm
|-heal|p2a: Starmie|70/100|[from] item: Leftovers
|-heal|p1a: Swampert|79/100 brn|[from] item: Leftovers
|-damage|p1a: Swampert|67/100 brn|[from] brn
|upkeep
|turn|30
|
|t:|1728926817
|switch|p1a: Aerodactyl|Aerodactyl, F|100/100
|move|p2a: Starmie|Recover|p2a: Starmie
|-heal|p2a: Starmie|100/100
|
|-weather|Sandstorm|[upkeep]
|-damage|p2a: Starmie|94/100|[from] Sandstorm
|-heal|p2a: Starmie|100/100|[from] item: Leftovers
|upkeep
|turn|31
|
|t:|1728926825
|switch|p1a: Celebi|Celebi|99/100
|move|p2a: Starmie|Thunder Wave|p1a: Celebi
|-status|p1a: Celebi|par
|
|-weather|Sandstorm|[upkeep]
|-damage|p2a: Starmie|94/100|[from] Sandstorm
|-damage|p1a: Celebi|94/100 par|[from] Sandstorm
|-heal|p2a: Starmie|100/100|[from] item: Leftovers
|-heal|p1a: Celebi|99/100 par|[from] item: Leftovers
|upkeep
|turn|32
|
|t:|1728926838
|move|p2a: Starmie|Rapid Spin|p1a: Celebi
|-damage|p1a: Celebi|97/100 par
|-sideend|p2: HeffTV|Spikes|[from] move: Rapid Spin|[of] p2a: Starmie
|move|p1a: Celebi|Hidden Power|p2a: Starmie
|-resisted|p2a: Starmie
|-damage|p2a: Starmie|90/100
|
|-weather|Sandstorm|[upkeep]
|-damage|p2a: Starmie|84/100|[from] Sandstorm
|-damage|p1a: Celebi|91/100 par|[from] Sandstorm
|-heal|p2a: Starmie|90/100|[from] item: Leftovers
|-heal|p1a: Celebi|97/100 par|[from] item: Leftovers
|upkeep
|turn|33
|
|t:|1728926862
|switch|p2a: Heracross|Heracross, M|47/100
|move|p1a: Celebi|Leech Seed|p2a: Heracross
|-start|p2a: Heracross|move: Leech Seed
|
|-weather|Sandstorm|[upkeep]
|-damage|p2a: Heracross|41/100|[from] Sandstorm
|-damage|p1a: Celebi|91/100 par|[from] Sandstorm
|-heal|p2a: Heracross|47/100|[from] item: Leftovers
|-damage|p2a: Heracross|35/100|[from] Leech Seed|[of] p1a: Celebi
|-heal|p1a: Celebi|100/100 par|[silent]
|upkeep
|turn|34
|
|t:|1728926873
|-singleturn|p2a: Heracross|move: Focus Punch
|-curestatus|p1a: Celebi|par|[from] ability: Natural Cure
|switch|p1a: Skarmory|Skarmory, F|42/100
|move|p2a: Heracross|Focus Punch|p1a: Skarmory
|-damage|p1a: Skarmory|0 fnt
|faint|p1a: Skarmory
|
|t:|1728926875
|switch|p1a: Aerodactyl|Aerodactyl, F|100/100
|
|-weather|Sandstorm|[upkeep]
|-damage|p2a: Heracross|29/100|[from] Sandstorm
|-heal|p2a: Heracross|35/100|[from] item: Leftovers
|-damage|p2a: Heracross|22/100|[from] Leech Seed|[of] p1a: Aerodactyl
|upkeep
|turn|35
|
|t:|1728926894
|-singleturn|p2a: Heracross|move: Focus Punch
|move|p1a: Aerodactyl|Earthquake|p2a: Heracross
|-resisted|p2a: Heracross
|-damage|p2a: Heracross|0 fnt
|faint|p2a: Heracross
|
|t:|1728926902
|switch|p2a: Gengar|Gengar, F|100/100
|
|-weather|Sandstorm|[upkeep]
|-damage|p2a: Gengar|94/100|[from] Sandstorm
|-heal|p2a: Gengar|100/100|[from] item: Leftovers
|upkeep
|turn|36
|
|t:|1728926908
|switch|p1a: Swampert|Swampert, M|67/100 brn
|move|p2a: Gengar|Ice Punch|p1a: Swampert
|-damage|p1a: Swampert|47/100 brn
|
|-weather|Sandstorm|[upkeep]
|-damage|p2a: Gengar|94/100|[from] Sandstorm
|-heal|p2a: Gengar|100/100|[from] item: Leftovers
|-heal|p1a: Swampert|53/100 brn|[from] item: Leftovers
|-damage|p1a: Swampert|40/100 brn|[from] brn
|upkeep
|turn|37
|
|t:|1728926924
|switch|p2a: Starmie|Starmie|90/100
|move|p1a: Swampert|Hydro Pump|p2a: Starmie
|-resisted|p2a: Starmie
|-damage|p2a: Starmie|68/100
|
|-weather|Sandstorm|[upkeep]
|-damage|p2a: Starmie|61/100|[from] Sandstorm
|-heal|p2a: Starmie|68/100|[from] item: Leftovers
|-heal|p1a: Swampert|47/100 brn|[from] item: Leftovers
|-damage|p1a: Swampert|34/100 brn|[from] brn
|upkeep
|turn|38
|
|t:|1728926938
|switch|p1a: Celebi|Celebi|100/100
|move|p2a: Starmie|Surf|p1a: Celebi
|-resisted|p1a: Celebi
|-damage|p1a: Celebi|87/100
|
|-weather|Sandstorm|[upkeep]
|-damage|p1a: Celebi|81/100|[from] Sandstorm
|-damage|p2a: Starmie|61/100|[from] Sandstorm
|-heal|p1a: Celebi|87/100|[from] item: Leftovers
|-heal|p2a: Starmie|68/100|[from] item: Leftovers
|upkeep
|turn|39
|
|t:|1728926948
|switch|p2a: Salamence|Salamence, F|82/100
|-ability|p2a: Salamence|Intimidate|boost
|-unboost|p1a: Celebi|atk|1
|move|p1a: Celebi|Leech Seed|p2a: Salamence
|-start|p2a: Salamence|move: Leech Seed
|
|-weather|Sandstorm|[upkeep]
|-damage|p2a: Salamence|76/100|[from] Sandstorm
|-damage|p1a: Celebi|81/100|[from] Sandstorm
|-damage|p2a: Salamence|64/100|[from] Leech Seed|[of] p1a: Celebi
|-heal|p1a: Celebi|91/100|[silent]
|-heal|p1a: Celebi|98/100|[from] item: Leftovers
|upkeep
|turn|40
|
|t:|1728926960
|switch|p1a: Tyranitar|Tyranitar, M|100/100
|move|p2a: Salamence|Rock Slide|p1a: Tyranitar
|-damage|p1a: Tyranitar|71/100
|
|-weather|Sandstorm|[upkeep]
|-damage|p2a: Salamence|58/100|[from] Sandstorm
|-damage|p2a: Salamence|46/100|[from] Leech Seed|[of] p1a: Tyranitar
|-heal|p1a: Tyranitar|81/100|[silent]
|upkeep
|turn|41
|
|t:|1728926975
|switch|p2a: Metagross|Metagross|100/100
|move|p1a: Tyranitar|Earthquake|p2a: Metagross
|-supereffective|p2a: Metagross
|-damage|p2a: Metagross|38/100
|
|-weather|Sandstorm|[upkeep]
|-heal|p2a: Metagross|45/100|[from] item: Leftovers
|upkeep
|turn|42
|inactive|Witchgender has 270 seconds left.
|inactive|Witchgender has 240 seconds left.
|
|t:|1728927062
|switch|p1a: Celebi|Celebi|98/100
|move|p2a: Metagross|Meteor Mash|p1a: Celebi
|-damage|p1a: Celebi|49/100
|
|-weather|Sandstorm|[upkeep]
|-damage|p1a: Celebi|42/100|[from] Sandstorm
|-heal|p1a: Celebi|49/100|[from] item: Leftovers
|-heal|p2a: Metagross|51/100|[from] item: Leftovers
|upkeep
|turn|43
|
|t:|1728927072
|move|p1a: Celebi|Hidden Power|p2a: Metagross
|-supereffective|p2a: Metagross
|-damage|p2a: Metagross|6/100
|move|p2a: Metagross|Agility|p2a: Metagross
|-boost|p2a: Metagross|spe|2
|
|-weather|Sandstorm|[upkeep]
|-damage|p1a: Celebi|42/100|[from] Sandstorm
|-heal|p2a: Metagross|12/100|[from] item: Leftovers
|-heal|p1a: Celebi|49/100|[from] item: Leftovers
|upkeep
|turn|44
|
|t:|1728927082
|move|p2a: Metagross|Meteor Mash|p1a: Celebi|[miss]
|-miss|p2a: Metagross|p1a: Celebi
|move|p1a: Celebi|Hidden Power|p2a: Metagross
|-supereffective|p2a: Metagross
|-crit|p2a: Metagross
|-damage|p2a: Metagross|0 fnt
|faint|p2a: Metagross
|
|t:|1728927090
|switch|p2a: Salamence|Salamence, F|46/100
|-ability|p2a: Salamence|Intimidate|boost
|-unboost|p1a: Celebi|atk|1
|
|-weather|Sandstorm|[upkeep]
|-damage|p2a: Salamence|39/100|[from] Sandstorm
|-damage|p1a: Celebi|42/100|[from] Sandstorm
|-heal|p1a: Celebi|49/100|[from] item: Leftovers
|upkeep
|turn|45
|
|t:|1728927103
|move|p2a: Salamence|Earthquake|p1a: Celebi
|-resisted|p1a: Celebi
|-crit|p1a: Celebi
|-damage|p1a: Celebi|0 fnt
|faint|p1a: Celebi
|
|t:|1728927106
|switch|p1a: Aerodactyl|Aerodactyl, F|100/100
|
|-weather|Sandstorm|[upkeep]
|-damage|p2a: Salamence|33/100|[from] Sandstorm
|upkeep
|turn|46
|
|t:|1728927123
|switch|p2a: Gengar|Gengar, F|100/100
|move|p1a: Aerodactyl|Rock Slide|p2a: Gengar
|-damage|p2a: Gengar|26/100
|
|-weather|Sandstorm|[upkeep]
|-damage|p2a: Gengar|19/100|[from] Sandstorm
|-heal|p2a: Gengar|26/100|[from] item: Leftovers
|upkeep
|turn|47
|
|t:|1728927131
|move|p1a: Aerodactyl|Rock Slide|p2a: Gengar
|-damage|p2a: Gengar|0 fnt
|faint|p2a: Gengar
|
|t:|1728927135
|switch|p2a: Starmie|Starmie|68/100
|
|-weather|Sandstorm|[upkeep]
|-damage|p2a: Starmie|61/100|[from] Sandstorm
|-heal|p2a: Starmie|68/100|[from] item: Leftovers
|upkeep
|turn|48
|
|t:|1728927143
|switch|p1a: Swampert|Swampert, M|34/100 brn
|move|p2a: Starmie|Recover|p2a: Starmie
|-heal|p2a: Starmie|100/100
|
|-weather|Sandstorm|[upkeep]
|-damage|p2a: Starmie|94/100|[from] Sandstorm
|-heal|p2a: Starmie|100/100|[from] item: Leftovers
|-heal|p1a: Swampert|40/100 brn|[from] item: Leftovers
|-damage|p1a: Swampert|28/100 brn|[from] brn
|upkeep
|turn|49
|
|t:|1728927153
|move|p2a: Starmie|Surf|p1a: Swampert
|-damage|p1a: Swampert|0 fnt
|faint|p1a: Swampert
|
|t:|1728927155
|switch|p1a: Tyranitar|Tyranitar, M|81/100
|
|-weather|Sandstorm|[upkeep]
|-damage|p2a: Starmie|94/100|[from] Sandstorm
|-heal|p2a: Starmie|100/100|[from] item: Leftovers
|upkeep
|turn|50
|
|t:|1728927161
|move|p2a: Starmie|Surf|p1a: Tyranitar
|-supereffective|p1a: Tyranitar
|-damage|p1a: Tyranitar|21/100
|move|p1a: Tyranitar|Rock Slide|p2a: Starmie|[miss]
|-miss|p1a: Tyranitar|p2a: Starmie
|
|-weather|Sandstorm|[upkeep]
|-damage|p2a: Starmie|94/100|[from] Sandstorm
|-heal|p2a: Starmie|100/100|[from] item: Leftovers
|upkeep
|turn|51
|
|t:|1728927169
|move|p2a: Starmie|Surf|p1a: Tyranitar
|-supereffective|p1a: Tyranitar
|-damage|p1a: Tyranitar|0 fnt
|faint|p1a: Tyranitar
|
|t:|1728927171
|switch|p1a: Aerodactyl|Aerodactyl, F|100/100
|
|-weather|Sandstorm|[upkeep]
|-damage|p2a: Starmie|94/100|[from] Sandstorm
|-heal|p2a: Starmie|100/100|[from] item: Leftovers
|upkeep
|turn|52
|
|t:|1728927177
|move|p1a: Aerodactyl|Rock Slide|p2a: Starmie
|-damage|p2a: Starmie|52/100
|move|p2a: Starmie|Thunder Wave|p1a: Aerodactyl
|-status|p1a: Aerodactyl|par
|
|-weather|Sandstorm|[upkeep]
|-damage|p2a: Starmie|46/100|[from] Sandstorm
|-heal|p2a: Starmie|52/100|[from] item: Leftovers
|upkeep
|turn|53
|
|t:|1728927186
|move|p2a: Starmie|Recover|p2a: Starmie
|-heal|p2a: Starmie|100/100
|move|p1a: Aerodactyl|Rock Slide|p2a: Starmie
|-damage|p2a: Starmie|56/100
|
|-weather|Sandstorm|[upkeep]
|-damage|p2a: Starmie|49/100|[from] Sandstorm
|-heal|p2a: Starmie|56/100|[from] item: Leftovers
|upkeep
|turn|54
|
|t:|1728927194
|move|p2a: Starmie|Surf|p1a: Aerodactyl
|-supereffective|p1a: Aerodactyl
|-damage|p1a: Aerodactyl|0 fnt
|faint|p1a: Aerodactyl
|
|win|HeffTV
|c|☆HeffTV|gg
|c|☆Witchgender|gg
|player|p1|

</script>
<script type="application/json" class="data" id="replaydata-smogtours-gen3ou-798676">
{"id":"smogtours-gen3ou-798676","format":"[Gen 3] OU","players":["Witchgender","HeffTV"],"uploadtime":1728927194,"views":77,"formatid":"gen3ou","rating":null,"private":0,"password":null}
</script>

<script defer src="js/replays.js?9d40a366"></script>
