<!DOCTYPE html>
<meta charset="utf-8" />
<meta name="viewport" content="width=device-width" />

<title>[Gen 3] OU: simonsimonf vs. Figull400 - Replays - Pok&eacute;mon Showdown!</title>

<meta name="description" content="Watch a replay of a Pok&eacute;mon battle between simonsimonf and Figull400! Format: [Gen 3] OU; Date: Oct 10, 2024" />
<!--

Hey, you! Looking in the source for the replay log?

You can find them in JSON format, just add `.json` at the end of a replay URL.

https://replay.pokemonshowdown.com/gen7randomdoublesbattle-865046831.json

Or, if you only need the log itself, add `.log` instead:

https://replay.pokemonshowdown.com/gen7randomdoublesbattle-865046831.log

-->

<link rel="stylesheet" href="//pokemonshowdown.com/style/global.css?0.023195364461161105" />
<link rel="stylesheet" href="//play.pokemonshowdown.com/style/font-awesome.css?0.13261647063804238" />
<link rel="stylesheet" href="//play.pokemonshowdown.com/style/battle.css?0.8753245789963631" />
<link rel="stylesheet" href="//play.pokemonshowdown.com/style/utilichart.css?0.8627959624976733" />

<!-- Global site tag (gtag.js) - Google Analytics -->
<script async src="https://www.googletagmanager.com/gtag/js?id=UA-26211653-1"></script>
<script>
  window.dataLayer = window.dataLayer || [];
  function gtag(){dataLayer.push(arguments);}
  gtag('js', new Date());

  gtag('config', 'UA-26211653-1');
</script>
<!-- End Google Analytics -->
<!-- Venatus Ad Manager - Install in <HEAD> of page -->
	<script src="https://hb.vntsm.com/v3/live/ad-manager.min.js" type="text/javascript" data-site-id="642aba63ec9a7b11c3c9c1be" data-mode="scan" async></script>
<!-- / Venatus Ad Manager -->

<style>
	@media (max-width:820px) {
		.battle {
			margin: 0 auto;
		}
		.battle-log {
			margin: 7px auto 0;
			max-width: 640px;
			height: 300px;
			position: static;
		}
	}
	.optgroup {
		display: inline-block;
		line-height: 22px;
		font-size: 10pt;
	}
	.optgroup .button {
		height: 25px;
		padding-top: 0;
		padding-bottom: 0;
	}
	.optgroup button.button {
		padding-left: 12px;
		padding-right: 12px;
	}
	.linklist {
		list-style: none;
		margin: 0.5em 0;
		padding: 0;
	}
	.linklist li {
		padding: 2px 0;
	}
	.sidebar {
		float: left;
		width: 320px;
	}
	.bar-wrapper {
		max-width: 1100px;
		margin: 0 auto;
	}
	.bar-wrapper.has-sidebar {
		max-width: 1430px;
	}
	.mainbar {
		margin: 0;
		padding-right: 1px;
	}
	.mainbar.has-sidebar {
		margin-left: 330px;
	}
	@media (min-width: 1511px) {
		.sidebar {
			width: 400px;
		}
		.bar-wrapper.has-sidebar {
			max-width: 1510px;
		}
		.mainbar.has-sidebar {
			margin-left: 410px;
		}
	}
	.section.first-section {
		margin-top: 9px;
	}
	.blocklink small {
		white-space: normal;
	}
	.button {
		vertical-align: middle;
	}
	.replay-controls {
		padding-top: 10px;
	}
	.replay-controls h1 {
		font-size: 16pt;
		font-weight: normal;
		color: #CCC;
	}
	.pagelink {
		text-align: center;
	}
	.pagelink a {
		width: 150px;
	}
	.textbox, .button {
		font-size: 11pt;
		vertical-align: middle;
	}
	@media (max-width: 450px) {
		.button {
			font-size: 9pt;
		}
	}
</style>

<div>

	<header>
		<div class="nav-wrapper"><ul class="nav">
			<li><a class="button nav-first" href="//pokemonshowdown.com/"><img src="//pokemonshowdown.com/images/pokemonshowdownbeta.png" srcset="//pokemonshowdown.com/images/pokemonshowdownbeta.png 1x, //pokemonshowdown.com/images/pokemonshowdownbeta@2x.png 2x" alt="Pok&eacute;mon Showdown" width="146" height="44" /> Home</a></li>
			<li><a class="button" href="//pokemonshowdown.com/dex/">Pok&eacute;dex</a></li>
			<li><a class="button cur" href="/">Replays</a></li>
			<li><a class="button" href="//pokemonshowdown.com/ladder/">Ladder</a></li>
			<li><a class="button nav-last" href="//pokemonshowdown.com/forums/">Forum</a></li>
			<li><a class="button greenbutton nav-first nav-last" href="//play.pokemonshowdown.com/">Play</a></li>
		</ul></div>
	</header>

	<div class="main" id="main">

		<noscript><section class="section">You need to enable JavaScript to use this page; sorry!</section></noscript>

	</div>

</div>

<script defer nomodule src="//play.pokemonshowdown.com/js/lib/ps-polyfill.js"></script>
<script defer src="//play.pokemonshowdown.com/js/lib/preact.min.js"></script>

<script defer src="//play.pokemonshowdown.com/config/config.js?2bddbc15"></script>
<script defer src="//play.pokemonshowdown.com/js/lib/jquery-1.11.0.min.js"></script>
<script defer src="//play.pokemonshowdown.com/js/lib/html-sanitizer-minified.js"></script>
<script defer src="//play.pokemonshowdown.com/js/battle-sound.js"></script>
<script defer src="//play.pokemonshowdown.com/js/battledata.js?0.7209276989879541"></script>
<script defer src="//play.pokemonshowdown.com/data/pokedex-mini.js?0.6111056340867951"></script>
<script defer src="//play.pokemonshowdown.com/data/pokedex-mini-bw.js?0.3532142036491459"></script>
<script defer src="//play.pokemonshowdown.com/data/graphics.js?0.24223875632456182"></script>
<script defer src="//play.pokemonshowdown.com/data/pokedex.js?0.38839984266356864"></script>
<script defer src="//play.pokemonshowdown.com/data/moves.js?0.21866028504024015"></script>
<script defer src="//play.pokemonshowdown.com/data/abilities.js?0.2005157953846628"></script>
<script defer src="//play.pokemonshowdown.com/data/items.js?0.9894211263848525"></script>
<script defer src="//play.pokemonshowdown.com/data/teambuilder-tables.js?0.6008791140282215"></script>
<script defer src="//play.pokemonshowdown.com/js/battle-tooltips.js?0.7580118955022959"></script>
<script defer src="//play.pokemonshowdown.com/js/battle.js?0.6057722274234274"></script>

<script defer src="js/utils.js?e31f9a17"></script>
<script defer src="js/replays-battle.js?7008c182"></script>

<!-- don't scrape this data! just add .json or .log after the URL!
Full API docs: https://github.com/smogon/pokemon-showdown-client/blob/master/WEB-API.md -->
<script type="text/plain" class="log" id="replaylog-smogtours-gen3ou-797000">
|inactive|Battle timer is ON: inactive players will automatically lose when time's up.
|t:|1728591691
|gametype|singles
|player|p1|simonsimonf|2|
|player|p2|Figull400|gambler|
|teamsize|p1|6
|teamsize|p2|6
|gen|3
|tier|[Gen 3] OU
|rule|Sleep Clause Mod: Limit one foe put to sleep
|rule|Switch Priority Clause Mod: Faster Pokémon switch first
|rule|Species Clause: Limit one of each Pokémon
|rule|OHKO Clause: OHKO moves are banned
|rule|Evasion Items Clause: Evasion items are banned
|rule|Evasion Moves Clause: Evasion moves are banned
|rule|Endless Battle Clause: Forcing endless battles is banned
|rule|HP Percentage Mod: HP is shown in percentages
|rule|One Boost Passer Clause: Limit one Baton Passer that has a way to boost its stats
|rule|Freeze Clause Mod: Limit one foe frozen
|
|t:|1728591691
|start
|switch|p1a: Cloyster|Cloyster, F|100/100
|switch|p2a: Registeel|Registeel|100/100
|turn|1
|c|☆Figull400|hf
|
|t:|1728591699
|move|p1a: Cloyster|Spikes|p2a: Registeel
|-sidestart|p2: Figull400|Spikes
|move|p2a: Registeel|Thunder Wave|p1a: Cloyster
|-status|p1a: Cloyster|par
|
|upkeep
|turn|2
|
|t:|1728591703
|move|p2a: Registeel|Seismic Toss|p1a: Cloyster
|-damage|p1a: Cloyster|62/100 par
|move|p1a: Cloyster|Spikes|p2a: Registeel
|-sidestart|p2: Figull400|Spikes
|
|-heal|p1a: Cloyster|68/100 par|[from] item: Leftovers
|upkeep
|turn|3
|
|t:|1728591707
|move|p2a: Registeel|Seismic Toss|p1a: Cloyster
|-damage|p1a: Cloyster|29/100 par
|cant|p1a: Cloyster|par
|
|-heal|p1a: Cloyster|36/100 par|[from] item: Leftovers
|upkeep
|turn|4
|
|t:|1728591720
|move|p2a: Registeel|Seismic Toss|p1a: Cloyster
|-damage|p1a: Cloyster|0 fnt
|faint|p1a: Cloyster
|inactive|simonsimonf has 270 seconds left.
|
|t:|1728591761
|switch|p1a: Weezing|Weezing, F|100/100
|
|upkeep
|turn|5
|
|t:|1728591768
|switch|p2a: Milotic|Milotic, M|100/100
|-damage|p2a: Milotic|84/100|[from] Spikes
|move|p1a: Weezing|Will-O-Wisp|p2a: Milotic
|-status|p2a: Milotic|brn
|
|-heal|p2a: Milotic|90/100 brn|[from] item: Leftovers
|-damage|p2a: Milotic|78/100 brn|[from] brn
|upkeep
|turn|6
|inactive|simonsimonf has 270 seconds left.
|
|t:|1728591775
|switch|p1a: Blissey|Blissey, F|100/100
|move|p2a: Milotic|Surf|p1a: Blissey
|-damage|p1a: Blissey|88/100
|
|-heal|p2a: Milotic|84/100 brn|[from] item: Leftovers
|-damage|p2a: Milotic|71/100 brn|[from] brn
|-heal|p1a: Blissey|94/100|[from] item: Leftovers
|upkeep
|turn|7
|inactive|simonsimonf has 270 seconds left.
|
|t:|1728591786
|switch|p2a: Claydol|Claydol|100/100
|move|p1a: Blissey|Calm Mind|p1a: Blissey
|-boost|p1a: Blissey|spa|1
|-boost|p1a: Blissey|spd|1
|
|-heal|p1a: Blissey|99/100|[from] item: Leftovers
|upkeep
|turn|8
|
|t:|1728591792
|move|p2a: Claydol|Rapid Spin|p1a: Blissey
|-damage|p1a: Blissey|96/100
|-sideend|p2: Figull400|Spikes|[from] move: Rapid Spin|[of] p2a: Claydol
|move|p1a: Blissey|Ice Beam|p2a: Claydol
|-supereffective|p2a: Claydol
|-damage|p2a: Claydol|50/100
|
|-heal|p2a: Claydol|56/100|[from] item: Leftovers
|-heal|p1a: Blissey|100/100|[from] item: Leftovers
|upkeep
|turn|9
|
|t:|1728591799
|switch|p1a: Gengar|Gengar, F|100/100
|move|p2a: Claydol|Explosion|p1a: Gengar
|-immune|p1a: Gengar
|faint|p2a: Claydol
|
|t:|1728591804
|switch|p2a: Blissey|Blissey, F|100/100
|
|upkeep
|turn|10
|
|t:|1728591820
|switch|p1a: Blissey|Blissey, F|100/100
|move|p2a: Blissey|Ice Beam|p1a: Blissey
|-damage|p1a: Blissey|90/100
|-status|p1a: Blissey|frz
|
|-heal|p1a: Blissey|96/100 frz|[from] item: Leftovers
|upkeep
|turn|11
|
|t:|1728591827
|switch|p2a: Milotic|Milotic, M|71/100 brn
|cant|p1a: Blissey|frz
|
|-heal|p2a: Milotic|77/100 brn|[from] item: Leftovers
|-damage|p2a: Milotic|65/100 brn|[from] brn
|-heal|p1a: Blissey|100/100 frz|[from] item: Leftovers
|upkeep
|turn|12
|
|t:|1728591833
|move|p2a: Milotic|Refresh|p2a: Milotic
|-curestatus|p2a: Milotic|brn|[msg]
|-curestatus|p1a: Blissey|frz|[msg]
|move|p1a: Blissey|Calm Mind|p1a: Blissey
|-boost|p1a: Blissey|spa|1
|-boost|p1a: Blissey|spd|1
|
|-heal|p2a: Milotic|71/100|[from] item: Leftovers
|upkeep
|turn|13
|
|t:|1728591839
|move|p2a: Milotic|Toxic|p1a: Blissey
|-status|p1a: Blissey|tox
|move|p1a: Blissey|Thunderbolt|p2a: Milotic
|-supereffective|p2a: Milotic
|-damage|p2a: Milotic|19/100
|
|-heal|p2a: Milotic|25/100|[from] item: Leftovers
|-damage|p1a: Blissey|94/100 tox|[from] psn
|upkeep
|turn|14
|
|t:|1728591845
|move|p2a: Milotic|Recover|p2a: Milotic
|-heal|p2a: Milotic|75/100
|move|p1a: Blissey|Thunderbolt|p2a: Milotic
|-supereffective|p2a: Milotic
|-damage|p2a: Milotic|24/100
|
|-heal|p2a: Milotic|30/100|[from] item: Leftovers
|-heal|p1a: Blissey|100/100 tox|[from] item: Leftovers
|-damage|p1a: Blissey|88/100 tox|[from] psn
|upkeep
|turn|15
|
|t:|1728591862
|-curestatus|p1a: Blissey|tox|[from] ability: Natural Cure
|switch|p1a: Gengar|Gengar, F|100/100
|move|p2a: Milotic|Recover|p2a: Milotic
|-heal|p2a: Milotic|80/100
|
|-heal|p2a: Milotic|86/100|[from] item: Leftovers
|upkeep
|turn|16
|
|t:|1728591869
|switch|p2a: Blissey|Blissey, F|100/100
|move|p1a: Gengar|Will-O-Wisp|p2a: Blissey
|-status|p2a: Blissey|brn
|
|-damage|p2a: Blissey|88/100 brn|[from] brn
|upkeep
|turn|17
|
|t:|1728591875
|switch|p1a: Blissey|Blissey, F|88/100
|move|p2a: Blissey|Ice Beam|p1a: Blissey
|-damage|p1a: Blissey|78/100
|
|-heal|p2a: Blissey|94/100 brn|[from] item: Leftovers
|-heal|p1a: Blissey|84/100|[from] item: Leftovers
|-damage|p2a: Blissey|82/100 brn|[from] brn
|upkeep
|turn|18
|
|t:|1728591883
|-curestatus|p2a: Blissey|brn|[from] ability: Natural Cure
|switch|p2a: Skarmory|Skarmory, F|100/100
|move|p1a: Blissey|Calm Mind|p1a: Blissey
|-boost|p1a: Blissey|spa|1
|-boost|p1a: Blissey|spd|1
|
|-heal|p1a: Blissey|90/100|[from] item: Leftovers
|upkeep
|turn|19
|
|t:|1728591888
|move|p2a: Skarmory|Spikes|p1a: Blissey
|-sidestart|p1: simonsimonf|Spikes
|move|p1a: Blissey|Thunderbolt|p2a: Skarmory
|-supereffective|p2a: Skarmory
|-damage|p2a: Skarmory|31/100
|
|-heal|p2a: Skarmory|37/100|[from] item: Leftovers
|-heal|p1a: Blissey|96/100|[from] item: Leftovers
|upkeep
|turn|20
|
|t:|1728591894
|switch|p2a: Registeel|Registeel|100/100
|move|p1a: Blissey|Thunderbolt|p2a: Registeel
|-damage|p2a: Registeel|81/100
|
|-heal|p1a: Blissey|100/100|[from] item: Leftovers
|-heal|p2a: Registeel|87/100|[from] item: Leftovers
|upkeep
|turn|21
|
|t:|1728591898
|switch|p1a: Gengar|Gengar, F|100/100
|move|p2a: Registeel|Thunder Wave|p1a: Gengar
|-status|p1a: Gengar|par
|
|-heal|p2a: Registeel|93/100|[from] item: Leftovers
|upkeep
|turn|22
|
|t:|1728591906
|switch|p2a: Milotic|Milotic, M|86/100
|cant|p1a: Gengar|par
|
|-heal|p2a: Milotic|92/100|[from] item: Leftovers
|upkeep
|turn|23
|
|t:|1728591917
|switch|p1a: Blissey|Blissey, F|100/100
|-damage|p1a: Blissey|88/100|[from] Spikes
|move|p2a: Milotic|Surf|p1a: Blissey
|-damage|p1a: Blissey|74/100
|
|-heal|p2a: Milotic|98/100|[from] item: Leftovers
|-heal|p1a: Blissey|81/100|[from] item: Leftovers
|upkeep
|turn|24
|
|t:|1728591926
|move|p2a: Milotic|Toxic|p1a: Blissey
|-status|p1a: Blissey|tox
|move|p1a: Blissey|Calm Mind|p1a: Blissey
|-boost|p1a: Blissey|spa|1
|-boost|p1a: Blissey|spd|1
|
|-heal|p2a: Milotic|100/100|[from] item: Leftovers
|-heal|p1a: Blissey|87/100 tox|[from] item: Leftovers
|-damage|p1a: Blissey|81/100 tox|[from] psn
|upkeep
|turn|25
|
|t:|1728591930
|switch|p2a: Registeel|Registeel|93/100
|move|p1a: Blissey|Calm Mind|p1a: Blissey
|-boost|p1a: Blissey|spa|1
|-boost|p1a: Blissey|spd|1
|
|-heal|p1a: Blissey|87/100 tox|[from] item: Leftovers
|-damage|p1a: Blissey|74/100 tox|[from] psn
|-heal|p2a: Registeel|99/100|[from] item: Leftovers
|upkeep
|turn|26
|
|t:|1728591935
|-curestatus|p1a: Blissey|tox|[from] ability: Natural Cure
|switch|p1a: Gengar|Gengar, F|100/100 par
|move|p2a: Registeel|Seismic Toss|p1a: Gengar
|-immune|p1a: Gengar
|
|-heal|p2a: Registeel|100/100|[from] item: Leftovers
|upkeep
|turn|27
|
|t:|1728591942
|switch|p2a: Milotic|Milotic, M|100/100
|move|p1a: Gengar|Will-O-Wisp|p2a: Milotic
|-status|p2a: Milotic|brn
|
|-damage|p2a: Milotic|88/100 brn|[from] brn
|upkeep
|turn|28
|
|t:|1728591948
|switch|p1a: Blissey|Blissey, F|74/100
|-damage|p1a: Blissey|62/100|[from] Spikes
|move|p2a: Milotic|Refresh|p2a: Milotic
|-curestatus|p2a: Milotic|brn|[msg]
|
|-heal|p2a: Milotic|94/100|[from] item: Leftovers
|-heal|p1a: Blissey|68/100|[from] item: Leftovers
|upkeep
|turn|29
|
|t:|1728591950
|move|p2a: Milotic|Toxic|p1a: Blissey
|-status|p1a: Blissey|tox
|move|p1a: Blissey|Soft-Boiled|p1a: Blissey
|-heal|p1a: Blissey|100/100 tox
|
|-heal|p2a: Milotic|99/100|[from] item: Leftovers
|-damage|p1a: Blissey|94/100 tox|[from] psn
|upkeep
|turn|30
|
|t:|1728591957
|-curestatus|p1a: Blissey|tox|[from] ability: Natural Cure
|switch|p1a: Weezing|Weezing, F|100/100
|move|p2a: Milotic|Surf|p1a: Weezing
|-damage|p1a: Weezing|54/100
|
|-heal|p2a: Milotic|100/100|[from] item: Leftovers
|-heal|p1a: Weezing|60/100|[from] item: Leftovers
|upkeep
|turn|31
|
|t:|1728591973
|move|p2a: Milotic|Surf|p1a: Weezing
|-damage|p1a: Weezing|11/100
|move|p1a: Weezing|Pain Split|p2a: Milotic
|-sethp|p2a: Milotic|55/100|[from] move: Pain Split|[silent]
|-sethp|p1a: Weezing|65/100|[from] move: Pain Split
|
|-heal|p2a: Milotic|61/100|[from] item: Leftovers
|-heal|p1a: Weezing|71/100|[from] item: Leftovers
|upkeep
|turn|32
|
|t:|1728591982
|switch|p1a: Blissey|Blissey, F|94/100
|-damage|p1a: Blissey|82/100|[from] Spikes
|move|p2a: Milotic|Surf|p1a: Blissey
|-damage|p1a: Blissey|68/100
|
|-heal|p2a: Milotic|67/100|[from] item: Leftovers
|-heal|p1a: Blissey|75/100|[from] item: Leftovers
|upkeep
|turn|33
|
|t:|1728591989
|move|p2a: Milotic|Toxic|p1a: Blissey
|-status|p1a: Blissey|tox
|move|p1a: Blissey|Thunderbolt|p2a: Milotic
|-supereffective|p2a: Milotic
|-damage|p2a: Milotic|29/100
|
|-heal|p2a: Milotic|35/100|[from] item: Leftovers
|-heal|p1a: Blissey|81/100 tox|[from] item: Leftovers
|-damage|p1a: Blissey|75/100 tox|[from] psn
|upkeep
|turn|34
|
|t:|1728591999
|-curestatus|p1a: Blissey|tox|[from] ability: Natural Cure
|switch|p1a: Weezing|Weezing, F|71/100
|move|p2a: Milotic|Recover|p2a: Milotic
|-heal|p2a: Milotic|85/100
|
|-heal|p2a: Milotic|91/100|[from] item: Leftovers
|-heal|p1a: Weezing|77/100|[from] item: Leftovers
|upkeep
|turn|35
|
|t:|1728592006
|move|p2a: Milotic|Surf|p1a: Weezing
|-damage|p1a: Weezing|30/100
|move|p1a: Weezing|Will-O-Wisp|p2a: Milotic|[miss]
|-miss|p1a: Weezing|p2a: Milotic
|
|-heal|p2a: Milotic|97/100|[from] item: Leftovers
|-heal|p1a: Weezing|36/100|[from] item: Leftovers
|upkeep
|turn|36
|
|t:|1728592015
|switch|p1a: Blissey|Blissey, F|75/100
|-damage|p1a: Blissey|62/100|[from] Spikes
|move|p2a: Milotic|Surf|p1a: Blissey
|-damage|p1a: Blissey|49/100
|
|-heal|p2a: Milotic|100/100|[from] item: Leftovers
|-heal|p1a: Blissey|55/100|[from] item: Leftovers
|upkeep
|turn|37
|
|t:|1728592021
|move|p2a: Milotic|Toxic|p1a: Blissey
|-status|p1a: Blissey|tox
|move|p1a: Blissey|Soft-Boiled|p1a: Blissey
|-heal|p1a: Blissey|100/100 tox
|
|-damage|p1a: Blissey|94/100 tox|[from] psn
|upkeep
|turn|38
|
|t:|1728592046
|move|p2a: Milotic|Surf|p1a: Blissey
|-damage|p1a: Blissey|81/100 tox
|move|p1a: Blissey|Calm Mind|p1a: Blissey
|-boost|p1a: Blissey|spa|1
|-boost|p1a: Blissey|spd|1
|
|-heal|p1a: Blissey|87/100 tox|[from] item: Leftovers
|-damage|p1a: Blissey|75/100 tox|[from] psn
|upkeep
|turn|39
|
|t:|1728592058
|move|p2a: Milotic|Recover||[still]
|-fail|p2a: Milotic|heal
|move|p1a: Blissey|Calm Mind|p1a: Blissey
|-boost|p1a: Blissey|spa|1
|-boost|p1a: Blissey|spd|1
|
|-heal|p1a: Blissey|81/100 tox|[from] item: Leftovers
|-damage|p1a: Blissey|62/100 tox|[from] psn
|upkeep
|turn|40
|
|t:|1728592063
|switch|p2a: Skarmory|Skarmory, F|37/100
|move|p1a: Blissey|Soft-Boiled|p1a: Blissey
|-heal|p1a: Blissey|100/100 tox
|
|-heal|p2a: Skarmory|43/100|[from] item: Leftovers
|-damage|p1a: Blissey|76/100 tox|[from] psn
|upkeep
|turn|41
|
|t:|1728592067
|move|p2a: Skarmory|Spikes|p1a: Blissey
|-sidestart|p1: simonsimonf|Spikes
|move|p1a: Blissey|Thunderbolt|p2a: Skarmory
|-supereffective|p2a: Skarmory
|-damage|p2a: Skarmory|0 fnt
|faint|p2a: Skarmory
|
|t:|1728592068
|switch|p2a: Dugtrio|Dugtrio, F|100/100
|
|-heal|p1a: Blissey|82/100 tox|[from] item: Leftovers
|-damage|p1a: Blissey|51/100 tox|[from] psn
|upkeep
|turn|42
|
|t:|1728592070
|move|p2a: Dugtrio|Earthquake|p1a: Blissey
|-damage|p1a: Blissey|0 fnt
|faint|p1a: Blissey
|
|t:|1728592073
|switch|p1a: Charizard|Charizard, F|100/100
|
|upkeep
|turn|43
|
|t:|1728592079
|switch|p2a: Milotic|Milotic, M|100/100
|move|p1a: Charizard|Substitute|p1a: Charizard
|-start|p1a: Charizard|Substitute
|-damage|p1a: Charizard|76/100
|
|-heal|p1a: Charizard|82/100|[from] item: Leftovers
|upkeep
|turn|44
|
|t:|1728592082
|move|p1a: Charizard|Hidden Power|p2a: Milotic
|-supereffective|p2a: Milotic
|-damage|p2a: Milotic|65/100
|move|p2a: Milotic|Surf|p1a: Charizard
|-supereffective|p1a: Charizard
|-end|p1a: Charizard|Substitute
|
|-heal|p1a: Charizard|88/100|[from] item: Leftovers
|-heal|p2a: Milotic|71/100|[from] item: Leftovers
|upkeep
|turn|45
|
|t:|1728592110
|switch|p1a: Swampert|Swampert, M|100/100
|-damage|p1a: Swampert|84/100|[from] Spikes
|move|p2a: Milotic|Surf|p1a: Swampert
|-damage|p1a: Swampert|56/100
|
|-heal|p2a: Milotic|77/100|[from] item: Leftovers
|-heal|p1a: Swampert|62/100|[from] item: Leftovers
|upkeep
|turn|46
|
|t:|1728592115
|move|p1a: Swampert|Protect|p1a: Swampert
|-singleturn|p1a: Swampert|Protect
|move|p2a: Milotic|Toxic|p1a: Swampert
|-activate|p1a: Swampert|Protect
|
|-heal|p2a: Milotic|83/100|[from] item: Leftovers
|-heal|p1a: Swampert|68/100|[from] item: Leftovers
|upkeep
|turn|47
|
|t:|1728592120
|switch|p1a: Weezing|Weezing, F|36/100
|move|p2a: Milotic|Toxic|p1a: Weezing
|-immune|p1a: Weezing
|
|-heal|p2a: Milotic|89/100|[from] item: Leftovers
|-heal|p1a: Weezing|42/100|[from] item: Leftovers
|upkeep
|turn|48
|
|t:|1728592145
|move|p2a: Milotic|Surf|p1a: Weezing
|-damage|p1a: Weezing|0 fnt
|faint|p1a: Weezing
|
|t:|1728592147
|switch|p1a: Gengar|Gengar, F|100/100 par
|
|-heal|p2a: Milotic|95/100|[from] item: Leftovers
|upkeep
|turn|49
|
|t:|1728592154
|move|p2a: Milotic|Surf|p1a: Gengar
|-damage|p1a: Gengar|62/100 par
|cant|p1a: Gengar|par
|
|-heal|p2a: Milotic|100/100|[from] item: Leftovers
|-heal|p1a: Gengar|68/100 par|[from] item: Leftovers
|upkeep
|turn|50
|
|t:|1728592158
|move|p2a: Milotic|Surf|p1a: Gengar
|-crit|p1a: Gengar
|-damage|p1a: Gengar|0 fnt
|faint|p1a: Gengar
|
|t:|1728592162
|switch|p1a: Charizard|Charizard, F|88/100
|
|-heal|p1a: Charizard|94/100|[from] item: Leftovers
|upkeep
|turn|51
|
|t:|1728592169
|move|p1a: Charizard|Hidden Power|p2a: Milotic
|-supereffective|p2a: Milotic
|-damage|p2a: Milotic|69/100
|move|p2a: Milotic|Surf|p1a: Charizard
|-supereffective|p1a: Charizard
|-crit|p1a: Charizard
|-damage|p1a: Charizard|0 fnt
|faint|p1a: Charizard
|
|t:|1728592174
|switch|p1a: Swampert|Swampert, M|68/100
|-damage|p1a: Swampert|52/100|[from] Spikes
|
|-heal|p2a: Milotic|75/100|[from] item: Leftovers
|-heal|p1a: Swampert|58/100|[from] item: Leftovers
|upkeep
|turn|52
|
|t:|1728592176
|move|p2a: Milotic|Surf|p1a: Swampert
|-damage|p1a: Swampert|27/100
|move|p1a: Swampert|Earthquake|p2a: Milotic
|-damage|p2a: Milotic|48/100
|
|-heal|p2a: Milotic|54/100|[from] item: Leftovers
|-heal|p1a: Swampert|34/100|[from] item: Leftovers
|upkeep
|turn|53
|
|t:|1728592179
|move|p2a: Milotic|Surf|p1a: Swampert
|-damage|p1a: Swampert|7/100
|move|p1a: Swampert|Earthquake|p2a: Milotic
|-damage|p2a: Milotic|27/100
|
|-heal|p2a: Milotic|33/100|[from] item: Leftovers
|-heal|p1a: Swampert|13/100|[from] item: Leftovers
|upkeep
|turn|54
|
|t:|1728592181
|move|p2a: Milotic|Surf|p1a: Swampert
|-damage|p1a: Swampert|0 fnt
|faint|p1a: Swampert
|
|win|Figull400
|c|☆Figull400|ggs
|c|☆simonsimonf|gg

</script>
<script type="application/json" class="data" id="replaydata-smogtours-gen3ou-797000">
{"id":"smogtours-gen3ou-797000","format":"[Gen 3] OU","players":["simonsimonf","Figull400"],"uploadtime":1728592181,"views":124,"formatid":"gen3ou","rating":null,"private":0,"password":null}
</script>

<script defer src="js/replays.js?9d40a366"></script>
