<!DOCTYPE html>
<meta charset="utf-8" />
<meta name="viewport" content="width=device-width" />

<title>[Gen 3] OU: Kenma likes males vs. Dit Dus - Replays - Pok&eacute;mon Showdown!</title>

<meta name="description" content="Watch a replay of a Pok&eacute;mon battle between Kenma likes males and Dit Dus! Format: [Gen 3] OU; Date: Oct 28, 2024" />
<!--

Hey, you! Looking in the source for the replay log?

You can find them in JSON format, just add `.json` at the end of a replay URL.

https://replay.pokemonshowdown.com/gen7randomdoublesbattle-865046831.json

Or, if you only need the log itself, add `.log` instead:

https://replay.pokemonshowdown.com/gen7randomdoublesbattle-865046831.log

-->

<link rel="stylesheet" href="//pokemonshowdown.com/style/global.css?0.023195364461161105" />
<link rel="stylesheet" href="//play.pokemonshowdown.com/style/font-awesome.css?0.13261647063804238" />
<link rel="stylesheet" href="//play.pokemonshowdown.com/style/battle.css?0.8753245789963631" />
<link rel="stylesheet" href="//play.pokemonshowdown.com/style/utilichart.css?0.8627959624976733" />

<!-- Global site tag (gtag.js) - Google Analytics -->
<script async src="https://www.googletagmanager.com/gtag/js?id=UA-26211653-1"></script>
<script>
  window.dataLayer = window.dataLayer || [];
  function gtag(){dataLayer.push(arguments);}
  gtag('js', new Date());

  gtag('config', 'UA-26211653-1');
</script>
<!-- End Google Analytics -->
<!-- Venatus Ad Manager - Install in <HEAD> of page -->
	<script src="https://hb.vntsm.com/v3/live/ad-manager.min.js" type="text/javascript" data-site-id="642aba63ec9a7b11c3c9c1be" data-mode="scan" async></script>
<!-- / Venatus Ad Manager -->

<style>
	@media (max-width:820px) {
		.battle {
			margin: 0 auto;
		}
		.battle-log {
			margin: 7px auto 0;
			max-width: 640px;
			height: 300px;
			position: static;
		}
	}
	.optgroup {
		display: inline-block;
		line-height: 22px;
		font-size: 10pt;
	}
	.optgroup .button {
		height: 25px;
		padding-top: 0;
		padding-bottom: 0;
	}
	.optgroup button.button {
		padding-left: 12px;
		padding-right: 12px;
	}
	.linklist {
		list-style: none;
		margin: 0.5em 0;
		padding: 0;
	}
	.linklist li {
		padding: 2px 0;
	}
	.sidebar {
		float: left;
		width: 320px;
	}
	.bar-wrapper {
		max-width: 1100px;
		margin: 0 auto;
	}
	.bar-wrapper.has-sidebar {
		max-width: 1430px;
	}
	.mainbar {
		margin: 0;
		padding-right: 1px;
	}
	.mainbar.has-sidebar {
		margin-left: 330px;
	}
	@media (min-width: 1511px) {
		.sidebar {
			width: 400px;
		}
		.bar-wrapper.has-sidebar {
			max-width: 1510px;
		}
		.mainbar.has-sidebar {
			margin-left: 410px;
		}
	}
	.section.first-section {
		margin-top: 9px;
	}
	.blocklink small {
		white-space: normal;
	}
	.button {
		vertical-align: middle;
	}
	.replay-controls {
		padding-top: 10px;
	}
	.replay-controls h1 {
		font-size: 16pt;
		font-weight: normal;
		color: #CCC;
	}
	.pagelink {
		text-align: center;
	}
	.pagelink a {
		width: 150px;
	}
	.textbox, .button {
		font-size: 11pt;
		vertical-align: middle;
	}
	@media (max-width: 450px) {
		.button {
			font-size: 9pt;
		}
	}
</style>

<div>

	<header>
		<div class="nav-wrapper"><ul class="nav">
			<li><a class="button nav-first" href="//pokemonshowdown.com/"><img src="//pokemonshowdown.com/images/pokemonshowdownbeta.png" srcset="//pokemonshowdown.com/images/pokemonshowdownbeta.png 1x, //pokemonshowdown.com/images/pokemonshowdownbeta@2x.png 2x" alt="Pok&eacute;mon Showdown" width="146" height="44" /> Home</a></li>
			<li><a class="button" href="//pokemonshowdown.com/dex/">Pok&eacute;dex</a></li>
			<li><a class="button cur" href="/">Replays</a></li>
			<li><a class="button" href="//pokemonshowdown.com/ladder/">Ladder</a></li>
			<li><a class="button nav-last" href="//pokemonshowdown.com/forums/">Forum</a></li>
			<li><a class="button greenbutton nav-first nav-last" href="//play.pokemonshowdown.com/">Play</a></li>
		</ul></div>
	</header>

	<div class="main" id="main">

		<noscript><section class="section">You need to enable JavaScript to use this page; sorry!</section></noscript>

	</div>

</div>

<script defer nomodule src="//play.pokemonshowdown.com/js/lib/ps-polyfill.js"></script>
<script defer src="//play.pokemonshowdown.com/js/lib/preact.min.js"></script>

<script defer src="//play.pokemonshowdown.com/config/config.js?2bddbc15"></script>
<script defer src="//play.pokemonshowdown.com/js/lib/jquery-1.11.0.min.js"></script>
<script defer src="//play.pokemonshowdown.com/js/lib/html-sanitizer-minified.js"></script>
<script defer src="//play.pokemonshowdown.com/js/battle-sound.js"></script>
<script defer src="//play.pokemonshowdown.com/js/battledata.js?0.7209276989879541"></script>
<script defer src="//play.pokemonshowdown.com/data/pokedex-mini.js?0.6111056340867951"></script>
<script defer src="//play.pokemonshowdown.com/data/pokedex-mini-bw.js?0.3532142036491459"></script>
<script defer src="//play.pokemonshowdown.com/data/graphics.js?0.24223875632456182"></script>
<script defer src="//play.pokemonshowdown.com/data/pokedex.js?0.38839984266356864"></script>
<script defer src="//play.pokemonshowdown.com/data/moves.js?0.21866028504024015"></script>
<script defer src="//play.pokemonshowdown.com/data/abilities.js?0.2005157953846628"></script>
<script defer src="//play.pokemonshowdown.com/data/items.js?0.9894211263848525"></script>
<script defer src="//play.pokemonshowdown.com/data/teambuilder-tables.js?0.6008791140282215"></script>
<script defer src="//play.pokemonshowdown.com/js/battle-tooltips.js?0.7580118955022959"></script>
<script defer src="//play.pokemonshowdown.com/js/battle.js?0.6057722274234274"></script>

<script defer src="js/utils.js?e31f9a17"></script>
<script defer src="js/replays-battle.js?7008c182"></script>

<!-- don't scrape this data! just add .json or .log after the URL!
Full API docs: https://github.com/smogon/pokemon-showdown-client/blob/master/WEB-API.md -->
<script type="text/plain" class="log" id="replaylog-smogtours-gen3ou-803114">
|inactive|Battle timer is ON: inactive players will automatically lose when time's up.
|t:|1730142607
|gametype|singles
|player|p1|Kenma likes males|lucy-gen3|
|player|p2|Dit Dus|266|
|teamsize|p1|6
|teamsize|p2|6
|gen|3
|tier|[Gen 3] OU
|rule|Sleep Clause Mod: Limit one foe put to sleep
|rule|Switch Priority Clause Mod: Faster Pokémon switch first
|rule|Species Clause: Limit one of each Pokémon
|rule|OHKO Clause: OHKO moves are banned
|rule|Evasion Items Clause: Evasion items are banned
|rule|Evasion Moves Clause: Evasion moves are banned
|rule|Endless Battle Clause: Forcing endless battles is banned
|rule|HP Percentage Mod: HP is shown in percentages
|rule|One Boost Passer Clause: Limit one Baton Passer that has a way to boost its stats
|rule|Freeze Clause Mod: Limit one foe frozen
|
|t:|1730142607
|start
|switch|p1a: Represent|Jolteon, M|100/100
|switch|p2a: Jolteon|Jolteon, F|100/100
|turn|1
|
|t:|1730142620
|move|p2a: Jolteon|Substitute|p2a: Jolteon
|-start|p2a: Jolteon|Substitute
|-damage|p2a: Jolteon|75/100
|move|p1a: Represent|Substitute|p1a: Represent
|-start|p1a: Represent|Substitute
|-damage|p1a: Represent|76/100
|
|-heal|p1a: Represent|82/100|[from] item: Leftovers
|upkeep
|turn|2
|
|t:|1730142627
|move|p2a: Jolteon|Hidden Power|p1a: Represent
|-end|p1a: Represent|Substitute
|move|p1a: Represent|Roar|p2a: Jolteon
|drag|p2a: Claydol|Claydol|100/100
|
|-heal|p1a: Represent|88/100|[from] item: Leftovers
|upkeep
|turn|3
|
|t:|1730142646
|move|p1a: Represent|Baton Pass|p1a: Represent
|
|t:|1730142648
|switch|p1a: Life's a bitch|Skarmory, M|100/100|[from] Baton Pass
|move|p2a: Claydol|Rock Slide|p1a: Life's a bitch
|-damage|p1a: Life's a bitch|90/100
|
|-heal|p1a: Life's a bitch|96/100|[from] item: Leftovers
|upkeep
|turn|4
|
|t:|1730142656
|switch|p2a: Skarmory|Skarmory, M|100/100
|move|p1a: Life's a bitch|Toxic|p2a: Skarmory|[miss]
|-miss|p1a: Life's a bitch|p2a: Skarmory
|
|-heal|p1a: Life's a bitch|100/100|[from] item: Leftovers
|upkeep
|turn|5
|
|t:|1730142665
|switch|p1a: Represent|Jolteon, M|88/100
|move|p2a: Skarmory|Taunt|p1a: Represent
|-start|p1a: Represent|move: Taunt
|
|-heal|p1a: Represent|94/100|[from] item: Leftovers
|upkeep
|turn|6
|
|t:|1730142675
|switch|p2a: Jolteon|Jolteon, F|75/100
|move|p1a: Represent|Thunderbolt|p2a: Jolteon
|-heal|p2a: Jolteon|100/100|[from] ability: Volt Absorb|[of] p1a: Represent
|
|-heal|p1a: Represent|100/100|[from] item: Leftovers
|-end|p1a: Represent|move: Taunt|[silent]
|upkeep
|turn|7
|
|t:|1730142683
|move|p1a: Represent|Substitute|p1a: Represent
|-start|p1a: Represent|Substitute
|-damage|p1a: Represent|76/100
|move|p2a: Jolteon|Substitute|p2a: Jolteon
|-start|p2a: Jolteon|Substitute
|-damage|p2a: Jolteon|75/100
|
|-heal|p1a: Represent|82/100|[from] item: Leftovers
|upkeep
|turn|8
|
|t:|1730142691
|move|p2a: Jolteon|Hidden Power|p1a: Represent
|-crit|p1a: Represent
|-end|p1a: Represent|Substitute
|move|p1a: Represent|Roar|p2a: Jolteon
|drag|p2a: Skarmory|Skarmory, M|100/100
|
|-heal|p1a: Represent|88/100|[from] item: Leftovers
|upkeep
|turn|9
|
|t:|1730142704
|move|p2a: Skarmory|Spikes|p1a: Represent
|-sidestart|p1: Kenma likes males|Spikes
|move|p1a: Represent|Roar|p2a: Skarmory
|drag|p2a: Claydol|Claydol|100/100
|
|-heal|p1a: Represent|94/100|[from] item: Leftovers
|upkeep
|turn|10
|
|t:|1730142719
|switch|p2a: Jolteon|Jolteon, F|75/100
|move|p1a: Represent|Baton Pass|p1a: Represent
|
|t:|1730142723
|switch|p1a: One Love|Celebi|100/100|[from] Baton Pass
|-damage|p1a: One Love|88/100|[from] Spikes
|
|-heal|p1a: One Love|94/100|[from] item: Leftovers
|upkeep
|turn|11
|
|t:|1730142736
|move|p2a: Jolteon|Baton Pass|p2a: Jolteon
|
|t:|1730142738
|switch|p2a: Skarmory|Skarmory, M|100/100|[from] Baton Pass
|move|p1a: One Love|Psychic|p2a: Skarmory
|-resisted|p2a: Skarmory
|-damage|p2a: Skarmory|83/100
|
|-heal|p1a: One Love|99/100|[from] item: Leftovers
|-heal|p2a: Skarmory|89/100|[from] item: Leftovers
|upkeep
|turn|12
|
|t:|1730142749
|move|p1a: One Love|Hidden Power|p2a: Skarmory
|-supereffective|p2a: Skarmory
|-damage|p2a: Skarmory|52/100
|move|p2a: Skarmory|Spikes|p1a: One Love
|-sidestart|p1: Kenma likes males|Spikes
|
|-heal|p1a: One Love|100/100|[from] item: Leftovers
|-heal|p2a: Skarmory|58/100|[from] item: Leftovers
|upkeep
|turn|13
|
|t:|1730142760
|move|p1a: One Love|Hidden Power|p2a: Skarmory
|-supereffective|p2a: Skarmory
|-damage|p2a: Skarmory|22/100
|move|p2a: Skarmory|Spikes|p1a: One Love
|-sidestart|p1: Kenma likes males|Spikes
|
|-heal|p2a: Skarmory|28/100|[from] item: Leftovers
|upkeep
|turn|14
|
|t:|1730142789
|switch|p2a: Jolteon|Jolteon, F|75/100
|move|p1a: One Love|Calm Mind|p1a: One Love
|-boost|p1a: One Love|spa|1
|-boost|p1a: One Love|spd|1
|
|upkeep
|turn|15
|
|t:|1730142800
|move|p2a: Jolteon|Baton Pass|p2a: Jolteon
|
|t:|1730142803
|switch|p2a: Jirachi|Jirachi|100/100|[from] Baton Pass
|move|p1a: One Love|Psychic|p2a: Jirachi
|-resisted|p2a: Jirachi
|-damage|p2a: Jirachi|88/100
|
|-heal|p2a: Jirachi|94/100|[from] item: Leftovers
|upkeep
|turn|16
|
|t:|1730142819
|move|p2a: Jirachi|Calm Mind|p2a: Jirachi
|-boost|p2a: Jirachi|spa|1
|-boost|p2a: Jirachi|spd|1
|move|p1a: One Love|Hidden Power|p2a: Jirachi
|-supereffective|p2a: Jirachi
|-damage|p2a: Jirachi|58/100
|
|-heal|p2a: Jirachi|64/100|[from] item: Leftovers
|upkeep
|turn|17
|
|t:|1730142830
|move|p2a: Jirachi|Fire Punch|p1a: One Love
|-supereffective|p1a: One Love
|-damage|p1a: One Love|67/100
|move|p1a: One Love|Calm Mind|p1a: One Love
|-boost|p1a: One Love|spa|1
|-boost|p1a: One Love|spd|1
|
|-heal|p1a: One Love|73/100|[from] item: Leftovers
|-heal|p2a: Jirachi|70/100|[from] item: Leftovers
|upkeep
|turn|18
|inactive|Dit Dus has 270 seconds left.
|
|t:|1730142846
|move|p2a: Jirachi|Calm Mind|p2a: Jirachi
|-boost|p2a: Jirachi|spa|1
|-boost|p2a: Jirachi|spd|1
|move|p1a: One Love|Hidden Power|p2a: Jirachi
|-supereffective|p2a: Jirachi
|-damage|p2a: Jirachi|34/100
|
|-heal|p2a: Jirachi|40/100|[from] item: Leftovers
|-heal|p1a: One Love|79/100|[from] item: Leftovers
|upkeep
|turn|19
|
|t:|1730142855
|move|p1a: One Love|Hidden Power|p2a: Jirachi
|-supereffective|p2a: Jirachi
|-crit|p2a: Jirachi
|-damage|p2a: Jirachi|0 fnt
|faint|p2a: Jirachi
|inactive|Dit Dus has 270 seconds left.
|inactive|Dit Dus has 240 seconds left.
|inactive|Dit Dus has 210 seconds left.
|
|t:|1730142936
|switch|p2a: Tyranitar|Tyranitar, M|100/100
|-weather|Sandstorm|[from] ability: Sand Stream|[of] p2a: Tyranitar
|
|-weather|Sandstorm|[upkeep]
|-damage|p1a: One Love|73/100|[from] Sandstorm
|-heal|p1a: One Love|79/100|[from] item: Leftovers
|upkeep
|turn|20
|
|t:|1730142948
|move|p1a: One Love|Giga Drain|p2a: Tyranitar
|-supereffective|p2a: Tyranitar
|-crit|p2a: Tyranitar
|-damage|p2a: Tyranitar|0 fnt
|-heal|p1a: One Love|100/100|[from] drain|[of] p2a: Tyranitar
|faint|p2a: Tyranitar
|
|t:|1730142974
|switch|p2a: Claydol|Claydol|100/100
|
|-weather|Sandstorm|[upkeep]
|-damage|p1a: One Love|94/100|[from] Sandstorm
|-heal|p1a: One Love|100/100|[from] item: Leftovers
|upkeep
|turn|21
|
|t:|1730142993
|move|p1a: One Love|Giga Drain|p2a: Claydol
|-supereffective|p2a: Claydol
|-damage|p2a: Claydol|11/100
|move|p2a: Claydol|Explosion|p1a: One Love
|-damage|p1a: One Love|0 fnt
|faint|p2a: Claydol
|faint|p1a: One Love
|inactive|Dit Dus has 180 seconds left.
|inactive|Kenma likes males has 270 seconds left.
|
|t:|1730143027
|switch|p1a: Life's a bitch|Skarmory, M|100/100
|switch|p2a: Jolteon|Jolteon, F|75/100
|
|-weather|Sandstorm|[upkeep]
|-damage|p2a: Jolteon|69/100|[from] Sandstorm
|upkeep
|turn|22
|inactive|Kenma likes males has 270 seconds left.
|
|t:|1730143052
|switch|p1a: Represent|Jolteon, M|94/100
|-damage|p1a: Represent|69/100|[from] Spikes
|move|p2a: Jolteon|Thunderbolt|p1a: Represent
|-heal|p1a: Represent|94/100|[from] ability: Volt Absorb|[of] p2a: Jolteon
|
|-weather|Sandstorm|[upkeep]
|-damage|p1a: Represent|88/100|[from] Sandstorm
|-damage|p2a: Jolteon|63/100|[from] Sandstorm
|-heal|p1a: Represent|94/100|[from] item: Leftovers
|upkeep
|turn|23
|
|t:|1730143062
|move|p2a: Jolteon|Hidden Power|p1a: Represent
|-damage|p1a: Represent|66/100
|move|p1a: Represent|Substitute|p1a: Represent
|-start|p1a: Represent|Substitute
|-damage|p1a: Represent|41/100
|
|-weather|Sandstorm|[upkeep]
|-damage|p2a: Jolteon|57/100|[from] Sandstorm
|-damage|p1a: Represent|35/100|[from] Sandstorm
|-heal|p1a: Represent|41/100|[from] item: Leftovers
|upkeep
|turn|24
|inactive|Kenma likes males has 270 seconds left.
|
|t:|1730143079
|move|p2a: Jolteon|Hidden Power|p1a: Represent
|-end|p1a: Represent|Substitute
|move|p1a: Represent|Roar|p2a: Jolteon
|drag|p2a: Swampert|Swampert, M|100/100
|
|-weather|Sandstorm|[upkeep]
|-damage|p1a: Represent|35/100|[from] Sandstorm
|-heal|p1a: Represent|41/100|[from] item: Leftovers
|upkeep
|turn|25
|
|t:|1730143093
|move|p1a: Represent|Baton Pass|p1a: Represent
|
|t:|1730143097
|switch|p1a: Life's a bitch|Skarmory, M|100/100|[from] Baton Pass
|move|p2a: Swampert|Ice Beam|p1a: Life's a bitch
|-damage|p1a: Life's a bitch|61/100
|
|-weather|Sandstorm|[upkeep]
|-heal|p1a: Life's a bitch|67/100|[from] item: Leftovers
|upkeep
|turn|26
|
|t:|1730143106
|move|p2a: Swampert|Hydro Pump|p1a: Life's a bitch
|-damage|p1a: Life's a bitch|0 fnt
|faint|p1a: Life's a bitch
|
|t:|1730143111
|switch|p1a: The world is yours|Milotic, M|100/100
|-damage|p1a: The world is yours|76/100|[from] Spikes
|
|-weather|Sandstorm|[upkeep]
|-damage|p1a: The world is yours|70/100|[from] Sandstorm
|-heal|p1a: The world is yours|76/100|[from] item: Leftovers
|upkeep
|turn|27
|inactive|Dit Dus has 180 seconds left.
|
|t:|1730143123
|move|p1a: The world is yours|Surf|p2a: Swampert
|-damage|p2a: Swampert|61/100
|move|p2a: Swampert|Earthquake|p1a: The world is yours
|-damage|p1a: The world is yours|49/100
|
|-weather|Sandstorm|[upkeep]
|-damage|p1a: The world is yours|43/100|[from] Sandstorm
|-heal|p1a: The world is yours|49/100|[from] item: Leftovers
|-heal|p2a: Swampert|68/100|[from] item: Leftovers
|upkeep
|turn|28
|
|t:|1730143133
|switch|p2a: Jolteon|Jolteon, F|57/100
|move|p1a: The world is yours|Recover|p1a: The world is yours
|-heal|p1a: The world is yours|99/100
|
|-weather|Sandstorm|[upkeep]
|-damage|p2a: Jolteon|50/100|[from] Sandstorm
|-damage|p1a: The world is yours|93/100|[from] Sandstorm
|-heal|p1a: The world is yours|99/100|[from] item: Leftovers
|upkeep
|turn|29
|
|t:|1730143143
|move|p2a: Jolteon|Thunderbolt|p1a: The world is yours
|-supereffective|p1a: The world is yours
|-damage|p1a: The world is yours|30/100
|move|p1a: The world is yours|Surf|p2a: Jolteon
|-damage|p2a: Jolteon|4/100
|
|-weather|Sandstorm|[upkeep]
|-damage|p2a: Jolteon|0 fnt|[from] Sandstorm
|-damage|p1a: The world is yours|24/100|[from] Sandstorm
|faint|p2a: Jolteon
|-heal|p1a: The world is yours|30/100|[from] item: Leftovers
|upkeep
|inactive|Dit Dus has 180 seconds left.
|
|t:|1730143154
|switch|p2a: Swampert|Swampert, M|68/100
|turn|30
|
|t:|1730143163
|move|p1a: The world is yours|Recover|p1a: The world is yours
|-heal|p1a: The world is yours|80/100
|move|p2a: Swampert|Earthquake|p1a: The world is yours
|-damage|p1a: The world is yours|53/100
|
|-weather|Sandstorm|[upkeep]
|-damage|p1a: The world is yours|47/100|[from] Sandstorm
|-heal|p1a: The world is yours|53/100|[from] item: Leftovers
|-heal|p2a: Swampert|74/100|[from] item: Leftovers
|upkeep
|turn|31
|
|t:|1730143173
|move|p1a: The world is yours|Recover|p1a: The world is yours
|-heal|p1a: The world is yours|100/100
|move|p2a: Swampert|Earthquake|p1a: The world is yours
|-damage|p1a: The world is yours|74/100
|
|-weather|Sandstorm|[upkeep]
|-damage|p1a: The world is yours|68/100|[from] Sandstorm
|-heal|p1a: The world is yours|74/100|[from] item: Leftovers
|-heal|p2a: Swampert|80/100|[from] item: Leftovers
|upkeep
|turn|32
|
|t:|1730143182
|move|p1a: The world is yours|Toxic|p2a: Swampert
|-status|p2a: Swampert|tox
|move|p2a: Swampert|Earthquake|p1a: The world is yours
|-damage|p1a: The world is yours|47/100
|
|-weather|Sandstorm|[upkeep]
|-damage|p1a: The world is yours|41/100|[from] Sandstorm
|-heal|p1a: The world is yours|47/100|[from] item: Leftovers
|-heal|p2a: Swampert|86/100 tox|[from] item: Leftovers
|-damage|p2a: Swampert|80/100 tox|[from] psn
|upkeep
|turn|33
|
|t:|1730143195
|move|p1a: The world is yours|Recover|p1a: The world is yours
|-heal|p1a: The world is yours|97/100
|move|p2a: Swampert|Earthquake|p1a: The world is yours
|-damage|p1a: The world is yours|72/100
|
|-weather|Sandstorm|[upkeep]
|-damage|p1a: The world is yours|65/100|[from] Sandstorm
|-heal|p1a: The world is yours|72/100|[from] item: Leftovers
|-heal|p2a: Swampert|86/100 tox|[from] item: Leftovers
|-damage|p2a: Swampert|74/100 tox|[from] psn
|upkeep
|turn|34
|
|t:|1730143206
|move|p1a: The world is yours|Surf|p2a: Swampert
|-damage|p2a: Swampert|35/100 tox
|move|p2a: Swampert|Earthquake|p1a: The world is yours
|-damage|p1a: The world is yours|46/100
|
|-weather|Sandstorm|[upkeep]
|-damage|p1a: The world is yours|40/100|[from] Sandstorm
|-heal|p1a: The world is yours|46/100|[from] item: Leftovers
|-heal|p2a: Swampert|42/100 tox|[from] item: Leftovers
|-damage|p2a: Swampert|23/100 tox|[from] psn
|upkeep
|turn|35
|
|t:|1730143218
|move|p1a: The world is yours|Surf|p2a: Swampert
|-damage|p2a: Swampert|0 fnt
|faint|p2a: Swampert
|
|t:|1730143221
|switch|p2a: Skarmory|Skarmory, M|28/100
|
|-weather|Sandstorm|[upkeep]
|-damage|p1a: The world is yours|40/100|[from] Sandstorm
|-heal|p1a: The world is yours|46/100|[from] item: Leftovers
|-heal|p2a: Skarmory|34/100|[from] item: Leftovers
|upkeep
|turn|36
|inactive|Dit Dus has 210 seconds left.
|
|t:|1730143229
|move|p1a: The world is yours|Surf|p2a: Skarmory
|-damage|p2a: Skarmory|2/100
|move|p2a: Skarmory|Toxic|p1a: The world is yours
|-status|p1a: The world is yours|tox
|
|-weather|Sandstorm|[upkeep]
|-damage|p1a: The world is yours|40/100 tox|[from] Sandstorm
|-heal|p1a: The world is yours|46/100 tox|[from] item: Leftovers
|-damage|p1a: The world is yours|40/100 tox|[from] psn
|-heal|p2a: Skarmory|8/100|[from] item: Leftovers
|upkeep
|turn|37
|inactive|Dit Dus has 210 seconds left.
|
|t:|1730143240
|move|p1a: The world is yours|Refresh|p1a: The world is yours
|-curestatus|p1a: The world is yours|tox|[msg]
|move|p2a: Skarmory|Taunt|p1a: The world is yours
|-start|p1a: The world is yours|move: Taunt
|
|-weather|Sandstorm|[upkeep]
|-damage|p1a: The world is yours|33/100|[from] Sandstorm
|-heal|p1a: The world is yours|40/100|[from] item: Leftovers
|-heal|p2a: Skarmory|14/100|[from] item: Leftovers
|upkeep
|turn|38
|
|t:|1730143249
|move|p1a: The world is yours|Surf|p2a: Skarmory
|-damage|p2a: Skarmory|0 fnt
|faint|p2a: Skarmory
|
|win|Kenma likes males
|c|☆Kenma likes males|gg
|c|☆Dit Dus|gg
|player|p2|

</script>
<script type="application/json" class="data" id="replaydata-smogtours-gen3ou-803114">
{"id":"smogtours-gen3ou-803114","format":"[Gen 3] OU","players":["Kenma likes males","Dit Dus"],"uploadtime":1730143249,"views":51,"formatid":"gen3ou","rating":null,"private":0,"password":null}
</script>

<script defer src="js/replays.js?9d40a366"></script>
