<!DOCTYPE html>
<meta charset="utf-8" />
<meta name="viewport" content="width=device-width" />

<title>[Gen 3] OU: jank_city.mp4 vs. UDM31 - Replays - Pok&eacute;mon Showdown!</title>

<meta name="description" content="Watch a replay of a Pok&eacute;mon battle between jank_city.mp4 and UDM31! Format: [Gen 3] OU; Date: Nov 17, 2024" />
<!--

Hey, you! Looking in the source for the replay log?

You can find them in JSON format, just add `.json` at the end of a replay URL.

https://replay.pokemonshowdown.com/gen7randomdoublesbattle-865046831.json

Or, if you only need the log itself, add `.log` instead:

https://replay.pokemonshowdown.com/gen7randomdoublesbattle-865046831.log

-->

<link rel="stylesheet" href="//pokemonshowdown.com/style/global.css?0.767286132409787" />
<link rel="stylesheet" href="//play.pokemonshowdown.com/style/font-awesome.css?0.9266228007934947" />
<link rel="stylesheet" href="//play.pokemonshowdown.com/style/battle.css?0.7924700842790926" />
<link rel="stylesheet" href="//play.pokemonshowdown.com/style/utilichart.css?0.8777417872839479" />

<!-- Global site tag (gtag.js) - Google Analytics -->
<script async src="https://www.googletagmanager.com/gtag/js?id=UA-26211653-1"></script>
<script>
  window.dataLayer = window.dataLayer || [];
  function gtag(){dataLayer.push(arguments);}
  gtag('js', new Date());

  gtag('config', 'UA-26211653-1');
</script>
<!-- End Google Analytics -->
<!-- Venatus Ad Manager - Install in <HEAD> of page -->
	<script src="https://hb.vntsm.com/v3/live/ad-manager.min.js" type="text/javascript" data-site-id="642aba63ec9a7b11c3c9c1be" data-mode="scan" async></script>
<!-- / Venatus Ad Manager -->

<style>
	@media (max-width:820px) {
		.battle {
			margin: 0 auto;
		}
		.battle-log {
			margin: 7px auto 0;
			max-width: 640px;
			height: 300px;
			position: static;
		}
	}
	.optgroup {
		display: inline-block;
		line-height: 22px;
		font-size: 10pt;
	}
	.optgroup .button {
		height: 25px;
		padding-top: 0;
		padding-bottom: 0;
	}
	.optgroup button.button {
		padding-left: 12px;
		padding-right: 12px;
	}
	.linklist {
		list-style: none;
		margin: 0.5em 0;
		padding: 0;
	}
	.linklist li {
		padding: 2px 0;
	}
	.sidebar {
		float: left;
		width: 320px;
	}
	.bar-wrapper {
		max-width: 1100px;
		margin: 0 auto;
	}
	.bar-wrapper.has-sidebar {
		max-width: 1430px;
	}
	.mainbar {
		margin: 0;
		padding-right: 1px;
	}
	.mainbar.has-sidebar {
		margin-left: 330px;
	}
	@media (min-width: 1511px) {
		.sidebar {
			width: 400px;
		}
		.bar-wrapper.has-sidebar {
			max-width: 1510px;
		}
		.mainbar.has-sidebar {
			margin-left: 410px;
		}
	}
	.section.first-section {
		margin-top: 9px;
	}
	.blocklink small {
		white-space: normal;
	}
	.button {
		vertical-align: middle;
	}
	.replay-controls {
		padding-top: 10px;
	}
	.replay-controls h1 {
		font-size: 16pt;
		font-weight: normal;
		color: #CCC;
	}
	.pagelink {
		text-align: center;
	}
	.pagelink a {
		width: 150px;
	}
	.textbox, .button {
		font-size: 11pt;
		vertical-align: middle;
	}
	@media (max-width: 450px) {
		.button {
			font-size: 9pt;
		}
	}
</style>

<div>

	<header>
		<div class="nav-wrapper"><ul class="nav">
			<li><a class="button nav-first" href="//pokemonshowdown.com/"><img src="//pokemonshowdown.com/images/pokemonshowdownbeta.png" srcset="//pokemonshowdown.com/images/pokemonshowdownbeta.png 1x, //pokemonshowdown.com/images/pokemonshowdownbeta@2x.png 2x" alt="Pok&eacute;mon Showdown" width="146" height="44" /> Home</a></li>
			<li><a class="button" href="//pokemonshowdown.com/dex/">Pok&eacute;dex</a></li>
			<li><a class="button cur" href="/">Replays</a></li>
			<li><a class="button" href="//pokemonshowdown.com/ladder/">Ladder</a></li>
			<li><a class="button nav-last" href="//pokemonshowdown.com/forums/">Forum</a></li>
			<li><a class="button greenbutton nav-first nav-last" href="//play.pokemonshowdown.com/">Play</a></li>
		</ul></div>
	</header>

	<div class="main" id="main">

		<noscript><section class="section">You need to enable JavaScript to use this page; sorry!</section></noscript>

	</div>

</div>

<script defer nomodule src="//play.pokemonshowdown.com/js/lib/ps-polyfill.js"></script>
<script defer src="//play.pokemonshowdown.com/js/lib/preact.min.js"></script>

<script defer src="//play.pokemonshowdown.com/config/config.js?6dec07f6"></script>
<script defer src="//play.pokemonshowdown.com/js/lib/jquery-1.11.0.min.js"></script>
<script defer src="//play.pokemonshowdown.com/js/lib/html-sanitizer-minified.js"></script>
<script defer src="//play.pokemonshowdown.com/js/battle-sound.js"></script>
<script defer src="//play.pokemonshowdown.com/js/battledata.js?0.6315294753075389"></script>
<script defer src="//play.pokemonshowdown.com/data/pokedex-mini.js?0.7603743185311358"></script>
<script defer src="//play.pokemonshowdown.com/data/pokedex-mini-bw.js?0.030888842834281283"></script>
<script defer src="//play.pokemonshowdown.com/data/graphics.js?0.05593094747507488"></script>
<script defer src="//play.pokemonshowdown.com/data/pokedex.js?0.47064822249611904"></script>
<script defer src="//play.pokemonshowdown.com/data/moves.js?0.8583693120512459"></script>
<script defer src="//play.pokemonshowdown.com/data/abilities.js?0.16017181182386842"></script>
<script defer src="//play.pokemonshowdown.com/data/items.js?0.4163379185673943"></script>
<script defer src="//play.pokemonshowdown.com/data/teambuilder-tables.js?0.31075597372830477"></script>
<script defer src="//play.pokemonshowdown.com/js/battle-tooltips.js?0.6536193500708172"></script>
<script defer src="//play.pokemonshowdown.com/js/battle.js?0.1916591943277901"></script>

<script defer src="js/utils.js?e31f9a17"></script>
<script defer src="js/replays-battle.js?7008c182"></script>

<!-- don't scrape this data! just add .json or .log after the URL!
Full API docs: https://github.com/smogon/pokemon-showdown-client/blob/master/WEB-API.md -->
<script type="text/plain" class="log" id="replaylog-smogtours-gen3ou-806807">
|inactive|Battle timer is ON: inactive players will automatically lose when time's up.
|t:|1731870034
|gametype|singles
|player|p1|jank_city.mp4|workerice|
|player|p2|UDM31|lucas|
|teamsize|p1|6
|teamsize|p2|6
|gen|3
|tier|[Gen 3] OU
|rule|Sleep Clause Mod: Limit one foe put to sleep
|rule|Switch Priority Clause Mod: Faster Pokémon switch first
|rule|Species Clause: Limit one of each Pokémon
|rule|OHKO Clause: OHKO moves are banned
|rule|Evasion Items Clause: Evasion items are banned
|rule|Evasion Moves Clause: Evasion moves are banned
|rule|Endless Battle Clause: Forcing endless battles is banned
|rule|HP Percentage Mod: HP is shown in percentages
|rule|One Boost Passer Clause: Limit one Baton Passer that has a way to boost its stats
|rule|Freeze Clause Mod: Limit one foe frozen
|
|t:|1731870034
|start
|switch|p1a: Skarmory|Skarmory, F|100/100
|switch|p2a: Salamence|Salamence, M|100/100
|-ability|p2a: Salamence|Intimidate|boost
|-unboost|p1a: Skarmory|atk|1
|turn|1
|inactive|jank_city.mp4 has 270 seconds left.
|
|t:|1731870072
|switch|p1a: Milotic|Milotic, M|100/100
|move|p2a: Salamence|Fire Blast|p1a: Milotic
|-resisted|p1a: Milotic
|-damage|p1a: Milotic|86/100
|
|-heal|p1a: Milotic|92/100|[from] item: Leftovers
|upkeep
|turn|2
|
|t:|1731870085
|switch|p2a: Blissey|Blissey, F|100/100
|move|p1a: Milotic|Surf|p2a: Blissey
|-damage|p2a: Blissey|87/100
|
|-heal|p1a: Milotic|98/100|[from] item: Leftovers
|-heal|p2a: Blissey|93/100|[from] item: Leftovers
|upkeep
|turn|3
|
|t:|1731870095
|move|p1a: Milotic|Toxic|p2a: Blissey
|-status|p2a: Blissey|tox
|move|p2a: Blissey|Thunderbolt|p1a: Milotic
|-supereffective|p1a: Milotic
|-damage|p1a: Milotic|59/100
|
|-heal|p1a: Milotic|65/100|[from] item: Leftovers
|-heal|p2a: Blissey|99/100 tox|[from] item: Leftovers
|-damage|p2a: Blissey|93/100 tox|[from] psn
|upkeep
|turn|4
|
|t:|1731870101
|switch|p1a: MashGPT|Metagross|100/100
|-curestatus|p2a: Blissey|tox|[from] ability: Natural Cure
|switch|p2a: Forretress|Forretress, M, shiny|100/100
|
|upkeep
|turn|5
|
|t:|1731870117
|switch|p1a: Milotic|Milotic, M|65/100
|move|p2a: Forretress|Spikes|p1a: Milotic
|-sidestart|p1: jank_city.mp4|Spikes
|
|-heal|p1a: Milotic|72/100|[from] item: Leftovers
|upkeep
|turn|6
|c|☆jank_city.mp4|oh, glhf
|c|☆UDM31|u2
|inactive|UDM31 has 270 seconds left.
|
|t:|1731870155
|switch|p2a: Blissey|Blissey, F|93/100
|move|p1a: Milotic|Surf|p2a: Blissey
|-damage|p2a: Blissey|79/100
|
|-heal|p1a: Milotic|78/100|[from] item: Leftovers
|-heal|p2a: Blissey|85/100|[from] item: Leftovers
|upkeep
|turn|7
|
|t:|1731870161
|switch|p1a: MashGPT|Metagross|100/100
|-damage|p1a: MashGPT|88/100|[from] Spikes
|move|p2a: Blissey|Thunderbolt|p1a: MashGPT
|-damage|p1a: MashGPT|62/100
|
|-heal|p1a: MashGPT|68/100|[from] item: Leftovers
|-heal|p2a: Blissey|91/100|[from] item: Leftovers
|upkeep
|turn|8
|
|t:|1731870168
|switch|p2a: Jirachi|Jirachi|100/100
|move|p1a: MashGPT|Earthquake|p2a: Jirachi
|-supereffective|p2a: Jirachi
|-damage|p2a: Jirachi|62/100
|
|-heal|p2a: Jirachi|68/100|[from] item: Leftovers
|-heal|p1a: MashGPT|74/100|[from] item: Leftovers
|upkeep
|turn|9
|
|t:|1731870188
|switch|p1a: Claydol|Claydol|100/100
|move|p2a: Jirachi|Wish|p2a: Jirachi
|
|-heal|p2a: Jirachi|75/100|[from] item: Leftovers
|upkeep
|turn|10
|
|t:|1731870196
|move|p2a: Jirachi|Toxic|p1a: Claydol
|-status|p1a: Claydol|tox
|move|p1a: Claydol|Rapid Spin|p2a: Jirachi
|-resisted|p2a: Jirachi
|-crit|p2a: Jirachi
|-damage|p2a: Jirachi|72/100
|-sideend|p1: jank_city.mp4|Spikes|[from] move: Rapid Spin|[of] p1a: Claydol
|
|-heal|p2a: Jirachi|100/100|[from] move: Wish|[wisher] Jirachi
|-damage|p1a: Claydol|94/100 tox|[from] psn
|upkeep
|turn|11
|
|t:|1731870206
|switch|p2a: Forretress|Forretress, M, shiny|100/100
|move|p1a: Claydol|Refresh|p1a: Claydol
|-curestatus|p1a: Claydol|tox|[msg]
|
|-heal|p1a: Claydol|100/100|[from] item: Leftovers
|upkeep
|turn|12
|
|t:|1731870213
|move|p1a: Claydol|Earthquake|p2a: Forretress
|-damage|p2a: Forretress|79/100
|move|p2a: Forretress|Spikes|p1a: Claydol
|-sidestart|p1: jank_city.mp4|Spikes
|
|-heal|p2a: Forretress|85/100|[from] item: Leftovers
|upkeep
|turn|13
|
|t:|1731870218
|move|p1a: Claydol|Earthquake|p2a: Forretress
|-damage|p2a: Forretress|64/100
|move|p2a: Forretress|Hidden Power|p1a: Claydol
|-supereffective|p1a: Claydol
|-damage|p1a: Claydol|66/100
|
|-heal|p1a: Claydol|72/100|[from] item: Leftovers
|-heal|p2a: Forretress|71/100|[from] item: Leftovers
|upkeep
|turn|14
|
|t:|1731870234
|switch|p1a: Skarmory|Skarmory, F|100/100
|move|p2a: Forretress|Hidden Power|p1a: Skarmory
|-resisted|p1a: Skarmory
|-damage|p1a: Skarmory|96/100
|
|-heal|p1a: Skarmory|100/100|[from] item: Leftovers
|-heal|p2a: Forretress|77/100|[from] item: Leftovers
|upkeep
|turn|15
|
|t:|1731870244
|move|p1a: Skarmory|Spikes|p2a: Forretress
|-sidestart|p2: UDM31|Spikes
|move|p2a: Forretress|Spikes|p1a: Skarmory
|-sidestart|p1: jank_city.mp4|Spikes
|
|-heal|p2a: Forretress|83/100|[from] item: Leftovers
|upkeep
|turn|16
|
|t:|1731870252
|move|p1a: Skarmory|Drill Peck|p2a: Forretress
|-damage|p2a: Forretress|66/100
|move|p2a: Forretress|Rapid Spin|p1a: Skarmory
|-resisted|p1a: Skarmory
|-damage|p1a: Skarmory|99/100
|-sideend|p2: UDM31|Spikes|[from] move: Rapid Spin|[of] p2a: Forretress
|
|-heal|p1a: Skarmory|100/100|[from] item: Leftovers
|-heal|p2a: Forretress|72/100|[from] item: Leftovers
|upkeep
|turn|17
|
|t:|1731870261
|move|p2a: Forretress|Spikes|p1a: Skarmory
|-sidestart|p1: jank_city.mp4|Spikes
|move|p1a: Skarmory|Roar|p2a: Forretress
|drag|p2a: Salamence|Salamence, M|100/100
|-ability|p2a: Salamence|Intimidate|boost
|-unboost|p1a: Skarmory|atk|1
|
|upkeep
|turn|18
|inactive|UDM31 has 270 seconds left.
|
|t:|1731870299
|switch|p1a: Blissey|Blissey, F|100/100
|-damage|p1a: Blissey|76/100|[from] Spikes
|move|p2a: Salamence|Fire Blast|p1a: Blissey
|-damage|p1a: Blissey|60/100
|
|-heal|p1a: Blissey|67/100|[from] item: Leftovers
|upkeep
|turn|19
|inactive|UDM31 has 270 seconds left.
|
|t:|1731870320
|switch|p2a: Swampert|Swampert, M|100/100
|move|p1a: Blissey|Ice Beam|p2a: Swampert
|-damage|p2a: Swampert|81/100
|
|-heal|p1a: Blissey|73/100|[from] item: Leftovers
|-heal|p2a: Swampert|88/100|[from] item: Leftovers
|upkeep
|turn|20
|inactive|UDM31 has 240 seconds left.
|inactive|jank_city.mp4 has 270 seconds left.
|
|t:|1731870362
|switch|p2a: Jirachi|Jirachi|100/100
|move|p1a: Blissey|Wish|p1a: Blissey
|
|-heal|p1a: Blissey|79/100|[from] item: Leftovers
|upkeep
|turn|21
|inactive|UDM31 has 240 seconds left.
|
|t:|1731870377
|switch|p2a: Tyranitar|Tyranitar, F|100/100
|-weather|Sandstorm|[from] ability: Sand Stream|[of] p2a: Tyranitar
|switch|p1a: Claydol|Claydol|72/100
|
|-heal|p1a: Claydol|100/100|[from] move: Wish|[wisher] Blissey
|-weather|Sandstorm|[upkeep]
|upkeep
|turn|22
|inactive|UDM31 has 240 seconds left.
|inactive|jank_city.mp4 has 270 seconds left.
|
|t:|1731870389
|move|p1a: Claydol|Rapid Spin|p2a: Tyranitar
|-resisted|p2a: Tyranitar
|-damage|p2a: Tyranitar|99/100
|-sideend|p1: jank_city.mp4|Spikes|[from] move: Rapid Spin|[of] p1a: Claydol
|move|p2a: Tyranitar|Crunch|p1a: Claydol
|-supereffective|p1a: Claydol
|-damage|p1a: Claydol|38/100
|
|-weather|Sandstorm|[upkeep]
|-heal|p1a: Claydol|44/100|[from] item: Leftovers
|-heal|p2a: Tyranitar|100/100|[from] item: Leftovers
|upkeep
|turn|23
|inactive|UDM31 has 240 seconds left.
|inactive|jank_city.mp4 has 270 seconds left.
|
|t:|1731870420
|move|p1a: Claydol|Earthquake|p2a: Tyranitar
|-supereffective|p2a: Tyranitar
|-damage|p2a: Tyranitar|62/100
|move|p2a: Tyranitar|Pursuit|p1a: Claydol
|-supereffective|p1a: Claydol
|-damage|p1a: Claydol|12/100
|
|-weather|Sandstorm|[upkeep]
|-heal|p1a: Claydol|18/100|[from] item: Leftovers
|-heal|p2a: Tyranitar|68/100|[from] item: Leftovers
|upkeep
|turn|24
|
|t:|1731870424
|move|p1a: Claydol|Earthquake|p2a: Tyranitar
|-supereffective|p2a: Tyranitar
|-damage|p2a: Tyranitar|27/100
|move|p2a: Tyranitar|Pursuit|p1a: Claydol
|-supereffective|p1a: Claydol
|-damage|p1a: Claydol|0 fnt
|faint|p1a: Claydol
|
|t:|1731870426
|switch|p1a: Dugtrio|Dugtrio, F|100/100
|
|-weather|Sandstorm|[upkeep]
|-heal|p2a: Tyranitar|34/100|[from] item: Leftovers
|upkeep
|turn|25
|inactive|jank_city.mp4 has 270 seconds left.
|
|t:|1731870436
|move|p1a: Dugtrio|Earthquake|p2a: Tyranitar
|-supereffective|p2a: Tyranitar
|-damage|p2a: Tyranitar|0 fnt
|faint|p2a: Tyranitar
|
|t:|1731870443
|switch|p2a: Salamence|Salamence, M|100/100
|-ability|p2a: Salamence|Intimidate|boost
|-unboost|p1a: Dugtrio|atk|1
|
|-weather|Sandstorm|[upkeep]
|-damage|p2a: Salamence|94/100|[from] Sandstorm
|-heal|p2a: Salamence|100/100|[from] item: Leftovers
|upkeep
|turn|26
|inactive|UDM31 has 240 seconds left.
|
|t:|1731870475
|switch|p1a: Milotic|Milotic, M|78/100
|move|p2a: Salamence|Hidden Power|p1a: Milotic
|-supereffective|p1a: Milotic
|-damage|p1a: Milotic|48/100
|
|-weather|Sandstorm|[upkeep]
|-damage|p2a: Salamence|94/100|[from] Sandstorm
|-damage|p1a: Milotic|42/100|[from] Sandstorm
|-heal|p2a: Salamence|100/100|[from] item: Leftovers
|-heal|p1a: Milotic|48/100|[from] item: Leftovers
|upkeep
|turn|27
|
|t:|1731870489
|move|p2a: Salamence|Hidden Power|p1a: Milotic
|-supereffective|p1a: Milotic
|-damage|p1a: Milotic|16/100
|move|p1a: Milotic|Surf|p2a: Salamence
|-resisted|p2a: Salamence
|-damage|p2a: Salamence|78/100
|
|-weather|Sandstorm|[upkeep]
|-damage|p2a: Salamence|72/100|[from] Sandstorm
|-damage|p1a: Milotic|10/100|[from] Sandstorm
|-heal|p2a: Salamence|78/100|[from] item: Leftovers
|-heal|p1a: Milotic|16/100|[from] item: Leftovers
|upkeep
|turn|28
|
|t:|1731870494
|switch|p1a: Blissey|Blissey, F|79/100
|move|p2a: Salamence|Hidden Power|p1a: Blissey
|-damage|p1a: Blissey|71/100
|
|-weather|Sandstorm|[upkeep]
|-damage|p2a: Salamence|72/100|[from] Sandstorm
|-damage|p1a: Blissey|65/100|[from] Sandstorm
|-heal|p2a: Salamence|78/100|[from] item: Leftovers
|-heal|p1a: Blissey|71/100|[from] item: Leftovers
|upkeep
|turn|29
|inactive|UDM31 has 240 seconds left.
|inactive|UDM31 has 210 seconds left.
|
|t:|1731870537
|switch|p2a: Swampert|Swampert, M|88/100
|move|p1a: Blissey|Wish|p1a: Blissey
|
|-weather|Sandstorm|[upkeep]
|-damage|p1a: Blissey|65/100|[from] Sandstorm
|-heal|p1a: Blissey|71/100|[from] item: Leftovers
|-heal|p2a: Swampert|94/100|[from] item: Leftovers
|upkeep
|turn|30
|
|t:|1731870565
|move|p1a: Blissey|Seismic Toss|p2a: Swampert
|-damage|p2a: Swampert|69/100
|move|p2a: Swampert|Earthquake|p1a: Blissey
|-damage|p1a: Blissey|33/100
|
|-heal|p1a: Blissey|83/100|[from] move: Wish|[wisher] Blissey
|-weather|Sandstorm|[upkeep]
|-damage|p1a: Blissey|77/100|[from] Sandstorm
|-heal|p1a: Blissey|83/100|[from] item: Leftovers
|-heal|p2a: Swampert|75/100|[from] item: Leftovers
|upkeep
|turn|31
|
|t:|1731870578
|move|p1a: Blissey|Seismic Toss|p2a: Swampert
|-damage|p2a: Swampert|50/100
|move|p2a: Swampert|Earthquake|p1a: Blissey
|-damage|p1a: Blissey|50/100
|
|-weather|Sandstorm|[upkeep]
|-damage|p1a: Blissey|44/100|[from] Sandstorm
|-heal|p1a: Blissey|50/100|[from] item: Leftovers
|-heal|p2a: Swampert|57/100|[from] item: Leftovers
|upkeep
|turn|32
|inactive|jank_city.mp4 has 270 seconds left.
|inactive|UDM31 has 210 seconds left.
|
|t:|1731870600
|switch|p2a: Jirachi|Jirachi|100/100
|move|p1a: Blissey|Soft-Boiled|p1a: Blissey
|-heal|p1a: Blissey|99/100
|
|-weather|Sandstorm|[upkeep]
|-damage|p1a: Blissey|94/100|[from] Sandstorm
|-heal|p1a: Blissey|99/100|[from] item: Leftovers
|upkeep
|turn|33
|inactive|UDM31 has 210 seconds left.
|inactive|jank_city.mp4 has 270 seconds left.
|
|t:|1731870622
|move|p2a: Jirachi|Toxic|p1a: Blissey
|-status|p1a: Blissey|tox
|move|p1a: Blissey|Wish|p1a: Blissey
|
|-weather|Sandstorm|[upkeep]
|-damage|p1a: Blissey|94/100 tox|[from] Sandstorm
|-heal|p1a: Blissey|99/100 tox|[from] item: Leftovers
|-damage|p1a: Blissey|94/100 tox|[from] psn
|upkeep
|turn|34
|inactive|UDM31 has 210 seconds left.
|inactive|UDM31 has 180 seconds left.
|
|t:|1731870672
|-curestatus|p1a: Blissey|tox|[from] ability: Natural Cure
|switch|p1a: Milotic|Milotic, M|16/100
|move|p2a: Jirachi|Wish|p2a: Jirachi
|
|-heal|p1a: Milotic|66/100|[from] move: Wish|[wisher] Blissey
|-weather|Sandstorm|[upkeep]
|-damage|p1a: Milotic|60/100|[from] Sandstorm
|-heal|p1a: Milotic|66/100|[from] item: Leftovers
|upkeep
|turn|35
|inactive|jank_city.mp4 has 270 seconds left.
|
|t:|1731870686
|switch|p2a: Forretress|Forretress, M, shiny|72/100
|switch|p1a: Dugtrio|Dugtrio, F|100/100
|
|-heal|p2a: Forretress|100/100|[from] move: Wish|[wisher] Jirachi
|-weather|Sandstorm|[upkeep]
|upkeep
|turn|36
|inactive|jank_city.mp4 has 270 seconds left.
|
|t:|1731870701
|move|p1a: Dugtrio|Earthquake|p2a: Forretress
|-damage|p2a: Forretress|56/100
|move|p2a: Forretress|Spikes|p1a: Dugtrio
|-sidestart|p1: jank_city.mp4|Spikes
|
|-weather|Sandstorm|[upkeep]
|-heal|p2a: Forretress|62/100|[from] item: Leftovers
|upkeep
|turn|37
|
|t:|1731870709
|move|p1a: Dugtrio|Earthquake|p2a: Forretress
|-damage|p2a: Forretress|20/100
|move|p2a: Forretress|Hidden Power|p1a: Dugtrio
|-damage|p1a: Dugtrio|44/100
|
|-weather|Sandstorm|[upkeep]
|-heal|p2a: Forretress|26/100|[from] item: Leftovers
|upkeep
|turn|38
|
|t:|1731870721
|move|p1a: Dugtrio|Earthquake|p2a: Forretress
|-damage|p2a: Forretress|0 fnt
|faint|p2a: Forretress
|
|t:|1731870733
|switch|p2a: Salamence|Salamence, M|78/100
|-ability|p2a: Salamence|Intimidate|boost
|-unboost|p1a: Dugtrio|atk|1
|
|-weather|Sandstorm|[upkeep]
|-damage|p2a: Salamence|72/100|[from] Sandstorm
|-heal|p2a: Salamence|78/100|[from] item: Leftovers
|upkeep
|turn|39
|inactive|UDM31 has 180 seconds left.
|
|t:|1731870764
|switch|p1a: Milotic|Milotic, M|66/100
|-damage|p1a: Milotic|53/100|[from] Spikes
|move|p2a: Salamence|Brick Break|p1a: Milotic
|-damage|p1a: Milotic|37/100
|
|-weather|Sandstorm|[upkeep]
|-damage|p2a: Salamence|72/100|[from] Sandstorm
|-damage|p1a: Milotic|31/100|[from] Sandstorm
|-heal|p2a: Salamence|78/100|[from] item: Leftovers
|-heal|p1a: Milotic|37/100|[from] item: Leftovers
|upkeep
|turn|40
|
|t:|1731870778
|move|p2a: Salamence|Hidden Power|p1a: Milotic
|-supereffective|p1a: Milotic
|-damage|p1a: Milotic|4/100
|move|p1a: Milotic|Recover|p1a: Milotic
|-heal|p1a: Milotic|54/100
|
|-weather|Sandstorm|[upkeep]
|-damage|p2a: Salamence|72/100|[from] Sandstorm
|-damage|p1a: Milotic|47/100|[from] Sandstorm
|-heal|p2a: Salamence|78/100|[from] item: Leftovers
|-heal|p1a: Milotic|54/100|[from] item: Leftovers
|upkeep
|turn|41
|
|t:|1731870785
|switch|p2a: Blissey|Blissey, F|91/100
|move|p1a: Milotic|Recover|p1a: Milotic
|-heal|p1a: Milotic|100/100
|
|-weather|Sandstorm|[upkeep]
|-damage|p1a: Milotic|94/100|[from] Sandstorm
|-damage|p2a: Blissey|85/100|[from] Sandstorm
|-heal|p1a: Milotic|100/100|[from] item: Leftovers
|-heal|p2a: Blissey|91/100|[from] item: Leftovers
|upkeep
|turn|42
|
|t:|1731870803
|switch|p1a: Blissey|Blissey, F|94/100
|-damage|p1a: Blissey|81/100|[from] Spikes
|move|p2a: Blissey|Thunderbolt|p1a: Blissey
|-damage|p1a: Blissey|72/100
|
|-weather|Sandstorm|[upkeep]
|-damage|p2a: Blissey|85/100|[from] Sandstorm
|-damage|p1a: Blissey|66/100|[from] Sandstorm
|-heal|p2a: Blissey|91/100|[from] item: Leftovers
|-heal|p1a: Blissey|72/100|[from] item: Leftovers
|upkeep
|turn|43
|inactive|UDM31 has 180 seconds left.
|
|t:|1731870826
|switch|p2a: Jirachi|Jirachi|100/100
|move|p1a: Blissey|Wish|p1a: Blissey
|
|-weather|Sandstorm|[upkeep]
|-damage|p1a: Blissey|66/100|[from] Sandstorm
|-heal|p1a: Blissey|72/100|[from] item: Leftovers
|upkeep
|turn|44
|inactive|UDM31 has 180 seconds left.
|
|t:|1731870851
|switch|p1a: MashGPT|Metagross|74/100
|-damage|p1a: MashGPT|61/100|[from] Spikes
|move|p2a: Jirachi|Fire Punch|p1a: MashGPT
|-supereffective|p1a: MashGPT
|-damage|p1a: MashGPT|24/100
|
|-heal|p1a: MashGPT|74/100|[from] move: Wish|[wisher] Blissey
|-weather|Sandstorm|[upkeep]
|-heal|p1a: MashGPT|80/100|[from] item: Leftovers
|upkeep
|turn|45
|inactive|UDM31 has 180 seconds left.
|inactive|jank_city.mp4 has 270 seconds left.
|
|t:|1731870879
|switch|p1a: Milotic|Milotic, M|100/100
|-damage|p1a: Milotic|88/100|[from] Spikes
|move|p2a: Jirachi|Fire Punch|p1a: Milotic
|-resisted|p1a: Milotic
|-damage|p1a: Milotic|82/100
|
|-weather|Sandstorm|[upkeep]
|-damage|p1a: Milotic|76/100|[from] Sandstorm
|-heal|p1a: Milotic|82/100|[from] item: Leftovers
|upkeep
|turn|46
|inactive|UDM31 has 180 seconds left.
|
|t:|1731870902
|switch|p2a: Blissey|Blissey, F|91/100
|move|p1a: Milotic|Surf|p2a: Blissey
|-crit|p2a: Blissey
|-damage|p2a: Blissey|66/100
|
|-weather|Sandstorm|[upkeep]
|-damage|p1a: Milotic|76/100|[from] Sandstorm
|-damage|p2a: Blissey|59/100|[from] Sandstorm
|-heal|p1a: Milotic|82/100|[from] item: Leftovers
|-heal|p2a: Blissey|66/100|[from] item: Leftovers
|upkeep
|turn|47
|
|t:|1731870929
|switch|p1a: MashGPT|Metagross|80/100
|-damage|p1a: MashGPT|68/100|[from] Spikes
|move|p2a: Blissey|Soft-Boiled|p2a: Blissey
|-heal|p2a: Blissey|100/100
|
|-weather|Sandstorm|[upkeep]
|-damage|p2a: Blissey|94/100|[from] Sandstorm
|-heal|p1a: MashGPT|74/100|[from] item: Leftovers
|-heal|p2a: Blissey|100/100|[from] item: Leftovers
|upkeep
|turn|48
|inactive|UDM31 has 180 seconds left.
|inactive|jank_city.mp4 has 240 seconds left.
|
|t:|1731870952
|switch|p2a: Jirachi|Jirachi|100/100
|move|p1a: MashGPT|Earthquake|p2a: Jirachi
|-supereffective|p2a: Jirachi
|-damage|p2a: Jirachi|65/100
|
|-weather|Sandstorm|[upkeep]
|-heal|p2a: Jirachi|71/100|[from] item: Leftovers
|-heal|p1a: MashGPT|80/100|[from] item: Leftovers
|upkeep
|turn|49
|inactive|jank_city.mp4 has 240 seconds left.
|inactive|UDM31 has 180 seconds left.
|
|t:|1731870968
|move|p2a: Jirachi|Wish|p2a: Jirachi
|move|p1a: MashGPT|Earthquake|p2a: Jirachi
|-supereffective|p2a: Jirachi
|-damage|p2a: Jirachi|35/100
|
|-weather|Sandstorm|[upkeep]
|-heal|p2a: Jirachi|41/100|[from] item: Leftovers
|-heal|p1a: MashGPT|86/100|[from] item: Leftovers
|upkeep
|turn|50
|inactive|UDM31 has 180 seconds left.
|
|t:|1731870975
|switch|p1a: Blissey|Blissey, F|72/100
|-damage|p1a: Blissey|59/100|[from] Spikes
|move|p2a: Jirachi|Protect||[still]
|-fail|p2a: Jirachi
|
|-heal|p2a: Jirachi|91/100|[from] move: Wish|[wisher] Jirachi
|-weather|Sandstorm|[upkeep]
|-damage|p1a: Blissey|53/100|[from] Sandstorm
|-heal|p2a: Jirachi|97/100|[from] item: Leftovers
|-heal|p1a: Blissey|59/100|[from] item: Leftovers
|upkeep
|turn|51
|inactive|UDM31 has 180 seconds left.
|
|t:|1731870987
|move|p2a: Jirachi|Toxic|p1a: Blissey
|-status|p1a: Blissey|tox
|move|p1a: Blissey|Soft-Boiled|p1a: Blissey
|-heal|p1a: Blissey|100/100 tox
|
|-weather|Sandstorm|[upkeep]
|-damage|p1a: Blissey|94/100 tox|[from] Sandstorm
|-heal|p2a: Jirachi|100/100|[from] item: Leftovers
|-heal|p1a: Blissey|100/100 tox|[from] item: Leftovers
|-damage|p1a: Blissey|94/100 tox|[from] psn
|upkeep
|turn|52
|inactive|UDM31 has 180 seconds left.
|
|t:|1731871014
|move|p2a: Jirachi|Fire Punch|p1a: Blissey
|-damage|p1a: Blissey|87/100 tox
|move|p1a: Blissey|Wish|p1a: Blissey
|
|-weather|Sandstorm|[upkeep]
|-damage|p1a: Blissey|81/100 tox|[from] Sandstorm
|-heal|p1a: Blissey|87/100 tox|[from] item: Leftovers
|-damage|p1a: Blissey|75/100 tox|[from] psn
|upkeep
|turn|53
|
|t:|1731871021
|-curestatus|p1a: Blissey|tox|[from] ability: Natural Cure
|switch|p1a: Skarmory|Skarmory, F|100/100
|move|p2a: Jirachi|Fire Punch|p1a: Skarmory
|-supereffective|p1a: Skarmory
|-damage|p1a: Skarmory|70/100
|
|-heal|p1a: Skarmory|100/100|[from] move: Wish|[wisher] Blissey
|-weather|Sandstorm|[upkeep]
|upkeep
|turn|54
|
|t:|1731871026
|move|p2a: Jirachi|Fire Punch|p1a: Skarmory
|-supereffective|p1a: Skarmory
|-damage|p1a: Skarmory|71/100
|-status|p1a: Skarmory|brn
|move|p1a: Skarmory|Spikes|p2a: Jirachi
|-sidestart|p2: UDM31|Spikes
|
|-weather|Sandstorm|[upkeep]
|-heal|p1a: Skarmory|77/100 brn|[from] item: Leftovers
|-damage|p1a: Skarmory|64/100 brn|[from] brn
|upkeep
|turn|55
|
|t:|1731871034
|switch|p1a: Blissey|Blissey, F|75/100
|-damage|p1a: Blissey|62/100|[from] Spikes
|move|p2a: Jirachi|Fire Punch|p1a: Blissey
|-damage|p1a: Blissey|55/100
|
|-weather|Sandstorm|[upkeep]
|-damage|p1a: Blissey|49/100|[from] Sandstorm
|-heal|p1a: Blissey|55/100|[from] item: Leftovers
|upkeep
|turn|56
|inactive|UDM31 has 180 seconds left.
|
|t:|1731871065
|move|p2a: Jirachi|Toxic|p1a: Blissey
|-status|p1a: Blissey|tox
|move|p1a: Blissey|Soft-Boiled|p1a: Blissey
|-heal|p1a: Blissey|100/100 tox
|
|-weather|Sandstorm|[upkeep]
|-damage|p1a: Blissey|94/100 tox|[from] Sandstorm
|-heal|p1a: Blissey|100/100 tox|[from] item: Leftovers
|-damage|p1a: Blissey|94/100 tox|[from] psn
|upkeep
|turn|57
|
|t:|1731871072
|move|p2a: Jirachi|Fire Punch|p1a: Blissey
|-damage|p1a: Blissey|87/100 tox
|move|p1a: Blissey|Wish|p1a: Blissey
|
|-weather|Sandstorm|[upkeep]
|-damage|p1a: Blissey|81/100 tox|[from] Sandstorm
|-heal|p1a: Blissey|87/100 tox|[from] item: Leftovers
|-damage|p1a: Blissey|75/100 tox|[from] psn
|upkeep
|turn|58
|inactive|UDM31 has 180 seconds left.
|
|t:|1731871081
|-curestatus|p1a: Blissey|tox|[from] ability: Natural Cure
|switch|p1a: Skarmory|Skarmory, F|64/100 brn
|move|p2a: Jirachi|Fire Punch|p1a: Skarmory
|-supereffective|p1a: Skarmory
|-damage|p1a: Skarmory|33/100 brn
|
|-heal|p1a: Skarmory|83/100 brn|[from] move: Wish|[wisher] Blissey
|-weather|Sandstorm|[upkeep]
|-heal|p1a: Skarmory|89/100 brn|[from] item: Leftovers
|-damage|p1a: Skarmory|77/100 brn|[from] brn
|upkeep
|turn|59
|
|t:|1731871089
|move|p2a: Jirachi|Fire Punch|p1a: Skarmory
|-supereffective|p1a: Skarmory
|-damage|p1a: Skarmory|43/100 brn
|move|p1a: Skarmory|Spikes|p2a: Jirachi
|-sidestart|p2: UDM31|Spikes
|
|-weather|Sandstorm|[upkeep]
|-heal|p1a: Skarmory|49/100 brn|[from] item: Leftovers
|-damage|p1a: Skarmory|37/100 brn|[from] brn
|upkeep
|turn|60
|
|t:|1731871102
|switch|p1a: Milotic|Milotic, M|82/100
|-damage|p1a: Milotic|70/100|[from] Spikes
|move|p2a: Jirachi|Fire Punch|p1a: Milotic
|-resisted|p1a: Milotic
|-damage|p1a: Milotic|64/100
|
|-weather|Sandstorm|[upkeep]
|-damage|p1a: Milotic|58/100|[from] Sandstorm
|-heal|p1a: Milotic|64/100|[from] item: Leftovers
|upkeep
|turn|61
|inactive|UDM31 has 180 seconds left.
|
|t:|1731871140
|move|p2a: Jirachi|Wish|p2a: Jirachi
|move|p1a: Milotic|Surf|p2a: Jirachi
|-damage|p2a: Jirachi|71/100
|
|-weather|Sandstorm|[upkeep]
|-damage|p1a: Milotic|58/100|[from] Sandstorm
|-heal|p2a: Jirachi|77/100|[from] item: Leftovers
|-heal|p1a: Milotic|64/100|[from] item: Leftovers
|upkeep
|turn|62
|
|t:|1731871150
|move|p2a: Jirachi|Toxic|p1a: Milotic
|-status|p1a: Milotic|tox
|move|p1a: Milotic|Surf|p2a: Jirachi
|-damage|p2a: Jirachi|49/100
|
|-heal|p2a: Jirachi|99/100|[from] move: Wish|[wisher] Jirachi
|-weather|Sandstorm|[upkeep]
|-damage|p1a: Milotic|58/100 tox|[from] Sandstorm
|-heal|p2a: Jirachi|100/100|[from] item: Leftovers
|-heal|p1a: Milotic|64/100 tox|[from] item: Leftovers
|-damage|p1a: Milotic|58/100 tox|[from] psn
|upkeep
|turn|63
|inactive|UDM31 has 150 seconds left.
|
|t:|1731871178
|switch|p2a: Blissey|Blissey, F|100/100
|-damage|p2a: Blissey|84/100|[from] Spikes
|move|p1a: Milotic|Refresh|p1a: Milotic
|-curestatus|p1a: Milotic|tox|[msg]
|
|-weather|Sandstorm|[upkeep]
|-damage|p1a: Milotic|52/100|[from] Sandstorm
|-damage|p2a: Blissey|78/100|[from] Sandstorm
|-heal|p1a: Milotic|58/100|[from] item: Leftovers
|-heal|p2a: Blissey|84/100|[from] item: Leftovers
|upkeep
|turn|64
|
|t:|1731871188
|switch|p1a: MashGPT|Metagross|86/100
|-damage|p1a: MashGPT|74/100|[from] Spikes
|move|p2a: Blissey|Thunderbolt|p1a: MashGPT
|-damage|p1a: MashGPT|47/100
|
|-weather|Sandstorm|[upkeep]
|-damage|p2a: Blissey|78/100|[from] Sandstorm
|-heal|p1a: MashGPT|53/100|[from] item: Leftovers
|-heal|p2a: Blissey|84/100|[from] item: Leftovers
|upkeep
|turn|65
|
|t:|1731871198
|switch|p2a: Jirachi|Jirachi|100/100
|-damage|p2a: Jirachi|84/100|[from] Spikes
|move|p1a: MashGPT|Meteor Mash|p2a: Jirachi
|-resisted|p2a: Jirachi
|-damage|p2a: Jirachi|70/100
|
|-weather|Sandstorm|[upkeep]
|-heal|p2a: Jirachi|77/100|[from] item: Leftovers
|-heal|p1a: MashGPT|59/100|[from] item: Leftovers
|upkeep
|turn|66
|inactive|UDM31 has 150 seconds left.
|
|t:|1731871244
|switch|p1a: Blissey|Blissey, F|75/100
|-damage|p1a: Blissey|62/100|[from] Spikes
|move|p2a: Jirachi|Fire Punch|p1a: Blissey
|-damage|p1a: Blissey|55/100
|
|-weather|Sandstorm|[upkeep]
|-damage|p1a: Blissey|49/100|[from] Sandstorm
|-heal|p2a: Jirachi|83/100|[from] item: Leftovers
|-heal|p1a: Blissey|55/100|[from] item: Leftovers
|upkeep
|turn|67
|inactive|UDM31 has 120 seconds left.
|
|t:|1731871264
|move|p2a: Jirachi|Wish|p2a: Jirachi
|move|p1a: Blissey|Soft-Boiled|p1a: Blissey
|-heal|p1a: Blissey|100/100
|
|-weather|Sandstorm|[upkeep]
|-damage|p1a: Blissey|94/100|[from] Sandstorm
|-heal|p2a: Jirachi|89/100|[from] item: Leftovers
|-heal|p1a: Blissey|100/100|[from] item: Leftovers
|upkeep
|turn|68
|
|t:|1731871270
|switch|p2a: Swampert|Swampert, M|57/100
|-damage|p2a: Swampert|40/100|[from] Spikes
|move|p1a: Blissey|Wish|p1a: Blissey
|
|-heal|p2a: Swampert|90/100|[from] move: Wish|[wisher] Jirachi
|-weather|Sandstorm|[upkeep]
|-damage|p1a: Blissey|94/100|[from] Sandstorm
|-heal|p1a: Blissey|100/100|[from] item: Leftovers
|-heal|p2a: Swampert|96/100|[from] item: Leftovers
|upkeep
|turn|69
|inactive|UDM31 has 120 seconds left.
|
|t:|1731871291
|switch|p1a: Skarmory|Skarmory, F|37/100 brn
|move|p2a: Swampert|Ice Beam|p1a: Skarmory
|-damage|p1a: Skarmory|18/100 brn
|
|-heal|p1a: Skarmory|68/100 brn|[from] move: Wish|[wisher] Blissey
|-weather|Sandstorm|[upkeep]
|-heal|p1a: Skarmory|74/100 brn|[from] item: Leftovers
|-damage|p1a: Skarmory|62/100 brn|[from] brn
|-heal|p2a: Swampert|100/100|[from] item: Leftovers
|upkeep
|turn|70
|inactive|UDM31 has 120 seconds left.
|
|t:|1731871298
|move|p1a: Skarmory|Spikes|p2a: Swampert
|-sidestart|p2: UDM31|Spikes
|move|p2a: Swampert|Ice Beam|p1a: Skarmory
|-damage|p1a: Skarmory|45/100 brn
|
|-weather|Sandstorm|[upkeep]
|-heal|p1a: Skarmory|51/100 brn|[from] item: Leftovers
|-damage|p1a: Skarmory|39/100 brn|[from] brn
|upkeep
|turn|71
|inactive|UDM31 has 120 seconds left.
|
|t:|1731871327
|switch|p1a: Milotic|Milotic, M|58/100
|-damage|p1a: Milotic|45/100|[from] Spikes
|move|p2a: Swampert|Ice Beam|p1a: Milotic
|-resisted|p1a: Milotic
|-damage|p1a: Milotic|39/100
|
|-weather|Sandstorm|[upkeep]
|-damage|p1a: Milotic|33/100|[from] Sandstorm
|-heal|p1a: Milotic|39/100|[from] item: Leftovers
|upkeep
|turn|72
|
|t:|1731871335
|move|p1a: Milotic|Recover|p1a: Milotic
|-heal|p1a: Milotic|89/100
|move|p2a: Swampert|Curse|p2a: Swampert
|-unboost|p2a: Swampert|spe|1
|-boost|p2a: Swampert|atk|1
|-boost|p2a: Swampert|def|1
|
|-weather|Sandstorm|[upkeep]
|-damage|p1a: Milotic|83/100|[from] Sandstorm
|-heal|p1a: Milotic|89/100|[from] item: Leftovers
|upkeep
|turn|73
|
|t:|1731871339
|move|p1a: Milotic|Toxic|p2a: Swampert
|-status|p2a: Swampert|tox
|move|p2a: Swampert|Earthquake|p1a: Milotic
|-damage|p1a: Milotic|46/100
|
|-weather|Sandstorm|[upkeep]
|-damage|p1a: Milotic|40/100|[from] Sandstorm
|-heal|p1a: Milotic|46/100|[from] item: Leftovers
|-damage|p2a: Swampert|94/100 tox|[from] psn
|upkeep
|turn|74
|inactive|UDM31 has 120 seconds left.
|c|☆jank_city.mp4|classy
|
|t:|1731871382
|move|p1a: Milotic|Recover|p1a: Milotic
|-heal|p1a: Milotic|96/100
|move|p2a: Swampert|Curse|p2a: Swampert
|-unboost|p2a: Swampert|spe|1
|-boost|p2a: Swampert|atk|1
|-boost|p2a: Swampert|def|1
|
|-weather|Sandstorm|[upkeep]
|-damage|p1a: Milotic|90/100|[from] Sandstorm
|-heal|p1a: Milotic|96/100|[from] item: Leftovers
|-heal|p2a: Swampert|100/100 tox|[from] item: Leftovers
|-damage|p2a: Swampert|88/100 tox|[from] psn
|upkeep
|turn|75
|inactive|UDM31 has 90 seconds left.
|
|t:|1731871413
|move|p1a: Milotic|Surf|p2a: Swampert
|-damage|p2a: Swampert|58/100 tox
|move|p2a: Swampert|Earthquake|p1a: Milotic
|-damage|p1a: Milotic|40/100
|
|-weather|Sandstorm|[upkeep]
|-damage|p1a: Milotic|34/100|[from] Sandstorm
|-heal|p1a: Milotic|40/100|[from] item: Leftovers
|-heal|p2a: Swampert|65/100 tox|[from] item: Leftovers
|-damage|p2a: Swampert|46/100 tox|[from] psn
|upkeep
|turn|76
|c|☆jank_city.mp4|really wishing i had aroma bliss rn
|
|t:|1731871420
|move|p1a: Milotic|Recover|p1a: Milotic
|-heal|p1a: Milotic|90/100
|move|p2a: Swampert|Rest|p2a: Swampert
|-status|p2a: Swampert|slp|[from] move: Rest
|-heal|p2a: Swampert|100/100 slp|[silent]
|
|-weather|Sandstorm|[upkeep]
|-damage|p1a: Milotic|84/100|[from] Sandstorm
|-heal|p1a: Milotic|90/100|[from] item: Leftovers
|upkeep
|turn|77
|
|t:|1731871437
|switch|p1a: Blissey|Blissey, F|100/100
|-damage|p1a: Blissey|88/100|[from] Spikes
|cant|p2a: Swampert|slp
|
|-weather|Sandstorm|[upkeep]
|-damage|p1a: Blissey|82/100|[from] Sandstorm
|-heal|p1a: Blissey|88/100|[from] item: Leftovers
|upkeep
|turn|78
|
|t:|1731871443
|move|p1a: Blissey|Wish|p1a: Blissey
|cant|p2a: Swampert|slp
|
|-weather|Sandstorm|[upkeep]
|-damage|p1a: Blissey|82/100|[from] Sandstorm
|-heal|p1a: Blissey|88/100|[from] item: Leftovers
|upkeep
|turn|79
|inactive|UDM31 has 90 seconds left.
|
|t:|1731871472
|switch|p1a: Skarmory|Skarmory, F|39/100 brn
|-curestatus|p2a: Swampert|slp|[msg]
|move|p2a: Swampert|Ice Beam|p1a: Skarmory
|-damage|p1a: Skarmory|20/100 brn
|
|-heal|p1a: Skarmory|70/100 brn|[from] move: Wish|[wisher] Blissey
|-weather|Sandstorm|[upkeep]
|-heal|p1a: Skarmory|76/100 brn|[from] item: Leftovers
|-damage|p1a: Skarmory|63/100 brn|[from] brn
|upkeep
|turn|80
|inactive|UDM31 has 90 seconds left.
|
|t:|1731871479
|move|p2a: Swampert|Ice Beam|p1a: Skarmory
|-damage|p1a: Skarmory|47/100 brn
|move|p1a: Skarmory|Roar|p2a: Swampert
|drag|p2a: Jirachi|Jirachi|89/100
|-damage|p2a: Jirachi|64/100|[from] Spikes
|
|-weather|Sandstorm|[upkeep]
|-heal|p2a: Jirachi|70/100|[from] item: Leftovers
|-heal|p1a: Skarmory|53/100 brn|[from] item: Leftovers
|-damage|p1a: Skarmory|41/100 brn|[from] brn
|upkeep
|turn|81
|inactive|UDM31 has 90 seconds left.
|
|t:|1731871514
|switch|p1a: Blissey|Blissey, F|88/100
|-damage|p1a: Blissey|76/100|[from] Spikes
|move|p2a: Jirachi|Protect||[still]
|-fail|p2a: Jirachi
|
|-weather|Sandstorm|[upkeep]
|-damage|p1a: Blissey|69/100|[from] Sandstorm
|-heal|p2a: Jirachi|77/100|[from] item: Leftovers
|-heal|p1a: Blissey|76/100|[from] item: Leftovers
|upkeep
|turn|82
|
|t:|1731871525
|move|p2a: Jirachi|Toxic|p1a: Blissey|[miss]
|-miss|p2a: Jirachi|p1a: Blissey
|move|p1a: Blissey|Seismic Toss|p2a: Jirachi
|-damage|p2a: Jirachi|52/100
|
|-weather|Sandstorm|[upkeep]
|-damage|p1a: Blissey|69/100|[from] Sandstorm
|-heal|p2a: Jirachi|58/100|[from] item: Leftovers
|-heal|p1a: Blissey|76/100|[from] item: Leftovers
|upkeep
|turn|83
|
|t:|1731871540
|move|p2a: Jirachi|Wish|p2a: Jirachi
|move|p1a: Blissey|Wish|p1a: Blissey
|
|-weather|Sandstorm|[upkeep]
|-damage|p1a: Blissey|69/100|[from] Sandstorm
|-heal|p2a: Jirachi|64/100|[from] item: Leftovers
|-heal|p1a: Blissey|76/100|[from] item: Leftovers
|upkeep
|turn|84
|
|t:|1731871559
|switch|p1a: Milotic|Milotic, M|90/100
|-damage|p1a: Milotic|77/100|[from] Spikes
|move|p2a: Jirachi|Fire Punch|p1a: Milotic
|-resisted|p1a: Milotic
|-damage|p1a: Milotic|71/100
|
|-heal|p2a: Jirachi|100/100|[from] move: Wish|[wisher] Jirachi
|-heal|p1a: Milotic|100/100|[from] move: Wish|[wisher] Blissey
|-weather|Sandstorm|[upkeep]
|-damage|p1a: Milotic|94/100|[from] Sandstorm
|-heal|p1a: Milotic|100/100|[from] item: Leftovers
|upkeep
|turn|85
|inactive|jank_city.mp4 has 270 seconds left.
|inactive|UDM31 has 60 seconds left.
|inactive|jank_city.mp4 has 240 seconds left.
|
|t:|1731871605
|switch|p2a: Blissey|Blissey, F|84/100
|-damage|p2a: Blissey|59/100|[from] Spikes
|switch|p1a: Dugtrio|Dugtrio, F|44/100
|-damage|p1a: Dugtrio|31/100|[from] Spikes
|
|-weather|Sandstorm|[upkeep]
|-damage|p2a: Blissey|53/100|[from] Sandstorm
|-heal|p2a: Blissey|59/100|[from] item: Leftovers
|upkeep
|turn|86
|inactive|jank_city.mp4 has 240 seconds left.
|inactive|UDM31 has 60 seconds left.
|inactive|jank_city.mp4 has 210 seconds left.
|inactive|jank_city.mp4 has 180 seconds left.
|
|t:|1731871692
|move|p1a: Dugtrio|Earthquake|p2a: Blissey
|-damage|p2a: Blissey|0 fnt
|faint|p2a: Blissey
|inactive|UDM31 has 60 seconds left.
|
|t:|1731871710
|switch|p2a: Salamence|Salamence, M|78/100
|-ability|p2a: Salamence|Intimidate|boost
|-unboost|p1a: Dugtrio|atk|1
|
|-weather|Sandstorm|[upkeep]
|-damage|p2a: Salamence|72/100|[from] Sandstorm
|-heal|p2a: Salamence|78/100|[from] item: Leftovers
|upkeep
|turn|87
|inactive|UDM31 has 30 seconds left.
|
|t:|1731871750
|switch|p1a: Milotic|Milotic, M|100/100
|-damage|p1a: Milotic|88/100|[from] Spikes
|move|p2a: Salamence|Hidden Power|p1a: Milotic
|-supereffective|p1a: Milotic
|-damage|p1a: Milotic|59/100
|
|-weather|Sandstorm|[upkeep]
|-damage|p2a: Salamence|72/100|[from] Sandstorm
|-damage|p1a: Milotic|53/100|[from] Sandstorm
|-heal|p2a: Salamence|78/100|[from] item: Leftovers
|-heal|p1a: Milotic|59/100|[from] item: Leftovers
|upkeep
|turn|88
|inactive|UDM31 has 30 seconds left.
|
|t:|1731871777
|move|p2a: Salamence|Hidden Power|p1a: Milotic
|-supereffective|p1a: Milotic
|-damage|p1a: Milotic|28/100
|move|p1a: Milotic|Recover|p1a: Milotic
|-heal|p1a: Milotic|78/100
|
|-weather|Sandstorm|[upkeep]
|-damage|p2a: Salamence|72/100|[from] Sandstorm
|-damage|p1a: Milotic|72/100|[from] Sandstorm
|-heal|p2a: Salamence|78/100|[from] item: Leftovers
|-heal|p1a: Milotic|78/100|[from] item: Leftovers
|upkeep
|turn|89
|inactive|UDM31 has 30 seconds left.
|inactive|UDM31 has 20 seconds left.
|inactive|UDM31 has 15 seconds left.
|
|t:|1731871800
|switch|p2a: Jirachi|Jirachi|100/100
|-damage|p2a: Jirachi|76/100|[from] Spikes
|move|p1a: Milotic|Toxic|p2a: Jirachi
|-immune|p2a: Jirachi
|
|-weather|Sandstorm|[upkeep]
|-damage|p1a: Milotic|72/100|[from] Sandstorm
|-heal|p2a: Jirachi|82/100|[from] item: Leftovers
|-heal|p1a: Milotic|78/100|[from] item: Leftovers
|upkeep
|turn|90
|inactive|UDM31 has 25 seconds left this turn.
|inactive|UDM31 has 20 seconds left.
|inactive|UDM31 has 15 seconds left.
|inactive|jank_city.mp4 has 150 seconds left.
|
|t:|1731871848
|move|p2a: Jirachi|Toxic|p1a: Milotic
|-status|p1a: Milotic|tox
|move|p1a: Milotic|Surf|p2a: Jirachi
|-damage|p2a: Jirachi|53/100
|
|-weather|Sandstorm|[upkeep]
|-damage|p1a: Milotic|72/100 tox|[from] Sandstorm
|-heal|p2a: Jirachi|59/100|[from] item: Leftovers
|-heal|p1a: Milotic|78/100 tox|[from] item: Leftovers
|-damage|p1a: Milotic|72/100 tox|[from] psn
|upkeep
|turn|91
|inactive|UDM31 has 25 seconds left this turn.
|
|t:|1731871852
|move|p2a: Jirachi|Wish|p2a: Jirachi
|move|p1a: Milotic|Refresh|p1a: Milotic
|-curestatus|p1a: Milotic|tox|[msg]
|
|-weather|Sandstorm|[upkeep]
|-damage|p1a: Milotic|66/100|[from] Sandstorm
|-heal|p2a: Jirachi|65/100|[from] item: Leftovers
|-heal|p1a: Milotic|72/100|[from] item: Leftovers
|upkeep
|turn|92
|inactive|UDM31 has 30 seconds left.
|inactive|UDM31 has 20 seconds left.
|inactive|UDM31 has 15 seconds left.
|inactive|UDM31 has 10 seconds left.
|
|t:|1731871878
|move|p2a: Jirachi|Fire Punch|p1a: Milotic
|-resisted|p1a: Milotic
|-damage|p1a: Milotic|66/100
|move|p1a: Milotic|Toxic|p2a: Jirachi
|-immune|p2a: Jirachi
|
|-heal|p2a: Jirachi|100/100|[from] move: Wish|[wisher] Jirachi
|-weather|Sandstorm|[upkeep]
|-damage|p1a: Milotic|60/100|[from] Sandstorm
|-heal|p1a: Milotic|66/100|[from] item: Leftovers
|upkeep
|turn|93
|inactive|UDM31 has 20 seconds left this turn.
|inactive|jank_city.mp4 has 150 seconds left.
|inactive|UDM31 has 15 seconds left.
|inactive|UDM31 has 10 seconds left.
|
|t:|1731871889
|move|p2a: Jirachi|Fire Punch|p1a: Milotic
|-resisted|p1a: Milotic
|-damage|p1a: Milotic|60/100
|move|p1a: Milotic|Surf|p2a: Jirachi
|-damage|p2a: Jirachi|73/100
|
|-weather|Sandstorm|[upkeep]
|-damage|p1a: Milotic|54/100|[from] Sandstorm
|-heal|p2a: Jirachi|79/100|[from] item: Leftovers
|-heal|p1a: Milotic|60/100|[from] item: Leftovers
|upkeep
|turn|94
|inactive|UDM31 has 20 seconds left this turn.
|inactive|UDM31 has 15 seconds left.
|
|t:|1731871895
|move|p2a: Jirachi|Fire Punch|p1a: Milotic
|-resisted|p1a: Milotic
|-damage|p1a: Milotic|54/100
|move|p1a: Milotic|Toxic|p2a: Jirachi|[miss]
|-miss|p1a: Milotic|p2a: Jirachi
|
|-weather|Sandstorm|[upkeep]
|-damage|p1a: Milotic|48/100|[from] Sandstorm
|-heal|p2a: Jirachi|85/100|[from] item: Leftovers
|-heal|p1a: Milotic|54/100|[from] item: Leftovers
|upkeep
|turn|95
|inactive|UDM31 has 25 seconds left this turn.
|inactive|UDM31 has 20 seconds left.
|
|t:|1731871905
|move|p2a: Jirachi|Fire Punch|p1a: Milotic
|-resisted|p1a: Milotic
|-damage|p1a: Milotic|48/100
|-status|p1a: Milotic|brn
|move|p1a: Milotic|Recover|p1a: Milotic
|-heal|p1a: Milotic|98/100 brn
|
|-weather|Sandstorm|[upkeep]
|-damage|p1a: Milotic|92/100 brn|[from] Sandstorm
|-heal|p2a: Jirachi|92/100|[from] item: Leftovers
|-heal|p1a: Milotic|98/100 brn|[from] item: Leftovers
|-damage|p1a: Milotic|86/100 brn|[from] brn
|upkeep
|turn|96
|inactive|UDM31 has 30 seconds left this turn.
|inactive|UDM31 has 20 seconds left.
|inactive|UDM31 has 15 seconds left.
|inactive|UDM31 has 10 seconds left.
|
|t:|1731871928
|move|p2a: Jirachi|Fire Punch|p1a: Milotic
|-resisted|p1a: Milotic
|-damage|p1a: Milotic|80/100 brn
|move|p1a: Milotic|Refresh|p1a: Milotic
|-curestatus|p1a: Milotic|brn|[msg]
|
|-weather|Sandstorm|[upkeep]
|-damage|p1a: Milotic|74/100|[from] Sandstorm
|-heal|p2a: Jirachi|98/100|[from] item: Leftovers
|-heal|p1a: Milotic|80/100|[from] item: Leftovers
|upkeep
|turn|97
|inactive|UDM31 has 20 seconds left this turn.
|inactive|UDM31 has 15 seconds left.
|inactive|UDM31 has 10 seconds left.
|
|t:|1731871939
|move|p2a: Jirachi|Toxic|p1a: Milotic
|-status|p1a: Milotic|tox
|move|p1a: Milotic|Surf|p2a: Jirachi
|-damage|p2a: Jirachi|67/100
|
|-weather|Sandstorm|[upkeep]
|-damage|p1a: Milotic|74/100 tox|[from] Sandstorm
|-heal|p2a: Jirachi|73/100|[from] item: Leftovers
|-heal|p1a: Milotic|80/100 tox|[from] item: Leftovers
|-damage|p1a: Milotic|74/100 tox|[from] psn
|upkeep
|turn|98
|inactive|UDM31 has 20 seconds left this turn.
|inactive|UDM31 has 15 seconds left.
|
|t:|1731871949
|switch|p2a: Swampert|Swampert, M|100/100
|-damage|p2a: Swampert|76/100|[from] Spikes
|move|p1a: Milotic|Refresh|p1a: Milotic
|-curestatus|p1a: Milotic|tox|[msg]
|
|-weather|Sandstorm|[upkeep]
|-damage|p1a: Milotic|68/100|[from] Sandstorm
|-heal|p1a: Milotic|74/100|[from] item: Leftovers
|-heal|p2a: Swampert|82/100|[from] item: Leftovers
|upkeep
|turn|99
|inactive|UDM31 has 25 seconds left this turn.
|inactive|UDM31 has 20 seconds left.
|
|t:|1731871956
|move|p1a: Milotic|Toxic|p2a: Swampert
|-status|p2a: Swampert|tox
|move|p2a: Swampert|Curse|p2a: Swampert
|-unboost|p2a: Swampert|spe|1
|-boost|p2a: Swampert|atk|1
|-boost|p2a: Swampert|def|1
|
|-weather|Sandstorm|[upkeep]
|-damage|p1a: Milotic|68/100|[from] Sandstorm
|-heal|p1a: Milotic|74/100|[from] item: Leftovers
|-heal|p2a: Swampert|88/100 tox|[from] item: Leftovers
|-damage|p2a: Swampert|82/100 tox|[from] psn
|upkeep
|turn|100
|inactive|UDM31 has 30 seconds left this turn.
|inactive|UDM31 has 20 seconds left.
|
|t:|1731871969
|move|p1a: Milotic|Surf|p2a: Swampert
|-damage|p2a: Swampert|53/100 tox
|move|p2a: Swampert|Curse|p2a: Swampert
|-unboost|p2a: Swampert|spe|1
|-boost|p2a: Swampert|atk|1
|-boost|p2a: Swampert|def|1
|
|-weather|Sandstorm|[upkeep]
|-damage|p1a: Milotic|68/100|[from] Sandstorm
|-heal|p1a: Milotic|74/100|[from] item: Leftovers
|-heal|p2a: Swampert|59/100 tox|[from] item: Leftovers
|-damage|p2a: Swampert|47/100 tox|[from] psn
|upkeep
|turn|101
|inactive|UDM31 has 30 seconds left this turn.
|
|t:|1731871982
|move|p1a: Milotic|Surf|p2a: Swampert
|-damage|p2a: Swampert|16/100 tox
|move|p2a: Swampert|Rest|p2a: Swampert
|-status|p2a: Swampert|slp|[from] move: Rest
|-heal|p2a: Swampert|100/100 slp|[silent]
|
|-weather|Sandstorm|[upkeep]
|-damage|p1a: Milotic|68/100|[from] Sandstorm
|-heal|p1a: Milotic|74/100|[from] item: Leftovers
|upkeep
|turn|102
|
|t:|1731871988
|switch|p1a: Blissey|Blissey, F|76/100
|-damage|p1a: Blissey|63/100|[from] Spikes
|cant|p2a: Swampert|slp
|
|-weather|Sandstorm|[upkeep]
|-damage|p1a: Blissey|57/100|[from] Sandstorm
|-heal|p1a: Blissey|63/100|[from] item: Leftovers
|upkeep
|turn|103
|inactive|UDM31 has 30 seconds left.
|inactive|UDM31 has 20 seconds left.
|inactive|UDM31 has 15 seconds left.
|inactive|UDM31 has 10 seconds left.
|
|t:|1731872024
|move|p1a: Blissey|Wish|p1a: Blissey
|cant|p2a: Swampert|slp
|
|-weather|Sandstorm|[upkeep]
|-damage|p1a: Blissey|57/100|[from] Sandstorm
|-heal|p1a: Blissey|63/100|[from] item: Leftovers
|upkeep
|turn|104
|inactive|UDM31 has 20 seconds left this turn.
|
|t:|1731872029
|switch|p1a: Skarmory|Skarmory, F|41/100 brn
|switch|p2a: Salamence|Salamence, M|78/100
|-ability|p2a: Salamence|Intimidate|boost
|-unboost|p1a: Skarmory|atk|1
|
|-heal|p1a: Skarmory|91/100 brn|[from] move: Wish|[wisher] Blissey
|-weather|Sandstorm|[upkeep]
|-damage|p2a: Salamence|72/100|[from] Sandstorm
|-heal|p2a: Salamence|78/100|[from] item: Leftovers
|-heal|p1a: Skarmory|97/100 brn|[from] item: Leftovers
|-damage|p1a: Skarmory|84/100 brn|[from] brn
|upkeep
|turn|105
|inactive|UDM31 has 30 seconds left this turn.
|inactive|UDM31 has 20 seconds left.
|inactive|UDM31 has 15 seconds left.
|inactive|UDM31 has 10 seconds left.
|inactive|jank_city.mp4 has 210 seconds left.
|inactive|jank_city.mp4 has 180 seconds left.
|
|t:|1731872110
|switch|p1a: MashGPT|Metagross|59/100
|-damage|p1a: MashGPT|46/100|[from] Spikes
|move|p2a: Salamence|Hidden Power|p1a: MashGPT
|-resisted|p1a: MashGPT
|-damage|p1a: MashGPT|36/100
|
|-weather|Sandstorm|[upkeep]
|-damage|p2a: Salamence|72/100|[from] Sandstorm
|-heal|p2a: Salamence|78/100|[from] item: Leftovers
|-heal|p1a: MashGPT|42/100|[from] item: Leftovers
|upkeep
|turn|106
|inactive|UDM31 has 20 seconds left this turn.
|inactive|UDM31 has 15 seconds left.
|inactive|UDM31 has 10 seconds left.
|inactive|UDM31 has 5 seconds left.
|
|t:|1731872127
|move|p1a: MashGPT|Protect|p1a: MashGPT
|-singleturn|p1a: MashGPT|Protect
|move|p2a: Salamence|Hidden Power|p1a: MashGPT
|-activate|p1a: MashGPT|Protect
|
|-weather|Sandstorm|[upkeep]
|-damage|p2a: Salamence|72/100|[from] Sandstorm
|-heal|p2a: Salamence|78/100|[from] item: Leftovers
|-heal|p1a: MashGPT|48/100|[from] item: Leftovers
|upkeep
|turn|107
|inactive|UDM31 has 15 seconds left this turn.
|inactive|UDM31 has 10 seconds left.
|inactive|UDM31 has 5 seconds left.
|
|t:|1731872145
|move|p2a: Salamence|Brick Break|p1a: MashGPT
|-damage|p1a: MashGPT|35/100
|move|p1a: MashGPT|Meteor Mash|p2a: Salamence|[miss]
|-miss|p1a: MashGPT|p2a: Salamence
|
|-weather|Sandstorm|[upkeep]
|-damage|p2a: Salamence|72/100|[from] Sandstorm
|-heal|p2a: Salamence|78/100|[from] item: Leftovers
|-heal|p1a: MashGPT|41/100|[from] item: Leftovers
|upkeep
|turn|108
|inactive|UDM31 has 15 seconds left this turn.
|inactive|UDM31 has 10 seconds left.
|
|t:|1731872157
|move|p1a: MashGPT|Protect|p1a: MashGPT
|-singleturn|p1a: MashGPT|Protect
|move|p2a: Salamence|Brick Break|p1a: MashGPT
|-activate|p1a: MashGPT|Protect
|
|-weather|Sandstorm|[upkeep]
|-damage|p2a: Salamence|72/100|[from] Sandstorm
|-heal|p2a: Salamence|78/100|[from] item: Leftovers
|-heal|p1a: MashGPT|47/100|[from] item: Leftovers
|upkeep
|turn|109
|inactive|UDM31 has 20 seconds left this turn.
|
|t:|1731872162
|move|p2a: Salamence|Fire Blast|p1a: MashGPT
|-supereffective|p1a: MashGPT
|-damage|p1a: MashGPT|0 fnt
|faint|p1a: MashGPT
|inactive|UDM31 has 25 seconds left this turn.
|
|t:|1731872174
|switch|p1a: Milotic|Milotic, M|74/100
|-damage|p1a: Milotic|62/100|[from] Spikes
|
|-weather|Sandstorm|[upkeep]
|-damage|p2a: Salamence|72/100|[from] Sandstorm
|-damage|p1a: Milotic|56/100|[from] Sandstorm
|-heal|p2a: Salamence|78/100|[from] item: Leftovers
|-heal|p1a: Milotic|62/100|[from] item: Leftovers
|upkeep
|turn|110
|inactive|UDM31 has 30 seconds left.
|inactive|UDM31 has 20 seconds left.
|inactive|UDM31 has 15 seconds left.
|inactive|UDM31 has 10 seconds left.
|
|t:|1731872202
|move|p2a: Salamence|Hidden Power|p1a: Milotic
|-supereffective|p1a: Milotic
|-damage|p1a: Milotic|28/100
|move|p1a: Milotic|Recover|p1a: Milotic
|-heal|p1a: Milotic|78/100
|
|-weather|Sandstorm|[upkeep]
|-damage|p2a: Salamence|72/100|[from] Sandstorm
|-damage|p1a: Milotic|72/100|[from] Sandstorm
|-heal|p2a: Salamence|78/100|[from] item: Leftovers
|-heal|p1a: Milotic|78/100|[from] item: Leftovers
|upkeep
|turn|111
|inactive|UDM31 has 20 seconds left this turn.
|inactive|UDM31 has 15 seconds left.
|inactive|jank_city.mp4 has 150 seconds left.
|inactive|UDM31 has 10 seconds left.
|inactive|UDM31 has 5 seconds left.
|
|t:|1731872236
|switch|p2a: Jirachi|Jirachi|73/100
|-damage|p2a: Jirachi|49/100|[from] Spikes
|move|p1a: Milotic|Surf|p2a: Jirachi
|-damage|p2a: Jirachi|18/100
|
|-weather|Sandstorm|[upkeep]
|-damage|p1a: Milotic|72/100|[from] Sandstorm
|-heal|p2a: Jirachi|24/100|[from] item: Leftovers
|-heal|p1a: Milotic|78/100|[from] item: Leftovers
|upkeep
|turn|112
|inactive|UDM31 has 15 seconds left this turn.
|inactive|jank_city.mp4 has 150 seconds left.
|inactive|UDM31 has 10 seconds left.
|inactive|UDM31 has 5 seconds left.
|
|t:|1731872246
|move|p2a: Jirachi|Protect|p2a: Jirachi
|-singleturn|p2a: Jirachi|Protect
|move|p1a: Milotic|Surf|p2a: Jirachi
|-activate|p2a: Jirachi|Protect
|
|-weather|Sandstorm|[upkeep]
|-damage|p1a: Milotic|72/100|[from] Sandstorm
|-heal|p2a: Jirachi|31/100|[from] item: Leftovers
|-heal|p1a: Milotic|78/100|[from] item: Leftovers
|upkeep
|turn|113
|inactive|UDM31 has 15 seconds left this turn.
|inactive|UDM31 has 10 seconds left.
|
|t:|1731872253
|move|p2a: Jirachi|Wish|p2a: Jirachi
|move|p1a: Milotic|Surf|p2a: Jirachi
|-crit|p2a: Jirachi
|-damage|p2a: Jirachi|0 fnt
|faint|p2a: Jirachi
|inactive|UDM31 has 15 seconds left this turn.
|inactive|UDM31 has 10 seconds left.
|inactive|UDM31 has 5 seconds left.
|
|t:|1731872265
|switch|p2a: Swampert|Swampert, M|100/100 slp
|-damage|p2a: Swampert|76/100 slp|[from] Spikes
|
|-weather|Sandstorm|[upkeep]
|-damage|p1a: Milotic|72/100|[from] Sandstorm
|-heal|p1a: Milotic|78/100|[from] item: Leftovers
|-heal|p2a: Swampert|82/100 slp|[from] item: Leftovers
|upkeep
|turn|114
|inactive|UDM31 has 15 seconds left this turn.
|inactive|UDM31 has 10 seconds left.
|
|t:|1731872274
|move|p1a: Milotic|Surf|p2a: Swampert
|-damage|p2a: Swampert|51/100 slp
|-curestatus|p2a: Swampert|slp|[msg]
|move|p2a: Swampert|Curse|p2a: Swampert
|-unboost|p2a: Swampert|spe|1
|-boost|p2a: Swampert|atk|1
|-boost|p2a: Swampert|def|1
|
|-heal|p2a: Swampert|100/100|[from] move: Wish|[wisher] Jirachi
|-weather|Sandstorm|[upkeep]
|-damage|p1a: Milotic|72/100|[from] Sandstorm
|-heal|p1a: Milotic|78/100|[from] item: Leftovers
|upkeep
|turn|115
|inactive|UDM31 has 20 seconds left this turn.
|inactive|UDM31 has 15 seconds left.
|inactive|UDM31 has 10 seconds left.
|
|t:|1731872285
|move|p1a: Milotic|Toxic|p2a: Swampert|[miss]
|-miss|p1a: Milotic|p2a: Swampert
|move|p2a: Swampert|Earthquake|p1a: Milotic
|-damage|p1a: Milotic|34/100
|
|-weather|Sandstorm|[upkeep]
|-damage|p1a: Milotic|28/100|[from] Sandstorm
|-heal|p1a: Milotic|34/100|[from] item: Leftovers
|upkeep
|turn|116
|inactive|UDM31 has 20 seconds left this turn.
|inactive|UDM31 has 15 seconds left.
|inactive|UDM31 has 10 seconds left.
|
|t:|1731872300
|move|p1a: Milotic|Toxic|p2a: Swampert
|-status|p2a: Swampert|tox
|move|p2a: Swampert|Earthquake|p1a: Milotic
|-damage|p1a: Milotic|0 fnt
|faint|p1a: Milotic
|inactive|UDM31 has 15 seconds left this turn.
|inactive|jank_city.mp4 has 150 seconds left.
|
|t:|1731872339
|switch|p1a: Blissey|Blissey, F|63/100
|-damage|p1a: Blissey|51/100|[from] Spikes
|
|-weather|Sandstorm|[upkeep]
|-damage|p1a: Blissey|45/100|[from] Sandstorm
|-heal|p1a: Blissey|51/100|[from] item: Leftovers
|-damage|p2a: Swampert|94/100 tox|[from] psn
|upkeep
|turn|117
|inactive|UDM31 has 25 seconds left this turn.
|inactive|UDM31 has 20 seconds left.
|inactive|UDM31 has 15 seconds left.
|
|t:|1731872351
|move|p1a: Blissey|Soft-Boiled|p1a: Blissey
|-heal|p1a: Blissey|100/100
|move|p2a: Swampert|Earthquake|p1a: Blissey
|-damage|p1a: Blissey|46/100
|
|-weather|Sandstorm|[upkeep]
|-damage|p1a: Blissey|40/100|[from] Sandstorm
|-heal|p1a: Blissey|46/100|[from] item: Leftovers
|-heal|p2a: Swampert|100/100 tox|[from] item: Leftovers
|-damage|p2a: Swampert|88/100 tox|[from] psn
|upkeep
|turn|118
|inactive|UDM31 has 25 seconds left this turn.
|inactive|UDM31 has 20 seconds left.
|inactive|jank_city.mp4 has 150 seconds left.
|inactive|UDM31 has 15 seconds left.
|inactive|UDM31 has 10 seconds left.
|
|t:|1731872369
|move|p1a: Blissey|Soft-Boiled|p1a: Blissey
|-heal|p1a: Blissey|96/100
|move|p2a: Swampert|Curse|p2a: Swampert
|-unboost|p2a: Swampert|spe|1
|-boost|p2a: Swampert|atk|1
|-boost|p2a: Swampert|def|1
|
|-weather|Sandstorm|[upkeep]
|-damage|p1a: Blissey|90/100|[from] Sandstorm
|-heal|p1a: Blissey|96/100|[from] item: Leftovers
|-heal|p2a: Swampert|94/100 tox|[from] item: Leftovers
|-damage|p2a: Swampert|76/100 tox|[from] psn
|upkeep
|turn|119
|inactive|UDM31 has 20 seconds left this turn.
|
|t:|1731872374
|switch|p1a: Skarmory|Skarmory, F|84/100 brn
|move|p2a: Swampert|Rest|p2a: Swampert
|-status|p2a: Swampert|slp|[from] move: Rest
|-heal|p2a: Swampert|100/100 slp|[silent]
|
|-weather|Sandstorm|[upkeep]
|-heal|p1a: Skarmory|90/100 brn|[from] item: Leftovers
|-damage|p1a: Skarmory|78/100 brn|[from] brn
|upkeep
|turn|120
|inactive|UDM31 has 30 seconds left this turn.
|
|t:|1731872384
|cant|p2a: Swampert|slp
|move|p1a: Skarmory|Roar|p2a: Swampert
|drag|p2a: Salamence|Salamence, M|78/100
|-ability|p2a: Salamence|Intimidate|boost
|-unboost|p1a: Skarmory|atk|1
|
|-weather|Sandstorm|[upkeep]
|-damage|p2a: Salamence|72/100|[from] Sandstorm
|-heal|p2a: Salamence|78/100|[from] item: Leftovers
|-heal|p1a: Skarmory|84/100 brn|[from] item: Leftovers
|-damage|p1a: Skarmory|72/100 brn|[from] brn
|upkeep
|turn|121
|inactive|UDM31 has 30 seconds left.
|
|t:|1731872397
|switch|p1a: Blissey|Blissey, F|96/100
|-damage|p1a: Blissey|84/100|[from] Spikes
|move|p2a: Salamence|Fire Blast|p1a: Blissey
|-crit|p1a: Blissey
|-damage|p1a: Blissey|54/100
|-status|p1a: Blissey|brn
|
|-weather|Sandstorm|[upkeep]
|-damage|p2a: Salamence|72/100|[from] Sandstorm
|-damage|p1a: Blissey|48/100 brn|[from] Sandstorm
|-heal|p2a: Salamence|78/100|[from] item: Leftovers
|-heal|p1a: Blissey|54/100 brn|[from] item: Leftovers
|-damage|p1a: Blissey|41/100 brn|[from] brn
|upkeep
|turn|122
|inactive|UDM31 has 30 seconds left.
|c|☆UDM31|mb
|inactive|jank_city.mp4 has 150 seconds left.
|inactive|jank_city.mp4 has 120 seconds left.
|
|t:|1731872472
|-curestatus|p1a: Blissey|brn|[from] ability: Natural Cure
|switch|p1a: Skarmory|Skarmory, F|72/100 brn
|move|p2a: Salamence|Brick Break|p1a: Skarmory
|-damage|p1a: Skarmory|55/100 brn
|
|-weather|Sandstorm|[upkeep]
|-damage|p2a: Salamence|72/100|[from] Sandstorm
|-heal|p2a: Salamence|78/100|[from] item: Leftovers
|-heal|p1a: Skarmory|61/100 brn|[from] item: Leftovers
|-damage|p1a: Skarmory|49/100 brn|[from] brn
|upkeep
|turn|123
|c|☆jank_city.mp4|miss fblast rn.
|inactive|jank_city.mp4 has 90 seconds left.
|
|t:|1731872496
|move|p2a: Salamence|Fire Blast|p1a: Skarmory
|-supereffective|p1a: Skarmory
|-damage|p1a: Skarmory|0 fnt
|faint|p1a: Skarmory
|inactive|jank_city.mp4 has 90 seconds left.
|c|☆UDM31|nah sorry
|c|☆jank_city.mp4|god damn it
|
|t:|1731872527
|switch|p1a: Dugtrio|Dugtrio, F|31/100
|-damage|p1a: Dugtrio|19/100|[from] Spikes
|
|-weather|Sandstorm|[upkeep]
|-damage|p2a: Salamence|72/100|[from] Sandstorm
|-heal|p2a: Salamence|78/100|[from] item: Leftovers
|upkeep
|turn|124
|
|t:|1731872537
|move|p1a: Dugtrio|Aerial Ace|p2a: Salamence
|-damage|p2a: Salamence|50/100
|move|p2a: Salamence|Hidden Power|p1a: Dugtrio
|-supereffective|p1a: Dugtrio
|-damage|p1a: Dugtrio|0 fnt
|faint|p1a: Dugtrio
|
|t:|1731872540
|switch|p1a: Blissey|Blissey, F|41/100
|-damage|p1a: Blissey|29/100|[from] Spikes
|
|-weather|Sandstorm|[upkeep]
|-damage|p2a: Salamence|44/100|[from] Sandstorm
|-damage|p1a: Blissey|23/100|[from] Sandstorm
|-heal|p2a: Salamence|50/100|[from] item: Leftovers
|-heal|p1a: Blissey|29/100|[from] item: Leftovers
|upkeep
|turn|125
|
|t:|1731872550
|move|p2a: Salamence|Brick Break|p1a: Blissey
|-supereffective|p1a: Blissey
|-damage|p1a: Blissey|0 fnt
|faint|p1a: Blissey
|
|win|UDM31
|c|☆jank_city.mp4|gg
|c|☆UDM31|gg sorry for the luck
|c|☆jank_city.mp4|it's ok
|c|☆UDM31|I just expected you to not give me meta's boom
|c|☆UDM31|given that pert lastmon is hard to deal with otherwise
|player|p1|

</script>
<script type="application/json" class="data" id="replaydata-smogtours-gen3ou-806807">
{"id":"smogtours-gen3ou-806807","format":"[Gen 3] OU","players":["jank_city.mp4","UDM31"],"uploadtime":1731872550,"views":14,"formatid":"gen3ou","rating":null,"private":1,"password":null}
</script>

<script defer src="js/replays.js?9d40a366"></script>
