<!DOCTYPE html>
<meta charset="utf-8" />
<meta name="viewport" content="width=device-width" />

<title>[Gen 3] OU: DanteADV vs. Zacynthius - Replays - Pok&eacute;mon Showdown!</title>

<meta name="description" content="Watch a replay of a Pok&eacute;mon battle between DanteADV and Zacynthius! Format: [Gen 3] OU; Date: Oct 6, 2024" />
<!--

Hey, you! Looking in the source for the replay log?

You can find them in JSON format, just add `.json` at the end of a replay URL.

https://replay.pokemonshowdown.com/gen7randomdoublesbattle-865046831.json

Or, if you only need the log itself, add `.log` instead:

https://replay.pokemonshowdown.com/gen7randomdoublesbattle-865046831.log

-->

<link rel="stylesheet" href="//pokemonshowdown.com/style/global.css?0.767286132409787" />
<link rel="stylesheet" href="//play.pokemonshowdown.com/style/font-awesome.css?0.9266228007934947" />
<link rel="stylesheet" href="//play.pokemonshowdown.com/style/battle.css?0.7924700842790926" />
<link rel="stylesheet" href="//play.pokemonshowdown.com/style/utilichart.css?0.8777417872839479" />

<!-- Global site tag (gtag.js) - Google Analytics -->
<script async src="https://www.googletagmanager.com/gtag/js?id=UA-26211653-1"></script>
<script>
  window.dataLayer = window.dataLayer || [];
  function gtag(){dataLayer.push(arguments);}
  gtag('js', new Date());

  gtag('config', 'UA-26211653-1');
</script>
<!-- End Google Analytics -->
<!-- Venatus Ad Manager - Install in <HEAD> of page -->
	<script src="https://hb.vntsm.com/v3/live/ad-manager.min.js" type="text/javascript" data-site-id="642aba63ec9a7b11c3c9c1be" data-mode="scan" async></script>
<!-- / Venatus Ad Manager -->

<style>
	@media (max-width:820px) {
		.battle {
			margin: 0 auto;
		}
		.battle-log {
			margin: 7px auto 0;
			max-width: 640px;
			height: 300px;
			position: static;
		}
	}
	.optgroup {
		display: inline-block;
		line-height: 22px;
		font-size: 10pt;
	}
	.optgroup .button {
		height: 25px;
		padding-top: 0;
		padding-bottom: 0;
	}
	.optgroup button.button {
		padding-left: 12px;
		padding-right: 12px;
	}
	.linklist {
		list-style: none;
		margin: 0.5em 0;
		padding: 0;
	}
	.linklist li {
		padding: 2px 0;
	}
	.sidebar {
		float: left;
		width: 320px;
	}
	.bar-wrapper {
		max-width: 1100px;
		margin: 0 auto;
	}
	.bar-wrapper.has-sidebar {
		max-width: 1430px;
	}
	.mainbar {
		margin: 0;
		padding-right: 1px;
	}
	.mainbar.has-sidebar {
		margin-left: 330px;
	}
	@media (min-width: 1511px) {
		.sidebar {
			width: 400px;
		}
		.bar-wrapper.has-sidebar {
			max-width: 1510px;
		}
		.mainbar.has-sidebar {
			margin-left: 410px;
		}
	}
	.section.first-section {
		margin-top: 9px;
	}
	.blocklink small {
		white-space: normal;
	}
	.button {
		vertical-align: middle;
	}
	.replay-controls {
		padding-top: 10px;
	}
	.replay-controls h1 {
		font-size: 16pt;
		font-weight: normal;
		color: #CCC;
	}
	.pagelink {
		text-align: center;
	}
	.pagelink a {
		width: 150px;
	}
	.textbox, .button {
		font-size: 11pt;
		vertical-align: middle;
	}
	@media (max-width: 450px) {
		.button {
			font-size: 9pt;
		}
	}
</style>

<div>

	<header>
		<div class="nav-wrapper"><ul class="nav">
			<li><a class="button nav-first" href="//pokemonshowdown.com/"><img src="//pokemonshowdown.com/images/pokemonshowdownbeta.png" srcset="//pokemonshowdown.com/images/pokemonshowdownbeta.png 1x, //pokemonshowdown.com/images/pokemonshowdownbeta@2x.png 2x" alt="Pok&eacute;mon Showdown" width="146" height="44" /> Home</a></li>
			<li><a class="button" href="//pokemonshowdown.com/dex/">Pok&eacute;dex</a></li>
			<li><a class="button cur" href="/">Replays</a></li>
			<li><a class="button" href="//pokemonshowdown.com/ladder/">Ladder</a></li>
			<li><a class="button nav-last" href="//pokemonshowdown.com/forums/">Forum</a></li>
			<li><a class="button greenbutton nav-first nav-last" href="//play.pokemonshowdown.com/">Play</a></li>
		</ul></div>
	</header>

	<div class="main" id="main">

		<noscript><section class="section">You need to enable JavaScript to use this page; sorry!</section></noscript>

	</div>

</div>

<script defer nomodule src="//play.pokemonshowdown.com/js/lib/ps-polyfill.js"></script>
<script defer src="//play.pokemonshowdown.com/js/lib/preact.min.js"></script>

<script defer src="//play.pokemonshowdown.com/config/config.js?6dec07f6"></script>
<script defer src="//play.pokemonshowdown.com/js/lib/jquery-1.11.0.min.js"></script>
<script defer src="//play.pokemonshowdown.com/js/lib/html-sanitizer-minified.js"></script>
<script defer src="//play.pokemonshowdown.com/js/battle-sound.js"></script>
<script defer src="//play.pokemonshowdown.com/js/battledata.js?0.6315294753075389"></script>
<script defer src="//play.pokemonshowdown.com/data/pokedex-mini.js?0.7603743185311358"></script>
<script defer src="//play.pokemonshowdown.com/data/pokedex-mini-bw.js?0.030888842834281283"></script>
<script defer src="//play.pokemonshowdown.com/data/graphics.js?0.05593094747507488"></script>
<script defer src="//play.pokemonshowdown.com/data/pokedex.js?0.47064822249611904"></script>
<script defer src="//play.pokemonshowdown.com/data/moves.js?0.8583693120512459"></script>
<script defer src="//play.pokemonshowdown.com/data/abilities.js?0.16017181182386842"></script>
<script defer src="//play.pokemonshowdown.com/data/items.js?0.4163379185673943"></script>
<script defer src="//play.pokemonshowdown.com/data/teambuilder-tables.js?0.31075597372830477"></script>
<script defer src="//play.pokemonshowdown.com/js/battle-tooltips.js?0.6536193500708172"></script>
<script defer src="//play.pokemonshowdown.com/js/battle.js?0.1916591943277901"></script>

<script defer src="js/utils.js?e31f9a17"></script>
<script defer src="js/replays-battle.js?7008c182"></script>

<!-- don't scrape this data! just add .json or .log after the URL!
Full API docs: https://github.com/smogon/pokemon-showdown-client/blob/master/WEB-API.md -->
<script type="text/plain" class="log" id="replaylog-smogtours-gen3ou-795658">
|inactive|Battle timer is ON: inactive players will automatically lose when time's up.
|t:|1728231941
|gametype|singles
|player|p1|DanteADV|101|
|player|p2|Zacynthius|170|
|teamsize|p1|6
|teamsize|p2|6
|gen|3
|tier|[Gen 3] OU
|rule|Sleep Clause Mod: Limit one foe put to sleep
|rule|Switch Priority Clause Mod: Faster Pokémon switch first
|rule|Species Clause: Limit one of each Pokémon
|rule|OHKO Clause: OHKO moves are banned
|rule|Evasion Items Clause: Evasion items are banned
|rule|Evasion Moves Clause: Evasion moves are banned
|rule|Endless Battle Clause: Forcing endless battles is banned
|rule|HP Percentage Mod: HP is shown in percentages
|rule|One Boost Passer Clause: Limit one Baton Passer that has a way to boost its stats
|rule|Freeze Clause Mod: Limit one foe frozen
|
|t:|1728231941
|start
|switch|p1a: Skarmory|Skarmory, M|100/100
|switch|p2a: Salamence|Salamence, M|100/100
|-ability|p2a: Salamence|Intimidate|boost
|-unboost|p1a: Skarmory|atk|1
|turn|1
|
|t:|1728231953
|move|p2a: Salamence|Fire Blast|p1a: Skarmory
|-supereffective|p1a: Skarmory
|-damage|p1a: Skarmory|39/100
|move|p1a: Skarmory|Spikes|p2a: Salamence
|-sidestart|p2: Zacynthius|Spikes
|
|-heal|p1a: Skarmory|45/100|[from] item: Leftovers
|upkeep
|turn|2
|
|t:|1728231963
|move|p1a: Skarmory|Protect|p1a: Skarmory
|-singleturn|p1a: Skarmory|Protect
|move|p2a: Salamence|Fire Blast|p1a: Skarmory
|-activate|p1a: Skarmory|Protect
|
|-heal|p1a: Skarmory|51/100|[from] item: Leftovers
|upkeep
|turn|3
|
|t:|1728231982
|switch|p1a: Zapdos|Zapdos|100/100
|move|p2a: Salamence|Fire Blast|p1a: Zapdos
|-damage|p1a: Zapdos|78/100
|
|-heal|p1a: Zapdos|84/100|[from] item: Leftovers
|upkeep
|turn|4
|
|t:|1728231995
|switch|p2a: Swampert|Swampert, F|100/100
|-damage|p2a: Swampert|88/100|[from] Spikes
|switch|p1a: Skarmory|Skarmory, M|51/100
|
|-heal|p1a: Skarmory|57/100|[from] item: Leftovers
|-heal|p2a: Swampert|94/100|[from] item: Leftovers
|upkeep
|turn|5
|inactive|DanteADV has 270 seconds left.
|
|t:|1728232026
|move|p1a: Skarmory|Toxic|p2a: Swampert|[miss]
|-miss|p1a: Skarmory|p2a: Swampert
|move|p2a: Swampert|Surf|p1a: Skarmory
|-damage|p1a: Skarmory|25/100
|
|-heal|p1a: Skarmory|31/100|[from] item: Leftovers
|-heal|p2a: Swampert|100/100|[from] item: Leftovers
|upkeep
|turn|6
|inactive|DanteADV has 270 seconds left.
|
|t:|1728232035
|switch|p2a: Celebi|Celebi|100/100
|-damage|p2a: Celebi|88/100|[from] Spikes
|move|p1a: Skarmory|Protect||[still]
|-fail|p1a: Skarmory
|
|-heal|p2a: Celebi|94/100|[from] item: Leftovers
|-heal|p1a: Skarmory|37/100|[from] item: Leftovers
|upkeep
|turn|7
|inactive|DanteADV has 270 seconds left.
|
|t:|1728232056
|switch|p1a: Aerodactyl|Aerodactyl, M|100/100
|move|p2a: Celebi|Calm Mind|p2a: Celebi
|-boost|p2a: Celebi|spa|1
|-boost|p2a: Celebi|spd|1
|
|-heal|p2a: Celebi|100/100|[from] item: Leftovers
|upkeep
|turn|8
|
|t:|1728232065
|move|p1a: Aerodactyl|Hidden Power|p2a: Celebi
|-supereffective|p2a: Celebi
|-damage|p2a: Celebi|0 fnt
|faint|p2a: Celebi
|
|t:|1728232079
|switch|p2a: Swampert|Swampert, F|100/100
|-damage|p2a: Swampert|88/100|[from] Spikes
|
|-heal|p2a: Swampert|94/100|[from] item: Leftovers
|upkeep
|turn|9
|inactive|DanteADV has 270 seconds left.
|
|t:|1728232101
|switch|p1a: Venusaur|Venusaur, F|100/100
|move|p2a: Swampert|Surf|p1a: Venusaur
|-resisted|p1a: Venusaur
|-damage|p1a: Venusaur|82/100
|
|-heal|p1a: Venusaur|88/100|[from] item: Leftovers
|-heal|p2a: Swampert|100/100|[from] item: Leftovers
|upkeep
|turn|10
|
|t:|1728232113
|switch|p2a: Salamence|Salamence, M|100/100
|-ability|p2a: Salamence|Intimidate|boost
|-unboost|p1a: Venusaur|atk|1
|move|p1a: Venusaur|Sleep Powder|p2a: Salamence
|-status|p2a: Salamence|slp|[from] move: Sleep Powder
|
|-heal|p1a: Venusaur|94/100|[from] item: Leftovers
|upkeep
|turn|11
|inactive|DanteADV has 270 seconds left.
|
|t:|1728232149
|switch|p2a: Dugtrio|Dugtrio, M|100/100
|-damage|p2a: Dugtrio|88/100|[from] Spikes
|switch|p1a: Skarmory|Skarmory, M|37/100
|
|-heal|p1a: Skarmory|43/100|[from] item: Leftovers
|upkeep
|turn|12
|
|t:|1728232161
|switch|p2a: Salamence|Salamence, M|100/100 slp
|-ability|p2a: Salamence|Intimidate|boost
|-unboost|p1a: Skarmory|atk|1
|move|p1a: Skarmory|Spikes|p2a: Salamence
|-sidestart|p2: Zacynthius|Spikes
|
|-heal|p1a: Skarmory|49/100|[from] item: Leftovers
|upkeep
|turn|13
|
|t:|1728232168
|cant|p2a: Salamence|slp
|move|p1a: Skarmory|Spikes|p2a: Salamence
|-sidestart|p2: Zacynthius|Spikes
|
|-heal|p1a: Skarmory|55/100|[from] item: Leftovers
|upkeep
|turn|14
|
|t:|1728232178
|switch|p1a: Zapdos|Zapdos|84/100
|cant|p2a: Salamence|slp
|
|-heal|p1a: Zapdos|90/100|[from] item: Leftovers
|upkeep
|turn|15
|
|t:|1728232188
|switch|p2a: Swampert|Swampert, F|100/100
|-damage|p2a: Swampert|76/100|[from] Spikes
|move|p1a: Zapdos|Thunderbolt|p2a: Swampert
|-immune|p2a: Swampert
|
|-heal|p1a: Zapdos|96/100|[from] item: Leftovers
|-heal|p2a: Swampert|82/100|[from] item: Leftovers
|upkeep
|turn|16
|
|t:|1728232195
|move|p2a: Swampert|Ice Beam|p1a: Zapdos
|-supereffective|p1a: Zapdos
|-damage|p1a: Zapdos|63/100
|move|p1a: Zapdos|Roar|p2a: Swampert
|drag|p2a: Zapdos|Zapdos|100/100
|
|-heal|p1a: Zapdos|69/100|[from] item: Leftovers
|upkeep
|turn|17
|inactive|DanteADV has 270 seconds left.
|
|t:|1728232205
|switch|p1a: Venusaur|Venusaur, F|94/100
|move|p2a: Zapdos|Substitute|p2a: Zapdos
|-start|p2a: Zapdos|Substitute
|-damage|p2a: Zapdos|76/100
|
|-heal|p2a: Zapdos|82/100|[from] item: Leftovers
|-heal|p1a: Venusaur|99/100|[from] item: Leftovers
|upkeep
|turn|18
|inactive|DanteADV has 270 seconds left.
|
|t:|1728232218
|move|p2a: Zapdos|Baton Pass|p2a: Zapdos
|
|t:|1728232227
|switch|p2a: Dugtrio|Dugtrio, M|88/100|[from] Baton Pass
|-damage|p2a: Dugtrio|63/100|[from] Spikes
|move|p1a: Venusaur|Hidden Power|p2a: Dugtrio
|-activate|p2a: Dugtrio|Substitute|[damage]
|
|-heal|p1a: Venusaur|100/100|[from] item: Leftovers
|upkeep
|turn|19
|
|t:|1728232235
|move|p2a: Dugtrio|Earthquake|p1a: Venusaur
|-damage|p1a: Venusaur|39/100
|move|p1a: Venusaur|Giga Drain|p2a: Dugtrio
|-supereffective|p2a: Dugtrio
|-end|p2a: Dugtrio|Substitute
|-heal|p1a: Venusaur|43/100|[from] drain|[of] p2a: Dugtrio
|
|-heal|p1a: Venusaur|49/100|[from] item: Leftovers
|upkeep
|turn|20
|
|t:|1728232244
|move|p2a: Dugtrio|Earthquake|p1a: Venusaur
|-damage|p1a: Venusaur|0 fnt
|faint|p1a: Venusaur
|
|t:|1728232253
|switch|p1a: Aerodactyl|Aerodactyl, M|100/100
|
|upkeep
|turn|21
|
|t:|1728232263
|switch|p2a: Salamence|Salamence, M|100/100 slp
|-ability|p2a: Salamence|Intimidate|boost
|-unboost|p1a: Aerodactyl|atk|1
|move|p1a: Aerodactyl|Earthquake|p2a: Salamence
|-immune|p2a: Salamence
|
|upkeep
|turn|22
|
|t:|1728232272
|switch|p1a: Zapdos|Zapdos|69/100
|cant|p2a: Salamence|slp
|
|-heal|p1a: Zapdos|75/100|[from] item: Leftovers
|upkeep
|turn|23
|
|t:|1728232281
|switch|p2a: Swampert|Swampert, F|82/100
|-damage|p2a: Swampert|57/100|[from] Spikes
|move|p1a: Zapdos|Roar|p2a: Swampert
|drag|p2a: Salamence|Salamence, M|100/100 slp
|-ability|p2a: Salamence|Intimidate|boost
|-unboost|p1a: Zapdos|atk|1
|
|-heal|p1a: Zapdos|81/100|[from] item: Leftovers
|upkeep
|turn|24
|
|t:|1728232289
|-curestatus|p2a: Salamence|slp|[msg]
|move|p2a: Salamence|Dragon Claw|p1a: Zapdos
|-damage|p1a: Zapdos|59/100
|move|p1a: Zapdos|Thunderbolt|p2a: Salamence
|-damage|p2a: Salamence|43/100
|
|-heal|p1a: Zapdos|65/100|[from] item: Leftovers
|upkeep
|turn|25
|
|t:|1728232302
|switch|p2a: Dugtrio|Dugtrio, M|63/100
|-damage|p2a: Dugtrio|38/100|[from] Spikes
|move|p1a: Zapdos|Thunderbolt|p2a: Dugtrio
|-immune|p2a: Dugtrio
|
|-heal|p1a: Zapdos|71/100|[from] item: Leftovers
|upkeep
|turn|26
|
|t:|1728232309
|switch|p1a: Skarmory|Skarmory, M|55/100
|move|p2a: Dugtrio|Ancient Power|p1a: Skarmory
|-damage|p1a: Skarmory|39/100
|
|-heal|p1a: Skarmory|45/100|[from] item: Leftovers
|upkeep
|turn|27
|
|t:|1728232320
|move|p2a: Dugtrio|Ancient Power|p1a: Skarmory
|-damage|p1a: Skarmory|30/100
|move|p1a: Skarmory|Toxic|p2a: Dugtrio|[miss]
|-miss|p1a: Skarmory|p2a: Dugtrio
|
|-heal|p1a: Skarmory|36/100|[from] item: Leftovers
|upkeep
|turn|28
|
|t:|1728232326
|move|p1a: Skarmory|Protect|p1a: Skarmory
|-singleturn|p1a: Skarmory|Protect
|move|p2a: Dugtrio|Ancient Power|p1a: Skarmory
|-activate|p1a: Skarmory|Protect
|
|-heal|p1a: Skarmory|42/100|[from] item: Leftovers
|upkeep
|turn|29
|
|t:|1728232332
|move|p2a: Dugtrio|Ancient Power|p1a: Skarmory
|-damage|p1a: Skarmory|26/100
|move|p1a: Skarmory|Toxic|p2a: Dugtrio
|-status|p2a: Dugtrio|tox
|
|-damage|p2a: Dugtrio|32/100 tox|[from] psn
|-heal|p1a: Skarmory|32/100|[from] item: Leftovers
|upkeep
|turn|30
|
|t:|1728232342
|move|p2a: Dugtrio|Ancient Power|p1a: Skarmory
|-damage|p1a: Skarmory|16/100
|move|p1a: Skarmory|Toxic|p2a: Dugtrio
|-fail|p2a: Dugtrio|tox
|
|-damage|p2a: Dugtrio|20/100 tox|[from] psn
|-heal|p1a: Skarmory|22/100|[from] item: Leftovers
|upkeep
|turn|31
|
|t:|1728232350
|move|p1a: Skarmory|Protect|p1a: Skarmory
|-singleturn|p1a: Skarmory|Protect
|move|p2a: Dugtrio|Ancient Power|p1a: Skarmory
|-activate|p1a: Skarmory|Protect
|
|-damage|p2a: Dugtrio|2/100 tox|[from] psn
|-heal|p1a: Skarmory|28/100|[from] item: Leftovers
|upkeep
|turn|32
|
|t:|1728232364
|move|p1a: Skarmory|Protect|p1a: Skarmory
|-singleturn|p1a: Skarmory|Protect
|move|p2a: Dugtrio|Ancient Power|p1a: Skarmory
|-activate|p1a: Skarmory|Protect
|
|-damage|p2a: Dugtrio|0 fnt|[from] psn
|faint|p2a: Dugtrio
|-heal|p1a: Skarmory|34/100|[from] item: Leftovers
|upkeep
|
|t:|1728232382
|switch|p2a: Swampert|Swampert, F|57/100
|-damage|p2a: Swampert|32/100|[from] Spikes
|turn|33
|
|t:|1728232401
|move|p1a: Skarmory|Toxic|p2a: Swampert
|-status|p2a: Swampert|tox
|move|p2a: Swampert|Surf|p1a: Skarmory
|-damage|p1a: Skarmory|0 fnt
|faint|p1a: Skarmory
|
|t:|1728232418
|switch|p1a: Aerodactyl|Aerodactyl, M|100/100
|
|-heal|p2a: Swampert|38/100 tox|[from] item: Leftovers
|-damage|p2a: Swampert|32/100 tox|[from] psn
|upkeep
|turn|34
|
|t:|1728232432
|move|p1a: Aerodactyl|Double-Edge|p2a: Swampert
|-damage|p2a: Swampert|0 fnt
|faint|p2a: Swampert
|
|t:|1728232436
|switch|p2a: Salamence|Salamence, M|43/100
|-ability|p2a: Salamence|Intimidate|boost
|-unboost|p1a: Aerodactyl|atk|1
|
|upkeep
|turn|35
|inactive|Zacynthius has 270 seconds left.
|
|t:|1728232474
|switch|p2a: Metagross|Metagross|100/100
|-damage|p2a: Metagross|76/100|[from] Spikes
|move|p1a: Aerodactyl|Double-Edge|p2a: Metagross
|-resisted|p2a: Metagross
|-damage|p2a: Metagross|61/100
|
|upkeep
|turn|36
|inactive|Zacynthius has 270 seconds left.
|
|t:|1728232483
|switch|p1a: Swampert|Swampert, M|100/100
|move|p2a: Metagross|Meteor Mash|p1a: Swampert
|-resisted|p1a: Swampert
|-damage|p1a: Swampert|69/100
|-boost|p2a: Metagross|atk|1
|
|-heal|p1a: Swampert|76/100|[from] item: Leftovers
|upkeep
|turn|37
|
|t:|1728232494
|switch|p2a: Zapdos|Zapdos|82/100
|move|p1a: Swampert|Protect||[still]
|-fail|p1a: Swampert
|
|-heal|p2a: Zapdos|88/100|[from] item: Leftovers
|-heal|p1a: Swampert|82/100|[from] item: Leftovers
|upkeep
|turn|38
|
|t:|1728232503
|switch|p1a: Zapdos|Zapdos|71/100
|move|p2a: Zapdos|Substitute|p2a: Zapdos
|-start|p2a: Zapdos|Substitute
|-damage|p2a: Zapdos|63/100
|
|-heal|p2a: Zapdos|69/100|[from] item: Leftovers
|-heal|p1a: Zapdos|77/100|[from] item: Leftovers
|upkeep
|turn|39
|
|t:|1728232514
|move|p2a: Zapdos|Thunderbolt|p1a: Zapdos
|-damage|p1a: Zapdos|41/100
|-status|p1a: Zapdos|par
|move|p1a: Zapdos|Roar|p2a: Zapdos
|drag|p2a: Metagross|Metagross|61/100
|-damage|p2a: Metagross|36/100|[from] Spikes
|
|-heal|p1a: Zapdos|47/100 par|[from] item: Leftovers
|upkeep
|turn|40
|inactive|DanteADV has 270 seconds left.
|
|t:|1728232560
|move|p2a: Metagross|Meteor Mash|p1a: Zapdos|[miss]
|-miss|p2a: Metagross|p1a: Zapdos
|move|p1a: Zapdos|Thunderbolt|p2a: Metagross
|-damage|p2a: Metagross|0 fnt
|faint|p2a: Metagross
|
|t:|1728232565
|switch|p2a: Zapdos|Zapdos|69/100
|
|-heal|p2a: Zapdos|76/100|[from] item: Leftovers
|-heal|p1a: Zapdos|54/100 par|[from] item: Leftovers
|upkeep
|turn|41
|
|t:|1728232583
|move|p2a: Zapdos|Thunderbolt|p1a: Zapdos
|-damage|p1a: Zapdos|17/100 par
|cant|p1a: Zapdos|par
|
|-heal|p2a: Zapdos|82/100|[from] item: Leftovers
|-heal|p1a: Zapdos|23/100 par|[from] item: Leftovers
|upkeep
|turn|42
|
|t:|1728232593
|move|p2a: Zapdos|Substitute|p2a: Zapdos
|-start|p2a: Zapdos|Substitute
|-damage|p2a: Zapdos|57/100
|cant|p1a: Zapdos|par
|
|-heal|p2a: Zapdos|63/100|[from] item: Leftovers
|-heal|p1a: Zapdos|29/100 par|[from] item: Leftovers
|upkeep
|turn|43
|
|t:|1728232604
|move|p2a: Zapdos|Thunderbolt|p1a: Zapdos
|-damage|p1a: Zapdos|0 fnt
|faint|p1a: Zapdos
|
|t:|1728232610
|switch|p1a: Tyranitar|Tyranitar, F|100/100
|-weather|Sandstorm|[from] ability: Sand Stream|[of] p1a: Tyranitar
|
|-weather|Sandstorm|[upkeep]
|-damage|p2a: Zapdos|57/100|[from] Sandstorm
|-heal|p2a: Zapdos|63/100|[from] item: Leftovers
|upkeep
|turn|44
|
|t:|1728232615
|move|p2a: Zapdos|Thunderbolt|p1a: Tyranitar
|-damage|p1a: Tyranitar|57/100
|move|p1a: Tyranitar|Rock Slide|p2a: Zapdos
|-supereffective|p2a: Zapdos
|-end|p2a: Zapdos|Substitute
|
|-weather|Sandstorm|[upkeep]
|-damage|p2a: Zapdos|57/100|[from] Sandstorm
|-heal|p2a: Zapdos|63/100|[from] item: Leftovers
|-heal|p1a: Tyranitar|63/100|[from] item: Leftovers
|upkeep
|turn|45
|inactive|DanteADV has 270 seconds left.
|
|t:|1728232624
|move|p2a: Zapdos|Substitute|p2a: Zapdos
|-start|p2a: Zapdos|Substitute
|-damage|p2a: Zapdos|38/100
|move|p1a: Tyranitar|Rock Slide|p2a: Zapdos
|-supereffective|p2a: Zapdos
|-end|p2a: Zapdos|Substitute
|
|-weather|Sandstorm|[upkeep]
|-damage|p2a: Zapdos|32/100|[from] Sandstorm
|-heal|p2a: Zapdos|38/100|[from] item: Leftovers
|-heal|p1a: Tyranitar|69/100|[from] item: Leftovers
|upkeep
|turn|46
|
|t:|1728232630
|move|p2a: Zapdos|Substitute|p2a: Zapdos
|-start|p2a: Zapdos|Substitute
|-damage|p2a: Zapdos|14/100
|move|p1a: Tyranitar|Rock Slide|p2a: Zapdos
|-supereffective|p2a: Zapdos
|-end|p2a: Zapdos|Substitute
|
|-weather|Sandstorm|[upkeep]
|-damage|p2a: Zapdos|7/100|[from] Sandstorm
|-heal|p2a: Zapdos|14/100|[from] item: Leftovers
|-heal|p1a: Tyranitar|75/100|[from] item: Leftovers
|upkeep
|turn|47
|
|t:|1728232635
|move|p2a: Zapdos|Thunderbolt|p1a: Tyranitar
|-damage|p1a: Tyranitar|33/100
|move|p1a: Tyranitar|Rock Slide|p2a: Zapdos
|-supereffective|p2a: Zapdos
|-damage|p2a: Zapdos|0 fnt
|faint|p2a: Zapdos
|
|t:|1728232638
|switch|p2a: Salamence|Salamence, M|43/100
|-ability|p2a: Salamence|Intimidate|boost
|-unboost|p1a: Tyranitar|atk|1
|
|-weather|Sandstorm|[upkeep]
|-damage|p2a: Salamence|37/100|[from] Sandstorm
|-heal|p1a: Tyranitar|39/100|[from] item: Leftovers
|upkeep
|turn|48
|
|t:|1728232644
|move|p2a: Salamence|Brick Break|p1a: Tyranitar
|-supereffective|p1a: Tyranitar
|-damage|p1a: Tyranitar|0 fnt
|faint|p1a: Tyranitar
|
|t:|1728232647
|switch|p1a: Aerodactyl|Aerodactyl, M|100/100
|
|-weather|Sandstorm|[upkeep]
|-damage|p2a: Salamence|31/100|[from] Sandstorm
|upkeep
|turn|49
|c|☆DanteADV|gg
|
|t:|1728232657
|move|p1a: Aerodactyl|Double-Edge|p2a: Salamence
|-damage|p2a: Salamence|0 fnt
|faint|p2a: Salamence
|
|win|DanteADV
|c|☆Zacynthius|GG
|player|p1|

</script>
<script type="application/json" class="data" id="replaydata-smogtours-gen3ou-795658">
{"id":"smogtours-gen3ou-795658","format":"[Gen 3] OU","players":["DanteADV","Zacynthius"],"uploadtime":1728232657,"views":87,"formatid":"gen3ou","rating":null,"private":0,"password":null}
</script>

<script defer src="js/replays.js?9d40a366"></script>
