<!DOCTYPE html>
<meta charset="utf-8" />
<meta name="viewport" content="width=device-width" />

<title>[Gen 3] OU: three chicks mafia vs. Key to Life - Replays - Pok&eacute;mon Showdown!</title>

<meta name="description" content="Watch a replay of a Pok&eacute;mon battle between three chicks mafia and Key to Life! Format: [Gen 3] OU; Date: Oct 6, 2024" />
<!--

Hey, you! Looking in the source for the replay log?

You can find them in JSON format, just add `.json` at the end of a replay URL.

https://replay.pokemonshowdown.com/gen7randomdoublesbattle-865046831.json

Or, if you only need the log itself, add `.log` instead:

https://replay.pokemonshowdown.com/gen7randomdoublesbattle-865046831.log

-->

<link rel="stylesheet" href="//pokemonshowdown.com/style/global.css?0.023195364461161105" />
<link rel="stylesheet" href="//play.pokemonshowdown.com/style/font-awesome.css?0.13261647063804238" />
<link rel="stylesheet" href="//play.pokemonshowdown.com/style/battle.css?0.8753245789963631" />
<link rel="stylesheet" href="//play.pokemonshowdown.com/style/utilichart.css?0.8627959624976733" />

<!-- Global site tag (gtag.js) - Google Analytics -->
<script async src="https://www.googletagmanager.com/gtag/js?id=UA-26211653-1"></script>
<script>
  window.dataLayer = window.dataLayer || [];
  function gtag(){dataLayer.push(arguments);}
  gtag('js', new Date());

  gtag('config', 'UA-26211653-1');
</script>
<!-- End Google Analytics -->
<!-- Venatus Ad Manager - Install in <HEAD> of page -->
	<script src="https://hb.vntsm.com/v3/live/ad-manager.min.js" type="text/javascript" data-site-id="642aba63ec9a7b11c3c9c1be" data-mode="scan" async></script>
<!-- / Venatus Ad Manager -->

<style>
	@media (max-width:820px) {
		.battle {
			margin: 0 auto;
		}
		.battle-log {
			margin: 7px auto 0;
			max-width: 640px;
			height: 300px;
			position: static;
		}
	}
	.optgroup {
		display: inline-block;
		line-height: 22px;
		font-size: 10pt;
	}
	.optgroup .button {
		height: 25px;
		padding-top: 0;
		padding-bottom: 0;
	}
	.optgroup button.button {
		padding-left: 12px;
		padding-right: 12px;
	}
	.linklist {
		list-style: none;
		margin: 0.5em 0;
		padding: 0;
	}
	.linklist li {
		padding: 2px 0;
	}
	.sidebar {
		float: left;
		width: 320px;
	}
	.bar-wrapper {
		max-width: 1100px;
		margin: 0 auto;
	}
	.bar-wrapper.has-sidebar {
		max-width: 1430px;
	}
	.mainbar {
		margin: 0;
		padding-right: 1px;
	}
	.mainbar.has-sidebar {
		margin-left: 330px;
	}
	@media (min-width: 1511px) {
		.sidebar {
			width: 400px;
		}
		.bar-wrapper.has-sidebar {
			max-width: 1510px;
		}
		.mainbar.has-sidebar {
			margin-left: 410px;
		}
	}
	.section.first-section {
		margin-top: 9px;
	}
	.blocklink small {
		white-space: normal;
	}
	.button {
		vertical-align: middle;
	}
	.replay-controls {
		padding-top: 10px;
	}
	.replay-controls h1 {
		font-size: 16pt;
		font-weight: normal;
		color: #CCC;
	}
	.pagelink {
		text-align: center;
	}
	.pagelink a {
		width: 150px;
	}
	.textbox, .button {
		font-size: 11pt;
		vertical-align: middle;
	}
	@media (max-width: 450px) {
		.button {
			font-size: 9pt;
		}
	}
</style>

<div>

	<header>
		<div class="nav-wrapper"><ul class="nav">
			<li><a class="button nav-first" href="//pokemonshowdown.com/"><img src="//pokemonshowdown.com/images/pokemonshowdownbeta.png" srcset="//pokemonshowdown.com/images/pokemonshowdownbeta.png 1x, //pokemonshowdown.com/images/pokemonshowdownbeta@2x.png 2x" alt="Pok&eacute;mon Showdown" width="146" height="44" /> Home</a></li>
			<li><a class="button" href="//pokemonshowdown.com/dex/">Pok&eacute;dex</a></li>
			<li><a class="button cur" href="/">Replays</a></li>
			<li><a class="button" href="//pokemonshowdown.com/ladder/">Ladder</a></li>
			<li><a class="button nav-last" href="//pokemonshowdown.com/forums/">Forum</a></li>
			<li><a class="button greenbutton nav-first nav-last" href="//play.pokemonshowdown.com/">Play</a></li>
		</ul></div>
	</header>

	<div class="main" id="main">

		<noscript><section class="section">You need to enable JavaScript to use this page; sorry!</section></noscript>

	</div>

</div>

<script defer nomodule src="//play.pokemonshowdown.com/js/lib/ps-polyfill.js"></script>
<script defer src="//play.pokemonshowdown.com/js/lib/preact.min.js"></script>

<script defer src="//play.pokemonshowdown.com/config/config.js?2bddbc15"></script>
<script defer src="//play.pokemonshowdown.com/js/lib/jquery-1.11.0.min.js"></script>
<script defer src="//play.pokemonshowdown.com/js/lib/html-sanitizer-minified.js"></script>
<script defer src="//play.pokemonshowdown.com/js/battle-sound.js"></script>
<script defer src="//play.pokemonshowdown.com/js/battledata.js?0.7209276989879541"></script>
<script defer src="//play.pokemonshowdown.com/data/pokedex-mini.js?0.6111056340867951"></script>
<script defer src="//play.pokemonshowdown.com/data/pokedex-mini-bw.js?0.3532142036491459"></script>
<script defer src="//play.pokemonshowdown.com/data/graphics.js?0.24223875632456182"></script>
<script defer src="//play.pokemonshowdown.com/data/pokedex.js?0.38839984266356864"></script>
<script defer src="//play.pokemonshowdown.com/data/moves.js?0.21866028504024015"></script>
<script defer src="//play.pokemonshowdown.com/data/abilities.js?0.2005157953846628"></script>
<script defer src="//play.pokemonshowdown.com/data/items.js?0.9894211263848525"></script>
<script defer src="//play.pokemonshowdown.com/data/teambuilder-tables.js?0.6008791140282215"></script>
<script defer src="//play.pokemonshowdown.com/js/battle-tooltips.js?0.7580118955022959"></script>
<script defer src="//play.pokemonshowdown.com/js/battle.js?0.6057722274234274"></script>

<script defer src="js/utils.js?e31f9a17"></script>
<script defer src="js/replays-battle.js?7008c182"></script>

<!-- don't scrape this data! just add .json or .log after the URL!
Full API docs: https://github.com/smogon/pokemon-showdown-client/blob/master/WEB-API.md -->
<script type="text/plain" class="log" id="replaylog-smogtours-gen3ou-795364">
|inactive|Battle timer is ON: inactive players will automatically lose when time's up.
|t:|1728173089
|gametype|singles
|player|p1|three chicks mafia|169|
|player|p2|Key to Life|170|
|teamsize|p1|6
|teamsize|p2|6
|gen|3
|tier|[Gen 3] OU
|rule|Sleep Clause Mod: Limit one foe put to sleep
|rule|Switch Priority Clause Mod: Faster Pokémon switch first
|rule|Species Clause: Limit one of each Pokémon
|rule|OHKO Clause: OHKO moves are banned
|rule|Evasion Items Clause: Evasion items are banned
|rule|Evasion Moves Clause: Evasion moves are banned
|rule|Endless Battle Clause: Forcing endless battles is banned
|rule|HP Percentage Mod: HP is shown in percentages
|rule|One Boost Passer Clause: Limit one Baton Passer that has a way to boost its stats
|rule|Freeze Clause Mod: Limit one foe frozen
|
|t:|1728173089
|start
|switch|p1a: Tyranitar|Tyranitar, F|100/100
|switch|p2a: The Slyscraper|Tyranitar, F, shiny|100/100
|-weather|Sandstorm|[from] ability: Sand Stream|[of] p2a: The Slyscraper
|turn|1
|
|t:|1728173102
|switch|p1a: Flygon|Flygon, F|100/100
|move|p2a: The Slyscraper|Brick Break|p1a: Flygon
|-damage|p1a: Flygon|81/100
|
|-weather|Sandstorm|[upkeep]
|-heal|p1a: Flygon|87/100|[from] item: Leftovers
|upkeep
|turn|2
|
|t:|1728173108
|switch|p2a: Traffic Jam|Skarmory, F|100/100
|move|p1a: Flygon|Toxic|p2a: Traffic Jam
|-immune|p2a: Traffic Jam
|
|-weather|Sandstorm|[upkeep]
|-heal|p1a: Flygon|93/100|[from] item: Leftovers
|upkeep
|turn|3
|
|t:|1728173119
|switch|p1a: Gengar|Gengar, M|100/100
|move|p2a: Traffic Jam|Spikes|p1a: Gengar
|-sidestart|p1: three chicks mafia|Spikes
|
|-weather|Sandstorm|[upkeep]
|-damage|p1a: Gengar|94/100|[from] Sandstorm
|-heal|p1a: Gengar|100/100|[from] item: Leftovers
|upkeep
|turn|4
|
|t:|1728173129
|switch|p2a: For dear life|Blissey, F|100/100
|move|p1a: Gengar|Thunderbolt|p2a: For dear life
|-damage|p2a: For dear life|90/100
|
|-weather|Sandstorm|[upkeep]
|-damage|p1a: Gengar|94/100|[from] Sandstorm
|-damage|p2a: For dear life|84/100|[from] Sandstorm
|-heal|p1a: Gengar|100/100|[from] item: Leftovers
|-heal|p2a: For dear life|90/100|[from] item: Leftovers
|upkeep
|turn|5
|c|☆Key to Life|gl hf
|c|☆Key to Life|btw
|c|☆three chicks mafia|u2
|
|t:|1728173156
|switch|p2a: The Slyscraper|Tyranitar, F, shiny|100/100
|move|p1a: Gengar|Will-O-Wisp|p2a: The Slyscraper|[miss]
|-miss|p1a: Gengar|p2a: The Slyscraper
|
|-weather|Sandstorm|[upkeep]
|-damage|p1a: Gengar|94/100|[from] Sandstorm
|-heal|p1a: Gengar|100/100|[from] item: Leftovers
|upkeep
|turn|6
|
|t:|1728173165
|move|p1a: Gengar|Will-O-Wisp|p2a: The Slyscraper
|-status|p2a: The Slyscraper|brn
|-enditem|p2a: The Slyscraper|Lum Berry|[eat]
|-curestatus|p2a: The Slyscraper|brn|[msg]
|move|p2a: The Slyscraper|Crunch|p1a: Gengar
|-supereffective|p1a: Gengar
|-damage|p1a: Gengar|13/100
|
|-weather|Sandstorm|[upkeep]
|-damage|p1a: Gengar|6/100|[from] Sandstorm
|-heal|p1a: Gengar|13/100|[from] item: Leftovers
|upkeep
|turn|7
|
|t:|1728173174
|move|p1a: Gengar|Will-O-Wisp|p2a: The Slyscraper
|-status|p2a: The Slyscraper|brn
|move|p2a: The Slyscraper|Crunch|p1a: Gengar
|-supereffective|p1a: Gengar
|-damage|p1a: Gengar|0 fnt
|faint|p1a: Gengar
|
|t:|1728173177
|switch|p1a: Flygon|Flygon, F|93/100
|
|-weather|Sandstorm|[upkeep]
|-heal|p1a: Flygon|99/100|[from] item: Leftovers
|-damage|p2a: The Slyscraper|88/100 brn|[from] brn
|upkeep
|turn|8
|
|t:|1728173185
|switch|p2a: Traffic Jam|Skarmory, F|100/100
|move|p1a: Flygon|Earthquake|p2a: Traffic Jam
|-immune|p2a: Traffic Jam
|
|-weather|Sandstorm|[upkeep]
|-heal|p1a: Flygon|100/100|[from] item: Leftovers
|upkeep
|turn|9
|
|t:|1728173191
|switch|p1a: Skarmory|Skarmory, F|100/100
|move|p2a: Traffic Jam|Spikes|p1a: Skarmory
|-sidestart|p1: three chicks mafia|Spikes
|
|-weather|Sandstorm|[upkeep]
|upkeep
|turn|10
|
|t:|1728173193
|move|p2a: Traffic Jam|Taunt|p1a: Skarmory
|-start|p1a: Skarmory|move: Taunt
|cant|p1a: Skarmory|move: Taunt|Spikes
|
|-weather|Sandstorm|[upkeep]
|upkeep
|turn|11
|
|t:|1728173196
|switch|p1a: Moltres|Moltres|100/100
|move|p2a: Traffic Jam|Spikes|p1a: Moltres
|-sidestart|p1: three chicks mafia|Spikes
|
|-weather|Sandstorm|[upkeep]
|-damage|p1a: Moltres|94/100|[from] Sandstorm
|-heal|p1a: Moltres|100/100|[from] item: Leftovers
|upkeep
|turn|12
|
|t:|1728173202
|switch|p2a: For dear life|Blissey, F|90/100
|move|p1a: Moltres|Fire Blast|p2a: For dear life
|-damage|p2a: For dear life|66/100
|
|-weather|Sandstorm|[upkeep]
|-damage|p1a: Moltres|94/100|[from] Sandstorm
|-damage|p2a: For dear life|60/100|[from] Sandstorm
|-heal|p1a: Moltres|100/100|[from] item: Leftovers
|-heal|p2a: For dear life|66/100|[from] item: Leftovers
|upkeep
|turn|13
|
|t:|1728173208
|move|p1a: Moltres|Fire Blast|p2a: For dear life
|-damage|p2a: For dear life|43/100
|move|p2a: For dear life|Soft-Boiled|p2a: For dear life
|-heal|p2a: For dear life|93/100
|
|-weather|Sandstorm|[upkeep]
|-damage|p1a: Moltres|94/100|[from] Sandstorm
|-damage|p2a: For dear life|87/100|[from] Sandstorm
|-heal|p1a: Moltres|100/100|[from] item: Leftovers
|-heal|p2a: For dear life|93/100|[from] item: Leftovers
|upkeep
|turn|14
|
|t:|1728173213
|move|p1a: Moltres|Protect|p1a: Moltres
|-singleturn|p1a: Moltres|Protect
|move|p2a: For dear life|Thunder Wave|p1a: Moltres
|-activate|p1a: Moltres|Protect
|
|-weather|Sandstorm|[upkeep]
|-damage|p1a: Moltres|94/100|[from] Sandstorm
|-damage|p2a: For dear life|87/100|[from] Sandstorm
|-heal|p1a: Moltres|100/100|[from] item: Leftovers
|-heal|p2a: For dear life|93/100|[from] item: Leftovers
|upkeep
|turn|15
|
|t:|1728173217
|switch|p1a: Flygon|Flygon, F|100/100
|switch|p2a: HeavenDope|Zapdos|100/100
|
|-weather|Sandstorm|[upkeep]
|-damage|p2a: HeavenDope|94/100|[from] Sandstorm
|-heal|p2a: HeavenDope|100/100|[from] item: Leftovers
|upkeep
|turn|16
|
|t:|1728173222
|move|p2a: HeavenDope|Hidden Power|p1a: Flygon
|-supereffective|p1a: Flygon
|-damage|p1a: Flygon|0 fnt
|faint|p1a: Flygon
|
|t:|1728173228
|switch|p1a: Tyranitar|Tyranitar, F|100/100
|-damage|p1a: Tyranitar|75/100|[from] Spikes
|
|-weather|Sandstorm|[upkeep]
|-damage|p2a: HeavenDope|94/100|[from] Sandstorm
|-heal|p2a: HeavenDope|100/100|[from] item: Leftovers
|-heal|p1a: Tyranitar|82/100|[from] item: Leftovers
|upkeep
|turn|17
|
|t:|1728173233
|switch|p2a: YESMAN|Swampert, M|100/100
|move|p1a: Tyranitar|Earthquake|p2a: YESMAN
|-damage|p2a: YESMAN|80/100
|
|-weather|Sandstorm|[upkeep]
|-heal|p1a: Tyranitar|88/100|[from] item: Leftovers
|-heal|p2a: YESMAN|86/100|[from] item: Leftovers
|upkeep
|turn|18
|
|t:|1728173239
|switch|p1a: Moltres|Moltres|100/100
|move|p2a: YESMAN|Hydro Pump|p1a: Moltres
|-supereffective|p1a: Moltres
|-crit|p1a: Moltres
|-damage|p1a: Moltres|0 fnt
|faint|p1a: Moltres
|c|☆three chicks mafia|rip
|c|☆three chicks mafia|was predicting eq
|
|t:|1728173253
|switch|p1a: Skarmory|Skarmory, F|100/100
|
|-weather|Sandstorm|[upkeep]
|-heal|p2a: YESMAN|93/100|[from] item: Leftovers
|upkeep
|turn|19
|
|t:|1728173265
|-singleturn|p2a: YESMAN|move: Focus Punch
|move|p1a: Skarmory|Toxic|p2a: YESMAN
|-status|p2a: YESMAN|tox
|move|p2a: YESMAN|Focus Punch|p1a: Skarmory
|-damage|p1a: Skarmory|74/100
|
|-weather|Sandstorm|[upkeep]
|-heal|p1a: Skarmory|80/100|[from] item: Leftovers
|-heal|p2a: YESMAN|99/100 tox|[from] item: Leftovers
|-damage|p2a: YESMAN|93/100 tox|[from] psn
|upkeep
|turn|20
|
|t:|1728173284
|switch|p2a: HeavenDope|Zapdos|100/100
|move|p1a: Skarmory|Spikes|p2a: HeavenDope
|-sidestart|p2: Key to Life|Spikes
|
|-weather|Sandstorm|[upkeep]
|-damage|p2a: HeavenDope|94/100|[from] Sandstorm
|-heal|p2a: HeavenDope|100/100|[from] item: Leftovers
|-heal|p1a: Skarmory|86/100|[from] item: Leftovers
|upkeep
|turn|21
|
|t:|1728173288
|move|p1a: Skarmory|Protect|p1a: Skarmory
|-singleturn|p1a: Skarmory|Protect
|move|p2a: HeavenDope|Thunderbolt|p1a: Skarmory
|-activate|p1a: Skarmory|Protect
|
|-weather|Sandstorm|[upkeep]
|-damage|p2a: HeavenDope|94/100|[from] Sandstorm
|-heal|p2a: HeavenDope|100/100|[from] item: Leftovers
|-heal|p1a: Skarmory|92/100|[from] item: Leftovers
|upkeep
|turn|22
|
|t:|1728173291
|switch|p1a: Jirachi|Jirachi|100/100
|-damage|p1a: Jirachi|76/100|[from] Spikes
|move|p2a: HeavenDope|Thunderbolt|p1a: Jirachi
|-damage|p1a: Jirachi|42/100
|
|-weather|Sandstorm|[upkeep]
|-damage|p2a: HeavenDope|94/100|[from] Sandstorm
|-heal|p2a: HeavenDope|100/100|[from] item: Leftovers
|-heal|p1a: Jirachi|48/100|[from] item: Leftovers
|upkeep
|turn|23
|
|t:|1728173297
|move|p1a: Jirachi|Protect|p1a: Jirachi
|-singleturn|p1a: Jirachi|Protect
|move|p2a: HeavenDope|Thunderbolt|p1a: Jirachi
|-activate|p1a: Jirachi|Protect
|
|-weather|Sandstorm|[upkeep]
|-damage|p2a: HeavenDope|94/100|[from] Sandstorm
|-heal|p2a: HeavenDope|100/100|[from] item: Leftovers
|-heal|p1a: Jirachi|55/100|[from] item: Leftovers
|upkeep
|turn|24
|
|t:|1728173303
|move|p2a: HeavenDope|Thunderbolt|p1a: Jirachi
|-damage|p1a: Jirachi|21/100
|move|p1a: Jirachi|Wish|p1a: Jirachi
|
|-weather|Sandstorm|[upkeep]
|-damage|p2a: HeavenDope|94/100|[from] Sandstorm
|-heal|p2a: HeavenDope|100/100|[from] item: Leftovers
|-heal|p1a: Jirachi|27/100|[from] item: Leftovers
|upkeep
|turn|25
|
|t:|1728173324
|switch|p2a: For dear life|Blissey, F|93/100
|-damage|p2a: For dear life|81/100|[from] Spikes
|switch|p1a: Tyranitar|Tyranitar, F|88/100
|-damage|p1a: Tyranitar|63/100|[from] Spikes
|
|-heal|p1a: Tyranitar|100/100|[from] move: Wish|[wisher] Jirachi
|-weather|Sandstorm|[upkeep]
|-damage|p2a: For dear life|75/100|[from] Sandstorm
|-heal|p2a: For dear life|81/100|[from] item: Leftovers
|upkeep
|turn|26
|
|t:|1728173330
|switch|p2a: Traffic Jam|Skarmory, F|100/100
|move|p1a: Tyranitar|Earthquake|p2a: Traffic Jam
|-immune|p2a: Traffic Jam
|
|-weather|Sandstorm|[upkeep]
|upkeep
|turn|27
|
|t:|1728173334
|move|p1a: Tyranitar|Crunch|p2a: Traffic Jam
|-resisted|p2a: Traffic Jam
|-damage|p2a: Traffic Jam|80/100
|-unboost|p2a: Traffic Jam|spd|1
|move|p2a: Traffic Jam|Roar|p1a: Tyranitar
|drag|p1a: Jirachi|Jirachi|27/100
|-damage|p1a: Jirachi|2/100|[from] Spikes
|
|-weather|Sandstorm|[upkeep]
|-heal|p1a: Jirachi|9/100|[from] item: Leftovers
|-heal|p2a: Traffic Jam|86/100|[from] item: Leftovers
|upkeep
|turn|28
|
|t:|1728173336
|move|p1a: Jirachi|Fire Punch|p2a: Traffic Jam
|-supereffective|p2a: Traffic Jam
|-damage|p2a: Traffic Jam|28/100
|move|p2a: Traffic Jam|Roar|p1a: Jirachi
|drag|p1a: Skarmory|Skarmory, F|92/100
|
|-weather|Sandstorm|[upkeep]
|-heal|p2a: Traffic Jam|34/100|[from] item: Leftovers
|-heal|p1a: Skarmory|98/100|[from] item: Leftovers
|upkeep
|turn|29
|
|t:|1728173345
|move|p1a: Skarmory|Protect|p1a: Skarmory
|-singleturn|p1a: Skarmory|Protect
|move|p2a: Traffic Jam|Taunt|p1a: Skarmory
|-activate|p1a: Skarmory|Protect
|
|-weather|Sandstorm|[upkeep]
|-heal|p2a: Traffic Jam|40/100|[from] item: Leftovers
|-heal|p1a: Skarmory|100/100|[from] item: Leftovers
|upkeep
|turn|30
|
|t:|1728173351
|switch|p1a: Jirachi|Jirachi|9/100
|-damage|p1a: Jirachi|0 fnt|[from] Spikes
|faint|p1a: Jirachi
|
|t:|1728173354
|switch|p1a: Tyranitar|Tyranitar, F|100/100
|-damage|p1a: Tyranitar|75/100|[from] Spikes
|
|-weather|Sandstorm|[upkeep]
|-heal|p2a: Traffic Jam|46/100|[from] item: Leftovers
|-heal|p1a: Tyranitar|82/100|[from] item: Leftovers
|upkeep
|turn|31
|
|t:|1728173358
|move|p1a: Tyranitar|Ice Beam|p2a: Traffic Jam
|-damage|p2a: Traffic Jam|2/100
|move|p2a: Traffic Jam|Roar|p1a: Tyranitar
|drag|p1a: Skarmory|Skarmory, F|100/100
|
|-weather|Sandstorm|[upkeep]
|-heal|p2a: Traffic Jam|8/100|[from] item: Leftovers
|upkeep
|turn|32
|
|t:|1728173363
|move|p2a: Traffic Jam|Taunt|p1a: Skarmory
|-start|p1a: Skarmory|move: Taunt
|cant|p1a: Skarmory|move: Taunt|Roar
|
|-weather|Sandstorm|[upkeep]
|-heal|p2a: Traffic Jam|14/100|[from] item: Leftovers
|upkeep
|turn|33
|
|t:|1728173369
|switch|p2a: HeavenDope|Zapdos|100/100
|move|p1a: Skarmory|Struggle|p2a: HeavenDope
|-damage|p2a: HeavenDope|92/100
|-damage|p1a: Skarmory|98/100|[from] Recoil|[of] p2a: HeavenDope
|
|-weather|Sandstorm|[upkeep]
|-damage|p2a: HeavenDope|86/100|[from] Sandstorm
|-heal|p2a: HeavenDope|92/100|[from] item: Leftovers
|-heal|p1a: Skarmory|100/100|[from] item: Leftovers
|-end|p1a: Skarmory|move: Taunt|[silent]
|upkeep
|turn|34
|
|t:|1728173374
|move|p2a: HeavenDope|Thunderbolt|p1a: Skarmory
|-supereffective|p1a: Skarmory
|-crit|p1a: Skarmory
|-damage|p1a: Skarmory|0 fnt
|faint|p1a: Skarmory
|
|t:|1728173376
|switch|p1a: Tyranitar|Tyranitar, F|82/100
|-damage|p1a: Tyranitar|57/100|[from] Spikes
|
|-weather|Sandstorm|[upkeep]
|-damage|p2a: HeavenDope|86/100|[from] Sandstorm
|-heal|p2a: HeavenDope|92/100|[from] item: Leftovers
|-heal|p1a: Tyranitar|63/100|[from] item: Leftovers
|upkeep
|turn|35
|
|t:|1728173379
|move|p2a: HeavenDope|Thunderbolt|p1a: Tyranitar
|-damage|p1a: Tyranitar|23/100
|move|p1a: Tyranitar|Ice Beam|p2a: HeavenDope
|-supereffective|p2a: HeavenDope
|-damage|p2a: HeavenDope|38/100
|
|-weather|Sandstorm|[upkeep]
|-damage|p2a: HeavenDope|32/100|[from] Sandstorm
|-heal|p2a: HeavenDope|38/100|[from] item: Leftovers
|-heal|p1a: Tyranitar|29/100|[from] item: Leftovers
|upkeep
|turn|36
|c|☆three chicks mafia|gg
|c|☆Key to Life|ggs
|
|t:|1728173384
|move|p2a: HeavenDope|Thunderbolt|p1a: Tyranitar
|-damage|p1a: Tyranitar|0 fnt
|faint|p1a: Tyranitar
|
|win|Key to Life
|c|☆three chicks mafia|we put the replay in the thread right
|c|☆three chicks mafia|?
|c|☆Key to Life|uh yea
|c|☆Key to Life|ill save the replay
|c|☆Key to Life|and put it in later
|c|☆three chicks mafia|ok

</script>
<script type="application/json" class="data" id="replaydata-smogtours-gen3ou-795364">
{"id":"smogtours-gen3ou-795364","format":"[Gen 3] OU","players":["three chicks mafia","Key to Life"],"uploadtime":1728173384,"views":132,"formatid":"gen3ou","rating":null,"private":0,"password":null}
</script>

<script defer src="js/replays.js?9d40a366"></script>
