<!DOCTYPE html>
<meta charset="utf-8" />
<meta name="viewport" content="width=device-width" />

<title>[Gen 3] OU: violet river vs. SSBM Nicki - Replays - Pok&eacute;mon Showdown!</title>

<meta name="description" content="Watch a replay of a Pok&eacute;mon battle between violet river and SSBM Nicki! Format: [Gen 3] OU; Date: Oct 13, 2024" />
<!--

Hey, you! Looking in the source for the replay log?

You can find them in JSON format, just add `.json` at the end of a replay URL.

https://replay.pokemonshowdown.com/gen7randomdoublesbattle-865046831.json

Or, if you only need the log itself, add `.log` instead:

https://replay.pokemonshowdown.com/gen7randomdoublesbattle-865046831.log

-->

<link rel="stylesheet" href="//pokemonshowdown.com/style/global.css?0.023195364461161105" />
<link rel="stylesheet" href="//play.pokemonshowdown.com/style/font-awesome.css?0.13261647063804238" />
<link rel="stylesheet" href="//play.pokemonshowdown.com/style/battle.css?0.8753245789963631" />
<link rel="stylesheet" href="//play.pokemonshowdown.com/style/utilichart.css?0.8627959624976733" />

<!-- Global site tag (gtag.js) - Google Analytics -->
<script async src="https://www.googletagmanager.com/gtag/js?id=UA-26211653-1"></script>
<script>
  window.dataLayer = window.dataLayer || [];
  function gtag(){dataLayer.push(arguments);}
  gtag('js', new Date());

  gtag('config', 'UA-26211653-1');
</script>
<!-- End Google Analytics -->
<!-- Venatus Ad Manager - Install in <HEAD> of page -->
	<script src="https://hb.vntsm.com/v3/live/ad-manager.min.js" type="text/javascript" data-site-id="642aba63ec9a7b11c3c9c1be" data-mode="scan" async></script>
<!-- / Venatus Ad Manager -->

<style>
	@media (max-width:820px) {
		.battle {
			margin: 0 auto;
		}
		.battle-log {
			margin: 7px auto 0;
			max-width: 640px;
			height: 300px;
			position: static;
		}
	}
	.optgroup {
		display: inline-block;
		line-height: 22px;
		font-size: 10pt;
	}
	.optgroup .button {
		height: 25px;
		padding-top: 0;
		padding-bottom: 0;
	}
	.optgroup button.button {
		padding-left: 12px;
		padding-right: 12px;
	}
	.linklist {
		list-style: none;
		margin: 0.5em 0;
		padding: 0;
	}
	.linklist li {
		padding: 2px 0;
	}
	.sidebar {
		float: left;
		width: 320px;
	}
	.bar-wrapper {
		max-width: 1100px;
		margin: 0 auto;
	}
	.bar-wrapper.has-sidebar {
		max-width: 1430px;
	}
	.mainbar {
		margin: 0;
		padding-right: 1px;
	}
	.mainbar.has-sidebar {
		margin-left: 330px;
	}
	@media (min-width: 1511px) {
		.sidebar {
			width: 400px;
		}
		.bar-wrapper.has-sidebar {
			max-width: 1510px;
		}
		.mainbar.has-sidebar {
			margin-left: 410px;
		}
	}
	.section.first-section {
		margin-top: 9px;
	}
	.blocklink small {
		white-space: normal;
	}
	.button {
		vertical-align: middle;
	}
	.replay-controls {
		padding-top: 10px;
	}
	.replay-controls h1 {
		font-size: 16pt;
		font-weight: normal;
		color: #CCC;
	}
	.pagelink {
		text-align: center;
	}
	.pagelink a {
		width: 150px;
	}
	.textbox, .button {
		font-size: 11pt;
		vertical-align: middle;
	}
	@media (max-width: 450px) {
		.button {
			font-size: 9pt;
		}
	}
</style>

<div>

	<header>
		<div class="nav-wrapper"><ul class="nav">
			<li><a class="button nav-first" href="//pokemonshowdown.com/"><img src="//pokemonshowdown.com/images/pokemonshowdownbeta.png" srcset="//pokemonshowdown.com/images/pokemonshowdownbeta.png 1x, //pokemonshowdown.com/images/pokemonshowdownbeta@2x.png 2x" alt="Pok&eacute;mon Showdown" width="146" height="44" /> Home</a></li>
			<li><a class="button" href="//pokemonshowdown.com/dex/">Pok&eacute;dex</a></li>
			<li><a class="button cur" href="/">Replays</a></li>
			<li><a class="button" href="//pokemonshowdown.com/ladder/">Ladder</a></li>
			<li><a class="button nav-last" href="//pokemonshowdown.com/forums/">Forum</a></li>
			<li><a class="button greenbutton nav-first nav-last" href="//play.pokemonshowdown.com/">Play</a></li>
		</ul></div>
	</header>

	<div class="main" id="main">

		<noscript><section class="section">You need to enable JavaScript to use this page; sorry!</section></noscript>

	</div>

</div>

<script defer nomodule src="//play.pokemonshowdown.com/js/lib/ps-polyfill.js"></script>
<script defer src="//play.pokemonshowdown.com/js/lib/preact.min.js"></script>

<script defer src="//play.pokemonshowdown.com/config/config.js?2bddbc15"></script>
<script defer src="//play.pokemonshowdown.com/js/lib/jquery-1.11.0.min.js"></script>
<script defer src="//play.pokemonshowdown.com/js/lib/html-sanitizer-minified.js"></script>
<script defer src="//play.pokemonshowdown.com/js/battle-sound.js"></script>
<script defer src="//play.pokemonshowdown.com/js/battledata.js?0.7209276989879541"></script>
<script defer src="//play.pokemonshowdown.com/data/pokedex-mini.js?0.6111056340867951"></script>
<script defer src="//play.pokemonshowdown.com/data/pokedex-mini-bw.js?0.3532142036491459"></script>
<script defer src="//play.pokemonshowdown.com/data/graphics.js?0.24223875632456182"></script>
<script defer src="//play.pokemonshowdown.com/data/pokedex.js?0.38839984266356864"></script>
<script defer src="//play.pokemonshowdown.com/data/moves.js?0.21866028504024015"></script>
<script defer src="//play.pokemonshowdown.com/data/abilities.js?0.2005157953846628"></script>
<script defer src="//play.pokemonshowdown.com/data/items.js?0.9894211263848525"></script>
<script defer src="//play.pokemonshowdown.com/data/teambuilder-tables.js?0.6008791140282215"></script>
<script defer src="//play.pokemonshowdown.com/js/battle-tooltips.js?0.7580118955022959"></script>
<script defer src="//play.pokemonshowdown.com/js/battle.js?0.6057722274234274"></script>

<script defer src="js/utils.js?e31f9a17"></script>
<script defer src="js/replays-battle.js?7008c182"></script>

<!-- don't scrape this data! just add .json or .log after the URL!
Full API docs: https://github.com/smogon/pokemon-showdown-client/blob/master/WEB-API.md -->
<script type="text/plain" class="log" id="replaylog-smogtours-gen3ou-797968">
|inactive|Battle timer is ON: inactive players will automatically lose when time's up.
|t:|1728808822
|gametype|singles
|player|p1|violet river|jasmine-masters2|
|player|p2|SSBM Nicki|102|
|teamsize|p1|6
|teamsize|p2|6
|gen|3
|tier|[Gen 3] OU
|rule|Sleep Clause Mod: Limit one foe put to sleep
|rule|Switch Priority Clause Mod: Faster Pokémon switch first
|rule|Species Clause: Limit one of each Pokémon
|rule|OHKO Clause: OHKO moves are banned
|rule|Evasion Items Clause: Evasion items are banned
|rule|Evasion Moves Clause: Evasion moves are banned
|rule|Endless Battle Clause: Forcing endless battles is banned
|rule|HP Percentage Mod: HP is shown in percentages
|rule|One Boost Passer Clause: Limit one Baton Passer that has a way to boost its stats
|rule|Freeze Clause Mod: Limit one foe frozen
|
|t:|1728808822
|start
|switch|p1a: Tyranitar|Tyranitar, M|100/100
|switch|p2a: Tyranitar|Tyranitar, F|100/100
|-weather|Sandstorm|[from] ability: Sand Stream|[of] p2a: Tyranitar
|turn|1
|c|☆violet river|hfhf
|c|☆SSBM Nicki|glhf
|
|t:|1728808833
|switch|p1a: Forretress|Forretress, M|100/100
|move|p2a: Tyranitar|Brick Break|p1a: Forretress
|-damage|p1a: Forretress|86/100
|
|-weather|Sandstorm|[upkeep]
|-heal|p1a: Forretress|92/100|[from] item: Leftovers
|upkeep
|turn|2
|
|t:|1728808841
|switch|p1a: Moltres|Moltres|100/100
|move|p2a: Tyranitar|Fire Blast|p1a: Moltres
|-resisted|p1a: Moltres
|-damage|p1a: Moltres|81/100
|
|-weather|Sandstorm|[upkeep]
|-damage|p1a: Moltres|74/100|[from] Sandstorm
|-heal|p1a: Moltres|81/100|[from] item: Leftovers
|upkeep
|turn|3
|
|t:|1728808870
|switch|p2a: Gengar|Gengar, M|100/100
|move|p1a: Moltres|Hidden Power|p2a: Gengar
|-resisted|p2a: Gengar
|-damage|p2a: Gengar|85/100
|
|-weather|Sandstorm|[upkeep]
|-damage|p2a: Gengar|79/100|[from] Sandstorm
|-damage|p1a: Moltres|74/100|[from] Sandstorm
|-heal|p2a: Gengar|85/100|[from] item: Leftovers
|-heal|p1a: Moltres|81/100|[from] item: Leftovers
|upkeep
|turn|4
|
|t:|1728808884
|switch|p1a: Tyranitar|Tyranitar, M|100/100
|move|p2a: Gengar|Thunderbolt|p1a: Tyranitar
|-damage|p1a: Tyranitar|79/100
|
|-weather|Sandstorm|[upkeep]
|-damage|p2a: Gengar|79/100|[from] Sandstorm
|-heal|p2a: Gengar|85/100|[from] item: Leftovers
|-heal|p1a: Tyranitar|85/100|[from] item: Leftovers
|upkeep
|turn|5
|inactive|SSBM Nicki has 270 seconds left.
|
|t:|1728808925
|-activate|p2a: Gengar|move: Pursuit
|move|p1a: Tyranitar|Pursuit|p2a: Gengar|[from]Pursuit
|-supereffective|p2a: Gengar
|-damage|p2a: Gengar|0 fnt
|faint|p2a: Gengar
|-hint|Previously chosen switches continue in Gen 2-4 after a Pursuit target faints.
|switch|p2a: Cloyster|Cloyster, M|100/100
|
|-weather|Sandstorm|[upkeep]
|-damage|p2a: Cloyster|94/100|[from] Sandstorm
|-heal|p2a: Cloyster|100/100|[from] item: Leftovers
|-heal|p1a: Tyranitar|91/100|[from] item: Leftovers
|upkeep
|turn|6
|c|☆violet river|i see
|
|t:|1728808939
|switch|p1a: Forretress|Forretress, M|92/100
|move|p2a: Cloyster|Spikes|p1a: Forretress
|-sidestart|p1: violet river|Spikes
|
|-weather|Sandstorm|[upkeep]
|-damage|p2a: Cloyster|94/100|[from] Sandstorm
|-heal|p2a: Cloyster|100/100|[from] item: Leftovers
|-heal|p1a: Forretress|98/100|[from] item: Leftovers
|upkeep
|turn|7
|inactive|SSBM Nicki has 240 seconds left.
|
|t:|1728808960
|move|p2a: Cloyster|Spikes|p1a: Forretress
|-sidestart|p1: violet river|Spikes
|move|p1a: Forretress|Rapid Spin|p2a: Cloyster
|-damage|p2a: Cloyster|97/100
|-sideend|p1: violet river|Spikes|[from] move: Rapid Spin|[of] p1a: Forretress
|
|-weather|Sandstorm|[upkeep]
|-damage|p2a: Cloyster|91/100|[from] Sandstorm
|-heal|p2a: Cloyster|97/100|[from] item: Leftovers
|-heal|p1a: Forretress|100/100|[from] item: Leftovers
|upkeep
|turn|8
|
|t:|1728808966
|move|p2a: Cloyster|Surf|p1a: Forretress
|-damage|p1a: Forretress|73/100
|move|p1a: Forretress|Spikes|p2a: Cloyster
|-sidestart|p2: SSBM Nicki|Spikes
|
|-weather|Sandstorm|[upkeep]
|-damage|p2a: Cloyster|91/100|[from] Sandstorm
|-heal|p2a: Cloyster|97/100|[from] item: Leftovers
|-heal|p1a: Forretress|79/100|[from] item: Leftovers
|upkeep
|turn|9
|
|t:|1728808970
|move|p2a: Cloyster|Spikes|p1a: Forretress
|-sidestart|p1: violet river|Spikes
|move|p1a: Forretress|Zap Cannon|p2a: Cloyster
|-supereffective|p2a: Cloyster
|-damage|p2a: Cloyster|50/100
|-status|p2a: Cloyster|par
|
|-weather|Sandstorm|[upkeep]
|-damage|p2a: Cloyster|44/100 par|[from] Sandstorm
|-heal|p1a: Forretress|86/100|[from] item: Leftovers
|-heal|p2a: Cloyster|50/100 par|[from] item: Leftovers
|upkeep
|turn|10
|
|t:|1728808976
|move|p1a: Forretress|Rapid Spin|p2a: Cloyster
|-damage|p2a: Cloyster|46/100 par
|-sideend|p1: violet river|Spikes|[from] move: Rapid Spin|[of] p1a: Forretress
|move|p2a: Cloyster|Explosion|p1a: Forretress
|-resisted|p1a: Forretress
|-damage|p1a: Forretress|49/100
|faint|p2a: Cloyster
|inactive|SSBM Nicki has 240 seconds left.
|
|t:|1728809014
|switch|p2a: Tyranitar|Tyranitar, F|100/100
|-damage|p2a: Tyranitar|88/100|[from] Spikes
|
|-weather|Sandstorm|[upkeep]
|-heal|p1a: Forretress|56/100|[from] item: Leftovers
|upkeep
|turn|11
|
|t:|1728809023
|switch|p1a: Moltres|Moltres|81/100
|move|p2a: Tyranitar|Fire Blast|p1a: Moltres|[miss]
|-miss|p2a: Tyranitar|p1a: Moltres
|
|-weather|Sandstorm|[upkeep]
|-damage|p1a: Moltres|74/100|[from] Sandstorm
|-heal|p1a: Moltres|81/100|[from] item: Leftovers
|upkeep
|turn|12
|inactive|SSBM Nicki has 240 seconds left.
|
|t:|1728809032
|move|p1a: Moltres|Flamethrower|p2a: Tyranitar
|-resisted|p2a: Tyranitar
|-damage|p2a: Tyranitar|62/100
|move|p2a: Tyranitar|Ice Beam|p1a: Moltres
|-damage|p1a: Moltres|47/100
|
|-weather|Sandstorm|[upkeep]
|-damage|p1a: Moltres|41/100|[from] Sandstorm
|-heal|p1a: Moltres|47/100|[from] item: Leftovers
|upkeep
|turn|13
|inactive|SSBM Nicki has 240 seconds left.
|
|t:|1728809047
|move|p1a: Moltres|Flamethrower|p2a: Tyranitar
|-resisted|p2a: Tyranitar
|-damage|p2a: Tyranitar|36/100
|move|p2a: Tyranitar|Ice Beam|p1a: Moltres
|-damage|p1a: Moltres|16/100
|-status|p1a: Moltres|frz
|
|-weather|Sandstorm|[upkeep]
|-damage|p1a: Moltres|10/100 frz|[from] Sandstorm
|-heal|p1a: Moltres|16/100 frz|[from] item: Leftovers
|upkeep
|turn|14
|inactive|SSBM Nicki has 240 seconds left.
|
|t:|1728809070
|cant|p1a: Moltres|frz
|move|p2a: Tyranitar|Brick Break|p1a: Moltres
|-resisted|p1a: Moltres
|-damage|p1a: Moltres|2/100 frz
|
|-weather|Sandstorm|[upkeep]
|-damage|p1a: Moltres|0 fnt|[from] Sandstorm
|faint|p1a: Moltres
|upkeep
|
|t:|1728809075
|switch|p1a: Gengar|Gengar, F|100/100
|turn|15
|
|t:|1728809092
|move|p1a: Gengar|Giga Drain|p2a: Tyranitar
|-supereffective|p2a: Tyranitar
|-damage|p2a: Tyranitar|0 fnt
|faint|p2a: Tyranitar
|inactive|SSBM Nicki has 210 seconds left.
|
|t:|1728809124
|switch|p2a: Aerodactyl|Aerodactyl, F|100/100
|
|-weather|Sandstorm|[upkeep]
|-damage|p1a: Gengar|94/100|[from] Sandstorm
|-heal|p1a: Gengar|100/100|[from] item: Leftovers
|upkeep
|turn|16
|
|t:|1728809129
|switch|p2a: Jolteon|Jolteon, M|100/100
|-damage|p2a: Jolteon|88/100|[from] Spikes
|switch|p1a: Swampert|Swampert, F|100/100
|
|-weather|Sandstorm|[upkeep]
|-damage|p2a: Jolteon|82/100|[from] Sandstorm
|-heal|p2a: Jolteon|88/100|[from] item: Leftovers
|upkeep
|turn|17
|c|☆violet river|nice line
|inactive|SSBM Nicki has 210 seconds left.
|
|t:|1728809143
|switch|p1a: Blissey|Blissey, F|100/100
|move|p2a: Jolteon|Baton Pass|p2a: Jolteon
|inactive|SSBM Nicki has 210 seconds left.
|
|t:|1728809148
|switch|p2a: Metagross|Metagross|100/100|[from] Baton Pass
|-damage|p2a: Metagross|88/100|[from] Spikes
|
|-weather|Sandstorm|[upkeep]
|-damage|p1a: Blissey|94/100|[from] Sandstorm
|-heal|p2a: Metagross|94/100|[from] item: Leftovers
|-heal|p1a: Blissey|100/100|[from] item: Leftovers
|upkeep
|turn|18
|
|t:|1728809155
|switch|p1a: Forretress|Forretress, M|56/100
|move|p2a: Metagross|Meteor Mash|p1a: Forretress|[miss]
|-miss|p2a: Metagross|p1a: Forretress
|
|-weather|Sandstorm|[upkeep]
|-heal|p2a: Metagross|99/100|[from] item: Leftovers
|-heal|p1a: Forretress|62/100|[from] item: Leftovers
|upkeep
|turn|19
|
|t:|1728809166
|move|p2a: Metagross|Protect|p2a: Metagross
|-singleturn|p2a: Metagross|Protect
|move|p1a: Forretress|Zap Cannon|p2a: Metagross
|-activate|p2a: Metagross|Protect
|
|-weather|Sandstorm|[upkeep]
|-heal|p2a: Metagross|100/100|[from] item: Leftovers
|-heal|p1a: Forretress|68/100|[from] item: Leftovers
|upkeep
|turn|20
|
|t:|1728809171
|move|p2a: Metagross|Meteor Mash|p1a: Forretress|[miss]
|-miss|p2a: Metagross|p1a: Forretress
|move|p1a: Forretress|Zap Cannon|p2a: Metagross|[miss]
|-miss|p1a: Forretress|p2a: Metagross
|
|-weather|Sandstorm|[upkeep]
|-heal|p1a: Forretress|74/100|[from] item: Leftovers
|upkeep
|turn|21
|
|t:|1728809176
|move|p2a: Metagross|Meteor Mash|p1a: Forretress
|-resisted|p1a: Forretress
|-damage|p1a: Forretress|52/100
|move|p1a: Forretress|Spikes|p2a: Metagross
|-sidestart|p2: SSBM Nicki|Spikes
|
|-weather|Sandstorm|[upkeep]
|-heal|p1a: Forretress|58/100|[from] item: Leftovers
|upkeep
|turn|22
|
|t:|1728809190
|move|p2a: Metagross|Meteor Mash|p1a: Forretress
|-resisted|p1a: Forretress
|-damage|p1a: Forretress|37/100
|move|p1a: Forretress|Spikes|p2a: Metagross
|-sidestart|p2: SSBM Nicki|Spikes
|
|-weather|Sandstorm|[upkeep]
|-heal|p1a: Forretress|43/100|[from] item: Leftovers
|upkeep
|turn|23
|inactive|SSBM Nicki has 240 seconds left.
|
|t:|1728809199
|move|p2a: Metagross|Earthquake|p1a: Forretress
|-damage|p1a: Forretress|14/100
|move|p1a: Forretress|Zap Cannon|p2a: Metagross|[miss]
|-miss|p1a: Forretress|p2a: Metagross
|
|-weather|Sandstorm|[upkeep]
|-heal|p1a: Forretress|21/100|[from] item: Leftovers
|upkeep
|turn|24
|
|t:|1728809204
|move|p2a: Metagross|Meteor Mash|p1a: Forretress
|-resisted|p1a: Forretress
|-damage|p1a: Forretress|0 fnt
|faint|p1a: Forretress
|inactive|violet river has 270 seconds left.
|
|t:|1728809234
|switch|p1a: Tyranitar|Tyranitar, M|91/100
|
|-weather|Sandstorm|[upkeep]
|-heal|p1a: Tyranitar|97/100|[from] item: Leftovers
|upkeep
|turn|25
|
|t:|1728809239
|move|p2a: Metagross|Meteor Mash|p1a: Tyranitar
|-supereffective|p1a: Tyranitar
|-damage|p1a: Tyranitar|13/100
|move|p1a: Tyranitar|Counter|p2a: Metagross
|-damage|p2a: Metagross|0 fnt
|faint|p2a: Metagross
|
|t:|1728809249
|switch|p2a: Jolteon|Jolteon, M|88/100
|-damage|p2a: Jolteon|64/100|[from] Spikes
|
|-weather|Sandstorm|[upkeep]
|-damage|p2a: Jolteon|58/100|[from] Sandstorm
|-heal|p2a: Jolteon|64/100|[from] item: Leftovers
|-heal|p1a: Tyranitar|19/100|[from] item: Leftovers
|upkeep
|turn|26
|
|t:|1728809253
|move|p2a: Jolteon|Thunderbolt|p1a: Tyranitar
|-damage|p1a: Tyranitar|0 fnt
|faint|p1a: Tyranitar
|
|t:|1728809256
|switch|p1a: Blissey|Blissey, F|100/100
|
|-weather|Sandstorm|[upkeep]
|-damage|p2a: Jolteon|58/100|[from] Sandstorm
|-damage|p1a: Blissey|94/100|[from] Sandstorm
|-heal|p2a: Jolteon|64/100|[from] item: Leftovers
|-heal|p1a: Blissey|100/100|[from] item: Leftovers
|upkeep
|turn|27
|
|t:|1728809262
|move|p2a: Jolteon|Thunderbolt|p1a: Blissey
|-crit|p1a: Blissey
|-damage|p1a: Blissey|65/100
|move|p1a: Blissey|Ice Beam|p2a: Jolteon
|-damage|p2a: Jolteon|36/100
|
|-weather|Sandstorm|[upkeep]
|-damage|p2a: Jolteon|30/100|[from] Sandstorm
|-damage|p1a: Blissey|59/100|[from] Sandstorm
|-heal|p2a: Jolteon|36/100|[from] item: Leftovers
|-heal|p1a: Blissey|65/100|[from] item: Leftovers
|upkeep
|turn|28
|
|t:|1728809266
|move|p2a: Jolteon|Thunderbolt|p1a: Blissey
|-damage|p1a: Blissey|49/100
|move|p1a: Blissey|Ice Beam|p2a: Jolteon
|-damage|p2a: Jolteon|6/100
|
|-weather|Sandstorm|[upkeep]
|-damage|p2a: Jolteon|0 fnt|[from] Sandstorm
|-damage|p1a: Blissey|43/100|[from] Sandstorm
|faint|p2a: Jolteon
|-heal|p1a: Blissey|49/100|[from] item: Leftovers
|upkeep
|
|t:|1728809269
|switch|p2a: Aerodactyl|Aerodactyl, F|100/100
|turn|29
|
|t:|1728809274
|move|p2a: Aerodactyl|Rock Slide|p1a: Blissey
|-damage|p1a: Blissey|0 fnt
|faint|p1a: Blissey
|
|t:|1728809276
|switch|p1a: Swampert|Swampert, F|100/100
|
|-weather|Sandstorm|[upkeep]
|upkeep
|turn|30
|
|t:|1728809278
|move|p2a: Aerodactyl|Rock Slide|p1a: Swampert
|-resisted|p1a: Swampert
|-damage|p1a: Swampert|83/100
|move|p1a: Swampert|Surf|p2a: Aerodactyl
|-supereffective|p2a: Aerodactyl
|-damage|p2a: Aerodactyl|27/100
|
|-weather|Sandstorm|[upkeep]
|-heal|p1a: Swampert|89/100|[from] item: Leftovers
|upkeep
|turn|31
|
|t:|1728809281
|move|p1a: Swampert|Protect|p1a: Swampert
|-singleturn|p1a: Swampert|Protect
|move|p2a: Aerodactyl|Rock Slide|p1a: Swampert
|-activate|p1a: Swampert|Protect
|
|-weather|Sandstorm|[upkeep]
|-heal|p1a: Swampert|95/100|[from] item: Leftovers
|upkeep
|turn|32
|c|☆violet river|gg
|c|☆SSBM Nicki|this is winnable.
|
|t:|1728809286
|move|p2a: Aerodactyl|Rock Slide|p1a: Swampert
|-resisted|p1a: Swampert
|-damage|p1a: Swampert|77/100
|move|p1a: Swampert|Surf|p2a: Aerodactyl
|-supereffective|p2a: Aerodactyl
|-damage|p2a: Aerodactyl|0 fnt
|faint|p2a: Aerodactyl
|
|win|violet river

</script>
<script type="application/json" class="data" id="replaydata-smogtours-gen3ou-797968">
{"id":"smogtours-gen3ou-797968","format":"[Gen 3] OU","players":["violet river","SSBM Nicki"],"uploadtime":1728809286,"views":145,"formatid":"gen3ou","rating":null,"private":0,"password":null}
</script>

<script defer src="js/replays.js?9d40a366"></script>
