<!DOCTYPE html>
<meta charset="utf-8" />
<meta name="viewport" content="width=device-width" />

<title>[Gen 3] OU: Rambode vs. Biffo Banana - Replays - Pok&eacute;mon Showdown!</title>

<meta name="description" content="Watch a replay of a Pok&eacute;mon battle between Rambode and Biffo Banana! Format: [Gen 3] OU; Date: Oct 19, 2024" />
<!--

Hey, you! Looking in the source for the replay log?

You can find them in JSON format, just add `.json` at the end of a replay URL.

https://replay.pokemonshowdown.com/gen7randomdoublesbattle-865046831.json

Or, if you only need the log itself, add `.log` instead:

https://replay.pokemonshowdown.com/gen7randomdoublesbattle-865046831.log

-->

<link rel="stylesheet" href="//pokemonshowdown.com/style/global.css?0.023195364461161105" />
<link rel="stylesheet" href="//play.pokemonshowdown.com/style/font-awesome.css?0.13261647063804238" />
<link rel="stylesheet" href="//play.pokemonshowdown.com/style/battle.css?0.8753245789963631" />
<link rel="stylesheet" href="//play.pokemonshowdown.com/style/utilichart.css?0.8627959624976733" />

<!-- Global site tag (gtag.js) - Google Analytics -->
<script async src="https://www.googletagmanager.com/gtag/js?id=UA-26211653-1"></script>
<script>
  window.dataLayer = window.dataLayer || [];
  function gtag(){dataLayer.push(arguments);}
  gtag('js', new Date());

  gtag('config', 'UA-26211653-1');
</script>
<!-- End Google Analytics -->
<!-- Venatus Ad Manager - Install in <HEAD> of page -->
	<script src="https://hb.vntsm.com/v3/live/ad-manager.min.js" type="text/javascript" data-site-id="642aba63ec9a7b11c3c9c1be" data-mode="scan" async></script>
<!-- / Venatus Ad Manager -->

<style>
	@media (max-width:820px) {
		.battle {
			margin: 0 auto;
		}
		.battle-log {
			margin: 7px auto 0;
			max-width: 640px;
			height: 300px;
			position: static;
		}
	}
	.optgroup {
		display: inline-block;
		line-height: 22px;
		font-size: 10pt;
	}
	.optgroup .button {
		height: 25px;
		padding-top: 0;
		padding-bottom: 0;
	}
	.optgroup button.button {
		padding-left: 12px;
		padding-right: 12px;
	}
	.linklist {
		list-style: none;
		margin: 0.5em 0;
		padding: 0;
	}
	.linklist li {
		padding: 2px 0;
	}
	.sidebar {
		float: left;
		width: 320px;
	}
	.bar-wrapper {
		max-width: 1100px;
		margin: 0 auto;
	}
	.bar-wrapper.has-sidebar {
		max-width: 1430px;
	}
	.mainbar {
		margin: 0;
		padding-right: 1px;
	}
	.mainbar.has-sidebar {
		margin-left: 330px;
	}
	@media (min-width: 1511px) {
		.sidebar {
			width: 400px;
		}
		.bar-wrapper.has-sidebar {
			max-width: 1510px;
		}
		.mainbar.has-sidebar {
			margin-left: 410px;
		}
	}
	.section.first-section {
		margin-top: 9px;
	}
	.blocklink small {
		white-space: normal;
	}
	.button {
		vertical-align: middle;
	}
	.replay-controls {
		padding-top: 10px;
	}
	.replay-controls h1 {
		font-size: 16pt;
		font-weight: normal;
		color: #CCC;
	}
	.pagelink {
		text-align: center;
	}
	.pagelink a {
		width: 150px;
	}
	.textbox, .button {
		font-size: 11pt;
		vertical-align: middle;
	}
	@media (max-width: 450px) {
		.button {
			font-size: 9pt;
		}
	}
</style>

<div>

	<header>
		<div class="nav-wrapper"><ul class="nav">
			<li><a class="button nav-first" href="//pokemonshowdown.com/"><img src="//pokemonshowdown.com/images/pokemonshowdownbeta.png" srcset="//pokemonshowdown.com/images/pokemonshowdownbeta.png 1x, //pokemonshowdown.com/images/pokemonshowdownbeta@2x.png 2x" alt="Pok&eacute;mon Showdown" width="146" height="44" /> Home</a></li>
			<li><a class="button" href="//pokemonshowdown.com/dex/">Pok&eacute;dex</a></li>
			<li><a class="button cur" href="/">Replays</a></li>
			<li><a class="button" href="//pokemonshowdown.com/ladder/">Ladder</a></li>
			<li><a class="button nav-last" href="//pokemonshowdown.com/forums/">Forum</a></li>
			<li><a class="button greenbutton nav-first nav-last" href="//play.pokemonshowdown.com/">Play</a></li>
		</ul></div>
	</header>

	<div class="main" id="main">

		<noscript><section class="section">You need to enable JavaScript to use this page; sorry!</section></noscript>

	</div>

</div>

<script defer nomodule src="//play.pokemonshowdown.com/js/lib/ps-polyfill.js"></script>
<script defer src="//play.pokemonshowdown.com/js/lib/preact.min.js"></script>

<script defer src="//play.pokemonshowdown.com/config/config.js?2bddbc15"></script>
<script defer src="//play.pokemonshowdown.com/js/lib/jquery-1.11.0.min.js"></script>
<script defer src="//play.pokemonshowdown.com/js/lib/html-sanitizer-minified.js"></script>
<script defer src="//play.pokemonshowdown.com/js/battle-sound.js"></script>
<script defer src="//play.pokemonshowdown.com/js/battledata.js?0.7209276989879541"></script>
<script defer src="//play.pokemonshowdown.com/data/pokedex-mini.js?0.6111056340867951"></script>
<script defer src="//play.pokemonshowdown.com/data/pokedex-mini-bw.js?0.3532142036491459"></script>
<script defer src="//play.pokemonshowdown.com/data/graphics.js?0.24223875632456182"></script>
<script defer src="//play.pokemonshowdown.com/data/pokedex.js?0.38839984266356864"></script>
<script defer src="//play.pokemonshowdown.com/data/moves.js?0.21866028504024015"></script>
<script defer src="//play.pokemonshowdown.com/data/abilities.js?0.2005157953846628"></script>
<script defer src="//play.pokemonshowdown.com/data/items.js?0.9894211263848525"></script>
<script defer src="//play.pokemonshowdown.com/data/teambuilder-tables.js?0.6008791140282215"></script>
<script defer src="//play.pokemonshowdown.com/js/battle-tooltips.js?0.7580118955022959"></script>
<script defer src="//play.pokemonshowdown.com/js/battle.js?0.6057722274234274"></script>

<script defer src="js/utils.js?e31f9a17"></script>
<script defer src="js/replays-battle.js?7008c182"></script>

<!-- don't scrape this data! just add .json or .log after the URL!
Full API docs: https://github.com/smogon/pokemon-showdown-client/blob/master/WEB-API.md -->
<script type="text/plain" class="log" id="replaylog-smogtours-gen3ou-800081">
|inactive|Battle timer is ON: inactive players will automatically lose when time's up.
|t:|1729368754
|gametype|singles
|player|p1|Rambode|volkner|
|player|p2|Biffo Banana|wally|
|teamsize|p1|6
|teamsize|p2|6
|gen|3
|tier|[Gen 3] OU
|rule|Sleep Clause Mod: Limit one foe put to sleep
|rule|Switch Priority Clause Mod: Faster Pokémon switch first
|rule|Species Clause: Limit one of each Pokémon
|rule|OHKO Clause: OHKO moves are banned
|rule|Evasion Items Clause: Evasion items are banned
|rule|Evasion Moves Clause: Evasion moves are banned
|rule|Endless Battle Clause: Forcing endless battles is banned
|rule|HP Percentage Mod: HP is shown in percentages
|rule|One Boost Passer Clause: Limit one Baton Passer that has a way to boost its stats
|rule|Freeze Clause Mod: Limit one foe frozen
|
|t:|1729368754
|start
|switch|p1a: Jirachi|Jirachi|100/100
|switch|p2a: Tyranitar|Tyranitar, F|100/100
|-weather|Sandstorm|[from] ability: Sand Stream|[of] p2a: Tyranitar
|turn|1
|c|☆Rambode|gl hf
|
|t:|1729368775
|switch|p1a: Skarmory|Skarmory, M|100/100
|switch|p2a: Charizard|Charizard, F|100/100
|
|-weather|Sandstorm|[upkeep]
|-damage|p2a: Charizard|94/100|[from] Sandstorm
|-heal|p2a: Charizard|100/100|[from] item: Leftovers
|upkeep
|turn|2
|c|☆Biffo Banana|gl hf 
|
|t:|1729368801
|switch|p1a: Aerodactyl|Aerodactyl, F|100/100
|move|p2a: Charizard|Substitute|p2a: Charizard
|-start|p2a: Charizard|Substitute
|-damage|p2a: Charizard|76/100
|
|-weather|Sandstorm|[upkeep]
|-damage|p2a: Charizard|70/100|[from] Sandstorm
|-heal|p2a: Charizard|76/100|[from] item: Leftovers
|upkeep
|turn|3
|
|t:|1729368816
|-singleturn|p2a: Charizard|move: Focus Punch
|move|p1a: Aerodactyl|Double-Edge|p2a: Charizard
|-end|p2a: Charizard|Substitute
|move|p2a: Charizard|Focus Punch|p1a: Aerodactyl
|-damage|p1a: Aerodactyl|49/100
|
|-weather|Sandstorm|[upkeep]
|-damage|p2a: Charizard|70/100|[from] Sandstorm
|-heal|p2a: Charizard|76/100|[from] item: Leftovers
|upkeep
|turn|4
|inactive|Rambode has 270 seconds left.
|
|t:|1729368861
|switch|p1a: Jirachi|Jirachi|100/100
|switch|p2a: Metagross|Metagross|100/100
|
|-weather|Sandstorm|[upkeep]
|upkeep
|turn|5
|inactive|Rambode has 240 seconds left.
|
|t:|1729368909
|move|p1a: Jirachi|Thunder|p2a: Metagross
|-damage|p2a: Metagross|64/100
|-status|p2a: Metagross|par
|move|p2a: Metagross|Earthquake|p1a: Jirachi
|-supereffective|p1a: Jirachi
|-damage|p1a: Jirachi|47/100
|
|-weather|Sandstorm|[upkeep]
|-heal|p1a: Jirachi|53/100|[from] item: Leftovers
|-heal|p2a: Metagross|70/100 par|[from] item: Leftovers
|upkeep
|turn|6
|inactive|Rambode has 210 seconds left.
|
|t:|1729368932
|switch|p1a: Skarmory|Skarmory, M|100/100
|cant|p2a: Metagross|par
|
|-weather|Sandstorm|[upkeep]
|-heal|p2a: Metagross|76/100 par|[from] item: Leftovers
|upkeep
|turn|7
|
|t:|1729368937
|switch|p2a: Claydol|Claydol|100/100
|move|p1a: Skarmory|Toxic|p2a: Claydol
|-status|p2a: Claydol|tox
|
|-weather|Sandstorm|[upkeep]
|-damage|p2a: Claydol|94/100 tox|[from] psn
|upkeep
|turn|8
|
|t:|1729368949
|switch|p2a: Charizard|Charizard, F|76/100
|move|p1a: Skarmory|Toxic|p2a: Charizard|[miss]
|-miss|p1a: Skarmory|p2a: Charizard
|
|-weather|Sandstorm|[upkeep]
|-damage|p2a: Charizard|70/100|[from] Sandstorm
|-heal|p2a: Charizard|76/100|[from] item: Leftovers
|upkeep
|turn|9
|
|t:|1729368959
|move|p2a: Charizard|Substitute|p2a: Charizard
|-start|p2a: Charizard|Substitute
|-damage|p2a: Charizard|51/100
|move|p1a: Skarmory|Roar|p2a: Charizard
|drag|p2a: Claydol|Claydol|94/100 tox
|
|-weather|Sandstorm|[upkeep]
|-heal|p2a: Claydol|100/100 tox|[from] item: Leftovers
|-damage|p2a: Claydol|94/100 tox|[from] psn
|upkeep
|turn|10
|inactive|Rambode has 210 seconds left.
|
|t:|1729368975
|switch|p2a: Starmie|Starmie|100/100
|move|p1a: Skarmory|Spikes|p2a: Starmie
|-sidestart|p2: Biffo Banana|Spikes
|
|-weather|Sandstorm|[upkeep]
|-damage|p2a: Starmie|94/100|[from] Sandstorm
|-heal|p2a: Starmie|100/100|[from] item: Leftovers
|upkeep
|turn|11
|inactive|Rambode has 210 seconds left.
|
|t:|1729368990
|switch|p1a: Celebi|Celebi|100/100
|move|p2a: Starmie|Thunderbolt|p1a: Celebi
|-resisted|p1a: Celebi
|-damage|p1a: Celebi|89/100
|
|-weather|Sandstorm|[upkeep]
|-damage|p2a: Starmie|94/100|[from] Sandstorm
|-damage|p1a: Celebi|83/100|[from] Sandstorm
|-heal|p2a: Starmie|100/100|[from] item: Leftovers
|-heal|p1a: Celebi|89/100|[from] item: Leftovers
|upkeep
|turn|12
|inactive|Rambode has 210 seconds left.
|
|t:|1729369001
|move|p2a: Starmie|Ice Beam|p1a: Celebi
|-supereffective|p1a: Celebi
|-damage|p1a: Celebi|43/100
|move|p1a: Celebi|Leech Seed|p2a: Starmie
|-start|p2a: Starmie|move: Leech Seed
|
|-weather|Sandstorm|[upkeep]
|-damage|p2a: Starmie|94/100|[from] Sandstorm
|-damage|p1a: Celebi|37/100|[from] Sandstorm
|-heal|p2a: Starmie|100/100|[from] item: Leftovers
|-damage|p2a: Starmie|88/100|[from] Leech Seed|[of] p1a: Celebi
|-heal|p1a: Celebi|45/100|[silent]
|-heal|p1a: Celebi|52/100|[from] item: Leftovers
|upkeep
|turn|13
|inactive|Rambode has 210 seconds left.
|
|t:|1729369025
|switch|p2a: Claydol|Claydol|94/100 tox
|move|p1a: Celebi|Psychic|p2a: Claydol
|-resisted|p2a: Claydol
|-damage|p2a: Claydol|75/100 tox
|-unboost|p2a: Claydol|spd|1
|
|-weather|Sandstorm|[upkeep]
|-damage|p1a: Celebi|45/100|[from] Sandstorm
|-heal|p1a: Celebi|52/100|[from] item: Leftovers
|-heal|p2a: Claydol|81/100 tox|[from] item: Leftovers
|-damage|p2a: Claydol|75/100 tox|[from] psn
|upkeep
|turn|14
|
|t:|1729369032
|move|p1a: Celebi|Giga Drain|p2a: Claydol
|-supereffective|p2a: Claydol
|-damage|p2a: Claydol|0 fnt
|-heal|p1a: Celebi|83/100|[from] drain|[of] p2a: Claydol
|faint|p2a: Claydol
|
|t:|1729369038
|switch|p2a: Charizard|Charizard, F|51/100
|
|-weather|Sandstorm|[upkeep]
|-damage|p2a: Charizard|45/100|[from] Sandstorm
|-damage|p1a: Celebi|76/100|[from] Sandstorm
|-heal|p2a: Charizard|51/100|[from] item: Leftovers
|-heal|p1a: Celebi|83/100|[from] item: Leftovers
|upkeep
|turn|15
|
|t:|1729369042
|switch|p1a: Aerodactyl|Aerodactyl, F|49/100
|move|p2a: Charizard|Fire Blast|p1a: Aerodactyl|[miss]
|-miss|p2a: Charizard|p1a: Aerodactyl
|
|-weather|Sandstorm|[upkeep]
|-damage|p2a: Charizard|45/100|[from] Sandstorm
|-heal|p2a: Charizard|51/100|[from] item: Leftovers
|upkeep
|turn|16
|
|t:|1729369055
|switch|p2a: Tyranitar|Tyranitar, F|100/100
|-damage|p2a: Tyranitar|88/100|[from] Spikes
|move|p1a: Aerodactyl|Rock Slide|p2a: Tyranitar
|-damage|p2a: Tyranitar|50/100
|
|-weather|Sandstorm|[upkeep]
|-heal|p2a: Tyranitar|56/100|[from] item: Leftovers
|upkeep
|turn|17
|inactive|Rambode has 210 seconds left.
|
|t:|1729369088
|switch|p1a: Swampert|Swampert, M|100/100
|move|p2a: Tyranitar|Rock Slide|p1a: Swampert
|-resisted|p1a: Swampert
|-damage|p1a: Swampert|80/100
|
|-weather|Sandstorm|[upkeep]
|-heal|p2a: Tyranitar|63/100|[from] item: Leftovers
|-heal|p1a: Swampert|87/100|[from] item: Leftovers
|upkeep
|turn|18
|
|t:|1729369097
|switch|p2a: Starmie|Starmie|88/100
|-damage|p2a: Starmie|76/100|[from] Spikes
|move|p1a: Swampert|Earthquake|p2a: Starmie
|-damage|p2a: Starmie|20/100
|
|-weather|Sandstorm|[upkeep]
|-damage|p2a: Starmie|14/100|[from] Sandstorm
|-heal|p2a: Starmie|20/100|[from] item: Leftovers
|-heal|p1a: Swampert|93/100|[from] item: Leftovers
|upkeep
|turn|19
|inactive|Rambode has 210 seconds left.
|
|t:|1729369117
|switch|p1a: Celebi|Celebi|83/100
|move|p2a: Starmie|Recover|p2a: Starmie
|-heal|p2a: Starmie|70/100
|
|-weather|Sandstorm|[upkeep]
|-damage|p2a: Starmie|64/100|[from] Sandstorm
|-damage|p1a: Celebi|76/100|[from] Sandstorm
|-heal|p2a: Starmie|70/100|[from] item: Leftovers
|-heal|p1a: Celebi|83/100|[from] item: Leftovers
|upkeep
|turn|20
|
|t:|1729369125
|switch|p2a: Snorlax|Snorlax, M|100/100
|-damage|p2a: Snorlax|88/100|[from] Spikes
|move|p1a: Celebi|Leech Seed|p2a: Snorlax
|-start|p2a: Snorlax|move: Leech Seed
|
|-weather|Sandstorm|[upkeep]
|-damage|p1a: Celebi|76/100|[from] Sandstorm
|-damage|p2a: Snorlax|82/100|[from] Sandstorm
|-heal|p1a: Celebi|83/100|[from] item: Leftovers
|-heal|p2a: Snorlax|88/100|[from] item: Leftovers
|-damage|p2a: Snorlax|76/100|[from] Leech Seed|[of] p1a: Celebi
|-heal|p1a: Celebi|97/100|[silent]
|upkeep
|turn|21
|
|t:|1729369145
|switch|p1a: Skarmory|Skarmory, M|100/100
|move|p2a: Snorlax|Self-Destruct|p1a: Skarmory
|-resisted|p1a: Skarmory
|-damage|p1a: Skarmory|24/100
|faint|p2a: Snorlax
|
|t:|1729369160
|switch|p2a: Charizard|Charizard, F|51/100
|
|-weather|Sandstorm|[upkeep]
|-damage|p2a: Charizard|45/100|[from] Sandstorm
|-heal|p2a: Charizard|51/100|[from] item: Leftovers
|-heal|p1a: Skarmory|30/100|[from] item: Leftovers
|upkeep
|turn|22
|
|t:|1729369166
|move|p2a: Charizard|Fire Blast|p1a: Skarmory|[miss]
|-miss|p2a: Charizard|p1a: Skarmory
|move|p1a: Skarmory|Roar|p2a: Charizard
|drag|p2a: Metagross|Metagross|76/100 par
|-damage|p2a: Metagross|64/100 par|[from] Spikes
|
|-weather|Sandstorm|[upkeep]
|-heal|p1a: Skarmory|36/100|[from] item: Leftovers
|-heal|p2a: Metagross|70/100 par|[from] item: Leftovers
|upkeep
|turn|23
|c|☆Biffo Banana|lol
|c|☆Rambode|damn
|inactive|Rambode has 210 seconds left.
|
|t:|1729369194
|switch|p2a: Charizard|Charizard, F|51/100
|move|p1a: Skarmory|Roar|p2a: Charizard
|drag|p2a: Starmie|Starmie|70/100
|-damage|p2a: Starmie|58/100|[from] Spikes
|
|-weather|Sandstorm|[upkeep]
|-damage|p2a: Starmie|52/100|[from] Sandstorm
|-heal|p2a: Starmie|58/100|[from] item: Leftovers
|-heal|p1a: Skarmory|42/100|[from] item: Leftovers
|upkeep
|turn|24
|
|t:|1729369202
|switch|p1a: Celebi|Celebi|97/100
|move|p2a: Starmie|Hydro Pump|p1a: Celebi
|-resisted|p1a: Celebi
|-damage|p1a: Celebi|75/100
|
|-weather|Sandstorm|[upkeep]
|-damage|p2a: Starmie|52/100|[from] Sandstorm
|-damage|p1a: Celebi|69/100|[from] Sandstorm
|-heal|p2a: Starmie|58/100|[from] item: Leftovers
|-heal|p1a: Celebi|75/100|[from] item: Leftovers
|upkeep
|turn|25
|
|t:|1729369212
|move|p2a: Starmie|Ice Beam|p1a: Celebi
|-supereffective|p1a: Celebi
|-damage|p1a: Celebi|23/100
|move|p1a: Celebi|Giga Drain|p2a: Starmie
|-supereffective|p2a: Starmie
|-crit|p2a: Starmie
|-damage|p2a: Starmie|0 fnt
|-heal|p1a: Celebi|43/100|[from] drain|[of] p2a: Starmie
|faint|p2a: Starmie
|
|t:|1729369219
|switch|p2a: Charizard|Charizard, F|51/100
|
|-weather|Sandstorm|[upkeep]
|-damage|p2a: Charizard|45/100|[from] Sandstorm
|-damage|p1a: Celebi|36/100|[from] Sandstorm
|-heal|p2a: Charizard|51/100|[from] item: Leftovers
|-heal|p1a: Celebi|43/100|[from] item: Leftovers
|upkeep
|turn|26
|
|t:|1729369223
|move|p2a: Charizard|Fire Blast|p1a: Celebi
|-supereffective|p1a: Celebi
|-damage|p1a: Celebi|0 fnt
|faint|p1a: Celebi
|
|t:|1729369228
|switch|p1a: Aerodactyl|Aerodactyl, F|49/100
|
|-weather|Sandstorm|[upkeep]
|-damage|p2a: Charizard|45/100|[from] Sandstorm
|-heal|p2a: Charizard|51/100|[from] item: Leftovers
|upkeep
|turn|27
|
|t:|1729369242
|switch|p1a: Swampert|Swampert, M|93/100
|switch|p2a: Metagross|Metagross|70/100 par
|-damage|p2a: Metagross|58/100 par|[from] Spikes
|
|-weather|Sandstorm|[upkeep]
|-heal|p1a: Swampert|99/100|[from] item: Leftovers
|-heal|p2a: Metagross|64/100 par|[from] item: Leftovers
|upkeep
|turn|28
|
|t:|1729369252
|switch|p1a: Jirachi|Jirachi|53/100
|cant|p2a: Metagross|par
|
|-weather|Sandstorm|[upkeep]
|-heal|p1a: Jirachi|60/100|[from] item: Leftovers
|-heal|p2a: Metagross|70/100 par|[from] item: Leftovers
|upkeep
|turn|29
|
|t:|1729369256
|move|p1a: Jirachi|Thunder|p2a: Metagross
|-crit|p2a: Metagross
|-damage|p2a: Metagross|0 fnt
|faint|p2a: Metagross
|c|☆Biffo Banana|oh come on lmaoooo
|c|☆Rambode|mb
|c|☆Biffo Banana|I love pokemon lol
|c|☆Biffo Banana|You're good, games the game 
|
|t:|1729369277
|switch|p2a: Charizard|Charizard, F|51/100
|
|-weather|Sandstorm|[upkeep]
|-damage|p2a: Charizard|45/100|[from] Sandstorm
|-heal|p2a: Charizard|51/100|[from] item: Leftovers
|-heal|p1a: Jirachi|66/100|[from] item: Leftovers
|upkeep
|turn|30
|
|t:|1729369289
|move|p2a: Charizard|Substitute|p2a: Charizard
|-start|p2a: Charizard|Substitute
|-damage|p2a: Charizard|26/100
|move|p1a: Jirachi|Psychic|p2a: Charizard
|-end|p2a: Charizard|Substitute
|
|-weather|Sandstorm|[upkeep]
|-damage|p2a: Charizard|20/100|[from] Sandstorm
|-heal|p2a: Charizard|26/100|[from] item: Leftovers
|-heal|p1a: Jirachi|72/100|[from] item: Leftovers
|upkeep
|turn|31
|
|t:|1729369293
|move|p2a: Charizard|Fire Blast|p1a: Jirachi
|-supereffective|p1a: Jirachi
|-damage|p1a: Jirachi|0 fnt
|faint|p1a: Jirachi
|
|t:|1729369299
|switch|p1a: Aerodactyl|Aerodactyl, F|49/100
|
|-weather|Sandstorm|[upkeep]
|-damage|p2a: Charizard|20/100|[from] Sandstorm
|-heal|p2a: Charizard|26/100|[from] item: Leftovers
|upkeep
|turn|32
|
|t:|1729369309
|switch|p2a: Tyranitar|Tyranitar, F|63/100
|-damage|p2a: Tyranitar|50/100|[from] Spikes
|move|p1a: Aerodactyl|Double-Edge|p2a: Tyranitar
|-resisted|p2a: Tyranitar
|-crit|p2a: Tyranitar
|-damage|p2a: Tyranitar|7/100
|
|-weather|Sandstorm|[upkeep]
|-heal|p2a: Tyranitar|14/100|[from] item: Leftovers
|upkeep
|turn|33
|c|☆Rambode|jesus
|c|☆Biffo Banana|another one xD
|c|☆Biffo Banana|Meanwhile zard needs to visit specsavers
|
|t:|1729369331
|move|p1a: Aerodactyl|Double-Edge|p2a: Tyranitar
|-resisted|p2a: Tyranitar
|-damage|p2a: Tyranitar|0 fnt
|faint|p2a: Tyranitar
|
|t:|1729369336
|switch|p2a: Charizard|Charizard, F|26/100
|
|-weather|Sandstorm|[upkeep]
|-damage|p2a: Charizard|20/100|[from] Sandstorm
|-heal|p2a: Charizard|26/100|[from] item: Leftovers
|upkeep
|turn|34
|c|☆Rambode|yeah take bro to an optometrist
|c|☆Rambode|jesus
|
|t:|1729369341
|move|p1a: Aerodactyl|Double-Edge|p2a: Charizard
|-damage|p2a: Charizard|0 fnt
|faint|p2a: Charizard
|
|win|Rambode
|c|☆Rambode|ggs
|c|☆Biffo Banana|I mean ggs lol
|c|☆Biffo Banana|not sure what I can do there lol
|c|☆Rambode|yeah, that was rough
|c|☆Rambode|though tbh i was fine with losing a few mons like when you missed blast on skarm
|c|☆Rambode|but it does remove counterplay for you which uh
|c|☆Rambode|sucks
|c|☆Biffo Banana|Yeah I mean missing more than one was really toughh
|c|☆Biffo Banana|The para wasn't great either cause I was tryna eq the jirachi
|c|☆Biffo Banana|I figured you'd expect boom
|c|☆Rambode|i was expecting one of the two and wanted to pivot pert in for a pump
|c|☆Biffo Banana|yeah i get that
|c|☆Biffo Banana|Zard w/ HP grass could've cleaned that up tho 6th mon depending
|c|☆Biffo Banana|Dug?
|c|☆Rambode|ttar
|c|☆Biffo Banana|Makes sense
|c|☆Biffo Banana|Yeah sub punch would be tough to get set there
|c|☆Biffo Banana|Well, ggs
|c|☆Biffo Banana|At least that didn't knock me out
|c|☆Rambode|yeah, but if you did i was cooked, that's why i was fine with saccing stuff into zard
|c|☆Biffo Banana|Yeah heard
|c|☆Rambode|yeah, you still got some games, gl next rounds
|c|☆Biffo Banana|you too
|c|☆Rambode|thx
|player|p1|

</script>
<script type="application/json" class="data" id="replaydata-smogtours-gen3ou-800081">
{"id":"smogtours-gen3ou-800081","format":"[Gen 3] OU","players":["Rambode","Biffo Banana"],"uploadtime":1729369341,"views":86,"formatid":"gen3ou","rating":null,"private":0,"password":null}
</script>

<script defer src="js/replays.js?9d40a366"></script>
