<!DOCTYPE html>
<meta charset="utf-8" />
<meta name="viewport" content="width=device-width" />

<title>[Gen 3] OU: SteelSwaggy vs. Alecss - Replays - Pok&eacute;mon Showdown!</title>

<meta name="description" content="Watch a replay of a Pok&eacute;mon battle between SteelSwaggy and Alecss! Format: [Gen 3] OU; Date: Oct 23, 2024" />
<!--

Hey, you! Looking in the source for the replay log?

You can find them in JSON format, just add `.json` at the end of a replay URL.

https://replay.pokemonshowdown.com/gen7randomdoublesbattle-865046831.json

Or, if you only need the log itself, add `.log` instead:

https://replay.pokemonshowdown.com/gen7randomdoublesbattle-865046831.log

-->

<link rel="stylesheet" href="//pokemonshowdown.com/style/global.css?0.023195364461161105" />
<link rel="stylesheet" href="//play.pokemonshowdown.com/style/font-awesome.css?0.13261647063804238" />
<link rel="stylesheet" href="//play.pokemonshowdown.com/style/battle.css?0.8753245789963631" />
<link rel="stylesheet" href="//play.pokemonshowdown.com/style/utilichart.css?0.8627959624976733" />

<!-- Global site tag (gtag.js) - Google Analytics -->
<script async src="https://www.googletagmanager.com/gtag/js?id=UA-26211653-1"></script>
<script>
  window.dataLayer = window.dataLayer || [];
  function gtag(){dataLayer.push(arguments);}
  gtag('js', new Date());

  gtag('config', 'UA-26211653-1');
</script>
<!-- End Google Analytics -->
<!-- Venatus Ad Manager - Install in <HEAD> of page -->
	<script src="https://hb.vntsm.com/v3/live/ad-manager.min.js" type="text/javascript" data-site-id="642aba63ec9a7b11c3c9c1be" data-mode="scan" async></script>
<!-- / Venatus Ad Manager -->

<style>
	@media (max-width:820px) {
		.battle {
			margin: 0 auto;
		}
		.battle-log {
			margin: 7px auto 0;
			max-width: 640px;
			height: 300px;
			position: static;
		}
	}
	.optgroup {
		display: inline-block;
		line-height: 22px;
		font-size: 10pt;
	}
	.optgroup .button {
		height: 25px;
		padding-top: 0;
		padding-bottom: 0;
	}
	.optgroup button.button {
		padding-left: 12px;
		padding-right: 12px;
	}
	.linklist {
		list-style: none;
		margin: 0.5em 0;
		padding: 0;
	}
	.linklist li {
		padding: 2px 0;
	}
	.sidebar {
		float: left;
		width: 320px;
	}
	.bar-wrapper {
		max-width: 1100px;
		margin: 0 auto;
	}
	.bar-wrapper.has-sidebar {
		max-width: 1430px;
	}
	.mainbar {
		margin: 0;
		padding-right: 1px;
	}
	.mainbar.has-sidebar {
		margin-left: 330px;
	}
	@media (min-width: 1511px) {
		.sidebar {
			width: 400px;
		}
		.bar-wrapper.has-sidebar {
			max-width: 1510px;
		}
		.mainbar.has-sidebar {
			margin-left: 410px;
		}
	}
	.section.first-section {
		margin-top: 9px;
	}
	.blocklink small {
		white-space: normal;
	}
	.button {
		vertical-align: middle;
	}
	.replay-controls {
		padding-top: 10px;
	}
	.replay-controls h1 {
		font-size: 16pt;
		font-weight: normal;
		color: #CCC;
	}
	.pagelink {
		text-align: center;
	}
	.pagelink a {
		width: 150px;
	}
	.textbox, .button {
		font-size: 11pt;
		vertical-align: middle;
	}
	@media (max-width: 450px) {
		.button {
			font-size: 9pt;
		}
	}
</style>

<div>

	<header>
		<div class="nav-wrapper"><ul class="nav">
			<li><a class="button nav-first" href="//pokemonshowdown.com/"><img src="//pokemonshowdown.com/images/pokemonshowdownbeta.png" srcset="//pokemonshowdown.com/images/pokemonshowdownbeta.png 1x, //pokemonshowdown.com/images/pokemonshowdownbeta@2x.png 2x" alt="Pok&eacute;mon Showdown" width="146" height="44" /> Home</a></li>
			<li><a class="button" href="//pokemonshowdown.com/dex/">Pok&eacute;dex</a></li>
			<li><a class="button cur" href="/">Replays</a></li>
			<li><a class="button" href="//pokemonshowdown.com/ladder/">Ladder</a></li>
			<li><a class="button nav-last" href="//pokemonshowdown.com/forums/">Forum</a></li>
			<li><a class="button greenbutton nav-first nav-last" href="//play.pokemonshowdown.com/">Play</a></li>
		</ul></div>
	</header>

	<div class="main" id="main">

		<noscript><section class="section">You need to enable JavaScript to use this page; sorry!</section></noscript>

	</div>

</div>

<script defer nomodule src="//play.pokemonshowdown.com/js/lib/ps-polyfill.js"></script>
<script defer src="//play.pokemonshowdown.com/js/lib/preact.min.js"></script>

<script defer src="//play.pokemonshowdown.com/config/config.js?2bddbc15"></script>
<script defer src="//play.pokemonshowdown.com/js/lib/jquery-1.11.0.min.js"></script>
<script defer src="//play.pokemonshowdown.com/js/lib/html-sanitizer-minified.js"></script>
<script defer src="//play.pokemonshowdown.com/js/battle-sound.js"></script>
<script defer src="//play.pokemonshowdown.com/js/battledata.js?0.7209276989879541"></script>
<script defer src="//play.pokemonshowdown.com/data/pokedex-mini.js?0.6111056340867951"></script>
<script defer src="//play.pokemonshowdown.com/data/pokedex-mini-bw.js?0.3532142036491459"></script>
<script defer src="//play.pokemonshowdown.com/data/graphics.js?0.24223875632456182"></script>
<script defer src="//play.pokemonshowdown.com/data/pokedex.js?0.38839984266356864"></script>
<script defer src="//play.pokemonshowdown.com/data/moves.js?0.21866028504024015"></script>
<script defer src="//play.pokemonshowdown.com/data/abilities.js?0.2005157953846628"></script>
<script defer src="//play.pokemonshowdown.com/data/items.js?0.9894211263848525"></script>
<script defer src="//play.pokemonshowdown.com/data/teambuilder-tables.js?0.6008791140282215"></script>
<script defer src="//play.pokemonshowdown.com/js/battle-tooltips.js?0.7580118955022959"></script>
<script defer src="//play.pokemonshowdown.com/js/battle.js?0.6057722274234274"></script>

<script defer src="js/utils.js?e31f9a17"></script>
<script defer src="js/replays-battle.js?7008c182"></script>

<!-- don't scrape this data! just add .json or .log after the URL!
Full API docs: https://github.com/smogon/pokemon-showdown-client/blob/master/WEB-API.md -->
<script type="text/plain" class="log" id="replaylog-smogtours-gen3ou-801350">
|inactive|Battle timer is ON: inactive players will automatically lose when time's up.
|t:|1729659521
|gametype|singles
|player|p1|SteelSwaggy|scientist-gen4dp|
|player|p2|Alecss|red-gen1|
|teamsize|p1|6
|teamsize|p2|6
|gen|3
|tier|[Gen 3] OU
|rule|Sleep Clause Mod: Limit one foe put to sleep
|rule|Switch Priority Clause Mod: Faster Pokémon switch first
|rule|Species Clause: Limit one of each Pokémon
|rule|OHKO Clause: OHKO moves are banned
|rule|Evasion Items Clause: Evasion items are banned
|rule|Evasion Moves Clause: Evasion moves are banned
|rule|Endless Battle Clause: Forcing endless battles is banned
|rule|HP Percentage Mod: HP is shown in percentages
|rule|One Boost Passer Clause: Limit one Baton Passer that has a way to boost its stats
|rule|Freeze Clause Mod: Limit one foe frozen
|
|t:|1729659521
|start
|switch|p1a: Jakka|Tyranitar, M|100/100
|switch|p2a: Dwayne Johnson|Regirock|100/100
|-weather|Sandstorm|[from] ability: Sand Stream|[of] p1a: Jakka
|turn|1
|c|☆SteelSwaggy|Alrighty, last one. hf
|inactive|Alecss has 270 seconds left.
|c|☆Alecss|last one.
|c|☆Alecss|hf
|
|t:|1729659574
|switch|p1a: Baudimon|Forretress, M|100/100
|move|p2a: Dwayne Johnson|Thunder Wave|p1a: Baudimon
|-status|p1a: Baudimon|par
|
|-weather|Sandstorm|[upkeep]
|upkeep
|turn|2
|
|t:|1729659578
|move|p2a: Dwayne Johnson|Rock Slide|p1a: Baudimon|[miss]
|-miss|p2a: Dwayne Johnson|p1a: Baudimon
|move|p1a: Baudimon|Spikes|p2a: Dwayne Johnson
|-sidestart|p2: Alecss|Spikes
|
|-weather|Sandstorm|[upkeep]
|upkeep
|turn|3
|
|t:|1729659584
|move|p2a: Dwayne Johnson|Rock Slide|p1a: Baudimon
|-damage|p1a: Baudimon|75/100 par
|move|p1a: Baudimon|Spikes|p2a: Dwayne Johnson
|-sidestart|p2: Alecss|Spikes
|
|-weather|Sandstorm|[upkeep]
|-heal|p1a: Baudimon|81/100 par|[from] item: Leftovers
|upkeep
|turn|4
|
|t:|1729659589
|switch|p2a: Where is skarm?|Magneton|100/100
|-damage|p2a: Where is skarm?|84/100|[from] Spikes
|move|p1a: Baudimon|Spikes|p2a: Where is skarm?
|-sidestart|p2: Alecss|Spikes
|
|-weather|Sandstorm|[upkeep]
|-heal|p1a: Baudimon|88/100 par|[from] item: Leftovers
|upkeep
|turn|5
|
|t:|1729659592
|move|p2a: Where is skarm?|Hidden Power|p1a: Baudimon
|-supereffective|p1a: Baudimon
|-damage|p1a: Baudimon|0 fnt
|faint|p1a: Baudimon
|
|t:|1729659602
|switch|p1a: Tendaris|Salamence, M|100/100
|-ability|p1a: Tendaris|Intimidate|boost
|-unboost|p2a: Where is skarm?|atk|1
|
|-weather|Sandstorm|[upkeep]
|-damage|p1a: Tendaris|94/100|[from] Sandstorm
|-heal|p1a: Tendaris|100/100|[from] item: Leftovers
|upkeep
|turn|6
|
|t:|1729659607
|switch|p2a: Salamence|Salamence, F|100/100
|-ability|p2a: Salamence|Intimidate|boost
|-unboost|p1a: Tendaris|atk|1
|move|p1a: Tendaris|Earthquake|p2a: Salamence
|-immune|p2a: Salamence
|
|-weather|Sandstorm|[upkeep]
|-damage|p1a: Tendaris|94/100|[from] Sandstorm
|-damage|p2a: Salamence|94/100|[from] Sandstorm
|-heal|p1a: Tendaris|100/100|[from] item: Leftovers
|-heal|p2a: Salamence|100/100|[from] item: Leftovers
|upkeep
|turn|7
|inactive|Alecss has 270 seconds left.
|
|t:|1729659648
|switch|p1a: Isabelle|Jirachi|100/100
|move|p2a: Salamence|Earthquake|p1a: Isabelle
|-supereffective|p1a: Isabelle
|-damage|p1a: Isabelle|37/100
|
|-weather|Sandstorm|[upkeep]
|-damage|p2a: Salamence|94/100|[from] Sandstorm
|-heal|p2a: Salamence|100/100|[from] item: Leftovers
|-heal|p1a: Isabelle|43/100|[from] item: Leftovers
|upkeep
|turn|8
|inactive|Alecss has 240 seconds left.
|
|t:|1729659683
|switch|p1a: Tendaris|Salamence, M|100/100
|-ability|p1a: Tendaris|Intimidate|boost
|-unboost|p2a: Salamence|atk|1
|move|p2a: Salamence|Dragon Dance|p2a: Salamence
|-boost|p2a: Salamence|atk|1
|-boost|p2a: Salamence|spe|1
|
|-weather|Sandstorm|[upkeep]
|-damage|p2a: Salamence|94/100|[from] Sandstorm
|-damage|p1a: Tendaris|94/100|[from] Sandstorm
|-heal|p2a: Salamence|100/100|[from] item: Leftovers
|-heal|p1a: Tendaris|100/100|[from] item: Leftovers
|upkeep
|turn|9
|
|t:|1729659693
|move|p2a: Salamence|Dragon Dance|p2a: Salamence
|-boost|p2a: Salamence|atk|1
|-boost|p2a: Salamence|spe|1
|move|p1a: Tendaris|Rock Slide|p2a: Salamence
|-supereffective|p2a: Salamence
|-damage|p2a: Salamence|35/100
|
|-weather|Sandstorm|[upkeep]
|-damage|p2a: Salamence|29/100|[from] Sandstorm
|-damage|p1a: Tendaris|94/100|[from] Sandstorm
|-heal|p2a: Salamence|35/100|[from] item: Leftovers
|-heal|p1a: Tendaris|100/100|[from] item: Leftovers
|upkeep
|turn|10
|
|t:|1729659699
|switch|p1a: Isabelle|Jirachi|43/100
|move|p2a: Salamence|Rock Slide|p1a: Isabelle
|-resisted|p1a: Isabelle
|-damage|p1a: Isabelle|24/100
|
|-weather|Sandstorm|[upkeep]
|-damage|p2a: Salamence|29/100|[from] Sandstorm
|-heal|p2a: Salamence|35/100|[from] item: Leftovers
|-heal|p1a: Isabelle|30/100|[from] item: Leftovers
|upkeep
|turn|11
|
|t:|1729659704
|move|p2a: Salamence|Earthquake|p1a: Isabelle
|-supereffective|p1a: Isabelle
|-damage|p1a: Isabelle|0 fnt
|faint|p1a: Isabelle
|
|t:|1729659707
|switch|p1a: Tendaris|Salamence, M|100/100
|-ability|p1a: Tendaris|Intimidate|boost
|-unboost|p2a: Salamence|atk|1
|
|-weather|Sandstorm|[upkeep]
|-damage|p2a: Salamence|29/100|[from] Sandstorm
|-damage|p1a: Tendaris|94/100|[from] Sandstorm
|-heal|p2a: Salamence|35/100|[from] item: Leftovers
|-heal|p1a: Tendaris|100/100|[from] item: Leftovers
|upkeep
|turn|12
|
|t:|1729659711
|move|p2a: Salamence|Rock Slide|p1a: Tendaris
|-supereffective|p1a: Tendaris
|-damage|p1a: Tendaris|38/100
|move|p1a: Tendaris|Hidden Power|p2a: Salamence
|-damage|p2a: Salamence|0 fnt
|faint|p2a: Salamence
|
|t:|1729659720
|switch|p2a: Dwayne Johnson|Regirock|100/100
|-damage|p2a: Dwayne Johnson|76/100|[from] Spikes
|
|-weather|Sandstorm|[upkeep]
|-damage|p1a: Tendaris|32/100|[from] Sandstorm
|-heal|p1a: Tendaris|38/100|[from] item: Leftovers
|-heal|p2a: Dwayne Johnson|82/100|[from] item: Leftovers
|upkeep
|turn|13
|
|t:|1729659727
|move|p1a: Tendaris|Earthquake|p2a: Dwayne Johnson
|-supereffective|p2a: Dwayne Johnson
|-damage|p2a: Dwayne Johnson|36/100
|move|p2a: Dwayne Johnson|Rock Slide|p1a: Tendaris
|-supereffective|p1a: Tendaris
|-damage|p1a: Tendaris|0 fnt
|faint|p1a: Tendaris
|
|t:|1729659737
|switch|p1a: Buggi|Aerodactyl, M|100/100
|
|-weather|Sandstorm|[upkeep]
|-heal|p2a: Dwayne Johnson|42/100|[from] item: Leftovers
|upkeep
|turn|14
|
|t:|1729659745
|move|p1a: Buggi|Earthquake|p2a: Dwayne Johnson
|-supereffective|p2a: Dwayne Johnson
|-crit|p2a: Dwayne Johnson
|-damage|p2a: Dwayne Johnson|0 fnt
|faint|p2a: Dwayne Johnson
|
|t:|1729659749
|switch|p2a: Suicune|Suicune|100/100
|-damage|p2a: Suicune|76/100|[from] Spikes
|
|-weather|Sandstorm|[upkeep]
|-damage|p2a: Suicune|69/100|[from] Sandstorm
|-heal|p2a: Suicune|76/100|[from] item: Leftovers
|upkeep
|turn|15
|
|t:|1729659756
|switch|p1a: Galahad|Metagross|100/100
|move|p2a: Suicune|Surf|p1a: Galahad
|-damage|p1a: Galahad|62/100
|
|-weather|Sandstorm|[upkeep]
|-damage|p2a: Suicune|69/100|[from] Sandstorm
|-heal|p2a: Suicune|76/100|[from] item: Leftovers
|-heal|p1a: Galahad|68/100|[from] item: Leftovers
|upkeep
|turn|16
|
|t:|1729659773
|switch|p2a: Snorlax|Snorlax, M|100/100
|-damage|p2a: Snorlax|76/100|[from] Spikes
|move|p1a: Galahad|Thunder Punch|p2a: Snorlax
|-damage|p2a: Snorlax|62/100
|
|-weather|Sandstorm|[upkeep]
|-damage|p2a: Snorlax|56/100|[from] Sandstorm
|-heal|p1a: Galahad|74/100|[from] item: Leftovers
|-heal|p2a: Snorlax|62/100|[from] item: Leftovers
|upkeep
|turn|17
|
|t:|1729659779
|move|p1a: Galahad|Earthquake|p2a: Snorlax
|-damage|p2a: Snorlax|37/100
|move|p2a: Snorlax|Curse|p2a: Snorlax
|-unboost|p2a: Snorlax|spe|1
|-boost|p2a: Snorlax|atk|1
|-boost|p2a: Snorlax|def|1
|
|-weather|Sandstorm|[upkeep]
|-damage|p2a: Snorlax|31/100|[from] Sandstorm
|-heal|p1a: Galahad|80/100|[from] item: Leftovers
|-heal|p2a: Snorlax|37/100|[from] item: Leftovers
|upkeep
|turn|18
|
|t:|1729659783
|move|p1a: Galahad|Psychic|p2a: Snorlax
|-damage|p2a: Snorlax|14/100
|move|p2a: Snorlax|Earthquake|p1a: Galahad
|-supereffective|p1a: Galahad
|-damage|p1a: Galahad|10/100
|
|-weather|Sandstorm|[upkeep]
|-damage|p2a: Snorlax|8/100|[from] Sandstorm
|-heal|p1a: Galahad|16/100|[from] item: Leftovers
|-heal|p2a: Snorlax|14/100|[from] item: Leftovers
|upkeep
|turn|19
|
|t:|1729659786
|move|p1a: Galahad|Psychic|p2a: Snorlax
|-damage|p2a: Snorlax|0 fnt
|faint|p2a: Snorlax
|
|t:|1729659789
|switch|p2a: Where is skarm?|Magneton|84/100
|-damage|p2a: Where is skarm?|59/100|[from] Spikes
|
|-weather|Sandstorm|[upkeep]
|-heal|p1a: Galahad|22/100|[from] item: Leftovers
|upkeep
|turn|20
|
|t:|1729659792
|move|p2a: Where is skarm?|Thunderbolt|p1a: Galahad
|-damage|p1a: Galahad|0 fnt
|faint|p1a: Galahad
|
|t:|1729659795
|switch|p1a: Buggi|Aerodactyl, M|100/100
|
|-weather|Sandstorm|[upkeep]
|upkeep
|turn|21
|
|t:|1729659797
|move|p1a: Buggi|Earthquake|p2a: Where is skarm?
|-supereffective|p2a: Where is skarm?
|-damage|p2a: Where is skarm?|0 fnt
|faint|p2a: Where is skarm?
|
|t:|1729659799
|switch|p2a: Dugtrio? Idk|Metagross|100/100
|-damage|p2a: Dugtrio? Idk|76/100|[from] Spikes
|
|-weather|Sandstorm|[upkeep]
|-heal|p2a: Dugtrio? Idk|82/100|[from] item: Leftovers
|upkeep
|turn|22
|
|t:|1729659803
|move|p1a: Buggi|Earthquake|p2a: Dugtrio? Idk
|-supereffective|p2a: Dugtrio? Idk
|-damage|p2a: Dugtrio? Idk|5/100
|move|p2a: Dugtrio? Idk|Meteor Mash|p1a: Buggi
|-supereffective|p1a: Buggi
|-damage|p1a: Buggi|0 fnt
|faint|p1a: Buggi
|
|t:|1729659808
|switch|p1a: Jakka|Tyranitar, M|100/100
|
|-weather|Sandstorm|[upkeep]
|-heal|p2a: Dugtrio? Idk|11/100|[from] item: Leftovers
|upkeep
|turn|23
|
|t:|1729659816
|move|p2a: Dugtrio? Idk|Explosion|p1a: Jakka
|-resisted|p1a: Jakka
|-damage|p1a: Jakka|18/100
|faint|p2a: Dugtrio? Idk
|
|t:|1729659818
|switch|p2a: Suicune|Suicune|76/100
|-damage|p2a: Suicune|51/100|[from] Spikes
|
|-weather|Sandstorm|[upkeep]
|-damage|p2a: Suicune|44/100|[from] Sandstorm
|-heal|p2a: Suicune|51/100|[from] item: Leftovers
|upkeep
|turn|24
|
|t:|1729659821
|move|p2a: Suicune|Surf|p1a: Jakka
|-supereffective|p1a: Jakka
|-damage|p1a: Jakka|0 fnt
|faint|p1a: Jakka
|
|win|Alecss
|c|☆Alecss|gg
|c|☆SteelSwaggy|gg, good set
|c|☆Alecss|wp 
|c|☆SteelSwaggy|I'm happy to go out this way, wp.

</script>
<script type="application/json" class="data" id="replaydata-smogtours-gen3ou-801350">
{"id":"smogtours-gen3ou-801350","format":"[Gen 3] OU","players":["SteelSwaggy","Alecss"],"uploadtime":1729659821,"views":151,"formatid":"gen3ou","rating":null,"private":0,"password":null}
</script>

<script defer src="js/replays.js?9d40a366"></script>
