<!DOCTYPE html>
<meta charset="utf-8" />
<meta name="viewport" content="width=device-width" />

<title>[Gen 3] OU: Baptosta vs. 4lowrey - Replays - Pok&eacute;mon Showdown!</title>

<meta name="description" content="Watch a replay of a Pok&eacute;mon battle between Baptosta and 4lowrey! Format: [Gen 3] OU; Date: Oct 2, 2024" />
<!--

Hey, you! Looking in the source for the replay log?

You can find them in JSON format, just add `.json` at the end of a replay URL.

https://replay.pokemonshowdown.com/gen7randomdoublesbattle-865046831.json

Or, if you only need the log itself, add `.log` instead:

https://replay.pokemonshowdown.com/gen7randomdoublesbattle-865046831.log

-->

<link rel="stylesheet" href="//pokemonshowdown.com/style/global.css?0.767286132409787" />
<link rel="stylesheet" href="//play.pokemonshowdown.com/style/font-awesome.css?0.9266228007934947" />
<link rel="stylesheet" href="//play.pokemonshowdown.com/style/battle.css?0.7924700842790926" />
<link rel="stylesheet" href="//play.pokemonshowdown.com/style/utilichart.css?0.8777417872839479" />

<!-- Global site tag (gtag.js) - Google Analytics -->
<script async src="https://www.googletagmanager.com/gtag/js?id=UA-26211653-1"></script>
<script>
  window.dataLayer = window.dataLayer || [];
  function gtag(){dataLayer.push(arguments);}
  gtag('js', new Date());

  gtag('config', 'UA-26211653-1');
</script>
<!-- End Google Analytics -->
<!-- Venatus Ad Manager - Install in <HEAD> of page -->
	<script src="https://hb.vntsm.com/v3/live/ad-manager.min.js" type="text/javascript" data-site-id="642aba63ec9a7b11c3c9c1be" data-mode="scan" async></script>
<!-- / Venatus Ad Manager -->

<style>
	@media (max-width:820px) {
		.battle {
			margin: 0 auto;
		}
		.battle-log {
			margin: 7px auto 0;
			max-width: 640px;
			height: 300px;
			position: static;
		}
	}
	.optgroup {
		display: inline-block;
		line-height: 22px;
		font-size: 10pt;
	}
	.optgroup .button {
		height: 25px;
		padding-top: 0;
		padding-bottom: 0;
	}
	.optgroup button.button {
		padding-left: 12px;
		padding-right: 12px;
	}
	.linklist {
		list-style: none;
		margin: 0.5em 0;
		padding: 0;
	}
	.linklist li {
		padding: 2px 0;
	}
	.sidebar {
		float: left;
		width: 320px;
	}
	.bar-wrapper {
		max-width: 1100px;
		margin: 0 auto;
	}
	.bar-wrapper.has-sidebar {
		max-width: 1430px;
	}
	.mainbar {
		margin: 0;
		padding-right: 1px;
	}
	.mainbar.has-sidebar {
		margin-left: 330px;
	}
	@media (min-width: 1511px) {
		.sidebar {
			width: 400px;
		}
		.bar-wrapper.has-sidebar {
			max-width: 1510px;
		}
		.mainbar.has-sidebar {
			margin-left: 410px;
		}
	}
	.section.first-section {
		margin-top: 9px;
	}
	.blocklink small {
		white-space: normal;
	}
	.button {
		vertical-align: middle;
	}
	.replay-controls {
		padding-top: 10px;
	}
	.replay-controls h1 {
		font-size: 16pt;
		font-weight: normal;
		color: #CCC;
	}
	.pagelink {
		text-align: center;
	}
	.pagelink a {
		width: 150px;
	}
	.textbox, .button {
		font-size: 11pt;
		vertical-align: middle;
	}
	@media (max-width: 450px) {
		.button {
			font-size: 9pt;
		}
	}
</style>

<div>

	<header>
		<div class="nav-wrapper"><ul class="nav">
			<li><a class="button nav-first" href="//pokemonshowdown.com/"><img src="//pokemonshowdown.com/images/pokemonshowdownbeta.png" srcset="//pokemonshowdown.com/images/pokemonshowdownbeta.png 1x, //pokemonshowdown.com/images/pokemonshowdownbeta@2x.png 2x" alt="Pok&eacute;mon Showdown" width="146" height="44" /> Home</a></li>
			<li><a class="button" href="//pokemonshowdown.com/dex/">Pok&eacute;dex</a></li>
			<li><a class="button cur" href="/">Replays</a></li>
			<li><a class="button" href="//pokemonshowdown.com/ladder/">Ladder</a></li>
			<li><a class="button nav-last" href="//pokemonshowdown.com/forums/">Forum</a></li>
			<li><a class="button greenbutton nav-first nav-last" href="//play.pokemonshowdown.com/">Play</a></li>
		</ul></div>
	</header>

	<div class="main" id="main">

		<noscript><section class="section">You need to enable JavaScript to use this page; sorry!</section></noscript>

	</div>

</div>

<script defer nomodule src="//play.pokemonshowdown.com/js/lib/ps-polyfill.js"></script>
<script defer src="//play.pokemonshowdown.com/js/lib/preact.min.js"></script>

<script defer src="//play.pokemonshowdown.com/config/config.js?6dec07f6"></script>
<script defer src="//play.pokemonshowdown.com/js/lib/jquery-1.11.0.min.js"></script>
<script defer src="//play.pokemonshowdown.com/js/lib/html-sanitizer-minified.js"></script>
<script defer src="//play.pokemonshowdown.com/js/battle-sound.js"></script>
<script defer src="//play.pokemonshowdown.com/js/battledata.js?0.6315294753075389"></script>
<script defer src="//play.pokemonshowdown.com/data/pokedex-mini.js?0.7603743185311358"></script>
<script defer src="//play.pokemonshowdown.com/data/pokedex-mini-bw.js?0.030888842834281283"></script>
<script defer src="//play.pokemonshowdown.com/data/graphics.js?0.05593094747507488"></script>
<script defer src="//play.pokemonshowdown.com/data/pokedex.js?0.47064822249611904"></script>
<script defer src="//play.pokemonshowdown.com/data/moves.js?0.8583693120512459"></script>
<script defer src="//play.pokemonshowdown.com/data/abilities.js?0.16017181182386842"></script>
<script defer src="//play.pokemonshowdown.com/data/items.js?0.4163379185673943"></script>
<script defer src="//play.pokemonshowdown.com/data/teambuilder-tables.js?0.31075597372830477"></script>
<script defer src="//play.pokemonshowdown.com/js/battle-tooltips.js?0.6536193500708172"></script>
<script defer src="//play.pokemonshowdown.com/js/battle.js?0.1916591943277901"></script>

<script defer src="js/utils.js?e31f9a17"></script>
<script defer src="js/replays-battle.js?7008c182"></script>

<!-- don't scrape this data! just add .json or .log after the URL!
Full API docs: https://github.com/smogon/pokemon-showdown-client/blob/master/WEB-API.md -->
<script type="text/plain" class="log" id="replaylog-smogtours-gen3ou-793982">
|inactive|Battle timer is ON: inactive players will automatically lose when time's up.
|t:|1727890367
|gametype|singles
|player|p1|Baptosta|170|
|player|p2|4lowrey|veteranf|
|teamsize|p1|6
|teamsize|p2|6
|gen|3
|tier|[Gen 3] OU
|rule|Sleep Clause Mod: Limit one foe put to sleep
|rule|Switch Priority Clause Mod: Faster Pokémon switch first
|rule|Species Clause: Limit one of each Pokémon
|rule|OHKO Clause: OHKO moves are banned
|rule|Evasion Items Clause: Evasion items are banned
|rule|Evasion Moves Clause: Evasion moves are banned
|rule|Endless Battle Clause: Forcing endless battles is banned
|rule|HP Percentage Mod: HP is shown in percentages
|rule|One Boost Passer Clause: Limit one Baton Passer that has a way to boost its stats
|rule|Freeze Clause Mod: Limit one foe frozen
|
|t:|1727890367
|start
|switch|p1a: Give me Bug|Heracross, F|100/100
|switch|p2a: Tyranitar|Tyranitar, F|100/100
|-weather|Sandstorm|[from] ability: Sand Stream|[of] p2a: Tyranitar
|turn|1
|
|t:|1727890378
|switch|p2a: Skarmory|Skarmory, M|100/100
|move|p1a: Give me Bug|Megahorn|p2a: Skarmory
|-resisted|p2a: Skarmory
|-damage|p2a: Skarmory|80/100
|
|-weather|Sandstorm|[upkeep]
|-damage|p1a: Give me Bug|95/100|[from] Sandstorm
|-heal|p2a: Skarmory|86/100|[from] item: Leftovers
|upkeep
|turn|2
|
|t:|1727890400
|switch|p1a: Champion|Hariyama, M|100/100
|move|p2a: Skarmory|Spikes|p1a: Champion
|-sidestart|p1: Baptosta|Spikes
|
|-weather|Sandstorm|[upkeep]
|-damage|p1a: Champion|94/100|[from] Sandstorm
|-heal|p2a: Skarmory|92/100|[from] item: Leftovers
|-heal|p1a: Champion|100/100|[from] item: Leftovers
|upkeep
|turn|3
|
|t:|1727890403
|move|p2a: Skarmory|Protect|p2a: Skarmory
|-singleturn|p2a: Skarmory|Protect
|move|p1a: Champion|Knock Off|p2a: Skarmory
|-activate|p2a: Skarmory|Protect
|
|-weather|Sandstorm|[upkeep]
|-damage|p1a: Champion|94/100|[from] Sandstorm
|-heal|p2a: Skarmory|98/100|[from] item: Leftovers
|-heal|p1a: Champion|100/100|[from] item: Leftovers
|upkeep
|turn|4
|
|t:|1727890418
|-singleturn|p1a: Champion|move: Focus Punch
|move|p2a: Skarmory|Spikes|p1a: Champion
|-sidestart|p1: Baptosta|Spikes
|move|p1a: Champion|Focus Punch|p2a: Skarmory
|-damage|p2a: Skarmory|38/100
|
|-weather|Sandstorm|[upkeep]
|-damage|p1a: Champion|94/100|[from] Sandstorm
|-heal|p2a: Skarmory|44/100|[from] item: Leftovers
|-heal|p1a: Champion|100/100|[from] item: Leftovers
|upkeep
|turn|5
|
|t:|1727890429
|move|p2a: Skarmory|Protect|p2a: Skarmory
|-singleturn|p2a: Skarmory|Protect
|move|p1a: Champion|Knock Off|p2a: Skarmory
|-activate|p2a: Skarmory|Protect
|
|-weather|Sandstorm|[upkeep]
|-damage|p1a: Champion|94/100|[from] Sandstorm
|-heal|p2a: Skarmory|50/100|[from] item: Leftovers
|-heal|p1a: Champion|100/100|[from] item: Leftovers
|upkeep
|turn|6
|
|t:|1727890434
|move|p2a: Skarmory|Drill Peck|p1a: Champion
|-supereffective|p1a: Champion
|-damage|p1a: Champion|63/100
|move|p1a: Champion|Knock Off|p2a: Skarmory
|-resisted|p2a: Skarmory
|-damage|p2a: Skarmory|49/100
|-enditem|p2a: Skarmory|Leftovers|[from] move: Knock Off|[of] p1a: Champion
|-hint|In Gens 3-4, Knock Off only makes the target's item unusable; it cannot obtain a new item.
|
|-weather|Sandstorm|[upkeep]
|-damage|p1a: Champion|57/100|[from] Sandstorm
|-heal|p1a: Champion|63/100|[from] item: Leftovers
|upkeep
|turn|7
|
|t:|1727890444
|switch|p1a: Ball room toy|Claydol|100/100
|move|p2a: Skarmory|Spikes|p1a: Ball room toy
|-sidestart|p1: Baptosta|Spikes
|
|-weather|Sandstorm|[upkeep]
|upkeep
|turn|8
|
|t:|1727890452
|move|p2a: Skarmory|Protect|p2a: Skarmory
|-singleturn|p2a: Skarmory|Protect
|move|p1a: Ball room toy|Psychic|p2a: Skarmory
|-activate|p2a: Skarmory|Protect
|
|-weather|Sandstorm|[upkeep]
|upkeep
|turn|9
|
|t:|1727890469
|switch|p2a: Gengar|Gengar, F|100/100
|move|p1a: Ball room toy|Rapid Spin|p2a: Gengar
|-immune|p2a: Gengar
|
|-weather|Sandstorm|[upkeep]
|-damage|p2a: Gengar|94/100|[from] Sandstorm
|-heal|p2a: Gengar|100/100|[from] item: Leftovers
|upkeep
|turn|10
|
|t:|1727890483
|switch|p1a: Wyvern|Milotic, F|100/100
|-damage|p1a: Wyvern|76/100|[from] Spikes
|move|p2a: Gengar|Giga Drain|p1a: Wyvern
|-supereffective|p1a: Wyvern
|-damage|p1a: Wyvern|49/100
|
|-weather|Sandstorm|[upkeep]
|-damage|p2a: Gengar|94/100|[from] Sandstorm
|-damage|p1a: Wyvern|43/100|[from] Sandstorm
|-heal|p2a: Gengar|100/100|[from] item: Leftovers
|-heal|p1a: Wyvern|49/100|[from] item: Leftovers
|upkeep
|turn|11
|
|t:|1727890489
|move|p2a: Gengar|Taunt|p1a: Wyvern
|-start|p1a: Wyvern|move: Taunt
|cant|p1a: Wyvern|move: Taunt|Recover
|
|-weather|Sandstorm|[upkeep]
|-damage|p2a: Gengar|94/100|[from] Sandstorm
|-damage|p1a: Wyvern|43/100|[from] Sandstorm
|-heal|p2a: Gengar|100/100|[from] item: Leftovers
|-heal|p1a: Wyvern|49/100|[from] item: Leftovers
|upkeep
|turn|12
|
|t:|1727890498
|switch|p1a: One|Celebi|100/100
|-damage|p1a: One|76/100|[from] Spikes
|move|p2a: Gengar|Giga Drain|p1a: One
|-resisted|p1a: One
|-damage|p1a: One|70/100
|
|-weather|Sandstorm|[upkeep]
|-damage|p2a: Gengar|94/100|[from] Sandstorm
|-damage|p1a: One|63/100|[from] Sandstorm
|-heal|p2a: Gengar|100/100|[from] item: Leftovers
|-heal|p1a: One|70/100|[from] item: Leftovers
|upkeep
|turn|13
|
|t:|1727890521
|switch|p2a: Tyranitar|Tyranitar, F|100/100
|move|p1a: One|Psychic|p2a: Tyranitar
|-immune|p2a: Tyranitar
|
|-weather|Sandstorm|[upkeep]
|-damage|p1a: One|63/100|[from] Sandstorm
|-heal|p1a: One|70/100|[from] item: Leftovers
|upkeep
|turn|14
|
|t:|1727890533
|move|p1a: One|Leech Seed|p2a: Tyranitar
|-start|p2a: Tyranitar|move: Leech Seed
|move|p2a: Tyranitar|Dragon Dance|p2a: Tyranitar
|-boost|p2a: Tyranitar|atk|1
|-boost|p2a: Tyranitar|spe|1
|
|-weather|Sandstorm|[upkeep]
|-damage|p1a: One|63/100|[from] Sandstorm
|-damage|p2a: Tyranitar|88/100|[from] Leech Seed|[of] p1a: One
|-heal|p1a: One|76/100|[silent]
|-heal|p1a: One|82/100|[from] item: Leftovers
|upkeep
|turn|15
|
|t:|1727890536
|move|p2a: Tyranitar|Hidden Power|p1a: One
|-supereffective|p1a: One
|-damage|p1a: One|0 fnt
|faint|p1a: One
|
|t:|1727890546
|switch|p1a: Give me Bug|Heracross, F|95/100
|-damage|p1a: Give me Bug|70/100|[from] Spikes
|
|-weather|Sandstorm|[upkeep]
|-damage|p1a: Give me Bug|64/100|[from] Sandstorm
|-heal|p2a: Tyranitar|94/100|[from] item: Leftovers
|-damage|p2a: Tyranitar|82/100|[from] Leech Seed|[of] p1a: Give me Bug
|-heal|p1a: Give me Bug|80/100|[silent]
|upkeep
|turn|16
|
|t:|1727890559
|switch|p2a: Skarmory|Skarmory, M|49/100
|move|p1a: Give me Bug|Megahorn|p2a: Skarmory
|-resisted|p2a: Skarmory
|-damage|p2a: Skarmory|31/100
|
|-weather|Sandstorm|[upkeep]
|-damage|p1a: Give me Bug|74/100|[from] Sandstorm
|upkeep
|turn|17
|
|t:|1727890565
|switch|p1a: Ball room toy|Claydol|100/100
|move|p2a: Skarmory|Drill Peck|p1a: Ball room toy
|-damage|p1a: Ball room toy|81/100
|
|-weather|Sandstorm|[upkeep]
|-heal|p1a: Ball room toy|87/100|[from] item: Leftovers
|upkeep
|turn|18
|
|t:|1727890569
|move|p2a: Skarmory|Protect|p2a: Skarmory
|-singleturn|p2a: Skarmory|Protect
|move|p1a: Ball room toy|Rapid Spin|p2a: Skarmory
|-activate|p2a: Skarmory|Protect
|
|-weather|Sandstorm|[upkeep]
|-heal|p1a: Ball room toy|94/100|[from] item: Leftovers
|upkeep
|turn|19
|
|t:|1727890582
|switch|p2a: Gengar|Gengar, F|100/100
|move|p1a: Ball room toy|Psychic|p2a: Gengar
|-supereffective|p2a: Gengar
|-crit|p2a: Gengar
|-damage|p2a: Gengar|0 fnt
|faint|p2a: Gengar
|inactive|4lowrey has 270 seconds left.
|
|t:|1727890626
|switch|p2a: Swampert|Swampert, F|100/100
|
|-weather|Sandstorm|[upkeep]
|-heal|p1a: Ball room toy|99/100|[from] item: Leftovers
|upkeep
|turn|20
|
|t:|1727890647
|move|p1a: Ball room toy|Rapid Spin|p2a: Swampert
|-damage|p2a: Swampert|98/100
|-sideend|p1: Baptosta|Spikes|[from] move: Rapid Spin|[of] p1a: Ball room toy
|move|p2a: Swampert|Toxic|p1a: Ball room toy|[miss]
|-miss|p2a: Swampert|p1a: Ball room toy
|
|-weather|Sandstorm|[upkeep]
|-heal|p1a: Ball room toy|100/100|[from] item: Leftovers
|-heal|p2a: Swampert|100/100|[from] item: Leftovers
|upkeep
|turn|21
|
|t:|1727890656
|switch|p1a: Champion|Hariyama, M|63/100
|move|p2a: Swampert|Surf|p1a: Champion
|-damage|p1a: Champion|27/100
|
|-weather|Sandstorm|[upkeep]
|-damage|p1a: Champion|21/100|[from] Sandstorm
|-heal|p1a: Champion|27/100|[from] item: Leftovers
|upkeep
|turn|22
|
|t:|1727890663
|move|p2a: Swampert|Protect|p2a: Swampert
|-singleturn|p2a: Swampert|Protect
|move|p1a: Champion|Knock Off|p2a: Swampert
|-activate|p2a: Swampert|Protect
|
|-weather|Sandstorm|[upkeep]
|-damage|p1a: Champion|21/100|[from] Sandstorm
|-heal|p1a: Champion|27/100|[from] item: Leftovers
|upkeep
|turn|23
|
|t:|1727890669
|move|p2a: Swampert|Surf|p1a: Champion
|-damage|p1a: Champion|0 fnt
|faint|p1a: Champion
|
|t:|1727890673
|switch|p1a: Wyvern|Milotic, F|49/100
|
|-weather|Sandstorm|[upkeep]
|-damage|p1a: Wyvern|43/100|[from] Sandstorm
|-heal|p1a: Wyvern|49/100|[from] item: Leftovers
|upkeep
|turn|24
|
|t:|1727890676
|move|p1a: Wyvern|Recover|p1a: Wyvern
|-heal|p1a: Wyvern|99/100
|move|p2a: Swampert|Toxic|p1a: Wyvern
|-status|p1a: Wyvern|tox
|
|-weather|Sandstorm|[upkeep]
|-damage|p1a: Wyvern|93/100 tox|[from] Sandstorm
|-heal|p1a: Wyvern|99/100 tox|[from] item: Leftovers
|-damage|p1a: Wyvern|93/100 tox|[from] psn
|upkeep
|turn|25
|
|t:|1727890683
|switch|p2a: Zapdos|Zapdos|100/100
|move|p1a: Wyvern|Hypnosis|p2a: Zapdos
|-status|p2a: Zapdos|slp|[from] move: Hypnosis
|
|-weather|Sandstorm|[upkeep]
|-damage|p2a: Zapdos|94/100 slp|[from] Sandstorm
|-damage|p1a: Wyvern|87/100 tox|[from] Sandstorm
|-heal|p2a: Zapdos|100/100 slp|[from] item: Leftovers
|-heal|p1a: Wyvern|93/100 tox|[from] item: Leftovers
|-damage|p1a: Wyvern|80/100 tox|[from] psn
|upkeep
|turn|26
|
|t:|1727890690
|switch|p1a: Give me Bug|Heracross, F|74/100
|cant|p2a: Zapdos|slp
|
|-weather|Sandstorm|[upkeep]
|-damage|p1a: Give me Bug|68/100|[from] Sandstorm
|-damage|p2a: Zapdos|94/100 slp|[from] Sandstorm
|-heal|p2a: Zapdos|100/100 slp|[from] item: Leftovers
|upkeep
|turn|27
|
|t:|1727890696
|-singleturn|p1a: Give me Bug|move: Focus Punch
|switch|p2a: Charlie|Aerodactyl, F|100/100
|move|p1a: Give me Bug|Focus Punch|p2a: Charlie
|-damage|p2a: Charlie|0 fnt
|faint|p2a: Charlie
|
|t:|1727890703
|switch|p2a: Skarmory|Skarmory, M|31/100
|
|-weather|Sandstorm|[upkeep]
|-damage|p1a: Give me Bug|62/100|[from] Sandstorm
|upkeep
|turn|28
|
|t:|1727890710
|switch|p1a: Ugly Duckling|Porygon2|100/100
|-ability|p1a: Ugly Duckling|Keen Eye|[from] ability: Trace|[of] p2a: Skarmory
|move|p2a: Skarmory|Drill Peck|p1a: Ugly Duckling
|-damage|p1a: Ugly Duckling|83/100
|
|-weather|Sandstorm|[upkeep]
|-damage|p1a: Ugly Duckling|77/100|[from] Sandstorm
|-heal|p1a: Ugly Duckling|83/100|[from] item: Leftovers
|upkeep
|turn|29
|
|t:|1727890728
|switch|p1a: Wyvern|Milotic, F|80/100 tox
|move|p2a: Skarmory|Protect||[still]
|-fail|p2a: Skarmory
|
|-weather|Sandstorm|[upkeep]
|-damage|p1a: Wyvern|74/100 tox|[from] Sandstorm
|-heal|p1a: Wyvern|80/100 tox|[from] item: Leftovers
|-damage|p1a: Wyvern|74/100 tox|[from] psn
|upkeep
|turn|30
|
|t:|1727890732
|switch|p2a: Swampert|Swampert, F|100/100
|move|p1a: Wyvern|Surf|p2a: Swampert
|-damage|p2a: Swampert|74/100
|
|-weather|Sandstorm|[upkeep]
|-damage|p1a: Wyvern|68/100 tox|[from] Sandstorm
|-heal|p1a: Wyvern|74/100 tox|[from] item: Leftovers
|-damage|p1a: Wyvern|62/100 tox|[from] psn
|-heal|p2a: Swampert|80/100|[from] item: Leftovers
|upkeep
|turn|31
|
|t:|1727890738
|move|p1a: Wyvern|Surf|p2a: Swampert
|-damage|p2a: Swampert|54/100
|move|p2a: Swampert|Surf|p1a: Wyvern
|-resisted|p1a: Wyvern
|-damage|p1a: Wyvern|52/100 tox
|
|-weather|Sandstorm|[upkeep]
|-damage|p1a: Wyvern|46/100 tox|[from] Sandstorm
|-heal|p1a: Wyvern|52/100 tox|[from] item: Leftovers
|-damage|p1a: Wyvern|34/100 tox|[from] psn
|-heal|p2a: Swampert|60/100|[from] item: Leftovers
|upkeep
|turn|32
|
|t:|1727890744
|move|p2a: Swampert|Protect|p2a: Swampert
|-singleturn|p2a: Swampert|Protect
|move|p1a: Wyvern|Recover|p1a: Wyvern
|-heal|p1a: Wyvern|83/100 tox
|
|-weather|Sandstorm|[upkeep]
|-damage|p1a: Wyvern|77/100 tox|[from] Sandstorm
|-heal|p1a: Wyvern|83/100 tox|[from] item: Leftovers
|-damage|p1a: Wyvern|59/100 tox|[from] psn
|-heal|p2a: Swampert|66/100|[from] item: Leftovers
|upkeep
|turn|33
|
|t:|1727890760
|switch|p1a: Ball room toy|Claydol|100/100
|move|p2a: Swampert|Surf|p1a: Ball room toy
|-supereffective|p1a: Ball room toy
|-damage|p1a: Ball room toy|46/100
|
|-weather|Sandstorm|[upkeep]
|-heal|p1a: Ball room toy|52/100|[from] item: Leftovers
|-heal|p2a: Swampert|72/100|[from] item: Leftovers
|upkeep
|turn|34
|
|t:|1727890765
|move|p2a: Swampert|Protect|p2a: Swampert
|-singleturn|p2a: Swampert|Protect
|move|p1a: Ball room toy|Psychic|p2a: Swampert
|-activate|p2a: Swampert|Protect
|
|-weather|Sandstorm|[upkeep]
|-heal|p1a: Ball room toy|58/100|[from] item: Leftovers
|-heal|p2a: Swampert|78/100|[from] item: Leftovers
|upkeep
|turn|35
|
|t:|1727890781
|switch|p1a: Give me Bug|Heracross, F|62/100
|switch|p2a: Tyranitar|Tyranitar, F|82/100
|
|-weather|Sandstorm|[upkeep]
|-damage|p1a: Give me Bug|56/100|[from] Sandstorm
|-heal|p2a: Tyranitar|88/100|[from] item: Leftovers
|upkeep
|turn|36
|
|t:|1727890790
|move|p1a: Give me Bug|Megahorn|p2a: Tyranitar
|-supereffective|p2a: Tyranitar
|-damage|p2a: Tyranitar|0 fnt
|faint|p2a: Tyranitar
|
|t:|1727890792
|switch|p2a: Swampert|Swampert, F|78/100
|
|-weather|Sandstorm|[upkeep]
|-damage|p1a: Give me Bug|50/100|[from] Sandstorm
|-heal|p2a: Swampert|85/100|[from] item: Leftovers
|upkeep
|turn|37
|
|t:|1727890800
|switch|p1a: Wyvern|Milotic, F|59/100 tox
|move|p2a: Swampert|Surf|p1a: Wyvern
|-resisted|p1a: Wyvern
|-damage|p1a: Wyvern|48/100 tox
|
|-weather|Sandstorm|[upkeep]
|-damage|p1a: Wyvern|42/100 tox|[from] Sandstorm
|-heal|p1a: Wyvern|48/100 tox|[from] item: Leftovers
|-damage|p1a: Wyvern|42/100 tox|[from] psn
|-heal|p2a: Swampert|91/100|[from] item: Leftovers
|upkeep
|turn|38
|
|t:|1727890804
|switch|p2a: Zapdos|Zapdos|100/100 slp
|move|p1a: Wyvern|Recover|p1a: Wyvern
|-heal|p1a: Wyvern|92/100 tox
|
|-weather|Sandstorm|[upkeep]
|-damage|p2a: Zapdos|94/100 slp|[from] Sandstorm
|-damage|p1a: Wyvern|86/100 tox|[from] Sandstorm
|-heal|p2a: Zapdos|100/100 slp|[from] item: Leftovers
|-heal|p1a: Wyvern|92/100 tox|[from] item: Leftovers
|-damage|p1a: Wyvern|80/100 tox|[from] psn
|upkeep
|turn|39
|
|t:|1727890806
|cant|p2a: Zapdos|slp
|move|p1a: Wyvern|Ice Beam|p2a: Zapdos
|-supereffective|p2a: Zapdos
|-crit|p2a: Zapdos
|-damage|p2a: Zapdos|20/100 slp
|
|-weather|Sandstorm|[upkeep]
|-damage|p2a: Zapdos|14/100 slp|[from] Sandstorm
|-damage|p1a: Wyvern|74/100 tox|[from] Sandstorm
|-heal|p2a: Zapdos|20/100 slp|[from] item: Leftovers
|-heal|p1a: Wyvern|80/100 tox|[from] item: Leftovers
|-damage|p1a: Wyvern|61/100 tox|[from] psn
|upkeep
|turn|40
|
|t:|1727890809
|cant|p2a: Zapdos|slp
|move|p1a: Wyvern|Ice Beam|p2a: Zapdos
|-supereffective|p2a: Zapdos
|-damage|p2a: Zapdos|0 fnt
|faint|p2a: Zapdos
|
|t:|1727890812
|switch|p2a: Skarmory|Skarmory, M|31/100
|
|-weather|Sandstorm|[upkeep]
|-damage|p1a: Wyvern|55/100 tox|[from] Sandstorm
|-heal|p1a: Wyvern|61/100 tox|[from] item: Leftovers
|-damage|p1a: Wyvern|37/100 tox|[from] psn
|upkeep
|turn|41
|
|t:|1727890825
|switch|p1a: Ugly Duckling|Porygon2|83/100
|-ability|p1a: Ugly Duckling|Keen Eye|[from] ability: Trace|[of] p2a: Skarmory
|move|p2a: Skarmory|Spikes|p1a: Ugly Duckling
|-sidestart|p1: Baptosta|Spikes
|
|-weather|Sandstorm|[upkeep]
|-damage|p1a: Ugly Duckling|77/100|[from] Sandstorm
|-heal|p1a: Ugly Duckling|83/100|[from] item: Leftovers
|upkeep
|turn|42
|
|t:|1727890834
|switch|p2a: Swampert|Swampert, F|91/100
|move|p1a: Ugly Duckling|Ice Beam|p2a: Swampert
|-damage|p2a: Swampert|70/100
|
|-weather|Sandstorm|[upkeep]
|-damage|p1a: Ugly Duckling|77/100|[from] Sandstorm
|-heal|p2a: Swampert|76/100|[from] item: Leftovers
|-heal|p1a: Ugly Duckling|83/100|[from] item: Leftovers
|upkeep
|turn|43
|
|t:|1727890838
|move|p2a: Swampert|Toxic|p1a: Ugly Duckling
|-status|p1a: Ugly Duckling|tox
|move|p1a: Ugly Duckling|Ice Beam|p2a: Swampert
|-crit|p2a: Swampert
|-damage|p2a: Swampert|38/100
|
|-weather|Sandstorm|[upkeep]
|-damage|p1a: Ugly Duckling|77/100 tox|[from] Sandstorm
|-heal|p2a: Swampert|44/100|[from] item: Leftovers
|-heal|p1a: Ugly Duckling|83/100 tox|[from] item: Leftovers
|-damage|p1a: Ugly Duckling|77/100 tox|[from] psn
|upkeep
|turn|44
|
|t:|1727890842
|switch|p1a: Wyvern|Milotic, F|37/100 tox
|-damage|p1a: Wyvern|24/100 tox|[from] Spikes
|move|p2a: Swampert|Protect||[still]
|-fail|p2a: Swampert
|
|-weather|Sandstorm|[upkeep]
|-damage|p1a: Wyvern|18/100 tox|[from] Sandstorm
|-heal|p1a: Wyvern|24/100 tox|[from] item: Leftovers
|-damage|p1a: Wyvern|18/100 tox|[from] psn
|-heal|p2a: Swampert|50/100|[from] item: Leftovers
|upkeep
|turn|45
|
|t:|1727890850
|move|p2a: Swampert|Protect|p2a: Swampert
|-singleturn|p2a: Swampert|Protect
|move|p1a: Wyvern|Recover|p1a: Wyvern
|-heal|p1a: Wyvern|68/100 tox
|
|-weather|Sandstorm|[upkeep]
|-damage|p1a: Wyvern|62/100 tox|[from] Sandstorm
|-heal|p1a: Wyvern|68/100 tox|[from] item: Leftovers
|-damage|p1a: Wyvern|56/100 tox|[from] psn
|-heal|p2a: Swampert|56/100|[from] item: Leftovers
|upkeep
|turn|46
|
|t:|1727890855
|switch|p2a: Skarmory|Skarmory, M|31/100
|move|p1a: Wyvern|Hypnosis|p2a: Skarmory
|-status|p2a: Skarmory|slp|[from] move: Hypnosis
|
|-weather|Sandstorm|[upkeep]
|-damage|p1a: Wyvern|50/100 tox|[from] Sandstorm
|-heal|p1a: Wyvern|56/100 tox|[from] item: Leftovers
|-damage|p1a: Wyvern|38/100 tox|[from] psn
|upkeep
|turn|47
|
|t:|1727890861
|switch|p1a: Give me Bug|Heracross, F|50/100
|-damage|p1a: Give me Bug|38/100|[from] Spikes
|switch|p2a: Swampert|Swampert, F|56/100
|
|-weather|Sandstorm|[upkeep]
|-damage|p1a: Give me Bug|32/100|[from] Sandstorm
|-heal|p2a: Swampert|63/100|[from] item: Leftovers
|upkeep
|turn|48
|
|t:|1727890871
|move|p2a: Swampert|Protect|p2a: Swampert
|-singleturn|p2a: Swampert|Protect
|move|p1a: Give me Bug|Megahorn|p2a: Swampert
|-activate|p2a: Swampert|Protect
|
|-weather|Sandstorm|[upkeep]
|-damage|p1a: Give me Bug|26/100|[from] Sandstorm
|-heal|p2a: Swampert|69/100|[from] item: Leftovers
|upkeep
|turn|49
|
|t:|1727890874
|move|p1a: Give me Bug|Megahorn|p2a: Swampert
|-damage|p2a: Swampert|0 fnt
|faint|p2a: Swampert
|
|t:|1727890877
|switch|p2a: Skarmory|Skarmory, M|31/100 slp
|
|-weather|Sandstorm|[upkeep]
|-damage|p1a: Give me Bug|20/100|[from] Sandstorm
|upkeep
|turn|50
|
|t:|1727890880
|cant|p2a: Skarmory|slp
|move|p1a: Give me Bug|Megahorn|p2a: Skarmory
|-resisted|p2a: Skarmory
|-crit|p2a: Skarmory
|-damage|p2a: Skarmory|0 fnt
|faint|p2a: Skarmory
|
|win|Baptosta
|c|☆4lowrey|gg
|c|☆Baptosta|gg

</script>
<script type="application/json" class="data" id="replaydata-smogtours-gen3ou-793982">
{"id":"smogtours-gen3ou-793982","format":"[Gen 3] OU","players":["Baptosta","4lowrey"],"uploadtime":1727890880,"views":114,"formatid":"gen3ou","rating":null,"private":0,"password":null}
</script>

<script defer src="js/replays.js?9d40a366"></script>
