<!DOCTYPE html>
<meta charset="utf-8" />
<meta name="viewport" content="width=device-width" />

<title>[Gen 3] OU: aburame nation vs. crab person - Replays - Pok&eacute;mon Showdown!</title>

<meta name="description" content="Watch a replay of a Pok&eacute;mon battle between aburame nation and crab person! Format: [Gen 3] OU; Date: Nov 3, 2024" />
<!--

Hey, you! Looking in the source for the replay log?

You can find them in JSON format, just add `.json` at the end of a replay URL.

https://replay.pokemonshowdown.com/gen7randomdoublesbattle-865046831.json

Or, if you only need the log itself, add `.log` instead:

https://replay.pokemonshowdown.com/gen7randomdoublesbattle-865046831.log

-->

<link rel="stylesheet" href="//pokemonshowdown.com/style/global.css?0.023195364461161105" />
<link rel="stylesheet" href="//play.pokemonshowdown.com/style/font-awesome.css?0.13261647063804238" />
<link rel="stylesheet" href="//play.pokemonshowdown.com/style/battle.css?0.8753245789963631" />
<link rel="stylesheet" href="//play.pokemonshowdown.com/style/utilichart.css?0.8627959624976733" />

<!-- Global site tag (gtag.js) - Google Analytics -->
<script async src="https://www.googletagmanager.com/gtag/js?id=UA-26211653-1"></script>
<script>
  window.dataLayer = window.dataLayer || [];
  function gtag(){dataLayer.push(arguments);}
  gtag('js', new Date());

  gtag('config', 'UA-26211653-1');
</script>
<!-- End Google Analytics -->
<!-- Venatus Ad Manager - Install in <HEAD> of page -->
	<script src="https://hb.vntsm.com/v3/live/ad-manager.min.js" type="text/javascript" data-site-id="642aba63ec9a7b11c3c9c1be" data-mode="scan" async></script>
<!-- / Venatus Ad Manager -->

<style>
	@media (max-width:820px) {
		.battle {
			margin: 0 auto;
		}
		.battle-log {
			margin: 7px auto 0;
			max-width: 640px;
			height: 300px;
			position: static;
		}
	}
	.optgroup {
		display: inline-block;
		line-height: 22px;
		font-size: 10pt;
	}
	.optgroup .button {
		height: 25px;
		padding-top: 0;
		padding-bottom: 0;
	}
	.optgroup button.button {
		padding-left: 12px;
		padding-right: 12px;
	}
	.linklist {
		list-style: none;
		margin: 0.5em 0;
		padding: 0;
	}
	.linklist li {
		padding: 2px 0;
	}
	.sidebar {
		float: left;
		width: 320px;
	}
	.bar-wrapper {
		max-width: 1100px;
		margin: 0 auto;
	}
	.bar-wrapper.has-sidebar {
		max-width: 1430px;
	}
	.mainbar {
		margin: 0;
		padding-right: 1px;
	}
	.mainbar.has-sidebar {
		margin-left: 330px;
	}
	@media (min-width: 1511px) {
		.sidebar {
			width: 400px;
		}
		.bar-wrapper.has-sidebar {
			max-width: 1510px;
		}
		.mainbar.has-sidebar {
			margin-left: 410px;
		}
	}
	.section.first-section {
		margin-top: 9px;
	}
	.blocklink small {
		white-space: normal;
	}
	.button {
		vertical-align: middle;
	}
	.replay-controls {
		padding-top: 10px;
	}
	.replay-controls h1 {
		font-size: 16pt;
		font-weight: normal;
		color: #CCC;
	}
	.pagelink {
		text-align: center;
	}
	.pagelink a {
		width: 150px;
	}
	.textbox, .button {
		font-size: 11pt;
		vertical-align: middle;
	}
	@media (max-width: 450px) {
		.button {
			font-size: 9pt;
		}
	}
</style>

<div>

	<header>
		<div class="nav-wrapper"><ul class="nav">
			<li><a class="button nav-first" href="//pokemonshowdown.com/"><img src="//pokemonshowdown.com/images/pokemonshowdownbeta.png" srcset="//pokemonshowdown.com/images/pokemonshowdownbeta.png 1x, //pokemonshowdown.com/images/pokemonshowdownbeta@2x.png 2x" alt="Pok&eacute;mon Showdown" width="146" height="44" /> Home</a></li>
			<li><a class="button" href="//pokemonshowdown.com/dex/">Pok&eacute;dex</a></li>
			<li><a class="button cur" href="/">Replays</a></li>
			<li><a class="button" href="//pokemonshowdown.com/ladder/">Ladder</a></li>
			<li><a class="button nav-last" href="//pokemonshowdown.com/forums/">Forum</a></li>
			<li><a class="button greenbutton nav-first nav-last" href="//play.pokemonshowdown.com/">Play</a></li>
		</ul></div>
	</header>

	<div class="main" id="main">

		<noscript><section class="section">You need to enable JavaScript to use this page; sorry!</section></noscript>

	</div>

</div>

<script defer nomodule src="//play.pokemonshowdown.com/js/lib/ps-polyfill.js"></script>
<script defer src="//play.pokemonshowdown.com/js/lib/preact.min.js"></script>

<script defer src="//play.pokemonshowdown.com/config/config.js?2bddbc15"></script>
<script defer src="//play.pokemonshowdown.com/js/lib/jquery-1.11.0.min.js"></script>
<script defer src="//play.pokemonshowdown.com/js/lib/html-sanitizer-minified.js"></script>
<script defer src="//play.pokemonshowdown.com/js/battle-sound.js"></script>
<script defer src="//play.pokemonshowdown.com/js/battledata.js?0.7209276989879541"></script>
<script defer src="//play.pokemonshowdown.com/data/pokedex-mini.js?0.6111056340867951"></script>
<script defer src="//play.pokemonshowdown.com/data/pokedex-mini-bw.js?0.3532142036491459"></script>
<script defer src="//play.pokemonshowdown.com/data/graphics.js?0.24223875632456182"></script>
<script defer src="//play.pokemonshowdown.com/data/pokedex.js?0.38839984266356864"></script>
<script defer src="//play.pokemonshowdown.com/data/moves.js?0.21866028504024015"></script>
<script defer src="//play.pokemonshowdown.com/data/abilities.js?0.2005157953846628"></script>
<script defer src="//play.pokemonshowdown.com/data/items.js?0.9894211263848525"></script>
<script defer src="//play.pokemonshowdown.com/data/teambuilder-tables.js?0.6008791140282215"></script>
<script defer src="//play.pokemonshowdown.com/js/battle-tooltips.js?0.7580118955022959"></script>
<script defer src="//play.pokemonshowdown.com/js/battle.js?0.6057722274234274"></script>

<script defer src="js/utils.js?e31f9a17"></script>
<script defer src="js/replays-battle.js?7008c182"></script>

<!-- don't scrape this data! just add .json or .log after the URL!
Full API docs: https://github.com/smogon/pokemon-showdown-client/blob/master/WEB-API.md -->
<script type="text/plain" class="log" id="replaylog-smogtours-gen3ou-804384">
|inactive|Battle timer is ON: inactive players will automatically lose when time's up.
|t:|1730651800
|gametype|singles
|player|p1|aburame nation|169|
|player|p2|crab person|flint|
|teamsize|p1|6
|teamsize|p2|6
|gen|3
|tier|[Gen 3] OU
|rule|Sleep Clause Mod: Limit one foe put to sleep
|rule|Switch Priority Clause Mod: Faster Pokémon switch first
|rule|Species Clause: Limit one of each Pokémon
|rule|OHKO Clause: OHKO moves are banned
|rule|Evasion Items Clause: Evasion items are banned
|rule|Evasion Moves Clause: Evasion moves are banned
|rule|Endless Battle Clause: Forcing endless battles is banned
|rule|HP Percentage Mod: HP is shown in percentages
|rule|One Boost Passer Clause: Limit one Baton Passer that has a way to boost its stats
|rule|Freeze Clause Mod: Limit one foe frozen
|
|t:|1730651800
|start
|switch|p1a: Metagross|Metagross|100/100
|switch|p2a: King Of Feral Imps|Sceptile, F|100/100
|turn|1
|c|☆aburame nation|Glhf
|c|☆crab person|u2
|c|☆aburame nation|I just noticed 
|c|☆aburame nation|Is this a Yu-Gi-Oh reference 
|c|☆crab person|yeah they are
|
|t:|1730651828
|move|p2a: King Of Feral Imps|Substitute|p2a: King Of Feral Imps
|-start|p2a: King Of Feral Imps|Substitute
|-damage|p2a: King Of Feral Imps|76/100
|move|p1a: Metagross|Brick Break|p2a: King Of Feral Imps
|-end|p2a: King Of Feral Imps|Substitute
|
|-heal|p2a: King Of Feral Imps|82/100|[from] item: Leftovers
|upkeep
|turn|2
|
|t:|1730651833
|move|p2a: King Of Feral Imps|Substitute|p2a: King Of Feral Imps
|-start|p2a: King Of Feral Imps|Substitute
|-damage|p2a: King Of Feral Imps|57/100
|move|p1a: Metagross|Brick Break|p2a: King Of Feral Imps
|-end|p2a: King Of Feral Imps|Substitute
|
|-heal|p2a: King Of Feral Imps|63/100|[from] item: Leftovers
|upkeep
|turn|3
|c|☆aburame nation|Cool 
|c|☆aburame nation|I play it too
|
|t:|1730651844
|switch|p2a: Lightning Chidori|Zapdos|100/100
|move|p1a: Metagross|Brick Break|p2a: Lightning Chidori
|-resisted|p2a: Lightning Chidori
|-damage|p2a: Lightning Chidori|82/100
|
|-heal|p2a: Lightning Chidori|89/100|[from] item: Leftovers
|upkeep
|turn|4
|c|☆crab person|nice
|
|t:|1730651849
|switch|p1a: Tyranitar|Tyranitar, F|100/100
|-weather|Sandstorm|[from] ability: Sand Stream|[of] p1a: Tyranitar
|move|p2a: Lightning Chidori|Thunder Wave|p1a: Tyranitar
|-status|p1a: Tyranitar|par
|-enditem|p1a: Tyranitar|Lum Berry|[eat]
|-curestatus|p1a: Tyranitar|par|[msg]
|
|-weather|Sandstorm|[upkeep]
|-damage|p2a: Lightning Chidori|82/100|[from] Sandstorm
|-heal|p2a: Lightning Chidori|89/100|[from] item: Leftovers
|upkeep
|turn|5
|
|t:|1730651854
|move|p2a: Lightning Chidori|Thunder Wave|p1a: Tyranitar
|-status|p1a: Tyranitar|par
|move|p1a: Tyranitar|Dragon Dance|p1a: Tyranitar
|-boost|p1a: Tyranitar|atk|1
|-boost|p1a: Tyranitar|spe|1
|
|-weather|Sandstorm|[upkeep]
|-damage|p2a: Lightning Chidori|82/100|[from] Sandstorm
|-heal|p2a: Lightning Chidori|89/100|[from] item: Leftovers
|upkeep
|turn|6
|
|t:|1730651863
|switch|p2a: King Regulis|Registeel|100/100
|move|p1a: Tyranitar|Rock Slide|p2a: King Regulis
|-resisted|p2a: King Regulis
|-damage|p2a: King Regulis|80/100
|
|-weather|Sandstorm|[upkeep]
|-heal|p2a: King Regulis|86/100|[from] item: Leftovers
|upkeep
|turn|7
|
|t:|1730651872
|switch|p1a: Magneton|Magneton|100/100
|move|p2a: King Regulis|Seismic Toss|p1a: Magneton
|-damage|p1a: Magneton|59/100
|
|-weather|Sandstorm|[upkeep]
|-heal|p2a: King Regulis|93/100|[from] item: Leftovers
|upkeep
|turn|8
|c|☆crab person|haven't played current format
|
|t:|1730651883
|move|p1a: Magneton|Thunderbolt|p2a: King Regulis
|-damage|p2a: King Regulis|65/100
|move|p2a: King Regulis|Seismic Toss|p1a: Magneton
|-damage|p1a: Magneton|18/100
|
|-weather|Sandstorm|[upkeep]
|-enditem|p1a: Magneton|Salac Berry|[eat]
|-boost|p1a: Magneton|spe|1|[from] item: Salac Berry
|-heal|p2a: King Regulis|71/100|[from] item: Leftovers
|upkeep
|turn|9
|c|☆aburame nation|It isn't great, but like 
|c|☆aburame nation|Totally better than the previous ones
|c|☆crab person|but I do play causally with my friends
|
|t:|1730651902
|move|p1a: Magneton|Thunderbolt|p2a: King Regulis
|-damage|p2a: King Regulis|46/100
|move|p2a: King Regulis|Seismic Toss|p1a: Magneton
|-damage|p1a: Magneton|0 fnt
|faint|p1a: Magneton
|c|☆crab person|yeah tbf that's true
|
|t:|1730651916
|switch|p1a: Tyranitar|Tyranitar, F|100/100 par
|
|-weather|Sandstorm|[upkeep]
|-heal|p2a: King Regulis|52/100|[from] item: Leftovers
|upkeep
|turn|10
|
|t:|1730651921
|move|p2a: King Regulis|Seismic Toss|p1a: Tyranitar
|-damage|p1a: Tyranitar|71/100 par
|cant|p1a: Tyranitar|par
|
|-weather|Sandstorm|[upkeep]
|-heal|p2a: King Regulis|58/100|[from] item: Leftovers
|upkeep
|turn|11
|
|t:|1730651926
|move|p2a: King Regulis|Seismic Toss|p1a: Tyranitar
|-damage|p1a: Tyranitar|42/100 par
|move|p1a: Tyranitar|Earthquake|p2a: King Regulis
|-supereffective|p2a: King Regulis
|-damage|p2a: King Regulis|16/100
|
|-weather|Sandstorm|[upkeep]
|-heal|p2a: King Regulis|22/100|[from] item: Leftovers
|upkeep
|turn|12
|
|t:|1730651933
|switch|p2a: King Of Feral Imps|Sceptile, F|63/100
|move|p1a: Tyranitar|Rock Slide|p2a: King Of Feral Imps
|-damage|p2a: King Of Feral Imps|0 fnt
|faint|p2a: King Of Feral Imps
|
|t:|1730651939
|switch|p2a: Matchmech Circular|Metagross|100/100
|
|-weather|Sandstorm|[upkeep]
|upkeep
|turn|13
|
|t:|1730651944
|move|p2a: Matchmech Circular|Earthquake|p1a: Tyranitar
|-supereffective|p1a: Tyranitar
|-damage|p1a: Tyranitar|0 fnt
|faint|p1a: Tyranitar
|
|t:|1730651959
|switch|p1a: Gyarados|Gyarados, M|100/100
|-ability|p1a: Gyarados|Intimidate|boost
|-fail|p2a: Matchmech Circular|unboost|[from] ability: Clear Body|[of] p2a: Matchmech Circular
|
|-weather|Sandstorm|[upkeep]
|-damage|p1a: Gyarados|94/100|[from] Sandstorm
|-heal|p1a: Gyarados|100/100|[from] item: Leftovers
|upkeep
|turn|14
|
|t:|1730651974
|switch|p2a: Lightning Chidori|Zapdos|89/100
|move|p1a: Gyarados|Earthquake|p2a: Lightning Chidori
|-immune|p2a: Lightning Chidori
|
|-weather|Sandstorm|[upkeep]
|-damage|p1a: Gyarados|94/100|[from] Sandstorm
|-damage|p2a: Lightning Chidori|82/100|[from] Sandstorm
|-heal|p1a: Gyarados|100/100|[from] item: Leftovers
|-heal|p2a: Lightning Chidori|89/100|[from] item: Leftovers
|upkeep
|turn|15
|
|t:|1730651979
|switch|p1a: Celebi|Celebi|100/100
|move|p2a: Lightning Chidori|Thunder Wave|p1a: Celebi
|-status|p1a: Celebi|par
|
|-weather|Sandstorm|[upkeep]
|-damage|p2a: Lightning Chidori|82/100|[from] Sandstorm
|-damage|p1a: Celebi|94/100 par|[from] Sandstorm
|-heal|p2a: Lightning Chidori|89/100|[from] item: Leftovers
|-heal|p1a: Celebi|100/100 par|[from] item: Leftovers
|upkeep
|turn|16
|
|t:|1730651992
|switch|p2a: Big Koala|Snorlax, M|100/100
|move|p1a: Celebi|Substitute|p1a: Celebi
|-start|p1a: Celebi|Substitute
|-damage|p1a: Celebi|75/100 par
|
|-weather|Sandstorm|[upkeep]
|-damage|p2a: Big Koala|94/100|[from] Sandstorm
|-damage|p1a: Celebi|69/100 par|[from] Sandstorm
|-heal|p2a: Big Koala|100/100|[from] item: Leftovers
|-heal|p1a: Celebi|75/100 par|[from] item: Leftovers
|upkeep
|turn|17
|
|t:|1730651999
|move|p2a: Big Koala|Shadow Ball|p1a: Celebi
|-supereffective|p1a: Celebi
|-end|p1a: Celebi|Substitute
|move|p1a: Celebi|Leech Seed|p2a: Big Koala|[miss]
|-miss|p1a: Celebi|p2a: Big Koala
|
|-weather|Sandstorm|[upkeep]
|-damage|p2a: Big Koala|94/100|[from] Sandstorm
|-damage|p1a: Celebi|69/100 par|[from] Sandstorm
|-heal|p2a: Big Koala|100/100|[from] item: Leftovers
|-heal|p1a: Celebi|75/100 par|[from] item: Leftovers
|upkeep
|turn|18
|
|t:|1730652007
|-curestatus|p1a: Celebi|par|[from] ability: Natural Cure
|switch|p1a: Salamence|Salamence, F|100/100
|-ability|p1a: Salamence|Intimidate|boost
|-unboost|p2a: Big Koala|atk|1
|move|p2a: Big Koala|Body Slam|p1a: Salamence
|-damage|p1a: Salamence|68/100
|
|-weather|Sandstorm|[upkeep]
|-damage|p1a: Salamence|62/100|[from] Sandstorm
|-damage|p2a: Big Koala|94/100|[from] Sandstorm
|-heal|p1a: Salamence|68/100|[from] item: Leftovers
|-heal|p2a: Big Koala|100/100|[from] item: Leftovers
|upkeep
|turn|19
|
|t:|1730652021
|switch|p1a: Metagross|Metagross|100/100
|switch|p2a: Lightning Chidori|Zapdos|89/100
|
|-weather|Sandstorm|[upkeep]
|-damage|p2a: Lightning Chidori|82/100|[from] Sandstorm
|-heal|p2a: Lightning Chidori|89/100|[from] item: Leftovers
|upkeep
|turn|20
|
|t:|1730652025
|move|p1a: Metagross|Double-Edge|p2a: Lightning Chidori
|-damage|p2a: Lightning Chidori|37/100
|-damage|p1a: Metagross|80/100|[from] Recoil|[of] p2a: Lightning Chidori
|move|p2a: Lightning Chidori|Thunder Wave|p1a: Metagross
|-status|p1a: Metagross|par
|
|-weather|Sandstorm|[upkeep]
|-damage|p2a: Lightning Chidori|31/100|[from] Sandstorm
|-heal|p2a: Lightning Chidori|37/100|[from] item: Leftovers
|upkeep
|turn|21
|
|t:|1730652029
|switch|p2a: Matchmech Circular|Metagross|100/100
|cant|p1a: Metagross|par
|
|-weather|Sandstorm|[upkeep]
|upkeep
|turn|22
|
|t:|1730652034
|switch|p1a: Gyarados|Gyarados, M|100/100
|-ability|p1a: Gyarados|Intimidate|boost
|-fail|p2a: Matchmech Circular|unboost|[from] ability: Clear Body|[of] p2a: Matchmech Circular
|move|p2a: Matchmech Circular|Meteor Mash|p1a: Gyarados|[miss]
|-miss|p2a: Matchmech Circular|p1a: Gyarados
|
|-weather|Sandstorm|[upkeep]
|-damage|p1a: Gyarados|94/100|[from] Sandstorm
|-heal|p1a: Gyarados|100/100|[from] item: Leftovers
|upkeep
|turn|23
|
|t:|1730652042
|switch|p2a: King Regulis|Registeel|22/100
|move|p1a: Gyarados|Dragon Dance|p1a: Gyarados
|-boost|p1a: Gyarados|atk|1
|-boost|p1a: Gyarados|spe|1
|
|-weather|Sandstorm|[upkeep]
|-damage|p1a: Gyarados|94/100|[from] Sandstorm
|-heal|p1a: Gyarados|100/100|[from] item: Leftovers
|-heal|p2a: King Regulis|28/100|[from] item: Leftovers
|upkeep
|turn|24
|
|t:|1730652045
|move|p1a: Gyarados|Earthquake|p2a: King Regulis
|-supereffective|p2a: King Regulis
|-damage|p2a: King Regulis|0 fnt
|faint|p2a: King Regulis
|
|t:|1730652050
|switch|p2a: Big Koala|Snorlax, M|100/100
|
|-weather|Sandstorm|[upkeep]
|-damage|p1a: Gyarados|94/100|[from] Sandstorm
|-damage|p2a: Big Koala|94/100|[from] Sandstorm
|-heal|p1a: Gyarados|100/100|[from] item: Leftovers
|-heal|p2a: Big Koala|100/100|[from] item: Leftovers
|upkeep
|turn|25
|
|t:|1730652056
|move|p1a: Gyarados|Hidden Power|p2a: Big Koala
|-immune|p2a: Big Koala
|move|p2a: Big Koala|Body Slam|p1a: Gyarados
|-damage|p1a: Gyarados|49/100
|-status|p1a: Gyarados|par
|
|-weather|Sandstorm|[upkeep]
|-damage|p1a: Gyarados|43/100 par|[from] Sandstorm
|-damage|p2a: Big Koala|94/100|[from] Sandstorm
|-heal|p1a: Gyarados|49/100 par|[from] item: Leftovers
|-heal|p2a: Big Koala|100/100|[from] item: Leftovers
|upkeep
|turn|26
|
|t:|1730652063
|move|p1a: Gyarados|Double-Edge|p2a: Big Koala
|-damage|p2a: Big Koala|39/100
|-damage|p1a: Gyarados|19/100 par|[from] Recoil|[of] p2a: Big Koala
|move|p2a: Big Koala|Body Slam|p1a: Gyarados
|-damage|p1a: Gyarados|0 fnt
|faint|p1a: Gyarados
|c|☆aburame nation|Ah shit
|c|☆aburame nation|That was meant to be hidden power flying 
|c|☆aburame nation|I threw this game omg
|c|☆crab person|I assumed
|c|☆crab person|maybe not
|inactive|aburame nation has 270 seconds left.
|
|t:|1730652096
|switch|p1a: Metagross|Metagross|80/100 par
|
|-weather|Sandstorm|[upkeep]
|-damage|p2a: Big Koala|33/100|[from] Sandstorm
|-heal|p2a: Big Koala|39/100|[from] item: Leftovers
|upkeep
|turn|27
|
|t:|1730652115
|move|p2a: Big Koala|Shadow Ball|p1a: Metagross
|-damage|p1a: Metagross|57/100 par
|move|p1a: Metagross|Meteor Mash|p2a: Big Koala
|-damage|p2a: Big Koala|0 fnt
|-boost|p1a: Metagross|atk|1
|faint|p2a: Big Koala
|
|t:|1730652121
|switch|p2a: Matchmech Circular|Metagross|100/100
|
|-weather|Sandstorm|[upkeep]
|upkeep
|turn|28
|
|t:|1730652123
|move|p2a: Matchmech Circular|Earthquake|p1a: Metagross
|-supereffective|p1a: Metagross
|-damage|p1a: Metagross|0 fnt
|faint|p1a: Metagross
|
|t:|1730652127
|switch|p1a: Celebi|Celebi|75/100
|
|-weather|Sandstorm|[upkeep]
|-damage|p1a: Celebi|69/100|[from] Sandstorm
|-heal|p1a: Celebi|75/100|[from] item: Leftovers
|upkeep
|turn|29
|
|t:|1730652134
|move|p1a: Celebi|Substitute|p1a: Celebi
|-start|p1a: Celebi|Substitute
|-damage|p1a: Celebi|50/100
|move|p2a: Matchmech Circular|Explosion|p1a: Celebi
|-end|p1a: Celebi|Substitute
|faint|p2a: Matchmech Circular
|
|t:|1730652136
|switch|p2a: Mistar Boy|Starmie|100/100
|
|-weather|Sandstorm|[upkeep]
|-damage|p2a: Mistar Boy|94/100|[from] Sandstorm
|-damage|p1a: Celebi|44/100|[from] Sandstorm
|-heal|p2a: Mistar Boy|100/100|[from] item: Leftovers
|-heal|p1a: Celebi|50/100|[from] item: Leftovers
|upkeep
|turn|30
|
|t:|1730652143
|move|p2a: Mistar Boy|Ice Beam|p1a: Celebi
|-supereffective|p1a: Celebi
|-damage|p1a: Celebi|1/100
|move|p1a: Celebi|Leech Seed|p2a: Mistar Boy
|-start|p2a: Mistar Boy|move: Leech Seed
|
|-weather|Sandstorm|[upkeep]
|-damage|p2a: Mistar Boy|94/100|[from] Sandstorm
|-damage|p1a: Celebi|0 fnt|[from] Sandstorm
|faint|p1a: Celebi
|-heal|p2a: Mistar Boy|100/100|[from] item: Leftovers
|upkeep
|
|t:|1730652145
|switch|p1a: Salamence|Salamence, F|68/100
|-ability|p1a: Salamence|Intimidate|boost
|-unboost|p2a: Mistar Boy|atk|1
|turn|31
|c|☆crab person|gg
|c|☆crab person|wp
|
|t:|1730652155
|move|p2a: Mistar Boy|Ice Beam|p1a: Salamence
|-supereffective|p1a: Salamence
|-damage|p1a: Salamence|0 fnt
|faint|p1a: Salamence
|
|win|crab person
|c|☆aburame nation|I didn't well played 
|c|☆aburame nation|I messed up in team building 
|player|p1|
|c|☆crab person|yeah that happened in my last game
|player|p1|aburame nation|169|
|c|☆crab person|tru cus I thought I had max speed zap
|c|☆aburame nation|I missed clicked the hidden powers 
|c|☆aburame nation|I don't know if it's the same 
|c|☆crab person|yeah no I saw the hp ghost and just knew you didn't mean that

</script>
<script type="application/json" class="data" id="replaydata-smogtours-gen3ou-804384">
{"id":"smogtours-gen3ou-804384","format":"[Gen 3] OU","players":["aburame nation","crab person"],"uploadtime":1730652155,"views":57,"formatid":"gen3ou","rating":null,"private":0,"password":null}
</script>

<script defer src="js/replays.js?9d40a366"></script>
