<!DOCTYPE html>
<meta charset="utf-8" />
<meta name="viewport" content="width=device-width" />

<title>[Gen 3] OU: gthorpe vs. donsmallow - Replays - Pok&eacute;mon Showdown!</title>

<meta name="description" content="Watch a replay of a Pok&eacute;mon battle between gthorpe and donsmallow! Format: [Gen 3] OU; Date: Oct 11, 2024" />
<!--

Hey, you! Looking in the source for the replay log?

You can find them in JSON format, just add `.json` at the end of a replay URL.

https://replay.pokemonshowdown.com/gen7randomdoublesbattle-865046831.json

Or, if you only need the log itself, add `.log` instead:

https://replay.pokemonshowdown.com/gen7randomdoublesbattle-865046831.log

-->

<link rel="stylesheet" href="//pokemonshowdown.com/style/global.css?0.023195364461161105" />
<link rel="stylesheet" href="//play.pokemonshowdown.com/style/font-awesome.css?0.13261647063804238" />
<link rel="stylesheet" href="//play.pokemonshowdown.com/style/battle.css?0.8753245789963631" />
<link rel="stylesheet" href="//play.pokemonshowdown.com/style/utilichart.css?0.8627959624976733" />

<!-- Global site tag (gtag.js) - Google Analytics -->
<script async src="https://www.googletagmanager.com/gtag/js?id=UA-26211653-1"></script>
<script>
  window.dataLayer = window.dataLayer || [];
  function gtag(){dataLayer.push(arguments);}
  gtag('js', new Date());

  gtag('config', 'UA-26211653-1');
</script>
<!-- End Google Analytics -->
<!-- Venatus Ad Manager - Install in <HEAD> of page -->
	<script src="https://hb.vntsm.com/v3/live/ad-manager.min.js" type="text/javascript" data-site-id="642aba63ec9a7b11c3c9c1be" data-mode="scan" async></script>
<!-- / Venatus Ad Manager -->

<style>
	@media (max-width:820px) {
		.battle {
			margin: 0 auto;
		}
		.battle-log {
			margin: 7px auto 0;
			max-width: 640px;
			height: 300px;
			position: static;
		}
	}
	.optgroup {
		display: inline-block;
		line-height: 22px;
		font-size: 10pt;
	}
	.optgroup .button {
		height: 25px;
		padding-top: 0;
		padding-bottom: 0;
	}
	.optgroup button.button {
		padding-left: 12px;
		padding-right: 12px;
	}
	.linklist {
		list-style: none;
		margin: 0.5em 0;
		padding: 0;
	}
	.linklist li {
		padding: 2px 0;
	}
	.sidebar {
		float: left;
		width: 320px;
	}
	.bar-wrapper {
		max-width: 1100px;
		margin: 0 auto;
	}
	.bar-wrapper.has-sidebar {
		max-width: 1430px;
	}
	.mainbar {
		margin: 0;
		padding-right: 1px;
	}
	.mainbar.has-sidebar {
		margin-left: 330px;
	}
	@media (min-width: 1511px) {
		.sidebar {
			width: 400px;
		}
		.bar-wrapper.has-sidebar {
			max-width: 1510px;
		}
		.mainbar.has-sidebar {
			margin-left: 410px;
		}
	}
	.section.first-section {
		margin-top: 9px;
	}
	.blocklink small {
		white-space: normal;
	}
	.button {
		vertical-align: middle;
	}
	.replay-controls {
		padding-top: 10px;
	}
	.replay-controls h1 {
		font-size: 16pt;
		font-weight: normal;
		color: #CCC;
	}
	.pagelink {
		text-align: center;
	}
	.pagelink a {
		width: 150px;
	}
	.textbox, .button {
		font-size: 11pt;
		vertical-align: middle;
	}
	@media (max-width: 450px) {
		.button {
			font-size: 9pt;
		}
	}
</style>

<div>

	<header>
		<div class="nav-wrapper"><ul class="nav">
			<li><a class="button nav-first" href="//pokemonshowdown.com/"><img src="//pokemonshowdown.com/images/pokemonshowdownbeta.png" srcset="//pokemonshowdown.com/images/pokemonshowdownbeta.png 1x, //pokemonshowdown.com/images/pokemonshowdownbeta@2x.png 2x" alt="Pok&eacute;mon Showdown" width="146" height="44" /> Home</a></li>
			<li><a class="button" href="//pokemonshowdown.com/dex/">Pok&eacute;dex</a></li>
			<li><a class="button cur" href="/">Replays</a></li>
			<li><a class="button" href="//pokemonshowdown.com/ladder/">Ladder</a></li>
			<li><a class="button nav-last" href="//pokemonshowdown.com/forums/">Forum</a></li>
			<li><a class="button greenbutton nav-first nav-last" href="//play.pokemonshowdown.com/">Play</a></li>
		</ul></div>
	</header>

	<div class="main" id="main">

		<noscript><section class="section">You need to enable JavaScript to use this page; sorry!</section></noscript>

	</div>

</div>

<script defer nomodule src="//play.pokemonshowdown.com/js/lib/ps-polyfill.js"></script>
<script defer src="//play.pokemonshowdown.com/js/lib/preact.min.js"></script>

<script defer src="//play.pokemonshowdown.com/config/config.js?2bddbc15"></script>
<script defer src="//play.pokemonshowdown.com/js/lib/jquery-1.11.0.min.js"></script>
<script defer src="//play.pokemonshowdown.com/js/lib/html-sanitizer-minified.js"></script>
<script defer src="//play.pokemonshowdown.com/js/battle-sound.js"></script>
<script defer src="//play.pokemonshowdown.com/js/battledata.js?0.7209276989879541"></script>
<script defer src="//play.pokemonshowdown.com/data/pokedex-mini.js?0.6111056340867951"></script>
<script defer src="//play.pokemonshowdown.com/data/pokedex-mini-bw.js?0.3532142036491459"></script>
<script defer src="//play.pokemonshowdown.com/data/graphics.js?0.24223875632456182"></script>
<script defer src="//play.pokemonshowdown.com/data/pokedex.js?0.38839984266356864"></script>
<script defer src="//play.pokemonshowdown.com/data/moves.js?0.21866028504024015"></script>
<script defer src="//play.pokemonshowdown.com/data/abilities.js?0.2005157953846628"></script>
<script defer src="//play.pokemonshowdown.com/data/items.js?0.9894211263848525"></script>
<script defer src="//play.pokemonshowdown.com/data/teambuilder-tables.js?0.6008791140282215"></script>
<script defer src="//play.pokemonshowdown.com/js/battle-tooltips.js?0.7580118955022959"></script>
<script defer src="//play.pokemonshowdown.com/js/battle.js?0.6057722274234274"></script>

<script defer src="js/utils.js?e31f9a17"></script>
<script defer src="js/replays-battle.js?7008c182"></script>

<!-- don't scrape this data! just add .json or .log after the URL!
Full API docs: https://github.com/smogon/pokemon-showdown-client/blob/master/WEB-API.md -->
<script type="text/plain" class="log" id="replaylog-smogtours-gen3ou-797313">
|inactive|Battle timer is ON: inactive players will automatically lose when time's up.
|t:|1728686107
|gametype|singles
|player|p1|gthorpe|rocketgrunt|
|player|p2|donsmallow|wally|
|teamsize|p1|6
|teamsize|p2|6
|gen|3
|tier|[Gen 3] OU
|rule|Sleep Clause Mod: Limit one foe put to sleep
|rule|Switch Priority Clause Mod: Faster Pokémon switch first
|rule|Species Clause: Limit one of each Pokémon
|rule|OHKO Clause: OHKO moves are banned
|rule|Evasion Items Clause: Evasion items are banned
|rule|Evasion Moves Clause: Evasion moves are banned
|rule|Endless Battle Clause: Forcing endless battles is banned
|rule|HP Percentage Mod: HP is shown in percentages
|rule|One Boost Passer Clause: Limit one Baton Passer that has a way to boost its stats
|rule|Freeze Clause Mod: Limit one foe frozen
|
|t:|1728686107
|start
|switch|p1a: Zapdos|Zapdos|100/100
|switch|p2a: Suicune|Suicune|100/100
|turn|1
|
|t:|1728686126
|switch|p2a: Celebi|Celebi|100/100
|move|p1a: Zapdos|Thunderbolt|p2a: Celebi
|-resisted|p2a: Celebi
|-damage|p2a: Celebi|80/100
|
|-heal|p2a: Celebi|86/100|[from] item: Leftovers
|upkeep
|turn|2
|
|t:|1728686131
|switch|p2a: Snorlax|Snorlax, M|100/100
|move|p1a: Zapdos|Substitute|p1a: Zapdos
|-start|p1a: Zapdos|Substitute
|-damage|p1a: Zapdos|75/100
|
|-heal|p1a: Zapdos|82/100|[from] item: Leftovers
|upkeep
|turn|3
|
|t:|1728686135
|move|p1a: Zapdos|Baton Pass|p1a: Zapdos
|
|t:|1728686137
|switch|p1a: Skarmory|Skarmory, M|100/100|[from] Baton Pass
|move|p2a: Snorlax|Body Slam|p1a: Skarmory
|-resisted|p1a: Skarmory
|-crit|p1a: Skarmory
|-end|p1a: Skarmory|Substitute
|
|upkeep
|turn|4
|
|t:|1728686140
|switch|p2a: Magneton|Magneton|100/100
|move|p1a: Skarmory|Spikes|p2a: Magneton
|-sidestart|p2: donsmallow|Spikes
|
|upkeep
|turn|5
|
|t:|1728686143
|move|p1a: Skarmory|Hidden Power|p2a: Magneton
|-supereffective|p2a: Magneton
|-damage|p2a: Magneton|0 fnt
|faint|p2a: Magneton
|
|t:|1728686155
|switch|p2a: Suicune|Suicune|100/100
|-damage|p2a: Suicune|88/100|[from] Spikes
|
|-heal|p2a: Suicune|94/100|[from] item: Leftovers
|upkeep
|turn|6
|
|t:|1728686161
|switch|p1a: Blissey|Blissey, F|100/100
|move|p2a: Suicune|Substitute|p2a: Suicune
|-start|p2a: Suicune|Substitute
|-damage|p2a: Suicune|69/100
|
|-heal|p2a: Suicune|75/100|[from] item: Leftovers
|upkeep
|turn|7
|
|t:|1728686165
|move|p2a: Suicune|Calm Mind|p2a: Suicune
|-boost|p2a: Suicune|spa|1
|-boost|p2a: Suicune|spd|1
|move|p1a: Blissey|Calm Mind|p1a: Blissey
|-boost|p1a: Blissey|spa|1
|-boost|p1a: Blissey|spd|1
|
|-heal|p2a: Suicune|82/100|[from] item: Leftovers
|upkeep
|turn|8
|
|t:|1728686179
|switch|p2a: Metagross|Metagross|100/100
|-damage|p2a: Metagross|88/100|[from] Spikes
|move|p1a: Blissey|Thunderbolt|p2a: Metagross
|-damage|p2a: Metagross|62/100
|
|-heal|p2a: Metagross|68/100|[from] item: Leftovers
|upkeep
|turn|9
|
|t:|1728686190
|switch|p1a: Skarmory|Skarmory, M|100/100
|move|p2a: Metagross|Meteor Mash|p1a: Skarmory
|-resisted|p1a: Skarmory
|-damage|p1a: Skarmory|73/100
|-boost|p2a: Metagross|atk|1
|
|-heal|p1a: Skarmory|79/100|[from] item: Leftovers
|-heal|p2a: Metagross|74/100|[from] item: Leftovers
|upkeep
|turn|10
|
|t:|1728686195
|move|p1a: Skarmory|Hidden Power|p2a: Metagross
|-supereffective|p2a: Metagross
|-damage|p2a: Metagross|45/100
|move|p2a: Metagross|Rock Slide|p1a: Skarmory
|-damage|p1a: Skarmory|39/100
|
|-heal|p1a: Skarmory|45/100|[from] item: Leftovers
|-heal|p2a: Metagross|51/100|[from] item: Leftovers
|upkeep
|turn|11
|inactive|donsmallow has 270 seconds left.
|inactive|gthorpe has 270 seconds left.
|
|t:|1728686248
|move|p1a: Skarmory|Hidden Power|p2a: Metagross
|-supereffective|p2a: Metagross
|-damage|p2a: Metagross|21/100
|move|p2a: Metagross|Meteor Mash|p1a: Skarmory
|-resisted|p1a: Skarmory
|-damage|p1a: Skarmory|7/100
|
|-heal|p1a: Skarmory|13/100|[from] item: Leftovers
|-heal|p2a: Metagross|27/100|[from] item: Leftovers
|upkeep
|turn|12
|
|t:|1728686261
|switch|p2a: Salamence|Salamence, M|100/100
|-ability|p2a: Salamence|Intimidate|boost
|-unboost|p1a: Skarmory|atk|1
|move|p1a: Skarmory|Hidden Power|p2a: Salamence
|-immune|p2a: Salamence
|
|-heal|p1a: Skarmory|20/100|[from] item: Leftovers
|upkeep
|turn|13
|
|t:|1728686265
|move|p2a: Salamence|Rock Slide|p1a: Skarmory
|-damage|p1a: Skarmory|0 fnt
|faint|p1a: Skarmory
|
|t:|1728686270
|switch|p1a: Suicune|Suicune|100/100
|
|upkeep
|turn|14
|
|t:|1728686274
|switch|p2a: Celebi|Celebi|86/100
|-damage|p2a: Celebi|74/100|[from] Spikes
|move|p1a: Suicune|Ice Beam|p2a: Celebi
|-supereffective|p2a: Celebi
|-damage|p2a: Celebi|33/100
|
|-heal|p2a: Celebi|39/100|[from] item: Leftovers
|upkeep
|turn|15
|
|t:|1728686280
|move|p2a: Celebi|Giga Drain|p1a: Suicune
|-supereffective|p1a: Suicune
|-damage|p1a: Suicune|66/100
|-heal|p2a: Celebi|57/100|[from] drain|[of] p1a: Suicune
|move|p1a: Suicune|Ice Beam|p2a: Celebi
|-supereffective|p2a: Celebi
|-damage|p2a: Celebi|20/100
|
|-heal|p2a: Celebi|26/100|[from] item: Leftovers
|-heal|p1a: Suicune|73/100|[from] item: Leftovers
|upkeep
|turn|16
|
|t:|1728686287
|switch|p2a: Snorlax|Snorlax, M|100/100
|-damage|p2a: Snorlax|88/100|[from] Spikes
|move|p1a: Suicune|Calm Mind|p1a: Suicune
|-boost|p1a: Suicune|spa|1
|-boost|p1a: Suicune|spd|1
|
|-heal|p1a: Suicune|79/100|[from] item: Leftovers
|-heal|p2a: Snorlax|94/100|[from] item: Leftovers
|upkeep
|turn|17
|
|t:|1728686289
|move|p1a: Suicune|Surf|p2a: Snorlax
|-damage|p2a: Snorlax|61/100
|move|p2a: Snorlax|Body Slam|p1a: Suicune
|-damage|p1a: Suicune|56/100
|-status|p1a: Suicune|par
|
|-heal|p2a: Snorlax|67/100|[from] item: Leftovers
|-heal|p1a: Suicune|62/100 par|[from] item: Leftovers
|upkeep
|turn|18
|
|t:|1728686294
|move|p2a: Snorlax|Body Slam|p1a: Suicune
|-damage|p1a: Suicune|40/100 par
|move|p1a: Suicune|Surf|p2a: Snorlax
|-damage|p2a: Snorlax|37/100
|
|-heal|p2a: Snorlax|43/100|[from] item: Leftovers
|-heal|p1a: Suicune|46/100 par|[from] item: Leftovers
|upkeep
|turn|19
|
|t:|1728686302
|move|p2a: Snorlax|Body Slam|p1a: Suicune
|-damage|p1a: Suicune|24/100 par
|move|p1a: Suicune|Rest|p1a: Suicune
|-status|p1a: Suicune|slp|[from] move: Rest
|-heal|p1a: Suicune|100/100 slp|[silent]
|
|-heal|p2a: Snorlax|49/100|[from] item: Leftovers
|upkeep
|turn|20
|
|t:|1728686307
|cant|p1a: Suicune|slp
|move|p2a: Snorlax|Body Slam|p1a: Suicune
|-damage|p1a: Suicune|78/100 slp
|
|-heal|p1a: Suicune|84/100 slp|[from] item: Leftovers
|-heal|p2a: Snorlax|55/100|[from] item: Leftovers
|upkeep
|turn|21
|
|t:|1728686310
|cant|p1a: Suicune|slp
|move|p2a: Snorlax|Self-Destruct|p1a: Suicune
|-damage|p1a: Suicune|0 fnt
|faint|p2a: Snorlax
|faint|p1a: Suicune
|
|t:|1728686318
|switch|p1a: Zapdos|Zapdos|82/100
|switch|p2a: Celebi|Celebi|26/100
|-damage|p2a: Celebi|13/100|[from] Spikes
|
|-heal|p2a: Celebi|20/100|[from] item: Leftovers
|-heal|p1a: Zapdos|88/100|[from] item: Leftovers
|upkeep
|turn|22
|
|t:|1728686322
|move|p2a: Celebi|Hidden Power|p1a: Zapdos
|-supereffective|p1a: Zapdos
|-damage|p1a: Zapdos|50/100
|move|p1a: Zapdos|Thunderbolt|p2a: Celebi
|-resisted|p2a: Celebi
|-damage|p2a: Celebi|0 fnt
|faint|p2a: Celebi
|
|t:|1728686334
|switch|p2a: Salamence|Salamence, M|100/100
|-ability|p2a: Salamence|Intimidate|boost
|-unboost|p1a: Zapdos|atk|1
|
|-heal|p1a: Zapdos|56/100|[from] item: Leftovers
|upkeep
|turn|23
|
|t:|1728686340
|move|p1a: Zapdos|Thunderbolt|p2a: Salamence
|-damage|p2a: Salamence|47/100
|move|p2a: Salamence|Dragon Dance|p2a: Salamence
|-boost|p2a: Salamence|atk|1
|-boost|p2a: Salamence|spe|1
|
|-heal|p2a: Salamence|53/100|[from] item: Leftovers
|-heal|p1a: Zapdos|62/100|[from] item: Leftovers
|upkeep
|turn|24
|
|t:|1728686350
|move|p2a: Salamence|Rock Slide|p1a: Zapdos
|-supereffective|p1a: Zapdos
|-damage|p1a: Zapdos|0 fnt
|faint|p1a: Zapdos
|
|t:|1728686358
|switch|p1a: Blissey|Blissey, F|100/100
|
|-heal|p2a: Salamence|59/100|[from] item: Leftovers
|upkeep
|turn|25
|inactive|donsmallow has 270 seconds left.
|inactive|donsmallow disconnected and has 300 seconds to reconnect!
|player|p2|
|inactive|gthorpe has 270 seconds left.
|inactive|donsmallow reconnected and has 250 seconds left.
|player|p2|donsmallow|wally|
|
|t:|1728686443
|move|p2a: Salamence|Hidden Power|p1a: Blissey
|-damage|p1a: Blissey|49/100
|move|p1a: Blissey|Ice Beam|p2a: Salamence
|-supereffective|p2a: Salamence
|-damage|p2a: Salamence|0 fnt
|faint|p2a: Salamence
|
|t:|1728686446
|switch|p2a: Metagross|Metagross|27/100
|-damage|p2a: Metagross|15/100|[from] Spikes
|
|-heal|p2a: Metagross|21/100|[from] item: Leftovers
|-heal|p1a: Blissey|55/100|[from] item: Leftovers
|upkeep
|turn|26
|
|t:|1728686464
|move|p2a: Metagross|Meteor Mash|p1a: Blissey
|-damage|p1a: Blissey|4/100
|-boost|p2a: Metagross|atk|1
|move|p1a: Blissey|Thunderbolt|p2a: Metagross
|-damage|p2a: Metagross|4/100
|-status|p2a: Metagross|par
|
|-heal|p1a: Blissey|10/100|[from] item: Leftovers
|-heal|p2a: Metagross|10/100 par|[from] item: Leftovers
|upkeep
|turn|27
|
|t:|1728686468
|move|p1a: Blissey|Soft-Boiled|p1a: Blissey
|-heal|p1a: Blissey|60/100
|move|p2a: Metagross|Explosion|p1a: Blissey
|-damage|p1a: Blissey|0 fnt
|faint|p2a: Metagross
|faint|p1a: Blissey
|
|t:|1728686472
|switch|p2a: Suicune|Suicune|82/100
|switch|p1a: Celebi|Celebi|100/100
|-damage|p2a: Suicune|69/100|[from] Spikes
|
|-heal|p2a: Suicune|75/100|[from] item: Leftovers
|upkeep
|turn|28
|
|t:|1728686477
|move|p1a: Celebi|Leech Seed|p2a: Suicune
|-start|p2a: Suicune|move: Leech Seed
|move|p2a: Suicune|Calm Mind|p2a: Suicune
|-boost|p2a: Suicune|spa|1
|-boost|p2a: Suicune|spd|1
|
|-heal|p2a: Suicune|82/100|[from] item: Leftovers
|-damage|p2a: Suicune|69/100|[from] Leech Seed|[of] p1a: Celebi
|upkeep
|turn|29
|
|t:|1728686480
|move|p1a: Celebi|Giga Drain|p2a: Suicune
|-supereffective|p2a: Suicune
|-damage|p2a: Suicune|50/100
|move|p2a: Suicune|Ice Beam|p1a: Celebi
|-supereffective|p1a: Celebi
|-damage|p1a: Celebi|34/100
|
|-heal|p1a: Celebi|40/100|[from] item: Leftovers
|-heal|p2a: Suicune|56/100|[from] item: Leftovers
|-damage|p2a: Suicune|44/100|[from] Leech Seed|[of] p1a: Celebi
|-heal|p1a: Celebi|52/100|[silent]
|upkeep
|turn|30
|
|t:|1728686485
|move|p1a: Celebi|Giga Drain|p2a: Suicune
|-supereffective|p2a: Suicune
|-damage|p2a: Suicune|24/100
|-heal|p1a: Celebi|63/100|[from] drain|[of] p2a: Suicune
|move|p2a: Suicune|Ice Beam|p1a: Celebi
|-supereffective|p1a: Celebi
|-damage|p1a: Celebi|0 fnt
|faint|p1a: Celebi
|
|t:|1728686491
|switch|p1a: Tyranitar|Tyranitar, F|100/100
|-weather|Sandstorm|[from] ability: Sand Stream|[of] p1a: Tyranitar
|
|-weather|Sandstorm|[upkeep]
|-damage|p2a: Suicune|17/100|[from] Sandstorm
|-heal|p2a: Suicune|24/100|[from] item: Leftovers
|-damage|p2a: Suicune|11/100|[from] Leech Seed|[of] p1a: Tyranitar
|upkeep
|turn|31
|
|t:|1728686495
|move|p2a: Suicune|Hydro Pump|p1a: Tyranitar
|-supereffective|p1a: Tyranitar
|-damage|p1a: Tyranitar|0 fnt
|faint|p1a: Tyranitar
|
|win|donsmallow
|c|☆donsmallow|gg
|c|☆gthorpe|gg
|player|p1|
|player|p2|

</script>
<script type="application/json" class="data" id="replaydata-smogtours-gen3ou-797313">
{"id":"smogtours-gen3ou-797313","format":"[Gen 3] OU","players":["gthorpe","donsmallow"],"uploadtime":1728686495,"views":171,"formatid":"gen3ou","rating":null,"private":0,"password":null}
</script>

<script defer src="js/replays.js?9d40a366"></script>
