<!DOCTYPE html>
<meta charset="utf-8" />
<meta name="viewport" content="width=device-width" />

<title>[Gen 3] OU: DipMyBalls94 vs. social inclusion - Replays - Pok&eacute;mon Showdown!</title>

<meta name="description" content="Watch a replay of a Pok&eacute;mon battle between DipMyBalls94 and social inclusion! Format: [Gen 3] OU; Date: Oct 7, 2024" />
<!--

Hey, you! Looking in the source for the replay log?

You can find them in JSON format, just add `.json` at the end of a replay URL.

https://replay.pokemonshowdown.com/gen7randomdoublesbattle-865046831.json

Or, if you only need the log itself, add `.log` instead:

https://replay.pokemonshowdown.com/gen7randomdoublesbattle-865046831.log

-->

<link rel="stylesheet" href="//pokemonshowdown.com/style/global.css?0.023195364461161105" />
<link rel="stylesheet" href="//play.pokemonshowdown.com/style/font-awesome.css?0.13261647063804238" />
<link rel="stylesheet" href="//play.pokemonshowdown.com/style/battle.css?0.8753245789963631" />
<link rel="stylesheet" href="//play.pokemonshowdown.com/style/utilichart.css?0.8627959624976733" />

<!-- Global site tag (gtag.js) - Google Analytics -->
<script async src="https://www.googletagmanager.com/gtag/js?id=UA-26211653-1"></script>
<script>
  window.dataLayer = window.dataLayer || [];
  function gtag(){dataLayer.push(arguments);}
  gtag('js', new Date());

  gtag('config', 'UA-26211653-1');
</script>
<!-- End Google Analytics -->
<!-- Venatus Ad Manager - Install in <HEAD> of page -->
	<script src="https://hb.vntsm.com/v3/live/ad-manager.min.js" type="text/javascript" data-site-id="642aba63ec9a7b11c3c9c1be" data-mode="scan" async></script>
<!-- / Venatus Ad Manager -->

<style>
	@media (max-width:820px) {
		.battle {
			margin: 0 auto;
		}
		.battle-log {
			margin: 7px auto 0;
			max-width: 640px;
			height: 300px;
			position: static;
		}
	}
	.optgroup {
		display: inline-block;
		line-height: 22px;
		font-size: 10pt;
	}
	.optgroup .button {
		height: 25px;
		padding-top: 0;
		padding-bottom: 0;
	}
	.optgroup button.button {
		padding-left: 12px;
		padding-right: 12px;
	}
	.linklist {
		list-style: none;
		margin: 0.5em 0;
		padding: 0;
	}
	.linklist li {
		padding: 2px 0;
	}
	.sidebar {
		float: left;
		width: 320px;
	}
	.bar-wrapper {
		max-width: 1100px;
		margin: 0 auto;
	}
	.bar-wrapper.has-sidebar {
		max-width: 1430px;
	}
	.mainbar {
		margin: 0;
		padding-right: 1px;
	}
	.mainbar.has-sidebar {
		margin-left: 330px;
	}
	@media (min-width: 1511px) {
		.sidebar {
			width: 400px;
		}
		.bar-wrapper.has-sidebar {
			max-width: 1510px;
		}
		.mainbar.has-sidebar {
			margin-left: 410px;
		}
	}
	.section.first-section {
		margin-top: 9px;
	}
	.blocklink small {
		white-space: normal;
	}
	.button {
		vertical-align: middle;
	}
	.replay-controls {
		padding-top: 10px;
	}
	.replay-controls h1 {
		font-size: 16pt;
		font-weight: normal;
		color: #CCC;
	}
	.pagelink {
		text-align: center;
	}
	.pagelink a {
		width: 150px;
	}
	.textbox, .button {
		font-size: 11pt;
		vertical-align: middle;
	}
	@media (max-width: 450px) {
		.button {
			font-size: 9pt;
		}
	}
</style>

<div>

	<header>
		<div class="nav-wrapper"><ul class="nav">
			<li><a class="button nav-first" href="//pokemonshowdown.com/"><img src="//pokemonshowdown.com/images/pokemonshowdownbeta.png" srcset="//pokemonshowdown.com/images/pokemonshowdownbeta.png 1x, //pokemonshowdown.com/images/pokemonshowdownbeta@2x.png 2x" alt="Pok&eacute;mon Showdown" width="146" height="44" /> Home</a></li>
			<li><a class="button" href="//pokemonshowdown.com/dex/">Pok&eacute;dex</a></li>
			<li><a class="button cur" href="/">Replays</a></li>
			<li><a class="button" href="//pokemonshowdown.com/ladder/">Ladder</a></li>
			<li><a class="button nav-last" href="//pokemonshowdown.com/forums/">Forum</a></li>
			<li><a class="button greenbutton nav-first nav-last" href="//play.pokemonshowdown.com/">Play</a></li>
		</ul></div>
	</header>

	<div class="main" id="main">

		<noscript><section class="section">You need to enable JavaScript to use this page; sorry!</section></noscript>

	</div>

</div>

<script defer nomodule src="//play.pokemonshowdown.com/js/lib/ps-polyfill.js"></script>
<script defer src="//play.pokemonshowdown.com/js/lib/preact.min.js"></script>

<script defer src="//play.pokemonshowdown.com/config/config.js?2bddbc15"></script>
<script defer src="//play.pokemonshowdown.com/js/lib/jquery-1.11.0.min.js"></script>
<script defer src="//play.pokemonshowdown.com/js/lib/html-sanitizer-minified.js"></script>
<script defer src="//play.pokemonshowdown.com/js/battle-sound.js"></script>
<script defer src="//play.pokemonshowdown.com/js/battledata.js?0.7209276989879541"></script>
<script defer src="//play.pokemonshowdown.com/data/pokedex-mini.js?0.6111056340867951"></script>
<script defer src="//play.pokemonshowdown.com/data/pokedex-mini-bw.js?0.3532142036491459"></script>
<script defer src="//play.pokemonshowdown.com/data/graphics.js?0.24223875632456182"></script>
<script defer src="//play.pokemonshowdown.com/data/pokedex.js?0.38839984266356864"></script>
<script defer src="//play.pokemonshowdown.com/data/moves.js?0.21866028504024015"></script>
<script defer src="//play.pokemonshowdown.com/data/abilities.js?0.2005157953846628"></script>
<script defer src="//play.pokemonshowdown.com/data/items.js?0.9894211263848525"></script>
<script defer src="//play.pokemonshowdown.com/data/teambuilder-tables.js?0.6008791140282215"></script>
<script defer src="//play.pokemonshowdown.com/js/battle-tooltips.js?0.7580118955022959"></script>
<script defer src="//play.pokemonshowdown.com/js/battle.js?0.6057722274234274"></script>

<script defer src="js/utils.js?e31f9a17"></script>
<script defer src="js/replays-battle.js?7008c182"></script>

<!-- don't scrape this data! just add .json or .log after the URL!
Full API docs: https://github.com/smogon/pokemon-showdown-client/blob/master/WEB-API.md -->
<script type="text/plain" class="log" id="replaylog-smogtours-gen3ou-796248">
|inactive|Battle timer is ON: inactive players will automatically lose when time's up.
|t:|1728335681
|gametype|singles
|player|p1|DipMyBalls94|dawn|
|player|p2|social inclusion|169|
|teamsize|p1|6
|teamsize|p2|6
|gen|3
|tier|[Gen 3] OU
|rule|Sleep Clause Mod: Limit one foe put to sleep
|rule|Switch Priority Clause Mod: Faster Pokémon switch first
|rule|Species Clause: Limit one of each Pokémon
|rule|OHKO Clause: OHKO moves are banned
|rule|Evasion Items Clause: Evasion items are banned
|rule|Evasion Moves Clause: Evasion moves are banned
|rule|Endless Battle Clause: Forcing endless battles is banned
|rule|HP Percentage Mod: HP is shown in percentages
|rule|One Boost Passer Clause: Limit one Baton Passer that has a way to boost its stats
|rule|Freeze Clause Mod: Limit one foe frozen
|
|t:|1728335681
|start
|switch|p1a: Zeus' pet|Zapdos|100/100
|switch|p2a: Tyranitar|Tyranitar, M|100/100
|-weather|Sandstorm|[from] ability: Sand Stream|[of] p2a: Tyranitar
|turn|1
|inactive|DipMyBalls94 also wants the timer to be on.
|c|☆DipMyBalls94|Hf
|c|☆social inclusion|same
|
|t:|1728335704
|move|p1a: Zeus' pet|Thunderbolt|p2a: Tyranitar
|-damage|p2a: Tyranitar|62/100
|move|p2a: Tyranitar|Ice Beam|p1a: Zeus' pet
|-supereffective|p1a: Zeus' pet
|-damage|p1a: Zeus' pet|48/100
|
|-weather|Sandstorm|[upkeep]
|-damage|p1a: Zeus' pet|42/100|[from] Sandstorm
|-heal|p1a: Zeus' pet|48/100|[from] item: Leftovers
|-heal|p2a: Tyranitar|68/100|[from] item: Leftovers
|upkeep
|turn|2
|inactive|DipMyBalls94 has 270 seconds left.
|
|t:|1728335743
|switch|p1a: REAL BALLER|Swampert, F|100/100
|switch|p2a: Swampert|Swampert, M|100/100
|
|-weather|Sandstorm|[upkeep]
|upkeep
|turn|3
|inactive|DipMyBalls94 has 270 seconds left.
|
|t:|1728335763
|move|p1a: REAL BALLER|Hidden Power|p2a: Swampert
|-supereffective|p2a: Swampert
|-damage|p2a: Swampert|34/100
|move|p2a: Swampert|Hydro Pump|p1a: REAL BALLER
|-damage|p1a: REAL BALLER|65/100
|
|-weather|Sandstorm|[upkeep]
|-heal|p2a: Swampert|41/100|[from] item: Leftovers
|-heal|p1a: REAL BALLER|71/100|[from] item: Leftovers
|upkeep
|turn|4
|inactive|DipMyBalls94 has 270 seconds left.
|inactive|social inclusion has 270 seconds left.
|
|t:|1728335782
|switch|p2a: Jumpluff|Jumpluff, M|100/100
|move|p1a: REAL BALLER|Hidden Power|p2a: Jumpluff
|-resisted|p2a: Jumpluff
|-damage|p2a: Jumpluff|96/100
|
|-weather|Sandstorm|[upkeep]
|-damage|p2a: Jumpluff|90/100|[from] Sandstorm
|-heal|p2a: Jumpluff|96/100|[from] item: Leftovers
|-heal|p1a: REAL BALLER|77/100|[from] item: Leftovers
|upkeep
|turn|5
|inactive|DipMyBalls94 has 270 seconds left.
|
|t:|1728335816
|switch|p1a: Zeus' pet|Zapdos|48/100
|move|p2a: Jumpluff|Encore||[still]
|-fail|p2a: Jumpluff
|
|-weather|Sandstorm|[upkeep]
|-damage|p2a: Jumpluff|90/100|[from] Sandstorm
|-damage|p1a: Zeus' pet|42/100|[from] Sandstorm
|-heal|p2a: Jumpluff|96/100|[from] item: Leftovers
|-heal|p1a: Zeus' pet|48/100|[from] item: Leftovers
|upkeep
|turn|6
|
|t:|1728335827
|switch|p2a: Blissey|Blissey, F|100/100
|move|p1a: Zeus' pet|Toxic|p2a: Blissey
|-status|p2a: Blissey|tox
|
|-weather|Sandstorm|[upkeep]
|-damage|p1a: Zeus' pet|42/100|[from] Sandstorm
|-damage|p2a: Blissey|94/100 tox|[from] Sandstorm
|-heal|p1a: Zeus' pet|48/100|[from] item: Leftovers
|-heal|p2a: Blissey|100/100 tox|[from] item: Leftovers
|-damage|p2a: Blissey|94/100 tox|[from] psn
|upkeep
|turn|7
|
|t:|1728335837
|move|p1a: Zeus' pet|Light Screen|p1a: Zeus' pet
|-sidestart|p1: DipMyBalls94|Light Screen
|move|p2a: Blissey|Ice Beam|p1a: Zeus' pet
|-supereffective|p1a: Zeus' pet
|-damage|p1a: Zeus' pet|21/100
|
|-weather|Sandstorm|[upkeep]
|-damage|p1a: Zeus' pet|15/100|[from] Sandstorm
|-damage|p2a: Blissey|88/100 tox|[from] Sandstorm
|-heal|p1a: Zeus' pet|21/100|[from] item: Leftovers
|-heal|p2a: Blissey|94/100 tox|[from] item: Leftovers
|-damage|p2a: Blissey|82/100 tox|[from] psn
|upkeep
|turn|8
|
|t:|1728335855
|switch|p1a: Three floor shits|Dugtrio, M|100/100
|-curestatus|p2a: Blissey|tox|[from] ability: Natural Cure
|switch|p2a: Swampert|Swampert, M|41/100
|
|-weather|Sandstorm|[upkeep]
|-heal|p2a: Swampert|47/100|[from] item: Leftovers
|upkeep
|turn|9
|inactive|DipMyBalls94 has 240 seconds left.
|
|t:|1728335897
|switch|p1a: REAL BALLER|Swampert, F|77/100
|move|p2a: Swampert|Earthquake|p1a: REAL BALLER
|-damage|p1a: REAL BALLER|46/100
|
|-weather|Sandstorm|[upkeep]
|-heal|p2a: Swampert|53/100|[from] item: Leftovers
|-heal|p1a: REAL BALLER|52/100|[from] item: Leftovers
|upkeep
|turn|10
|
|t:|1728335916
|switch|p2a: Forretress|Forretress, M|100/100
|move|p1a: REAL BALLER|Hidden Power|p2a: Forretress
|-resisted|p2a: Forretress
|-damage|p2a: Forretress|96/100
|
|-weather|Sandstorm|[upkeep]
|-heal|p1a: REAL BALLER|59/100|[from] item: Leftovers
|-heal|p2a: Forretress|100/100|[from] item: Leftovers
|upkeep
|turn|11
|
|t:|1728335922
|move|p1a: REAL BALLER|Hydro Pump|p2a: Forretress|[miss]
|-miss|p1a: REAL BALLER|p2a: Forretress
|move|p2a: Forretress|Spikes|p1a: REAL BALLER
|-sidestart|p1: DipMyBalls94|Spikes
|
|-sideend|p1: DipMyBalls94|Light Screen
|-weather|Sandstorm|[upkeep]
|-heal|p1a: REAL BALLER|65/100|[from] item: Leftovers
|upkeep
|turn|12
|inactive|DipMyBalls94 has 240 seconds left.
|
|t:|1728335951
|switch|p1a: Lil' Phantom|Gengar, M|100/100
|switch|p2a: Blissey|Blissey, F|82/100
|
|-weather|Sandstorm|[upkeep]
|-damage|p1a: Lil' Phantom|95/100|[from] Sandstorm
|-damage|p2a: Blissey|76/100|[from] Sandstorm
|-heal|p1a: Lil' Phantom|100/100|[from] item: Leftovers
|-heal|p2a: Blissey|82/100|[from] item: Leftovers
|upkeep
|turn|13
|inactive|social inclusion has 270 seconds left.
|
|t:|1728335975
|switch|p1a: Zeus' pet|Zapdos|21/100
|switch|p2a: Tyranitar|Tyranitar, M|68/100
|
|-weather|Sandstorm|[upkeep]
|-damage|p1a: Zeus' pet|15/100|[from] Sandstorm
|-heal|p1a: Zeus' pet|21/100|[from] item: Leftovers
|-heal|p2a: Tyranitar|74/100|[from] item: Leftovers
|upkeep
|turn|14
|inactive|social inclusion has 270 seconds left.
|inactive|DipMyBalls94 has 210 seconds left.
|inactive|social inclusion has 240 seconds left.
|
|t:|1728336024
|switch|p2a: Gengar|Gengar, F|100/100
|move|p1a: Zeus' pet|Thunderbolt|p2a: Gengar
|-damage|p2a: Gengar|45/100
|
|-weather|Sandstorm|[upkeep]
|-damage|p2a: Gengar|39/100|[from] Sandstorm
|-damage|p1a: Zeus' pet|15/100|[from] Sandstorm
|-heal|p2a: Gengar|45/100|[from] item: Leftovers
|-heal|p1a: Zeus' pet|21/100|[from] item: Leftovers
|upkeep
|turn|15
|
|t:|1728336037
|switch|p1a: PhD in Hax Physics|Jirachi|100/100
|-damage|p1a: PhD in Hax Physics|88/100|[from] Spikes
|move|p2a: Gengar|Ice Punch|p1a: PhD in Hax Physics
|-resisted|p1a: PhD in Hax Physics
|-damage|p1a: PhD in Hax Physics|79/100
|
|-weather|Sandstorm|[upkeep]
|-damage|p2a: Gengar|39/100|[from] Sandstorm
|-heal|p2a: Gengar|45/100|[from] item: Leftovers
|-heal|p1a: PhD in Hax Physics|85/100|[from] item: Leftovers
|upkeep
|turn|16
|
|t:|1728336056
|switch|p2a: Swampert|Swampert, M|53/100
|switch|p1a: Three floor shits|Dugtrio, M|100/100
|-damage|p1a: Three floor shits|88/100|[from] Spikes
|
|-weather|Sandstorm|[upkeep]
|-heal|p2a: Swampert|59/100|[from] item: Leftovers
|upkeep
|turn|17
|inactive|social inclusion has 240 seconds left.
|
|t:|1728336072
|switch|p1a: Lil' Phantom|Gengar, M|100/100
|move|p2a: Swampert|Earthquake|p1a: Lil' Phantom
|-immune|p1a: Lil' Phantom
|
|-weather|Sandstorm|[upkeep]
|-damage|p1a: Lil' Phantom|95/100|[from] Sandstorm
|-heal|p1a: Lil' Phantom|100/100|[from] item: Leftovers
|-heal|p2a: Swampert|65/100|[from] item: Leftovers
|upkeep
|turn|18
|inactive|social inclusion has 240 seconds left.
|
|t:|1728336101
|move|p1a: Lil' Phantom|Will-O-Wisp|p2a: Swampert
|-status|p2a: Swampert|brn
|move|p2a: Swampert|Hydro Pump|p1a: Lil' Phantom
|-damage|p1a: Lil' Phantom|59/100
|
|-weather|Sandstorm|[upkeep]
|-damage|p1a: Lil' Phantom|53/100|[from] Sandstorm
|-heal|p1a: Lil' Phantom|59/100|[from] item: Leftovers
|-heal|p2a: Swampert|72/100 brn|[from] item: Leftovers
|-damage|p2a: Swampert|59/100 brn|[from] brn
|upkeep
|turn|19
|
|t:|1728336111
|move|p1a: Lil' Phantom|Ice Punch|p2a: Swampert
|-damage|p2a: Swampert|40/100 brn
|move|p2a: Swampert|Refresh|p2a: Swampert
|-curestatus|p2a: Swampert|brn|[msg]
|
|-weather|Sandstorm|[upkeep]
|-damage|p1a: Lil' Phantom|53/100|[from] Sandstorm
|-heal|p1a: Lil' Phantom|59/100|[from] item: Leftovers
|-heal|p2a: Swampert|47/100|[from] item: Leftovers
|upkeep
|turn|20
|
|t:|1728336123
|move|p1a: Lil' Phantom|Ice Punch|p2a: Swampert
|-damage|p2a: Swampert|27/100
|move|p2a: Swampert|Hydro Pump|p1a: Lil' Phantom
|-damage|p1a: Lil' Phantom|0 fnt
|faint|p1a: Lil' Phantom
|inactive|DipMyBalls94 has 180 seconds left.
|
|t:|1728336147
|switch|p1a: Three floor shits|Dugtrio, M|88/100
|-damage|p1a: Three floor shits|76/100|[from] Spikes
|
|-weather|Sandstorm|[upkeep]
|-heal|p2a: Swampert|33/100|[from] item: Leftovers
|upkeep
|turn|21
|
|t:|1728336152
|move|p1a: Three floor shits|Earthquake|p2a: Swampert
|-damage|p2a: Swampert|0 fnt
|faint|p2a: Swampert
|
|t:|1728336161
|switch|p2a: Jumpluff|Jumpluff, M|96/100
|
|-weather|Sandstorm|[upkeep]
|-damage|p2a: Jumpluff|90/100|[from] Sandstorm
|-heal|p2a: Jumpluff|96/100|[from] item: Leftovers
|upkeep
|turn|22
|
|t:|1728336166
|switch|p1a: Zeus' pet|Zapdos|21/100
|move|p2a: Jumpluff|Leech Seed|p1a: Zeus' pet|[miss]
|-miss|p2a: Jumpluff|p1a: Zeus' pet
|
|-weather|Sandstorm|[upkeep]
|-damage|p2a: Jumpluff|90/100|[from] Sandstorm
|-damage|p1a: Zeus' pet|15/100|[from] Sandstorm
|-heal|p2a: Jumpluff|96/100|[from] item: Leftovers
|-heal|p1a: Zeus' pet|21/100|[from] item: Leftovers
|upkeep
|turn|23
|inactive|social inclusion has 270 seconds left.
|
|t:|1728336182
|move|p2a: Jumpluff|Substitute|p2a: Jumpluff
|-start|p2a: Jumpluff|Substitute
|-damage|p2a: Jumpluff|71/100
|move|p1a: Zeus' pet|Thunder Wave||[still]
|-fail|p1a: Zeus' pet
|
|-weather|Sandstorm|[upkeep]
|-damage|p2a: Jumpluff|65/100|[from] Sandstorm
|-damage|p1a: Zeus' pet|15/100|[from] Sandstorm
|-heal|p2a: Jumpluff|71/100|[from] item: Leftovers
|-heal|p1a: Zeus' pet|21/100|[from] item: Leftovers
|upkeep
|turn|24
|
|t:|1728336185
|move|p2a: Jumpluff|Encore|p1a: Zeus' pet
|-start|p1a: Zeus' pet|Encore
|move|p1a: Zeus' pet|Thunder Wave||[still]
|-fail|p1a: Zeus' pet
|
|-weather|Sandstorm|[upkeep]
|-damage|p2a: Jumpluff|65/100|[from] Sandstorm
|-damage|p1a: Zeus' pet|15/100|[from] Sandstorm
|-heal|p2a: Jumpluff|71/100|[from] item: Leftovers
|-heal|p1a: Zeus' pet|21/100|[from] item: Leftovers
|upkeep
|turn|25
|inactive|DipMyBalls94 has 210 seconds left.
|inactive|DipMyBalls94 has 180 seconds left.
|
|t:|1728336242
|switch|p1a: REAL BALLER|Swampert, F|65/100
|-damage|p1a: REAL BALLER|52/100|[from] Spikes
|move|p2a: Jumpluff|Leech Seed|p1a: REAL BALLER
|-start|p1a: REAL BALLER|move: Leech Seed
|
|-weather|Sandstorm|[upkeep]
|-damage|p2a: Jumpluff|65/100|[from] Sandstorm
|-heal|p2a: Jumpluff|71/100|[from] item: Leftovers
|-heal|p1a: REAL BALLER|59/100|[from] item: Leftovers
|-damage|p1a: REAL BALLER|46/100|[from] Leech Seed|[of] p2a: Jumpluff
|-heal|p2a: Jumpluff|88/100|[silent]
|upkeep
|turn|26
|
|t:|1728336249
|move|p2a: Jumpluff|Sleep Powder|p1a: REAL BALLER
|-status|p1a: REAL BALLER|slp|[from] move: Sleep Powder
|cant|p1a: REAL BALLER|slp
|
|-weather|Sandstorm|[upkeep]
|-damage|p2a: Jumpluff|82/100|[from] Sandstorm
|-heal|p2a: Jumpluff|88/100|[from] item: Leftovers
|-heal|p1a: REAL BALLER|52/100 slp|[from] item: Leftovers
|-damage|p1a: REAL BALLER|40/100 slp|[from] Leech Seed|[of] p2a: Jumpluff
|-heal|p2a: Jumpluff|100/100|[silent]
|upkeep
|turn|27
|
|t:|1728336253
|switch|p1a: PhD in Hax Physics|Jirachi|85/100
|-damage|p1a: PhD in Hax Physics|72/100|[from] Spikes
|move|p2a: Jumpluff|Leech Seed|p1a: PhD in Hax Physics
|-start|p1a: PhD in Hax Physics|move: Leech Seed
|
|-weather|Sandstorm|[upkeep]
|-damage|p2a: Jumpluff|94/100|[from] Sandstorm
|-heal|p2a: Jumpluff|100/100|[from] item: Leftovers
|-heal|p1a: PhD in Hax Physics|79/100|[from] item: Leftovers
|-damage|p1a: PhD in Hax Physics|66/100|[from] Leech Seed|[of] p2a: Jumpluff
|upkeep
|turn|28
|
|t:|1728336261
|move|p2a: Jumpluff|Leech Seed||[still]
|-fail|p2a: Jumpluff
|move|p1a: PhD in Hax Physics|Fire Punch|p2a: Jumpluff
|-supereffective|p2a: Jumpluff
|-end|p2a: Jumpluff|Substitute
|
|-weather|Sandstorm|[upkeep]
|-damage|p2a: Jumpluff|94/100|[from] Sandstorm
|-heal|p2a: Jumpluff|100/100|[from] item: Leftovers
|-heal|p1a: PhD in Hax Physics|72/100|[from] item: Leftovers
|-damage|p1a: PhD in Hax Physics|60/100|[from] Leech Seed|[of] p2a: Jumpluff
|upkeep
|turn|29
|
|t:|1728336267
|switch|p1a: Three floor shits|Dugtrio, M|76/100
|-damage|p1a: Three floor shits|64/100|[from] Spikes
|move|p2a: Jumpluff|Substitute|p2a: Jumpluff
|-start|p2a: Jumpluff|Substitute
|-damage|p2a: Jumpluff|76/100
|
|-weather|Sandstorm|[upkeep]
|-damage|p2a: Jumpluff|70/100|[from] Sandstorm
|-heal|p2a: Jumpluff|76/100|[from] item: Leftovers
|upkeep
|turn|30
|inactive|DipMyBalls94 has 210 seconds left.
|
|t:|1728336274
|move|p1a: Three floor shits|Aerial Ace|p2a: Jumpluff
|-supereffective|p2a: Jumpluff
|-end|p2a: Jumpluff|Substitute
|move|p2a: Jumpluff|Leech Seed|p1a: Three floor shits|[miss]
|-miss|p2a: Jumpluff|p1a: Three floor shits
|
|-weather|Sandstorm|[upkeep]
|-damage|p2a: Jumpluff|70/100|[from] Sandstorm
|-heal|p2a: Jumpluff|76/100|[from] item: Leftovers
|upkeep
|turn|31
|
|t:|1728336280
|switch|p2a: Tyranitar|Tyranitar, M|74/100
|move|p1a: Three floor shits|Aerial Ace|p2a: Tyranitar
|-resisted|p2a: Tyranitar
|-damage|p2a: Tyranitar|66/100
|
|-weather|Sandstorm|[upkeep]
|-heal|p2a: Tyranitar|72/100|[from] item: Leftovers
|upkeep
|turn|32
|
|t:|1728336286
|-activate|p1a: Three floor shits|move: Pursuit
|move|p2a: Tyranitar|Pursuit|p1a: Three floor shits|[from]Pursuit
|-damage|p1a: Three floor shits|0 fnt
|faint|p1a: Three floor shits
|-hint|Previously chosen switches continue in Gen 2-4 after a Pursuit target faints.
|switch|p1a: Zeus' pet|Zapdos|21/100
|
|-weather|Sandstorm|[upkeep]
|-damage|p1a: Zeus' pet|15/100|[from] Sandstorm
|-heal|p1a: Zeus' pet|21/100|[from] item: Leftovers
|-heal|p2a: Tyranitar|78/100|[from] item: Leftovers
|upkeep
|turn|33
|
|t:|1728336300
|switch|p2a: Blissey|Blissey, F|82/100
|move|p1a: Zeus' pet|Thunderbolt|p2a: Blissey
|-damage|p2a: Blissey|65/100
|
|-weather|Sandstorm|[upkeep]
|-damage|p1a: Zeus' pet|15/100|[from] Sandstorm
|-damage|p2a: Blissey|58/100|[from] Sandstorm
|-heal|p1a: Zeus' pet|21/100|[from] item: Leftovers
|-heal|p2a: Blissey|65/100|[from] item: Leftovers
|upkeep
|turn|34
|
|t:|1728336306
|move|p1a: Zeus' pet|Toxic|p2a: Blissey
|-status|p2a: Blissey|tox
|move|p2a: Blissey|Soft-Boiled|p2a: Blissey
|-heal|p2a: Blissey|100/100 tox
|
|-weather|Sandstorm|[upkeep]
|-damage|p1a: Zeus' pet|15/100|[from] Sandstorm
|-damage|p2a: Blissey|94/100 tox|[from] Sandstorm
|-heal|p1a: Zeus' pet|21/100|[from] item: Leftovers
|-heal|p2a: Blissey|100/100 tox|[from] item: Leftovers
|-damage|p2a: Blissey|94/100 tox|[from] psn
|upkeep
|turn|35
|
|t:|1728336309
|move|p1a: Zeus' pet|Thunderbolt|p2a: Blissey
|-damage|p2a: Blissey|76/100 tox
|move|p2a: Blissey|Ice Beam|p1a: Zeus' pet
|-supereffective|p1a: Zeus' pet
|-damage|p1a: Zeus' pet|0 fnt
|faint|p1a: Zeus' pet
|
|t:|1728336318
|switch|p1a: Hoe Smacker|Tyranitar, F|100/100
|-damage|p1a: Hoe Smacker|88/100|[from] Spikes
|
|-weather|Sandstorm|[upkeep]
|-damage|p2a: Blissey|70/100 tox|[from] Sandstorm
|-heal|p1a: Hoe Smacker|94/100|[from] item: Leftovers
|-heal|p2a: Blissey|76/100 tox|[from] item: Leftovers
|-damage|p2a: Blissey|64/100 tox|[from] psn
|upkeep
|turn|36
|inactive|social inclusion has 270 seconds left.
|
|t:|1728336360
|-curestatus|p2a: Blissey|tox|[from] ability: Natural Cure
|switch|p2a: Gengar|Gengar, F|45/100
|move|p1a: Hoe Smacker|Dragon Dance|p1a: Hoe Smacker
|-boost|p1a: Hoe Smacker|atk|1
|-boost|p1a: Hoe Smacker|spe|1
|
|-weather|Sandstorm|[upkeep]
|-damage|p2a: Gengar|39/100|[from] Sandstorm
|-heal|p2a: Gengar|45/100|[from] item: Leftovers
|-heal|p1a: Hoe Smacker|100/100|[from] item: Leftovers
|upkeep
|turn|37
|inactive|DipMyBalls94 has 240 seconds left.
|
|t:|1728336390
|move|p2a: Gengar|Will-O-Wisp|p1a: Hoe Smacker
|-status|p1a: Hoe Smacker|brn
|move|p1a: Hoe Smacker|Dragon Dance|p1a: Hoe Smacker
|-boost|p1a: Hoe Smacker|atk|1
|-boost|p1a: Hoe Smacker|spe|1
|
|-weather|Sandstorm|[upkeep]
|-damage|p2a: Gengar|39/100|[from] Sandstorm
|-damage|p1a: Hoe Smacker|88/100 brn|[from] brn
|-heal|p2a: Gengar|45/100|[from] item: Leftovers
|upkeep
|turn|38
|inactive|social inclusion has 270 seconds left.
|
|t:|1728336404
|move|p1a: Hoe Smacker|Dragon Dance|p1a: Hoe Smacker
|-boost|p1a: Hoe Smacker|atk|1
|-boost|p1a: Hoe Smacker|spe|1
|move|p2a: Gengar|Ice Punch|p1a: Hoe Smacker
|-crit|p1a: Hoe Smacker
|-damage|p1a: Hoe Smacker|50/100 brn
|
|-weather|Sandstorm|[upkeep]
|-damage|p2a: Gengar|39/100|[from] Sandstorm
|-heal|p1a: Hoe Smacker|56/100 brn|[from] item: Leftovers
|-damage|p1a: Hoe Smacker|43/100 brn|[from] brn
|-heal|p2a: Gengar|45/100|[from] item: Leftovers
|upkeep
|turn|39
|inactive|social inclusion has 270 seconds left.
|inactive|DipMyBalls94 has 240 seconds left.
|inactive|social inclusion has 240 seconds left.
|
|t:|1728336447
|switch|p2a: Tyranitar|Tyranitar, M|78/100
|move|p1a: Hoe Smacker|Rock Slide|p2a: Tyranitar
|-damage|p2a: Tyranitar|37/100
|
|-weather|Sandstorm|[upkeep]
|-heal|p1a: Hoe Smacker|50/100 brn|[from] item: Leftovers
|-damage|p1a: Hoe Smacker|37/100 brn|[from] brn
|-heal|p2a: Tyranitar|44/100|[from] item: Leftovers
|upkeep
|turn|40
|inactive|DipMyBalls94 has 240 seconds left.
|
|t:|1728336452
|move|p1a: Hoe Smacker|Earthquake|p2a: Tyranitar
|-supereffective|p2a: Tyranitar
|-damage|p2a: Tyranitar|0 fnt
|faint|p2a: Tyranitar
|
|t:|1728336456
|switch|p2a: Forretress|Forretress, M|100/100
|
|-weather|Sandstorm|[upkeep]
|-heal|p1a: Hoe Smacker|43/100 brn|[from] item: Leftovers
|-damage|p1a: Hoe Smacker|31/100 brn|[from] brn
|upkeep
|turn|41
|
|t:|1728336460
|move|p1a: Hoe Smacker|Rock Slide|p2a: Forretress
|-damage|p2a: Forretress|69/100
|cant|p2a: Forretress|flinch
|
|-weather|Sandstorm|[upkeep]
|-heal|p1a: Hoe Smacker|37/100 brn|[from] item: Leftovers
|-damage|p1a: Hoe Smacker|25/100 brn|[from] brn
|-heal|p2a: Forretress|75/100|[from] item: Leftovers
|upkeep
|turn|42
|
|t:|1728336467
|move|p1a: Hoe Smacker|Rock Slide|p2a: Forretress
|-damage|p2a: Forretress|46/100
|cant|p2a: Forretress|flinch
|
|-weather|Sandstorm|[upkeep]
|-heal|p1a: Hoe Smacker|31/100 brn|[from] item: Leftovers
|-damage|p1a: Hoe Smacker|19/100 brn|[from] brn
|-heal|p2a: Forretress|52/100|[from] item: Leftovers
|upkeep
|turn|43
|
|t:|1728336470
|move|p1a: Hoe Smacker|Rock Slide|p2a: Forretress
|-damage|p2a: Forretress|20/100
|cant|p2a: Forretress|flinch
|
|-weather|Sandstorm|[upkeep]
|-heal|p1a: Hoe Smacker|25/100 brn|[from] item: Leftovers
|-damage|p1a: Hoe Smacker|12/100 brn|[from] brn
|-heal|p2a: Forretress|26/100|[from] item: Leftovers
|upkeep
|turn|44
|c|☆social inclusion|holy crap
|
|t:|1728336484
|move|p1a: Hoe Smacker|Rock Slide|p2a: Forretress|[miss]
|-miss|p1a: Hoe Smacker|p2a: Forretress
|move|p2a: Forretress|Explosion|p1a: Hoe Smacker
|-resisted|p1a: Hoe Smacker
|-damage|p1a: Hoe Smacker|0 fnt
|faint|p2a: Forretress
|faint|p1a: Hoe Smacker
|
|t:|1728336509
|switch|p1a: PhD in Hax Physics|Jirachi|60/100
|switch|p2a: Blissey|Blissey, F|64/100
|-damage|p1a: PhD in Hax Physics|48/100|[from] Spikes
|
|-weather|Sandstorm|[upkeep]
|-damage|p2a: Blissey|58/100|[from] Sandstorm
|-heal|p1a: PhD in Hax Physics|54/100|[from] item: Leftovers
|-heal|p2a: Blissey|64/100|[from] item: Leftovers
|upkeep
|turn|45
|
|t:|1728336514
|move|p1a: PhD in Hax Physics|Calm Mind|p1a: PhD in Hax Physics
|-boost|p1a: PhD in Hax Physics|spa|1
|-boost|p1a: PhD in Hax Physics|spd|1
|move|p2a: Blissey|Seismic Toss|p1a: PhD in Hax Physics
|-damage|p1a: PhD in Hax Physics|29/100
|
|-weather|Sandstorm|[upkeep]
|-damage|p2a: Blissey|58/100|[from] Sandstorm
|-heal|p1a: PhD in Hax Physics|35/100|[from] item: Leftovers
|-heal|p2a: Blissey|64/100|[from] item: Leftovers
|upkeep
|turn|46
|
|t:|1728336523
|move|p1a: PhD in Hax Physics|Psychic|p2a: Blissey
|-damage|p2a: Blissey|41/100
|move|p2a: Blissey|Soft-Boiled|p2a: Blissey
|-heal|p2a: Blissey|91/100
|
|-weather|Sandstorm|[upkeep]
|-damage|p2a: Blissey|85/100|[from] Sandstorm
|-heal|p1a: PhD in Hax Physics|41/100|[from] item: Leftovers
|-heal|p2a: Blissey|91/100|[from] item: Leftovers
|upkeep
|turn|47
|
|t:|1728336527
|move|p1a: PhD in Hax Physics|Psychic|p2a: Blissey
|-damage|p2a: Blissey|70/100
|move|p2a: Blissey|Seismic Toss|p1a: PhD in Hax Physics
|-damage|p1a: PhD in Hax Physics|17/100
|
|-weather|Sandstorm|[upkeep]
|-damage|p2a: Blissey|63/100|[from] Sandstorm
|-heal|p1a: PhD in Hax Physics|23/100|[from] item: Leftovers
|-heal|p2a: Blissey|70/100|[from] item: Leftovers
|upkeep
|turn|48
|
|t:|1728336530
|move|p1a: PhD in Hax Physics|Psychic|p2a: Blissey
|-damage|p2a: Blissey|47/100
|-unboost|p2a: Blissey|spd|1
|move|p2a: Blissey|Seismic Toss|p1a: PhD in Hax Physics
|-damage|p1a: PhD in Hax Physics|0 fnt
|faint|p1a: PhD in Hax Physics
|
|t:|1728336533
|switch|p1a: REAL BALLER|Swampert, F|40/100 slp
|-damage|p1a: REAL BALLER|28/100 slp|[from] Spikes
|
|-weather|Sandstorm|[upkeep]
|-damage|p2a: Blissey|41/100|[from] Sandstorm
|-heal|p2a: Blissey|47/100|[from] item: Leftovers
|-heal|p1a: REAL BALLER|34/100 slp|[from] item: Leftovers
|upkeep
|turn|49
|
|t:|1728336535
|move|p2a: Blissey|Seismic Toss|p1a: REAL BALLER
|-damage|p1a: REAL BALLER|9/100 slp
|cant|p1a: REAL BALLER|slp
|
|-weather|Sandstorm|[upkeep]
|-damage|p2a: Blissey|41/100|[from] Sandstorm
|-heal|p2a: Blissey|47/100|[from] item: Leftovers
|-heal|p1a: REAL BALLER|15/100 slp|[from] item: Leftovers
|upkeep
|turn|50
|
|t:|1728336537
|move|p2a: Blissey|Seismic Toss|p1a: REAL BALLER
|-damage|p1a: REAL BALLER|0 fnt
|faint|p1a: REAL BALLER
|
|win|social inclusion
|c|☆social inclusion|gg
|c|☆DipMyBalls94|Gg

</script>
<script type="application/json" class="data" id="replaydata-smogtours-gen3ou-796248">
{"id":"smogtours-gen3ou-796248","format":"[Gen 3] OU","players":["DipMyBalls94","social inclusion"],"uploadtime":1728336537,"views":127,"formatid":"gen3ou","rating":null,"private":1,"password":null}
</script>

<script defer src="js/replays.js?9d40a366"></script>
