<!DOCTYPE html>
<meta charset="utf-8" />
<meta name="viewport" content="width=device-width" />

<title>[Gen 3] OU: TreinerOrenge vs. SlamonBBQ - Replays - Pok&eacute;mon Showdown!</title>

<meta name="description" content="Watch a replay of a Pok&eacute;mon battle between TreinerOrenge and SlamonBBQ! Format: [Gen 3] OU; Date: Nov 9, 2024" />
<!--

Hey, you! Looking in the source for the replay log?

You can find them in JSON format, just add `.json` at the end of a replay URL.

https://replay.pokemonshowdown.com/gen7randomdoublesbattle-865046831.json

Or, if you only need the log itself, add `.log` instead:

https://replay.pokemonshowdown.com/gen7randomdoublesbattle-865046831.log

-->

<link rel="stylesheet" href="//pokemonshowdown.com/style/global.css?0.023195364461161105" />
<link rel="stylesheet" href="//play.pokemonshowdown.com/style/font-awesome.css?0.13261647063804238" />
<link rel="stylesheet" href="//play.pokemonshowdown.com/style/battle.css?0.8753245789963631" />
<link rel="stylesheet" href="//play.pokemonshowdown.com/style/utilichart.css?0.8627959624976733" />

<!-- Global site tag (gtag.js) - Google Analytics -->
<script async src="https://www.googletagmanager.com/gtag/js?id=UA-26211653-1"></script>
<script>
  window.dataLayer = window.dataLayer || [];
  function gtag(){dataLayer.push(arguments);}
  gtag('js', new Date());

  gtag('config', 'UA-26211653-1');
</script>
<!-- End Google Analytics -->
<!-- Venatus Ad Manager - Install in <HEAD> of page -->
	<script src="https://hb.vntsm.com/v3/live/ad-manager.min.js" type="text/javascript" data-site-id="642aba63ec9a7b11c3c9c1be" data-mode="scan" async></script>
<!-- / Venatus Ad Manager -->

<style>
	@media (max-width:820px) {
		.battle {
			margin: 0 auto;
		}
		.battle-log {
			margin: 7px auto 0;
			max-width: 640px;
			height: 300px;
			position: static;
		}
	}
	.optgroup {
		display: inline-block;
		line-height: 22px;
		font-size: 10pt;
	}
	.optgroup .button {
		height: 25px;
		padding-top: 0;
		padding-bottom: 0;
	}
	.optgroup button.button {
		padding-left: 12px;
		padding-right: 12px;
	}
	.linklist {
		list-style: none;
		margin: 0.5em 0;
		padding: 0;
	}
	.linklist li {
		padding: 2px 0;
	}
	.sidebar {
		float: left;
		width: 320px;
	}
	.bar-wrapper {
		max-width: 1100px;
		margin: 0 auto;
	}
	.bar-wrapper.has-sidebar {
		max-width: 1430px;
	}
	.mainbar {
		margin: 0;
		padding-right: 1px;
	}
	.mainbar.has-sidebar {
		margin-left: 330px;
	}
	@media (min-width: 1511px) {
		.sidebar {
			width: 400px;
		}
		.bar-wrapper.has-sidebar {
			max-width: 1510px;
		}
		.mainbar.has-sidebar {
			margin-left: 410px;
		}
	}
	.section.first-section {
		margin-top: 9px;
	}
	.blocklink small {
		white-space: normal;
	}
	.button {
		vertical-align: middle;
	}
	.replay-controls {
		padding-top: 10px;
	}
	.replay-controls h1 {
		font-size: 16pt;
		font-weight: normal;
		color: #CCC;
	}
	.pagelink {
		text-align: center;
	}
	.pagelink a {
		width: 150px;
	}
	.textbox, .button {
		font-size: 11pt;
		vertical-align: middle;
	}
	@media (max-width: 450px) {
		.button {
			font-size: 9pt;
		}
	}
</style>

<div>

	<header>
		<div class="nav-wrapper"><ul class="nav">
			<li><a class="button nav-first" href="//pokemonshowdown.com/"><img src="//pokemonshowdown.com/images/pokemonshowdownbeta.png" srcset="//pokemonshowdown.com/images/pokemonshowdownbeta.png 1x, //pokemonshowdown.com/images/pokemonshowdownbeta@2x.png 2x" alt="Pok&eacute;mon Showdown" width="146" height="44" /> Home</a></li>
			<li><a class="button" href="//pokemonshowdown.com/dex/">Pok&eacute;dex</a></li>
			<li><a class="button cur" href="/">Replays</a></li>
			<li><a class="button" href="//pokemonshowdown.com/ladder/">Ladder</a></li>
			<li><a class="button nav-last" href="//pokemonshowdown.com/forums/">Forum</a></li>
			<li><a class="button greenbutton nav-first nav-last" href="//play.pokemonshowdown.com/">Play</a></li>
		</ul></div>
	</header>

	<div class="main" id="main">

		<noscript><section class="section">You need to enable JavaScript to use this page; sorry!</section></noscript>

	</div>

</div>

<script defer nomodule src="//play.pokemonshowdown.com/js/lib/ps-polyfill.js"></script>
<script defer src="//play.pokemonshowdown.com/js/lib/preact.min.js"></script>

<script defer src="//play.pokemonshowdown.com/config/config.js?2bddbc15"></script>
<script defer src="//play.pokemonshowdown.com/js/lib/jquery-1.11.0.min.js"></script>
<script defer src="//play.pokemonshowdown.com/js/lib/html-sanitizer-minified.js"></script>
<script defer src="//play.pokemonshowdown.com/js/battle-sound.js"></script>
<script defer src="//play.pokemonshowdown.com/js/battledata.js?0.7209276989879541"></script>
<script defer src="//play.pokemonshowdown.com/data/pokedex-mini.js?0.6111056340867951"></script>
<script defer src="//play.pokemonshowdown.com/data/pokedex-mini-bw.js?0.3532142036491459"></script>
<script defer src="//play.pokemonshowdown.com/data/graphics.js?0.24223875632456182"></script>
<script defer src="//play.pokemonshowdown.com/data/pokedex.js?0.38839984266356864"></script>
<script defer src="//play.pokemonshowdown.com/data/moves.js?0.21866028504024015"></script>
<script defer src="//play.pokemonshowdown.com/data/abilities.js?0.2005157953846628"></script>
<script defer src="//play.pokemonshowdown.com/data/items.js?0.9894211263848525"></script>
<script defer src="//play.pokemonshowdown.com/data/teambuilder-tables.js?0.6008791140282215"></script>
<script defer src="//play.pokemonshowdown.com/js/battle-tooltips.js?0.7580118955022959"></script>
<script defer src="//play.pokemonshowdown.com/js/battle.js?0.6057722274234274"></script>

<script defer src="js/utils.js?e31f9a17"></script>
<script defer src="js/replays-battle.js?7008c182"></script>

<!-- don't scrape this data! just add .json or .log after the URL!
Full API docs: https://github.com/smogon/pokemon-showdown-client/blob/master/WEB-API.md -->
<script type="text/plain" class="log" id="replaylog-smogtours-gen3ou-805355">
|inactive|Battle timer is ON: inactive players will automatically lose when time's up.
|t:|1731118272
|gametype|singles
|player|p1|TreinerOrenge|#dpppliii|
|player|p2|SlamonBBQ|rood|
|teamsize|p1|6
|teamsize|p2|6
|gen|3
|tier|[Gen 3] OU
|rule|Sleep Clause Mod: Limit one foe put to sleep
|rule|Switch Priority Clause Mod: Faster Pokémon switch first
|rule|Species Clause: Limit one of each Pokémon
|rule|OHKO Clause: OHKO moves are banned
|rule|Evasion Items Clause: Evasion items are banned
|rule|Evasion Moves Clause: Evasion moves are banned
|rule|Endless Battle Clause: Forcing endless battles is banned
|rule|HP Percentage Mod: HP is shown in percentages
|rule|One Boost Passer Clause: Limit one Baton Passer that has a way to boost its stats
|rule|Freeze Clause Mod: Limit one foe frozen
|
|t:|1731118272
|start
|switch|p1a: Salamence|Salamence, M|100/100
|switch|p2a: Tyranitar|Tyranitar, M|100/100
|-ability|p1a: Salamence|Intimidate|boost
|-unboost|p2a: Tyranitar|atk|1
|-weather|Sandstorm|[from] ability: Sand Stream|[of] p2a: Tyranitar
|turn|1
|
|t:|1731118300
|switch|p1a: Skarmory|Skarmory, M|100/100
|switch|p2a: Gengar|Gengar, M|100/100
|
|-weather|Sandstorm|[upkeep]
|-damage|p2a: Gengar|95/100|[from] Sandstorm
|-heal|p2a: Gengar|100/100|[from] item: Leftovers
|upkeep
|turn|2
|inactive|SlamonBBQ has 270 seconds left.
|
|t:|1731118330
|switch|p2a: Skarmory|Skarmory, M|100/100
|switch|p1a: Blissey|Blissey, F|100/100
|
|-weather|Sandstorm|[upkeep]
|-damage|p1a: Blissey|94/100|[from] Sandstorm
|-heal|p1a: Blissey|100/100|[from] item: Leftovers
|upkeep
|turn|3
|inactive|SlamonBBQ has 270 seconds left.
|
|t:|1731118349
|switch|p2a: Tyranitar|Tyranitar, M|100/100
|move|p1a: Blissey|Thunderbolt|p2a: Tyranitar
|-damage|p2a: Tyranitar|78/100
|
|-weather|Sandstorm|[upkeep]
|-damage|p1a: Blissey|94/100|[from] Sandstorm
|-heal|p2a: Tyranitar|84/100|[from] item: Leftovers
|-heal|p1a: Blissey|100/100|[from] item: Leftovers
|upkeep
|turn|4
|inactive|SlamonBBQ has 270 seconds left.
|
|t:|1731118362
|-singleturn|p2a: Tyranitar|move: Focus Punch
|switch|p1a: Metagross|Metagross|100/100
|move|p2a: Tyranitar|Focus Punch|p1a: Metagross
|-crit|p1a: Metagross
|-damage|p1a: Metagross|32/100
|
|-weather|Sandstorm|[upkeep]
|-heal|p1a: Metagross|38/100|[from] item: Leftovers
|-heal|p2a: Tyranitar|90/100|[from] item: Leftovers
|upkeep
|turn|5
|inactive|SlamonBBQ has 270 seconds left.
|
|t:|1731118374
|switch|p2a: Skarmory|Skarmory, M|100/100
|move|p1a: Metagross|Protect||[still]
|-fail|p1a: Metagross
|
|-weather|Sandstorm|[upkeep]
|-heal|p1a: Metagross|44/100|[from] item: Leftovers
|upkeep
|turn|6
|inactive|SlamonBBQ has 270 seconds left.
|
|t:|1731118379
|switch|p1a: Starmie|Starmie|100/100
|move|p2a: Skarmory|Spikes|p1a: Starmie
|-sidestart|p1: TreinerOrenge|Spikes
|
|-weather|Sandstorm|[upkeep]
|-damage|p1a: Starmie|94/100|[from] Sandstorm
|-heal|p1a: Starmie|100/100|[from] item: Leftovers
|upkeep
|turn|7
|inactive|SlamonBBQ has 270 seconds left.
|
|t:|1731118393
|switch|p2a: Zapdos|Zapdos|100/100
|move|p1a: Starmie|Thunder Wave|p2a: Zapdos
|-status|p2a: Zapdos|par
|
|-weather|Sandstorm|[upkeep]
|-damage|p1a: Starmie|94/100|[from] Sandstorm
|-damage|p2a: Zapdos|94/100 par|[from] Sandstorm
|-heal|p1a: Starmie|100/100|[from] item: Leftovers
|-heal|p2a: Zapdos|100/100 par|[from] item: Leftovers
|upkeep
|turn|8
|
|t:|1731118405
|switch|p1a: Celebi|Celebi|100/100
|-damage|p1a: Celebi|88/100|[from] Spikes
|switch|p2a: Tyranitar|Tyranitar, M|90/100
|
|-weather|Sandstorm|[upkeep]
|-damage|p1a: Celebi|82/100|[from] Sandstorm
|-heal|p1a: Celebi|88/100|[from] item: Leftovers
|-heal|p2a: Tyranitar|97/100|[from] item: Leftovers
|upkeep
|turn|9
|
|t:|1731118417
|switch|p1a: Skarmory|Skarmory, M|100/100
|move|p2a: Tyranitar|Rock Slide|p1a: Skarmory
|-damage|p1a: Skarmory|66/100
|
|-weather|Sandstorm|[upkeep]
|-heal|p1a: Skarmory|72/100|[from] item: Leftovers
|-heal|p2a: Tyranitar|100/100|[from] item: Leftovers
|upkeep
|turn|10
|inactive|SlamonBBQ has 270 seconds left.
|
|t:|1731118432
|switch|p2a: Zapdos|Zapdos|100/100 par
|move|p1a: Skarmory|Toxic||[still]
|-fail|p1a: Skarmory
|
|-weather|Sandstorm|[upkeep]
|-damage|p2a: Zapdos|94/100 par|[from] Sandstorm
|-heal|p1a: Skarmory|78/100|[from] item: Leftovers
|-heal|p2a: Zapdos|100/100 par|[from] item: Leftovers
|upkeep
|turn|11
|inactive|SlamonBBQ has 270 seconds left.
|
|t:|1731118451
|switch|p1a: Celebi|Celebi|88/100
|-damage|p1a: Celebi|76/100|[from] Spikes
|move|p2a: Zapdos|Thunderbolt|p1a: Celebi
|-resisted|p1a: Celebi
|-damage|p1a: Celebi|60/100
|
|-weather|Sandstorm|[upkeep]
|-damage|p1a: Celebi|54/100|[from] Sandstorm
|-damage|p2a: Zapdos|94/100 par|[from] Sandstorm
|-heal|p1a: Celebi|60/100|[from] item: Leftovers
|-heal|p2a: Zapdos|100/100 par|[from] item: Leftovers
|upkeep
|turn|12
|inactive|SlamonBBQ has 270 seconds left.
|
|t:|1731118469
|switch|p2a: Aerodactyl|Aerodactyl, M|100/100
|move|p1a: Celebi|Leech Seed|p2a: Aerodactyl
|-start|p2a: Aerodactyl|move: Leech Seed
|
|-weather|Sandstorm|[upkeep]
|-damage|p1a: Celebi|54/100|[from] Sandstorm
|-damage|p2a: Aerodactyl|88/100|[from] Leech Seed|[of] p1a: Celebi
|-heal|p1a: Celebi|63/100|[silent]
|-heal|p1a: Celebi|69/100|[from] item: Leftovers
|upkeep
|turn|13
|inactive|SlamonBBQ has 270 seconds left.
|
|t:|1731118485
|switch|p2a: Zapdos|Zapdos|100/100 par
|switch|p1a: Skarmory|Skarmory, M|78/100
|
|-weather|Sandstorm|[upkeep]
|-damage|p2a: Zapdos|94/100 par|[from] Sandstorm
|-heal|p1a: Skarmory|84/100|[from] item: Leftovers
|-heal|p2a: Zapdos|100/100 par|[from] item: Leftovers
|upkeep
|turn|14
|
|t:|1731118501
|switch|p2a: Tyranitar|Tyranitar, M|100/100
|move|p1a: Skarmory|Spikes|p2a: Tyranitar
|-sidestart|p2: SlamonBBQ|Spikes
|
|-weather|Sandstorm|[upkeep]
|-heal|p1a: Skarmory|90/100|[from] item: Leftovers
|upkeep
|turn|15
|
|t:|1731118509
|switch|p2a: Gengar|Gengar, M|100/100
|move|p1a: Skarmory|Spikes|p2a: Gengar
|-sidestart|p2: SlamonBBQ|Spikes
|
|-weather|Sandstorm|[upkeep]
|-damage|p2a: Gengar|95/100|[from] Sandstorm
|-heal|p2a: Gengar|100/100|[from] item: Leftovers
|-heal|p1a: Skarmory|96/100|[from] item: Leftovers
|upkeep
|turn|16
|
|t:|1731118515
|switch|p1a: Blissey|Blissey, F|100/100
|-damage|p1a: Blissey|88/100|[from] Spikes
|move|p2a: Gengar|Taunt|p1a: Blissey
|-start|p1a: Blissey|move: Taunt
|
|-weather|Sandstorm|[upkeep]
|-damage|p2a: Gengar|95/100|[from] Sandstorm
|-damage|p1a: Blissey|82/100|[from] Sandstorm
|-heal|p2a: Gengar|100/100|[from] item: Leftovers
|-heal|p1a: Blissey|88/100|[from] item: Leftovers
|upkeep
|turn|17
|inactive|SlamonBBQ has 270 seconds left.
|
|t:|1731118527
|move|p2a: Gengar|Will-O-Wisp|p1a: Blissey
|-status|p1a: Blissey|brn
|move|p1a: Blissey|Ice Beam|p2a: Gengar
|-damage|p2a: Gengar|70/100
|
|-weather|Sandstorm|[upkeep]
|-damage|p2a: Gengar|65/100|[from] Sandstorm
|-damage|p1a: Blissey|82/100 brn|[from] Sandstorm
|-heal|p2a: Gengar|70/100|[from] item: Leftovers
|-heal|p1a: Blissey|88/100 brn|[from] item: Leftovers
|-damage|p1a: Blissey|76/100 brn|[from] brn
|-end|p1a: Blissey|move: Taunt|[silent]
|upkeep
|turn|18
|inactive|SlamonBBQ has 270 seconds left.
|
|t:|1731118540
|switch|p2a: Tyranitar|Tyranitar, M|100/100
|-damage|p2a: Tyranitar|84/100|[from] Spikes
|move|p1a: Blissey|Ice Beam|p2a: Tyranitar
|-damage|p2a: Tyranitar|63/100
|
|-weather|Sandstorm|[upkeep]
|-damage|p1a: Blissey|69/100 brn|[from] Sandstorm
|-heal|p2a: Tyranitar|69/100|[from] item: Leftovers
|-heal|p1a: Blissey|76/100 brn|[from] item: Leftovers
|-damage|p1a: Blissey|63/100 brn|[from] brn
|upkeep
|turn|19
|inactive|SlamonBBQ has 270 seconds left.
|
|t:|1731118559
|-singleturn|p2a: Tyranitar|move: Focus Punch
|-curestatus|p1a: Blissey|brn|[from] ability: Natural Cure
|switch|p1a: Skarmory|Skarmory, M|96/100
|move|p2a: Tyranitar|Focus Punch|p1a: Skarmory
|-damage|p1a: Skarmory|53/100
|
|-weather|Sandstorm|[upkeep]
|-heal|p1a: Skarmory|59/100|[from] item: Leftovers
|-heal|p2a: Tyranitar|76/100|[from] item: Leftovers
|upkeep
|turn|20
|
|t:|1731118575
|-singleturn|p2a: Tyranitar|move: Focus Punch
|move|p1a: Skarmory|Drill Peck|p2a: Tyranitar
|-resisted|p2a: Tyranitar
|-crit|p2a: Tyranitar
|-damage|p2a: Tyranitar|58/100
|move|p2a: Tyranitar|Focus Punch||[still]
|cant|p2a: Tyranitar|Focus Punch|Focus Punch
|
|-weather|Sandstorm|[upkeep]
|-heal|p1a: Skarmory|65/100|[from] item: Leftovers
|-heal|p2a: Tyranitar|64/100|[from] item: Leftovers
|upkeep
|turn|21
|
|t:|1731118587
|switch|p2a: Zapdos|Zapdos|100/100 par
|move|p1a: Skarmory|Toxic||[still]
|-fail|p1a: Skarmory
|
|-weather|Sandstorm|[upkeep]
|-damage|p2a: Zapdos|94/100 par|[from] Sandstorm
|-heal|p1a: Skarmory|71/100|[from] item: Leftovers
|-heal|p2a: Zapdos|100/100 par|[from] item: Leftovers
|upkeep
|turn|22
|
|t:|1731118600
|switch|p1a: Celebi|Celebi|69/100
|-damage|p1a: Celebi|57/100|[from] Spikes
|move|p2a: Zapdos|Thunderbolt|p1a: Celebi
|-resisted|p1a: Celebi
|-damage|p1a: Celebi|40/100
|
|-weather|Sandstorm|[upkeep]
|-damage|p1a: Celebi|34/100|[from] Sandstorm
|-damage|p2a: Zapdos|94/100 par|[from] Sandstorm
|-heal|p1a: Celebi|40/100|[from] item: Leftovers
|-heal|p2a: Zapdos|100/100 par|[from] item: Leftovers
|upkeep
|turn|23
|
|t:|1731118619
|switch|p2a: Aerodactyl|Aerodactyl, M|88/100
|move|p1a: Celebi|Recover|p1a: Celebi
|-heal|p1a: Celebi|90/100
|
|-weather|Sandstorm|[upkeep]
|-damage|p1a: Celebi|84/100|[from] Sandstorm
|-heal|p1a: Celebi|90/100|[from] item: Leftovers
|upkeep
|turn|24
|
|t:|1731118633
|move|p2a: Aerodactyl|Hidden Power|p1a: Celebi
|-supereffective|p1a: Celebi
|-damage|p1a: Celebi|4/100
|move|p1a: Celebi|Leech Seed|p2a: Aerodactyl
|-start|p2a: Aerodactyl|move: Leech Seed
|
|-weather|Sandstorm|[upkeep]
|-damage|p1a: Celebi|0 fnt|[from] Sandstorm
|faint|p1a: Celebi
|upkeep
|
|t:|1731118636
|switch|p1a: Salamence|Salamence, M|100/100
|-ability|p1a: Salamence|Intimidate|boost
|-unboost|p2a: Aerodactyl|atk|1
|turn|25
|
|t:|1731118646
|switch|p2a: Zapdos|Zapdos|100/100 par
|move|p1a: Salamence|Flamethrower|p2a: Zapdos
|-damage|p2a: Zapdos|70/100 par
|
|-weather|Sandstorm|[upkeep]
|-damage|p1a: Salamence|94/100|[from] Sandstorm
|-damage|p2a: Zapdos|64/100 par|[from] Sandstorm
|-heal|p1a: Salamence|100/100|[from] item: Leftovers
|-heal|p2a: Zapdos|70/100 par|[from] item: Leftovers
|upkeep
|turn|26
|
|t:|1731118658
|switch|p2a: Tyranitar|Tyranitar, M|64/100
|-damage|p2a: Tyranitar|47/100|[from] Spikes
|move|p1a: Salamence|Dragon Claw|p2a: Tyranitar
|-damage|p2a: Tyranitar|14/100
|
|-weather|Sandstorm|[upkeep]
|-damage|p1a: Salamence|94/100|[from] Sandstorm
|-heal|p1a: Salamence|100/100|[from] item: Leftovers
|-heal|p2a: Tyranitar|21/100|[from] item: Leftovers
|upkeep
|turn|27
|
|t:|1731118666
|move|p1a: Salamence|Dragon Claw|p2a: Tyranitar
|-damage|p2a: Tyranitar|0 fnt
|faint|p2a: Tyranitar
|
|t:|1731118668
|switch|p2a: Zapdos|Zapdos|70/100 par
|
|-weather|Sandstorm|[upkeep]
|-damage|p1a: Salamence|94/100|[from] Sandstorm
|-damage|p2a: Zapdos|64/100 par|[from] Sandstorm
|-heal|p1a: Salamence|100/100|[from] item: Leftovers
|-heal|p2a: Zapdos|70/100 par|[from] item: Leftovers
|upkeep
|turn|28
|inactive|SlamonBBQ has 270 seconds left.
|
|t:|1731118673
|switch|p1a: Blissey|Blissey, F|63/100
|-damage|p1a: Blissey|51/100|[from] Spikes
|move|p2a: Zapdos|Hidden Power|p1a: Blissey
|-damage|p1a: Blissey|42/100
|
|-weather|Sandstorm|[upkeep]
|-damage|p1a: Blissey|36/100|[from] Sandstorm
|-damage|p2a: Zapdos|64/100 par|[from] Sandstorm
|-heal|p1a: Blissey|42/100|[from] item: Leftovers
|-heal|p2a: Zapdos|70/100 par|[from] item: Leftovers
|upkeep
|turn|29
|inactive|SlamonBBQ has 270 seconds left.
|
|t:|1731118685
|move|p1a: Blissey|Soft-Boiled|p1a: Blissey
|-heal|p1a: Blissey|92/100
|move|p2a: Zapdos|Toxic|p1a: Blissey
|-status|p1a: Blissey|tox
|
|-weather|Sandstorm|[upkeep]
|-damage|p1a: Blissey|85/100 tox|[from] Sandstorm
|-damage|p2a: Zapdos|64/100 par|[from] Sandstorm
|-heal|p1a: Blissey|92/100 tox|[from] item: Leftovers
|-damage|p1a: Blissey|85/100 tox|[from] psn
|-heal|p2a: Zapdos|70/100 par|[from] item: Leftovers
|upkeep
|turn|30
|inactive|SlamonBBQ has 270 seconds left.
|
|t:|1731118717
|switch|p2a: Skarmory|Skarmory, M|100/100
|move|p1a: Blissey|Ice Beam|p2a: Skarmory
|-damage|p2a: Skarmory|77/100
|
|-weather|Sandstorm|[upkeep]
|-damage|p1a: Blissey|79/100 tox|[from] Sandstorm
|-heal|p2a: Skarmory|83/100|[from] item: Leftovers
|-heal|p1a: Blissey|85/100 tox|[from] item: Leftovers
|-damage|p1a: Blissey|73/100 tox|[from] psn
|upkeep
|turn|31
|inactive|SlamonBBQ has 240 seconds left.
|
|t:|1731118746
|switch|p2a: Zapdos|Zapdos|70/100 par
|-curestatus|p1a: Blissey|tox|[from] ability: Natural Cure
|switch|p1a: Starmie|Starmie|100/100
|-damage|p1a: Starmie|88/100|[from] Spikes
|
|-weather|Sandstorm|[upkeep]
|-damage|p1a: Starmie|82/100|[from] Sandstorm
|-damage|p2a: Zapdos|64/100 par|[from] Sandstorm
|-heal|p1a: Starmie|88/100|[from] item: Leftovers
|-heal|p2a: Zapdos|70/100 par|[from] item: Leftovers
|upkeep
|turn|32
|inactive|SlamonBBQ has 240 seconds left.
|
|t:|1731118760
|switch|p1a: Blissey|Blissey, F|73/100
|-damage|p1a: Blissey|61/100|[from] Spikes
|move|p2a: Zapdos|Thunderbolt|p1a: Blissey
|-damage|p1a: Blissey|41/100
|
|-weather|Sandstorm|[upkeep]
|-damage|p1a: Blissey|35/100|[from] Sandstorm
|-damage|p2a: Zapdos|64/100 par|[from] Sandstorm
|-heal|p1a: Blissey|41/100|[from] item: Leftovers
|-heal|p2a: Zapdos|70/100 par|[from] item: Leftovers
|upkeep
|turn|33
|inactive|SlamonBBQ has 240 seconds left.
|
|t:|1731118766
|move|p1a: Blissey|Soft-Boiled|p1a: Blissey
|-heal|p1a: Blissey|91/100
|move|p2a: Zapdos|Toxic|p1a: Blissey
|-status|p1a: Blissey|tox
|
|-weather|Sandstorm|[upkeep]
|-damage|p1a: Blissey|85/100 tox|[from] Sandstorm
|-damage|p2a: Zapdos|64/100 par|[from] Sandstorm
|-heal|p1a: Blissey|91/100 tox|[from] item: Leftovers
|-damage|p1a: Blissey|85/100 tox|[from] psn
|-heal|p2a: Zapdos|70/100 par|[from] item: Leftovers
|upkeep
|turn|34
|inactive|SlamonBBQ has 240 seconds left.
|
|t:|1731118793
|move|p2a: Zapdos|Protect|p2a: Zapdos
|-singleturn|p2a: Zapdos|Protect
|move|p1a: Blissey|Thunderbolt|p2a: Zapdos
|-activate|p2a: Zapdos|Protect
|
|-weather|Sandstorm|[upkeep]
|-damage|p1a: Blissey|79/100 tox|[from] Sandstorm
|-damage|p2a: Zapdos|64/100 par|[from] Sandstorm
|-heal|p1a: Blissey|85/100 tox|[from] item: Leftovers
|-damage|p1a: Blissey|73/100 tox|[from] psn
|-heal|p2a: Zapdos|70/100 par|[from] item: Leftovers
|upkeep
|turn|35
|inactive|SlamonBBQ has 210 seconds left.
|
|t:|1731118841
|move|p1a: Blissey|Ice Beam|p2a: Zapdos
|-supereffective|p2a: Zapdos
|-damage|p2a: Zapdos|22/100 par
|move|p2a: Zapdos|Thunderbolt|p1a: Blissey
|-crit|p1a: Blissey
|-damage|p1a: Blissey|36/100 tox
|
|-weather|Sandstorm|[upkeep]
|-damage|p1a: Blissey|30/100 tox|[from] Sandstorm
|-damage|p2a: Zapdos|16/100 par|[from] Sandstorm
|-heal|p1a: Blissey|36/100 tox|[from] item: Leftovers
|-damage|p1a: Blissey|18/100 tox|[from] psn
|-heal|p2a: Zapdos|22/100 par|[from] item: Leftovers
|upkeep
|turn|36
|
|t:|1731118869
|move|p1a: Blissey|Soft-Boiled|p1a: Blissey
|-heal|p1a: Blissey|68/100 tox
|move|p2a: Zapdos|Thunderbolt|p1a: Blissey
|-damage|p1a: Blissey|50/100 tox
|
|-weather|Sandstorm|[upkeep]
|-damage|p1a: Blissey|44/100 tox|[from] Sandstorm
|-damage|p2a: Zapdos|16/100 par|[from] Sandstorm
|-heal|p1a: Blissey|50/100 tox|[from] item: Leftovers
|-damage|p1a: Blissey|26/100 tox|[from] psn
|-heal|p2a: Zapdos|22/100 par|[from] item: Leftovers
|upkeep
|turn|37
|
|t:|1731118879
|-curestatus|p1a: Blissey|tox|[from] ability: Natural Cure
|switch|p1a: Skarmory|Skarmory, M|71/100
|cant|p2a: Zapdos|par
|
|-weather|Sandstorm|[upkeep]
|-damage|p2a: Zapdos|16/100 par|[from] Sandstorm
|-heal|p1a: Skarmory|77/100|[from] item: Leftovers
|-heal|p2a: Zapdos|22/100 par|[from] item: Leftovers
|upkeep
|turn|38
|
|t:|1731118886
|move|p1a: Skarmory|Drill Peck|p2a: Zapdos
|-resisted|p2a: Zapdos
|-damage|p2a: Zapdos|10/100 par
|move|p2a: Zapdos|Thunderbolt|p1a: Skarmory
|-supereffective|p1a: Skarmory
|-damage|p1a: Skarmory|0 fnt
|faint|p1a: Skarmory
|
|t:|1731118889
|switch|p1a: Blissey|Blissey, F|26/100
|-damage|p1a: Blissey|13/100|[from] Spikes
|
|-weather|Sandstorm|[upkeep]
|-damage|p1a: Blissey|7/100|[from] Sandstorm
|-damage|p2a: Zapdos|4/100 par|[from] Sandstorm
|-heal|p1a: Blissey|13/100|[from] item: Leftovers
|-heal|p2a: Zapdos|10/100 par|[from] item: Leftovers
|upkeep
|turn|39
|inactive|SlamonBBQ has 210 seconds left.
|
|t:|1731118903
|move|p1a: Blissey|Soft-Boiled|p1a: Blissey
|-heal|p1a: Blissey|63/100
|cant|p2a: Zapdos|par
|
|-weather|Sandstorm|[upkeep]
|-damage|p1a: Blissey|57/100|[from] Sandstorm
|-damage|p2a: Zapdos|4/100 par|[from] Sandstorm
|-heal|p1a: Blissey|63/100|[from] item: Leftovers
|-heal|p2a: Zapdos|10/100 par|[from] item: Leftovers
|upkeep
|turn|40
|inactive|SlamonBBQ has 210 seconds left.
|
|t:|1731118908
|move|p1a: Blissey|Soft-Boiled|p1a: Blissey
|-heal|p1a: Blissey|100/100
|move|p2a: Zapdos|Toxic|p1a: Blissey
|-status|p1a: Blissey|tox
|
|-weather|Sandstorm|[upkeep]
|-damage|p1a: Blissey|94/100 tox|[from] Sandstorm
|-damage|p2a: Zapdos|4/100 par|[from] Sandstorm
|-heal|p1a: Blissey|100/100 tox|[from] item: Leftovers
|-damage|p1a: Blissey|94/100 tox|[from] psn
|-heal|p2a: Zapdos|10/100 par|[from] item: Leftovers
|upkeep
|turn|41
|
|t:|1731118919
|move|p1a: Blissey|Ice Beam|p2a: Zapdos
|-supereffective|p2a: Zapdos
|-damage|p2a: Zapdos|0 fnt
|faint|p2a: Zapdos
|inactive|SlamonBBQ has 210 seconds left.
|inactive|SlamonBBQ has 180 seconds left.
|
|t:|1731118966
|switch|p2a: Aerodactyl|Aerodactyl, M|88/100
|
|-weather|Sandstorm|[upkeep]
|-damage|p1a: Blissey|88/100 tox|[from] Sandstorm
|-heal|p1a: Blissey|94/100 tox|[from] item: Leftovers
|-damage|p1a: Blissey|82/100 tox|[from] psn
|upkeep
|turn|42
|inactive|SlamonBBQ has 180 seconds left.
|
|t:|1731118998
|move|p2a: Aerodactyl|Rock Slide|p1a: Blissey
|-damage|p1a: Blissey|29/100 tox
|cant|p1a: Blissey|flinch
|
|-weather|Sandstorm|[upkeep]
|-damage|p1a: Blissey|23/100 tox|[from] Sandstorm
|-heal|p1a: Blissey|29/100 tox|[from] item: Leftovers
|-damage|p1a: Blissey|11/100 tox|[from] psn
|upkeep
|turn|43
|
|t:|1731119021
|move|p2a: Aerodactyl|Rock Slide|p1a: Blissey
|-damage|p1a: Blissey|0 fnt
|faint|p1a: Blissey
|
|t:|1731119023
|switch|p1a: Metagross|Metagross|44/100
|-damage|p1a: Metagross|31/100|[from] Spikes
|
|-weather|Sandstorm|[upkeep]
|-heal|p1a: Metagross|37/100|[from] item: Leftovers
|upkeep
|turn|44
|inactive|SlamonBBQ has 150 seconds left.
|inactive|SlamonBBQ has 120 seconds left.
|inactive|SlamonBBQ has 90 seconds left.
|inactive|SlamonBBQ has 60 seconds left.
|
|t:|1731119166
|switch|p2a: Swampert|Swampert, F|100/100
|-damage|p2a: Swampert|84/100|[from] Spikes
|switch|p1a: Starmie|Starmie|88/100
|-damage|p1a: Starmie|76/100|[from] Spikes
|
|-weather|Sandstorm|[upkeep]
|-damage|p1a: Starmie|70/100|[from] Sandstorm
|-heal|p1a: Starmie|76/100|[from] item: Leftovers
|-heal|p2a: Swampert|90/100|[from] item: Leftovers
|upkeep
|turn|45
|inactive|SlamonBBQ has 30 seconds left.
|inactive|SlamonBBQ has 20 seconds left.
|
|t:|1731119194
|move|p1a: Starmie|Surf|p2a: Swampert
|-crit|p2a: Swampert
|-damage|p2a: Swampert|30/100
|move|p2a: Swampert|Toxic|p1a: Starmie
|-status|p1a: Starmie|tox
|
|-weather|Sandstorm|[upkeep]
|-damage|p1a: Starmie|70/100 tox|[from] Sandstorm
|-heal|p1a: Starmie|76/100 tox|[from] item: Leftovers
|-damage|p1a: Starmie|70/100 tox|[from] psn
|-heal|p2a: Swampert|36/100|[from] item: Leftovers
|upkeep
|turn|46
|inactive|SlamonBBQ has 30 seconds left this turn.
|inactive|SlamonBBQ has 20 seconds left.
|inactive|SlamonBBQ has 15 seconds left.
|inactive|SlamonBBQ has 10 seconds left.
|inactive|SlamonBBQ has 5 seconds left.
|
|t:|1731119221
|-curestatus|p1a: Starmie|tox|[from] ability: Natural Cure
|switch|p1a: Salamence|Salamence, M|100/100
|-ability|p1a: Salamence|Intimidate|boost
|-unboost|p2a: Swampert|atk|1
|move|p2a: Swampert|Toxic|p1a: Salamence
|-status|p1a: Salamence|tox
|
|-weather|Sandstorm|[upkeep]
|-damage|p1a: Salamence|94/100 tox|[from] Sandstorm
|-heal|p1a: Salamence|100/100 tox|[from] item: Leftovers
|-damage|p1a: Salamence|94/100 tox|[from] psn
|-heal|p2a: Swampert|42/100|[from] item: Leftovers
|upkeep
|turn|47
|inactive|SlamonBBQ has 15 seconds left this turn.
|inactive|SlamonBBQ has 10 seconds left.
|
|t:|1731119230
|move|p2a: Swampert|Protect|p2a: Swampert
|-singleturn|p2a: Swampert|Protect
|move|p1a: Salamence|Hidden Power|p2a: Swampert
|-activate|p2a: Swampert|Protect
|
|-weather|Sandstorm|[upkeep]
|-damage|p1a: Salamence|88/100 tox|[from] Sandstorm
|-heal|p1a: Salamence|94/100 tox|[from] item: Leftovers
|-damage|p1a: Salamence|82/100 tox|[from] psn
|-heal|p2a: Swampert|48/100|[from] item: Leftovers
|upkeep
|turn|48
|inactive|SlamonBBQ has 20 seconds left this turn.
|inactive|SlamonBBQ has 15 seconds left.
|inactive|SlamonBBQ has 10 seconds left.
|
|t:|1731119245
|switch|p2a: Aerodactyl|Aerodactyl, M|88/100
|move|p1a: Salamence|Flamethrower|p2a: Aerodactyl
|-resisted|p2a: Aerodactyl
|-damage|p2a: Aerodactyl|66/100
|-status|p2a: Aerodactyl|brn
|
|-weather|Sandstorm|[upkeep]
|-damage|p1a: Salamence|76/100 tox|[from] Sandstorm
|-damage|p2a: Aerodactyl|53/100 brn|[from] brn
|-heal|p1a: Salamence|82/100 tox|[from] item: Leftovers
|-damage|p1a: Salamence|64/100 tox|[from] psn
|upkeep
|turn|49
|inactive|SlamonBBQ has 20 seconds left this turn.
|inactive|SlamonBBQ has 15 seconds left.
|inactive|SlamonBBQ has 10 seconds left.
|inactive|SlamonBBQ has 5 seconds left.
|
|t:|1731119264
|move|p2a: Aerodactyl|Rock Slide|p1a: Salamence
|-supereffective|p1a: Salamence
|-damage|p1a: Salamence|3/100 tox
|move|p1a: Salamence|Dragon Claw|p2a: Aerodactyl
|-crit|p2a: Aerodactyl
|-damage|p2a: Aerodactyl|0 fnt
|faint|p2a: Aerodactyl
|inactive|SlamonBBQ has 10 seconds left this turn.
|inactive|SlamonBBQ has 5 seconds left.
|
|t:|1731119271
|switch|p2a: Swampert|Swampert, F|48/100
|-damage|p2a: Swampert|32/100|[from] Spikes
|
|-weather|Sandstorm|[upkeep]
|-damage|p1a: Salamence|0 fnt|[from] Sandstorm
|faint|p1a: Salamence
|-heal|p2a: Swampert|38/100|[from] item: Leftovers
|upkeep
|inactive|SlamonBBQ has 10 seconds left this turn.
|
|t:|1731119274
|switch|p1a: Starmie|Starmie|70/100
|-damage|p1a: Starmie|57/100|[from] Spikes
|turn|50
|inactive|SlamonBBQ has 20 seconds left this turn.
|inactive|SlamonBBQ has 15 seconds left.
|
|t:|1731119281
|move|p1a: Starmie|Surf|p2a: Swampert
|-damage|p2a: Swampert|11/100
|move|p2a: Swampert|Toxic|p1a: Starmie
|-status|p1a: Starmie|tox
|
|-weather|Sandstorm|[upkeep]
|-damage|p1a: Starmie|51/100 tox|[from] Sandstorm
|-heal|p1a: Starmie|57/100 tox|[from] item: Leftovers
|-damage|p1a: Starmie|51/100 tox|[from] psn
|-heal|p2a: Swampert|18/100|[from] item: Leftovers
|upkeep
|turn|51
|inactive|SlamonBBQ has 25 seconds left this turn.
|inactive|SlamonBBQ has 20 seconds left.
|inactive|SlamonBBQ has 15 seconds left.
|inactive|SlamonBBQ has 10 seconds left.
|inactive|SlamonBBQ has 5 seconds left.
|
|t:|1731119302
|move|p2a: Swampert|Protect|p2a: Swampert
|-singleturn|p2a: Swampert|Protect
|move|p1a: Starmie|Surf|p2a: Swampert
|-activate|p2a: Swampert|Protect
|
|-weather|Sandstorm|[upkeep]
|-damage|p1a: Starmie|45/100 tox|[from] Sandstorm
|-heal|p1a: Starmie|51/100 tox|[from] item: Leftovers
|-damage|p1a: Starmie|39/100 tox|[from] psn
|-heal|p2a: Swampert|24/100|[from] item: Leftovers
|upkeep
|turn|52
|inactive|SlamonBBQ has 15 seconds left this turn.
|inactive|SlamonBBQ has 10 seconds left.
|
|t:|1731119316
|move|p2a: Swampert|Protect|p2a: Swampert
|-singleturn|p2a: Swampert|Protect
|move|p1a: Starmie|Surf|p2a: Swampert
|-activate|p2a: Swampert|Protect
|
|-weather|Sandstorm|[upkeep]
|-damage|p1a: Starmie|33/100 tox|[from] Sandstorm
|-heal|p1a: Starmie|39/100 tox|[from] item: Leftovers
|-damage|p1a: Starmie|20/100 tox|[from] psn
|-heal|p2a: Swampert|30/100|[from] item: Leftovers
|upkeep
|turn|53
|inactive|SlamonBBQ has 20 seconds left this turn.
|inactive|SlamonBBQ has 15 seconds left.
|inactive|SlamonBBQ has 10 seconds left.
|
|t:|1731119330
|move|p2a: Swampert|Protect||[still]
|-fail|p2a: Swampert
|move|p1a: Starmie|Recover|p1a: Starmie
|-heal|p1a: Starmie|70/100 tox
|
|-weather|Sandstorm|[upkeep]
|-damage|p1a: Starmie|64/100 tox|[from] Sandstorm
|-heal|p1a: Starmie|70/100 tox|[from] item: Leftovers
|-damage|p1a: Starmie|46/100 tox|[from] psn
|-heal|p2a: Swampert|36/100|[from] item: Leftovers
|upkeep
|turn|54
|inactive|SlamonBBQ has 20 seconds left this turn.
|inactive|SlamonBBQ has 15 seconds left.
|
|t:|1731119338
|-curestatus|p1a: Starmie|tox|[from] ability: Natural Cure
|switch|p1a: Metagross|Metagross|37/100
|-damage|p1a: Metagross|25/100|[from] Spikes
|move|p2a: Swampert|Protect||[still]
|-fail|p2a: Swampert
|
|-weather|Sandstorm|[upkeep]
|-heal|p1a: Metagross|31/100|[from] item: Leftovers
|-heal|p2a: Swampert|42/100|[from] item: Leftovers
|upkeep
|turn|55
|inactive|SlamonBBQ has 25 seconds left this turn.
|inactive|SlamonBBQ has 20 seconds left.
|
|t:|1731119351
|move|p1a: Metagross|Earthquake|p2a: Swampert
|-damage|p2a: Swampert|21/100
|move|p2a: Swampert|Surf|p1a: Metagross
|-damage|p1a: Metagross|0 fnt
|faint|p1a: Metagross
|inactive|SlamonBBQ has 25 seconds left this turn.
|
|t:|1731119353
|switch|p1a: Starmie|Starmie|46/100
|-damage|p1a: Starmie|33/100|[from] Spikes
|
|-weather|Sandstorm|[upkeep]
|-damage|p1a: Starmie|27/100|[from] Sandstorm
|-heal|p1a: Starmie|33/100|[from] item: Leftovers
|-heal|p2a: Swampert|27/100|[from] item: Leftovers
|upkeep
|turn|56
|
|t:|1731119357
|move|p2a: Swampert|Protect|p2a: Swampert
|-singleturn|p2a: Swampert|Protect
|move|p1a: Starmie|Recover|p1a: Starmie
|-heal|p1a: Starmie|83/100
|
|-weather|Sandstorm|[upkeep]
|-damage|p1a: Starmie|77/100|[from] Sandstorm
|-heal|p1a: Starmie|83/100|[from] item: Leftovers
|-heal|p2a: Swampert|33/100|[from] item: Leftovers
|upkeep
|turn|57
|
|t:|1731119361
|move|p1a: Starmie|Surf|p2a: Swampert
|-damage|p2a: Swampert|7/100
|move|p2a: Swampert|Toxic|p1a: Starmie|[miss]
|-miss|p2a: Swampert|p1a: Starmie
|
|-weather|Sandstorm|[upkeep]
|-damage|p1a: Starmie|77/100|[from] Sandstorm
|-heal|p1a: Starmie|83/100|[from] item: Leftovers
|-heal|p2a: Swampert|13/100|[from] item: Leftovers
|upkeep
|turn|58
|
|t:|1731119365
|move|p2a: Swampert|Protect|p2a: Swampert
|-singleturn|p2a: Swampert|Protect
|move|p1a: Starmie|Surf|p2a: Swampert
|-activate|p2a: Swampert|Protect
|
|-weather|Sandstorm|[upkeep]
|-damage|p1a: Starmie|77/100|[from] Sandstorm
|-heal|p1a: Starmie|83/100|[from] item: Leftovers
|-heal|p2a: Swampert|20/100|[from] item: Leftovers
|upkeep
|turn|59
|
|t:|1731119369
|move|p2a: Swampert|Protect||[still]
|-fail|p2a: Swampert
|move|p1a: Starmie|Surf|p2a: Swampert
|-damage|p2a: Swampert|0 fnt
|faint|p2a: Swampert
|inactive|SlamonBBQ has 60 seconds left.
|
|t:|1731119389
|switch|p2a: Gengar|Gengar, M|70/100
|
|-weather|Sandstorm|[upkeep]
|-damage|p1a: Starmie|77/100|[from] Sandstorm
|-damage|p2a: Gengar|65/100|[from] Sandstorm
|-heal|p1a: Starmie|83/100|[from] item: Leftovers
|-heal|p2a: Gengar|70/100|[from] item: Leftovers
|upkeep
|turn|60
|
|t:|1731119396
|move|p1a: Starmie|Surf|p2a: Gengar
|-damage|p2a: Gengar|34/100
|move|p2a: Gengar|Giga Drain|p1a: Starmie
|-supereffective|p1a: Starmie
|-damage|p1a: Starmie|44/100
|-heal|p2a: Gengar|55/100|[from] drain|[of] p1a: Starmie
|
|-weather|Sandstorm|[upkeep]
|-damage|p1a: Starmie|38/100|[from] Sandstorm
|-damage|p2a: Gengar|49/100|[from] Sandstorm
|-heal|p1a: Starmie|44/100|[from] item: Leftovers
|-heal|p2a: Gengar|55/100|[from] item: Leftovers
|upkeep
|turn|61
|inactive|SlamonBBQ has 60 seconds left.
|
|t:|1731119402
|move|p1a: Starmie|Recover|p1a: Starmie
|-heal|p1a: Starmie|94/100
|move|p2a: Gengar|Thunderbolt|p1a: Starmie
|-supereffective|p1a: Starmie
|-damage|p1a: Starmie|30/100
|
|-weather|Sandstorm|[upkeep]
|-damage|p1a: Starmie|24/100|[from] Sandstorm
|-damage|p2a: Gengar|49/100|[from] Sandstorm
|-heal|p1a: Starmie|30/100|[from] item: Leftovers
|-heal|p2a: Gengar|55/100|[from] item: Leftovers
|upkeep
|turn|62
|
|t:|1731119411
|move|p1a: Starmie|Thunder Wave|p2a: Gengar
|-status|p2a: Gengar|par
|move|p2a: Gengar|Thunderbolt|p1a: Starmie
|-supereffective|p1a: Starmie
|-damage|p1a: Starmie|0 fnt
|faint|p1a: Starmie
|
|win|SlamonBBQ
|c|☆TreinerOrenge|gg
|c|☆SlamonBBQ|gg
|player|p1|

</script>
<script type="application/json" class="data" id="replaydata-smogtours-gen3ou-805355">
{"id":"smogtours-gen3ou-805355","format":"[Gen 3] OU","players":["TreinerOrenge","SlamonBBQ"],"uploadtime":1731119411,"views":16,"formatid":"gen3ou","rating":null,"private":0,"password":null}
</script>

<script defer src="js/replays.js?9d40a366"></script>
