<!DOCTYPE html>
<meta charset="utf-8" />
<meta name="viewport" content="width=device-width" />

<title>[Gen 3] OU: pressle54 vs. mkizzy - Replays - Pok&eacute;mon Showdown!</title>

<meta name="description" content="Watch a replay of a Pok&eacute;mon battle between pressle54 and mkizzy! Format: [Gen 3] OU; Date: Oct 18, 2024" />
<!--

Hey, you! Looking in the source for the replay log?

You can find them in JSON format, just add `.json` at the end of a replay URL.

https://replay.pokemonshowdown.com/gen7randomdoublesbattle-865046831.json

Or, if you only need the log itself, add `.log` instead:

https://replay.pokemonshowdown.com/gen7randomdoublesbattle-865046831.log

-->

<link rel="stylesheet" href="//pokemonshowdown.com/style/global.css?0.023195364461161105" />
<link rel="stylesheet" href="//play.pokemonshowdown.com/style/font-awesome.css?0.13261647063804238" />
<link rel="stylesheet" href="//play.pokemonshowdown.com/style/battle.css?0.8753245789963631" />
<link rel="stylesheet" href="//play.pokemonshowdown.com/style/utilichart.css?0.8627959624976733" />

<!-- Global site tag (gtag.js) - Google Analytics -->
<script async src="https://www.googletagmanager.com/gtag/js?id=UA-26211653-1"></script>
<script>
  window.dataLayer = window.dataLayer || [];
  function gtag(){dataLayer.push(arguments);}
  gtag('js', new Date());

  gtag('config', 'UA-26211653-1');
</script>
<!-- End Google Analytics -->
<!-- Venatus Ad Manager - Install in <HEAD> of page -->
	<script src="https://hb.vntsm.com/v3/live/ad-manager.min.js" type="text/javascript" data-site-id="642aba63ec9a7b11c3c9c1be" data-mode="scan" async></script>
<!-- / Venatus Ad Manager -->

<style>
	@media (max-width:820px) {
		.battle {
			margin: 0 auto;
		}
		.battle-log {
			margin: 7px auto 0;
			max-width: 640px;
			height: 300px;
			position: static;
		}
	}
	.optgroup {
		display: inline-block;
		line-height: 22px;
		font-size: 10pt;
	}
	.optgroup .button {
		height: 25px;
		padding-top: 0;
		padding-bottom: 0;
	}
	.optgroup button.button {
		padding-left: 12px;
		padding-right: 12px;
	}
	.linklist {
		list-style: none;
		margin: 0.5em 0;
		padding: 0;
	}
	.linklist li {
		padding: 2px 0;
	}
	.sidebar {
		float: left;
		width: 320px;
	}
	.bar-wrapper {
		max-width: 1100px;
		margin: 0 auto;
	}
	.bar-wrapper.has-sidebar {
		max-width: 1430px;
	}
	.mainbar {
		margin: 0;
		padding-right: 1px;
	}
	.mainbar.has-sidebar {
		margin-left: 330px;
	}
	@media (min-width: 1511px) {
		.sidebar {
			width: 400px;
		}
		.bar-wrapper.has-sidebar {
			max-width: 1510px;
		}
		.mainbar.has-sidebar {
			margin-left: 410px;
		}
	}
	.section.first-section {
		margin-top: 9px;
	}
	.blocklink small {
		white-space: normal;
	}
	.button {
		vertical-align: middle;
	}
	.replay-controls {
		padding-top: 10px;
	}
	.replay-controls h1 {
		font-size: 16pt;
		font-weight: normal;
		color: #CCC;
	}
	.pagelink {
		text-align: center;
	}
	.pagelink a {
		width: 150px;
	}
	.textbox, .button {
		font-size: 11pt;
		vertical-align: middle;
	}
	@media (max-width: 450px) {
		.button {
			font-size: 9pt;
		}
	}
</style>

<div>

	<header>
		<div class="nav-wrapper"><ul class="nav">
			<li><a class="button nav-first" href="//pokemonshowdown.com/"><img src="//pokemonshowdown.com/images/pokemonshowdownbeta.png" srcset="//pokemonshowdown.com/images/pokemonshowdownbeta.png 1x, //pokemonshowdown.com/images/pokemonshowdownbeta@2x.png 2x" alt="Pok&eacute;mon Showdown" width="146" height="44" /> Home</a></li>
			<li><a class="button" href="//pokemonshowdown.com/dex/">Pok&eacute;dex</a></li>
			<li><a class="button cur" href="/">Replays</a></li>
			<li><a class="button" href="//pokemonshowdown.com/ladder/">Ladder</a></li>
			<li><a class="button nav-last" href="//pokemonshowdown.com/forums/">Forum</a></li>
			<li><a class="button greenbutton nav-first nav-last" href="//play.pokemonshowdown.com/">Play</a></li>
		</ul></div>
	</header>

	<div class="main" id="main">

		<noscript><section class="section">You need to enable JavaScript to use this page; sorry!</section></noscript>

	</div>

</div>

<script defer nomodule src="//play.pokemonshowdown.com/js/lib/ps-polyfill.js"></script>
<script defer src="//play.pokemonshowdown.com/js/lib/preact.min.js"></script>

<script defer src="//play.pokemonshowdown.com/config/config.js?2bddbc15"></script>
<script defer src="//play.pokemonshowdown.com/js/lib/jquery-1.11.0.min.js"></script>
<script defer src="//play.pokemonshowdown.com/js/lib/html-sanitizer-minified.js"></script>
<script defer src="//play.pokemonshowdown.com/js/battle-sound.js"></script>
<script defer src="//play.pokemonshowdown.com/js/battledata.js?0.7209276989879541"></script>
<script defer src="//play.pokemonshowdown.com/data/pokedex-mini.js?0.6111056340867951"></script>
<script defer src="//play.pokemonshowdown.com/data/pokedex-mini-bw.js?0.3532142036491459"></script>
<script defer src="//play.pokemonshowdown.com/data/graphics.js?0.24223875632456182"></script>
<script defer src="//play.pokemonshowdown.com/data/pokedex.js?0.38839984266356864"></script>
<script defer src="//play.pokemonshowdown.com/data/moves.js?0.21866028504024015"></script>
<script defer src="//play.pokemonshowdown.com/data/abilities.js?0.2005157953846628"></script>
<script defer src="//play.pokemonshowdown.com/data/items.js?0.9894211263848525"></script>
<script defer src="//play.pokemonshowdown.com/data/teambuilder-tables.js?0.6008791140282215"></script>
<script defer src="//play.pokemonshowdown.com/js/battle-tooltips.js?0.7580118955022959"></script>
<script defer src="//play.pokemonshowdown.com/js/battle.js?0.6057722274234274"></script>

<script defer src="js/utils.js?e31f9a17"></script>
<script defer src="js/replays-battle.js?7008c182"></script>

<!-- don't scrape this data! just add .json or .log after the URL!
Full API docs: https://github.com/smogon/pokemon-showdown-client/blob/master/WEB-API.md -->
<script type="text/plain" class="log" id="replaylog-smogtours-gen3ou-799754">
|inactive|Battle timer is ON: inactive players will automatically lose when time's up.
|t:|1729294329
|gametype|singles
|player|p1|pressle54|boarder|
|player|p2|mkizzy|brock-gen2|
|teamsize|p1|6
|teamsize|p2|6
|gen|3
|tier|[Gen 3] OU
|rule|Sleep Clause Mod: Limit one foe put to sleep
|rule|Switch Priority Clause Mod: Faster Pokémon switch first
|rule|Species Clause: Limit one of each Pokémon
|rule|OHKO Clause: OHKO moves are banned
|rule|Evasion Items Clause: Evasion items are banned
|rule|Evasion Moves Clause: Evasion moves are banned
|rule|Endless Battle Clause: Forcing endless battles is banned
|rule|HP Percentage Mod: HP is shown in percentages
|rule|One Boost Passer Clause: Limit one Baton Passer that has a way to boost its stats
|rule|Freeze Clause Mod: Limit one foe frozen
|
|t:|1729294329
|start
|switch|p1a: Salamence|Salamence, F|100/100
|switch|p2a: Zapdos|Zapdos|100/100
|-ability|p1a: Salamence|Intimidate|boost
|-unboost|p2a: Zapdos|atk|1
|turn|1
|c|☆mkizzy|hf
|c|☆pressle54|gl hf
|inactive|mkizzy has 270 seconds left.
|
|t:|1729294367
|move|p1a: Salamence|Rock Slide|p2a: Zapdos
|-supereffective|p2a: Zapdos
|-damage|p2a: Zapdos|15/100
|move|p2a: Zapdos|Toxic|p1a: Salamence|[miss]
|-miss|p2a: Zapdos|p1a: Salamence
|
|-heal|p2a: Zapdos|22/100|[from] item: Leftovers
|upkeep
|turn|2
|
|t:|1729294397
|switch|p2a: Metagross|Metagross|100/100
|move|p1a: Salamence|Rock Slide|p2a: Metagross
|-resisted|p2a: Metagross
|-damage|p2a: Metagross|85/100
|
|-heal|p2a: Metagross|91/100|[from] item: Leftovers
|upkeep
|turn|3
|inactive|mkizzy has 270 seconds left.
|
|t:|1729294412
|switch|p1a: Jirachi|Jirachi|100/100
|switch|p2a: Swampert|Swampert, F|100/100
|
|upkeep
|turn|4
|
|t:|1729294419
|move|p1a: Jirachi|Toxic|p2a: Swampert
|-status|p2a: Swampert|tox
|move|p2a: Swampert|Earthquake|p1a: Jirachi
|-supereffective|p1a: Jirachi
|-damage|p1a: Jirachi|57/100
|
|-heal|p1a: Jirachi|63/100|[from] item: Leftovers
|-damage|p2a: Swampert|94/100 tox|[from] psn
|upkeep
|turn|5
|
|t:|1729294432
|switch|p2a: Metagross|Metagross|91/100
|move|p1a: Jirachi|Protect||[still]
|-fail|p1a: Jirachi
|
|-heal|p1a: Jirachi|69/100|[from] item: Leftovers
|-heal|p2a: Metagross|97/100|[from] item: Leftovers
|upkeep
|turn|6
|inactive|pressle54 has 270 seconds left.
|
|t:|1729294463
|switch|p1a: Claydol|Claydol|100/100
|move|p2a: Metagross|Hidden Power|p1a: Claydol
|-damage|p1a: Claydol|81/100
|
|-heal|p1a: Claydol|87/100|[from] item: Leftovers
|-heal|p2a: Metagross|100/100|[from] item: Leftovers
|upkeep
|turn|7
|
|t:|1729294473
|switch|p2a: Zapdos|Zapdos|22/100
|move|p1a: Claydol|Earthquake|p2a: Zapdos
|-immune|p2a: Zapdos
|
|-heal|p2a: Zapdos|28/100|[from] item: Leftovers
|-heal|p1a: Claydol|93/100|[from] item: Leftovers
|upkeep
|turn|8
|inactive|pressle54 has 270 seconds left.
|
|t:|1729294494
|switch|p1a: Blissey|Blissey, F|100/100
|move|p2a: Zapdos|Toxic|p1a: Blissey
|-status|p1a: Blissey|tox
|
|-heal|p2a: Zapdos|34/100|[from] item: Leftovers
|-damage|p1a: Blissey|94/100 tox|[from] psn
|upkeep
|turn|9
|inactive|mkizzy has 270 seconds left.
|
|t:|1729294514
|switch|p2a: Metagross|Metagross|100/100
|move|p1a: Blissey|Ice Beam|p2a: Metagross
|-resisted|p2a: Metagross
|-damage|p2a: Metagross|86/100
|
|-heal|p2a: Metagross|92/100|[from] item: Leftovers
|-heal|p1a: Blissey|100/100 tox|[from] item: Leftovers
|-damage|p1a: Blissey|88/100 tox|[from] psn
|upkeep
|turn|10
|inactive|mkizzy has 270 seconds left.
|
|t:|1729294525
|switch|p2a: Zapdos|Zapdos|34/100
|-curestatus|p1a: Blissey|tox|[from] ability: Natural Cure
|switch|p1a: Claydol|Claydol|93/100
|
|-heal|p2a: Zapdos|40/100|[from] item: Leftovers
|-heal|p1a: Claydol|99/100|[from] item: Leftovers
|upkeep
|turn|11
|inactive|mkizzy has 270 seconds left.
|
|t:|1729294544
|switch|p2a: Swampert|Swampert, F|94/100 tox
|switch|p1a: Hariyama|Hariyama, F|100/100
|
|-heal|p2a: Swampert|100/100 tox|[from] item: Leftovers
|-damage|p2a: Swampert|94/100 tox|[from] psn
|upkeep
|turn|12
|inactive|mkizzy has 270 seconds left.
|
|t:|1729294555
|move|p2a: Swampert|Hydro Pump|p1a: Hariyama
|-damage|p1a: Hariyama|54/100
|move|p1a: Hariyama|Knock Off|p2a: Swampert
|-damage|p2a: Swampert|92/100 tox
|-enditem|p2a: Swampert|Leftovers|[from] move: Knock Off|[of] p1a: Hariyama
|-hint|In Gens 3-4, Knock Off only makes the target's item unusable; it cannot obtain a new item.
|
|-damage|p2a: Swampert|80/100 tox|[from] psn
|-heal|p1a: Hariyama|60/100|[from] item: Leftovers
|upkeep
|turn|13
|inactive|mkizzy has 270 seconds left.
|
|t:|1729294571
|switch|p1a: Suicune|Suicune|100/100
|move|p2a: Swampert|Hydro Pump|p1a: Suicune
|-resisted|p1a: Suicune
|-damage|p1a: Suicune|82/100
|
|-heal|p1a: Suicune|89/100|[from] item: Leftovers
|-damage|p2a: Swampert|61/100 tox|[from] psn
|upkeep
|turn|14
|inactive|mkizzy has 270 seconds left.
|
|t:|1729294593
|switch|p2a: Metagross|Metagross|92/100
|move|p1a: Suicune|Surf|p2a: Metagross
|-damage|p2a: Metagross|56/100
|
|-heal|p1a: Suicune|95/100|[from] item: Leftovers
|-heal|p2a: Metagross|62/100|[from] item: Leftovers
|upkeep
|turn|15
|inactive|pressle54 has 270 seconds left.
|
|t:|1729294616
|switch|p1a: Claydol|Claydol|99/100
|switch|p2a: Zapdos|Zapdos|40/100
|
|-heal|p2a: Zapdos|46/100|[from] item: Leftovers
|-heal|p1a: Claydol|100/100|[from] item: Leftovers
|upkeep
|turn|16
|inactive|pressle54 has 270 seconds left.
|
|t:|1729294637
|move|p2a: Zapdos|Toxic|p1a: Claydol|[miss]
|-miss|p2a: Zapdos|p1a: Claydol
|move|p1a: Claydol|Shadow Ball|p2a: Zapdos
|-damage|p2a: Zapdos|27/100
|
|-heal|p2a: Zapdos|33/100|[from] item: Leftovers
|upkeep
|turn|17
|c|☆pressle54|lord
|inactive|pressle54 has 270 seconds left.
|
|t:|1729294656
|switch|p1a: Salamence|Salamence, F|100/100
|-ability|p1a: Salamence|Intimidate|boost
|-unboost|p2a: Zapdos|atk|1
|move|p2a: Zapdos|Toxic|p1a: Salamence
|-status|p1a: Salamence|tox
|
|-damage|p1a: Salamence|94/100 tox|[from] psn
|-heal|p2a: Zapdos|39/100|[from] item: Leftovers
|upkeep
|turn|18
|inactive|pressle54 has 270 seconds left.
|
|t:|1729294670
|move|p1a: Salamence|Earthquake|p2a: Zapdos
|-immune|p2a: Zapdos
|move|p2a: Zapdos|Hidden Power|p1a: Salamence
|-supereffective|p1a: Salamence
|-damage|p1a: Salamence|0 fnt
|faint|p1a: Salamence
|
|t:|1729294678
|switch|p1a: Blissey|Blissey, F|88/100
|
|-heal|p2a: Zapdos|45/100|[from] item: Leftovers
|-heal|p1a: Blissey|94/100|[from] item: Leftovers
|upkeep
|turn|19
|inactive|pressle54 has 270 seconds left.
|inactive|mkizzy has 270 seconds left.
|
|t:|1729294690
|switch|p2a: Metagross|Metagross|62/100
|move|p1a: Blissey|Ice Beam|p2a: Metagross
|-resisted|p2a: Metagross
|-damage|p2a: Metagross|48/100
|
|-heal|p2a: Metagross|54/100|[from] item: Leftovers
|-heal|p1a: Blissey|100/100|[from] item: Leftovers
|upkeep
|turn|20
|inactive|pressle54 has 270 seconds left.
|
|t:|1729294704
|switch|p1a: Hariyama|Hariyama, F|60/100
|move|p2a: Metagross|Meteor Mash|p1a: Hariyama
|-damage|p1a: Hariyama|24/100
|
|-heal|p2a: Metagross|60/100|[from] item: Leftovers
|-heal|p1a: Hariyama|30/100|[from] item: Leftovers
|upkeep
|turn|21
|inactive|pressle54 has 270 seconds left.
|
|t:|1729294715
|switch|p2a: Salamence|Salamence, M|100/100
|-ability|p2a: Salamence|Intimidate|boost
|-unboost|p1a: Hariyama|atk|1
|switch|p1a: Claydol|Claydol|100/100
|
|upkeep
|turn|22
|inactive|pressle54 has 270 seconds left.
|inactive|mkizzy has 270 seconds left.
|
|t:|1729294738
|switch|p2a: Zapdos|Zapdos|45/100
|move|p1a: Claydol|Explosion|p2a: Zapdos
|-damage|p2a: Zapdos|0 fnt
|faint|p1a: Claydol
|faint|p2a: Zapdos
|inactive|pressle54 has 270 seconds left.
|inactive|mkizzy has 270 seconds left.
|
|t:|1729294770
|switch|p2a: Tyranitar|Tyranitar, M|100/100
|switch|p1a: Jirachi|Jirachi|69/100
|-weather|Sandstorm|[from] ability: Sand Stream|[of] p2a: Tyranitar
|
|-weather|Sandstorm|[upkeep]
|-heal|p1a: Jirachi|76/100|[from] item: Leftovers
|upkeep
|turn|23
|
|t:|1729294778
|move|p1a: Jirachi|Protect|p1a: Jirachi
|-singleturn|p1a: Jirachi|Protect
|move|p2a: Tyranitar|Dragon Dance|p2a: Tyranitar
|-boost|p2a: Tyranitar|atk|1
|-boost|p2a: Tyranitar|spe|1
|
|-weather|Sandstorm|[upkeep]
|-heal|p1a: Jirachi|82/100|[from] item: Leftovers
|upkeep
|turn|24
|
|t:|1729294787
|move|p2a: Tyranitar|Earthquake|p1a: Jirachi
|-supereffective|p1a: Jirachi
|-damage|p1a: Jirachi|19/100
|move|p1a: Jirachi|Wish|p1a: Jirachi
|
|-weather|Sandstorm|[upkeep]
|-heal|p1a: Jirachi|25/100|[from] item: Leftovers
|upkeep
|turn|25
|
|t:|1729294793
|move|p1a: Jirachi|Protect|p1a: Jirachi
|-singleturn|p1a: Jirachi|Protect
|move|p2a: Tyranitar|Dragon Dance|p2a: Tyranitar
|-boost|p2a: Tyranitar|atk|1
|-boost|p2a: Tyranitar|spe|1
|
|-heal|p1a: Jirachi|75/100|[from] move: Wish|[wisher] Jirachi
|-weather|Sandstorm|[upkeep]
|-heal|p1a: Jirachi|81/100|[from] item: Leftovers
|upkeep
|turn|26
|inactive|mkizzy has 270 seconds left.
|
|t:|1729294802
|move|p2a: Tyranitar|Earthquake|p1a: Jirachi
|-supereffective|p1a: Jirachi
|-crit|p1a: Jirachi
|-damage|p1a: Jirachi|0 fnt
|faint|p1a: Jirachi
|
|t:|1729294806
|switch|p1a: Suicune|Suicune|95/100
|
|-weather|Sandstorm|[upkeep]
|-damage|p1a: Suicune|89/100|[from] Sandstorm
|-heal|p1a: Suicune|95/100|[from] item: Leftovers
|upkeep
|turn|27
|
|t:|1729294812
|move|p2a: Tyranitar|Rock Slide|p1a: Suicune
|-damage|p1a: Suicune|46/100
|move|p1a: Suicune|Roar|p2a: Tyranitar
|drag|p2a: Jirachi|Jirachi|100/100
|
|-weather|Sandstorm|[upkeep]
|-damage|p1a: Suicune|40/100|[from] Sandstorm
|-heal|p1a: Suicune|46/100|[from] item: Leftovers
|upkeep
|turn|28
|
|t:|1729294827
|move|p2a: Jirachi|Calm Mind|p2a: Jirachi
|-boost|p2a: Jirachi|spa|1
|-boost|p2a: Jirachi|spd|1
|move|p1a: Suicune|Calm Mind|p1a: Suicune
|-boost|p1a: Suicune|spa|1
|-boost|p1a: Suicune|spd|1
|
|-weather|Sandstorm|[upkeep]
|-damage|p1a: Suicune|40/100|[from] Sandstorm
|-heal|p1a: Suicune|46/100|[from] item: Leftovers
|upkeep
|turn|29
|
|t:|1729294833
|move|p2a: Jirachi|Psychic|p1a: Suicune
|-damage|p1a: Suicune|18/100
|move|p1a: Suicune|Roar|p2a: Jirachi
|drag|p2a: Metagross|Metagross|60/100
|
|-weather|Sandstorm|[upkeep]
|-damage|p1a: Suicune|11/100|[from] Sandstorm
|-heal|p1a: Suicune|18/100|[from] item: Leftovers
|-heal|p2a: Metagross|66/100|[from] item: Leftovers
|upkeep
|turn|30
|
|t:|1729294841
|move|p1a: Suicune|Rest|p1a: Suicune
|-status|p1a: Suicune|slp|[from] move: Rest
|-heal|p1a: Suicune|100/100 slp|[silent]
|move|p2a: Metagross|Psychic|p1a: Suicune
|-damage|p1a: Suicune|79/100 slp
|
|-weather|Sandstorm|[upkeep]
|-damage|p1a: Suicune|73/100 slp|[from] Sandstorm
|-heal|p1a: Suicune|79/100 slp|[from] item: Leftovers
|-heal|p2a: Metagross|73/100|[from] item: Leftovers
|upkeep
|turn|31
|
|t:|1729294849
|cant|p1a: Suicune|slp
|move|p2a: Metagross|Explosion|p1a: Suicune
|-damage|p1a: Suicune|0 fnt
|faint|p2a: Metagross
|faint|p1a: Suicune
|
|t:|1729294860
|switch|p1a: Hariyama|Hariyama, F|30/100
|switch|p2a: Swampert|Swampert, F|61/100 tox
|
|-weather|Sandstorm|[upkeep]
|-damage|p1a: Hariyama|24/100|[from] Sandstorm
|-damage|p2a: Swampert|55/100 tox|[from] psn
|-heal|p1a: Hariyama|30/100|[from] item: Leftovers
|upkeep
|turn|32
|
|t:|1729294866
|move|p2a: Swampert|Earthquake|p1a: Hariyama
|-damage|p1a: Hariyama|0 fnt
|faint|p1a: Hariyama
|
|t:|1729294869
|switch|p1a: Blissey|Blissey, F|100/100
|
|-weather|Sandstorm|[upkeep]
|-damage|p1a: Blissey|94/100|[from] Sandstorm
|-damage|p2a: Swampert|42/100 tox|[from] psn
|-heal|p1a: Blissey|100/100|[from] item: Leftovers
|upkeep
|turn|33
|
|t:|1729294873
|move|p2a: Swampert|Earthquake|p1a: Blissey
|-damage|p1a: Blissey|64/100
|move|p1a: Blissey|Ice Beam|p2a: Swampert
|-damage|p2a: Swampert|17/100 tox
|
|-weather|Sandstorm|[upkeep]
|-damage|p1a: Blissey|58/100|[from] Sandstorm
|-damage|p2a: Swampert|0 fnt|[from] psn
|faint|p2a: Swampert
|-heal|p1a: Blissey|64/100|[from] item: Leftovers
|upkeep
|
|t:|1729294882
|switch|p2a: Salamence|Salamence, M|100/100
|-ability|p2a: Salamence|Intimidate|boost
|-unboost|p1a: Blissey|atk|1
|turn|34
|
|t:|1729294889
|move|p2a: Salamence|Hidden Power|p1a: Blissey
|-damage|p1a: Blissey|23/100
|move|p1a: Blissey|Ice Beam|p2a: Salamence
|-supereffective|p2a: Salamence
|-damage|p2a: Salamence|0 fnt
|faint|p2a: Salamence
|
|t:|1729294895
|switch|p2a: Tyranitar|Tyranitar, M|100/100
|
|-weather|Sandstorm|[upkeep]
|-damage|p1a: Blissey|17/100|[from] Sandstorm
|-heal|p1a: Blissey|23/100|[from] item: Leftovers
|upkeep
|turn|35
|
|t:|1729294898
|move|p2a: Tyranitar|Double-Edge|p1a: Blissey
|-damage|p1a: Blissey|0 fnt
|-damage|p2a: Tyranitar|88/100|[from] Recoil|[of] p1a: Blissey
|faint|p1a: Blissey
|
|win|mkizzy
|c|☆pressle54|wp
|c|☆mkizzy|gg

</script>
<script type="application/json" class="data" id="replaydata-smogtours-gen3ou-799754">
{"id":"smogtours-gen3ou-799754","format":"[Gen 3] OU","players":["pressle54","mkizzy"],"uploadtime":1729294898,"views":89,"formatid":"gen3ou","rating":null,"private":0,"password":null}
</script>

<script defer src="js/replays.js?9d40a366"></script>
