<!DOCTYPE html>
<meta charset="utf-8" />
<meta name="viewport" content="width=device-width" />

<title>[Gen 3] OU: Pak vs. GreenCity - Replays - Pok&eacute;mon Showdown!</title>

<meta name="description" content="Watch a replay of a Pok&eacute;mon battle between Pak and GreenCity! Format: [Gen 3] OU; Date: Oct 7, 2024" />
<!--

Hey, you! Looking in the source for the replay log?

You can find them in JSON format, just add `.json` at the end of a replay URL.

https://replay.pokemonshowdown.com/gen7randomdoublesbattle-865046831.json

Or, if you only need the log itself, add `.log` instead:

https://replay.pokemonshowdown.com/gen7randomdoublesbattle-865046831.log

-->

<link rel="stylesheet" href="//pokemonshowdown.com/style/global.css?0.023195364461161105" />
<link rel="stylesheet" href="//play.pokemonshowdown.com/style/font-awesome.css?0.13261647063804238" />
<link rel="stylesheet" href="//play.pokemonshowdown.com/style/battle.css?0.8753245789963631" />
<link rel="stylesheet" href="//play.pokemonshowdown.com/style/utilichart.css?0.8627959624976733" />

<!-- Global site tag (gtag.js) - Google Analytics -->
<script async src="https://www.googletagmanager.com/gtag/js?id=UA-26211653-1"></script>
<script>
  window.dataLayer = window.dataLayer || [];
  function gtag(){dataLayer.push(arguments);}
  gtag('js', new Date());

  gtag('config', 'UA-26211653-1');
</script>
<!-- End Google Analytics -->
<!-- Venatus Ad Manager - Install in <HEAD> of page -->
	<script src="https://hb.vntsm.com/v3/live/ad-manager.min.js" type="text/javascript" data-site-id="642aba63ec9a7b11c3c9c1be" data-mode="scan" async></script>
<!-- / Venatus Ad Manager -->

<style>
	@media (max-width:820px) {
		.battle {
			margin: 0 auto;
		}
		.battle-log {
			margin: 7px auto 0;
			max-width: 640px;
			height: 300px;
			position: static;
		}
	}
	.optgroup {
		display: inline-block;
		line-height: 22px;
		font-size: 10pt;
	}
	.optgroup .button {
		height: 25px;
		padding-top: 0;
		padding-bottom: 0;
	}
	.optgroup button.button {
		padding-left: 12px;
		padding-right: 12px;
	}
	.linklist {
		list-style: none;
		margin: 0.5em 0;
		padding: 0;
	}
	.linklist li {
		padding: 2px 0;
	}
	.sidebar {
		float: left;
		width: 320px;
	}
	.bar-wrapper {
		max-width: 1100px;
		margin: 0 auto;
	}
	.bar-wrapper.has-sidebar {
		max-width: 1430px;
	}
	.mainbar {
		margin: 0;
		padding-right: 1px;
	}
	.mainbar.has-sidebar {
		margin-left: 330px;
	}
	@media (min-width: 1511px) {
		.sidebar {
			width: 400px;
		}
		.bar-wrapper.has-sidebar {
			max-width: 1510px;
		}
		.mainbar.has-sidebar {
			margin-left: 410px;
		}
	}
	.section.first-section {
		margin-top: 9px;
	}
	.blocklink small {
		white-space: normal;
	}
	.button {
		vertical-align: middle;
	}
	.replay-controls {
		padding-top: 10px;
	}
	.replay-controls h1 {
		font-size: 16pt;
		font-weight: normal;
		color: #CCC;
	}
	.pagelink {
		text-align: center;
	}
	.pagelink a {
		width: 150px;
	}
	.textbox, .button {
		font-size: 11pt;
		vertical-align: middle;
	}
	@media (max-width: 450px) {
		.button {
			font-size: 9pt;
		}
	}
</style>

<div>

	<header>
		<div class="nav-wrapper"><ul class="nav">
			<li><a class="button nav-first" href="//pokemonshowdown.com/"><img src="//pokemonshowdown.com/images/pokemonshowdownbeta.png" srcset="//pokemonshowdown.com/images/pokemonshowdownbeta.png 1x, //pokemonshowdown.com/images/pokemonshowdownbeta@2x.png 2x" alt="Pok&eacute;mon Showdown" width="146" height="44" /> Home</a></li>
			<li><a class="button" href="//pokemonshowdown.com/dex/">Pok&eacute;dex</a></li>
			<li><a class="button cur" href="/">Replays</a></li>
			<li><a class="button" href="//pokemonshowdown.com/ladder/">Ladder</a></li>
			<li><a class="button nav-last" href="//pokemonshowdown.com/forums/">Forum</a></li>
			<li><a class="button greenbutton nav-first nav-last" href="//play.pokemonshowdown.com/">Play</a></li>
		</ul></div>
	</header>

	<div class="main" id="main">

		<noscript><section class="section">You need to enable JavaScript to use this page; sorry!</section></noscript>

	</div>

</div>

<script defer nomodule src="//play.pokemonshowdown.com/js/lib/ps-polyfill.js"></script>
<script defer src="//play.pokemonshowdown.com/js/lib/preact.min.js"></script>

<script defer src="//play.pokemonshowdown.com/config/config.js?2bddbc15"></script>
<script defer src="//play.pokemonshowdown.com/js/lib/jquery-1.11.0.min.js"></script>
<script defer src="//play.pokemonshowdown.com/js/lib/html-sanitizer-minified.js"></script>
<script defer src="//play.pokemonshowdown.com/js/battle-sound.js"></script>
<script defer src="//play.pokemonshowdown.com/js/battledata.js?0.7209276989879541"></script>
<script defer src="//play.pokemonshowdown.com/data/pokedex-mini.js?0.6111056340867951"></script>
<script defer src="//play.pokemonshowdown.com/data/pokedex-mini-bw.js?0.3532142036491459"></script>
<script defer src="//play.pokemonshowdown.com/data/graphics.js?0.24223875632456182"></script>
<script defer src="//play.pokemonshowdown.com/data/pokedex.js?0.38839984266356864"></script>
<script defer src="//play.pokemonshowdown.com/data/moves.js?0.21866028504024015"></script>
<script defer src="//play.pokemonshowdown.com/data/abilities.js?0.2005157953846628"></script>
<script defer src="//play.pokemonshowdown.com/data/items.js?0.9894211263848525"></script>
<script defer src="//play.pokemonshowdown.com/data/teambuilder-tables.js?0.6008791140282215"></script>
<script defer src="//play.pokemonshowdown.com/js/battle-tooltips.js?0.7580118955022959"></script>
<script defer src="//play.pokemonshowdown.com/js/battle.js?0.6057722274234274"></script>

<script defer src="js/utils.js?e31f9a17"></script>
<script defer src="js/replays-battle.js?7008c182"></script>

<!-- don't scrape this data! just add .json or .log after the URL!
Full API docs: https://github.com/smogon/pokemon-showdown-client/blob/master/WEB-API.md -->
<script type="text/plain" class="log" id="replaylog-smogtours-gen3ou-796085">
|inactive|Battle timer is ON: inactive players will automatically lose when time's up.
|t:|1728259825
|gametype|singles
|player|p1|Pak|#pak|
|player|p2|GreenCity|pokemonranger-gen4|
|teamsize|p1|6
|teamsize|p2|6
|gen|3
|tier|[Gen 3] OU
|rule|Sleep Clause Mod: Limit one foe put to sleep
|rule|Switch Priority Clause Mod: Faster Pokémon switch first
|rule|Species Clause: Limit one of each Pokémon
|rule|OHKO Clause: OHKO moves are banned
|rule|Evasion Items Clause: Evasion items are banned
|rule|Evasion Moves Clause: Evasion moves are banned
|rule|Endless Battle Clause: Forcing endless battles is banned
|rule|HP Percentage Mod: HP is shown in percentages
|rule|One Boost Passer Clause: Limit one Baton Passer that has a way to boost its stats
|rule|Freeze Clause Mod: Limit one foe frozen
|
|t:|1728259825
|start
|switch|p1a: Zapdos|Zapdos|100/100
|switch|p2a: Swampert|Swampert, F|100/100
|turn|1
|inactive|GreenCity also wants the timer to be on.
|c|☆Pak|hf
|c|☆GreenCity|hf
|
|t:|1728259847
|switch|p2a: Blissey|Blissey, F|100/100
|move|p1a: Zapdos|Baton Pass|p1a: Zapdos
|
|t:|1728259850
|switch|p1a: Dugtrio|Dugtrio, F|100/100|[from] Baton Pass
|
|upkeep
|turn|2
|
|t:|1728259853
|move|p1a: Dugtrio|Beat Up|p2a: Blissey
|-damage|p2a: Blissey|90/100
|-damage|p2a: Blissey|73/100
|-damage|p2a: Blissey|60/100
|-damage|p2a: Blissey|49/100
|-damage|p2a: Blissey|38/100
|-damage|p2a: Blissey|29/100
|-hitcount|p2a: Blissey|6
|move|p2a: Blissey|Ice Beam|p1a: Dugtrio
|-supereffective|p1a: Dugtrio
|-damage|p1a: Dugtrio|11/100
|-status|p1a: Dugtrio|frz
|
|-heal|p2a: Blissey|35/100|[from] item: Leftovers
|upkeep
|turn|3
|
|t:|1728259860
|cant|p1a: Dugtrio|frz
|move|p2a: Blissey|Ice Beam|p1a: Dugtrio
|-supereffective|p1a: Dugtrio
|-damage|p1a: Dugtrio|0 fnt
|faint|p1a: Dugtrio
|c|☆Pak|not grear
|
|t:|1728259867
|switch|p1a: Tyranitar|Tyranitar, M|100/100
|-weather|Sandstorm|[from] ability: Sand Stream|[of] p1a: Tyranitar
|
|-weather|Sandstorm|[upkeep]
|-damage|p2a: Blissey|29/100|[from] Sandstorm
|-heal|p2a: Blissey|35/100|[from] item: Leftovers
|upkeep
|turn|4
|
|t:|1728259875
|switch|p2a: Swampert|Swampert, F|100/100
|move|p1a: Tyranitar|Earthquake|p2a: Swampert
|-damage|p2a: Swampert|74/100
|
|-weather|Sandstorm|[upkeep]
|-heal|p2a: Swampert|80/100|[from] item: Leftovers
|upkeep
|turn|5
|
|t:|1728259882
|switch|p1a: Celebi|Celebi|100/100
|move|p2a: Swampert|Ice Beam|p1a: Celebi
|-supereffective|p1a: Celebi
|-crit|p1a: Celebi
|-damage|p1a: Celebi|41/100
|
|-weather|Sandstorm|[upkeep]
|-damage|p1a: Celebi|35/100|[from] Sandstorm
|-heal|p1a: Celebi|41/100|[from] item: Leftovers
|-heal|p2a: Swampert|87/100|[from] item: Leftovers
|upkeep
|turn|6
|
|t:|1728259899
|switch|p2a: Forretress|Forretress, M|100/100
|move|p1a: Celebi|Recover|p1a: Celebi
|-heal|p1a: Celebi|91/100
|
|-weather|Sandstorm|[upkeep]
|-damage|p1a: Celebi|85/100|[from] Sandstorm
|-heal|p1a: Celebi|91/100|[from] item: Leftovers
|upkeep
|turn|7
|
|t:|1728259905
|move|p1a: Celebi|Leech Seed|p2a: Forretress
|-start|p2a: Forretress|move: Leech Seed
|move|p2a: Forretress|Spikes|p1a: Celebi
|-sidestart|p1: Pak|Spikes
|
|-weather|Sandstorm|[upkeep]
|-damage|p1a: Celebi|85/100|[from] Sandstorm
|-heal|p1a: Celebi|91/100|[from] item: Leftovers
|-damage|p2a: Forretress|88/100|[from] Leech Seed|[of] p1a: Celebi
|-heal|p1a: Celebi|100/100|[silent]
|upkeep
|turn|8
|
|t:|1728259912
|switch|p2a: Tyranitar|Tyranitar, F|100/100
|move|p1a: Celebi|Baton Pass|p1a: Celebi
|
|t:|1728259917
|switch|p1a: Swampert|Swampert, M|100/100|[from] Baton Pass
|-damage|p1a: Swampert|88/100|[from] Spikes
|
|-weather|Sandstorm|[upkeep]
|-heal|p1a: Swampert|94/100|[from] item: Leftovers
|upkeep
|turn|9
|
|t:|1728259926
|switch|p2a: Forretress|Forretress, M|88/100
|move|p1a: Swampert|Hydro Pump|p2a: Forretress
|-damage|p2a: Forretress|54/100
|
|-weather|Sandstorm|[upkeep]
|-heal|p1a: Swampert|100/100|[from] item: Leftovers
|-heal|p2a: Forretress|61/100|[from] item: Leftovers
|upkeep
|turn|10
|
|t:|1728259942
|move|p1a: Swampert|Hydro Pump|p2a: Forretress
|-damage|p2a: Forretress|27/100
|move|p2a: Forretress|Spikes|p1a: Swampert
|-sidestart|p1: Pak|Spikes
|
|-weather|Sandstorm|[upkeep]
|-heal|p2a: Forretress|33/100|[from] item: Leftovers
|upkeep
|turn|11
|
|t:|1728259947
|switch|p2a: Magneton|Magneton|100/100
|move|p1a: Swampert|Hydro Pump|p2a: Magneton
|-damage|p2a: Magneton|30/100
|
|-weather|Sandstorm|[upkeep]
|upkeep
|turn|12
|
|t:|1728259961
|switch|p1a: Celebi|Celebi|100/100
|-damage|p1a: Celebi|84/100|[from] Spikes
|move|p2a: Magneton|Toxic|p1a: Celebi
|-status|p1a: Celebi|tox
|
|-weather|Sandstorm|[upkeep]
|-damage|p1a: Celebi|78/100 tox|[from] Sandstorm
|-heal|p1a: Celebi|84/100 tox|[from] item: Leftovers
|-damage|p1a: Celebi|78/100 tox|[from] psn
|upkeep
|turn|13
|
|t:|1728259969
|move|p2a: Magneton|Hidden Power|p1a: Celebi
|-supereffective|p1a: Celebi
|-crit|p1a: Celebi
|-damage|p1a: Celebi|0 fnt
|faint|p1a: Celebi
|inactive|Pak has 270 seconds left.
|
|t:|1728260001
|switch|p1a: Starmie|Starmie|100/100
|-damage|p1a: Starmie|84/100|[from] Spikes
|
|-weather|Sandstorm|[upkeep]
|-damage|p1a: Starmie|78/100|[from] Sandstorm
|-heal|p1a: Starmie|84/100|[from] item: Leftovers
|upkeep
|turn|14
|
|t:|1728260007
|move|p1a: Starmie|Hydro Pump|p2a: Magneton
|-damage|p2a: Magneton|0 fnt
|faint|p2a: Magneton
|inactive|GreenCity has 270 seconds left.
|
|t:|1728260055
|switch|p2a: Tyranitar|Tyranitar, F|100/100
|
|-weather|Sandstorm|[upkeep]
|-damage|p1a: Starmie|78/100|[from] Sandstorm
|-heal|p1a: Starmie|84/100|[from] item: Leftovers
|upkeep
|turn|15
|
|t:|1728260065
|move|p1a: Starmie|Hydro Pump|p2a: Tyranitar|[miss]
|-miss|p1a: Starmie|p2a: Tyranitar
|move|p2a: Tyranitar|Crunch|p1a: Starmie
|-supereffective|p1a: Starmie
|-damage|p1a: Starmie|0 fnt
|faint|p1a: Starmie
|inactive|Pak has 270 seconds left.
|
|t:|1728260090
|switch|p1a: Swampert|Swampert, M|100/100
|-damage|p1a: Swampert|84/100|[from] Spikes
|
|-weather|Sandstorm|[upkeep]
|-heal|p1a: Swampert|90/100|[from] item: Leftovers
|upkeep
|turn|16
|inactive|GreenCity has 270 seconds left.
|
|t:|1728260102
|move|p1a: Swampert|Earthquake|p2a: Tyranitar
|-supereffective|p2a: Tyranitar
|-damage|p2a: Tyranitar|44/100
|move|p2a: Tyranitar|Crunch|p1a: Swampert
|-damage|p1a: Swampert|57/100
|
|-weather|Sandstorm|[upkeep]
|-heal|p1a: Swampert|64/100|[from] item: Leftovers
|-heal|p2a: Tyranitar|50/100|[from] item: Leftovers
|upkeep
|turn|17
|
|t:|1728260107
|move|p1a: Swampert|Earthquake|p2a: Tyranitar
|-supereffective|p2a: Tyranitar
|-damage|p2a: Tyranitar|0 fnt
|faint|p2a: Tyranitar
|
|t:|1728260117
|switch|p2a: Gengar|Gengar, M|100/100
|
|-weather|Sandstorm|[upkeep]
|-damage|p2a: Gengar|94/100|[from] Sandstorm
|-heal|p2a: Gengar|100/100|[from] item: Leftovers
|-heal|p1a: Swampert|70/100|[from] item: Leftovers
|upkeep
|turn|18
|
|t:|1728260120
|move|p1a: Swampert|Protect|p1a: Swampert
|-singleturn|p1a: Swampert|Protect
|move|p2a: Gengar|Will-O-Wisp|p1a: Swampert
|-activate|p1a: Swampert|Protect
|
|-weather|Sandstorm|[upkeep]
|-damage|p2a: Gengar|94/100|[from] Sandstorm
|-heal|p2a: Gengar|100/100|[from] item: Leftovers
|-heal|p1a: Swampert|76/100|[from] item: Leftovers
|upkeep
|turn|19
|
|t:|1728260126
|move|p2a: Gengar|Will-O-Wisp|p1a: Swampert
|-status|p1a: Swampert|brn
|move|p1a: Swampert|Hydro Pump|p2a: Gengar
|-damage|p2a: Gengar|54/100
|
|-weather|Sandstorm|[upkeep]
|-damage|p2a: Gengar|48/100|[from] Sandstorm
|-heal|p2a: Gengar|54/100|[from] item: Leftovers
|-heal|p1a: Swampert|82/100 brn|[from] item: Leftovers
|-damage|p1a: Swampert|70/100 brn|[from] brn
|upkeep
|turn|20
|
|t:|1728260136
|move|p2a: Gengar|Ice Punch|p1a: Swampert
|-damage|p1a: Swampert|51/100 brn
|move|p1a: Swampert|Hydro Pump|p2a: Gengar
|-crit|p2a: Gengar
|-damage|p2a: Gengar|0 fnt
|faint|p2a: Gengar
|
|t:|1728260142
|switch|p2a: Blissey|Blissey, F|35/100
|
|-weather|Sandstorm|[upkeep]
|-damage|p2a: Blissey|29/100|[from] Sandstorm
|-heal|p1a: Swampert|57/100 brn|[from] item: Leftovers
|-damage|p1a: Swampert|45/100 brn|[from] brn
|-heal|p2a: Blissey|35/100|[from] item: Leftovers
|upkeep
|turn|21
|
|t:|1728260144
|switch|p1a: Tyranitar|Tyranitar, M|100/100
|-damage|p1a: Tyranitar|84/100|[from] Spikes
|move|p2a: Blissey|Soft-Boiled|p2a: Blissey
|-heal|p2a: Blissey|85/100
|
|-weather|Sandstorm|[upkeep]
|-damage|p2a: Blissey|79/100|[from] Sandstorm
|-heal|p1a: Tyranitar|90/100|[from] item: Leftovers
|-heal|p2a: Blissey|85/100|[from] item: Leftovers
|upkeep
|turn|22
|
|t:|1728260146
|-singleturn|p1a: Tyranitar|move: Focus Punch
|switch|p2a: Swampert|Swampert, F|87/100
|move|p1a: Tyranitar|Focus Punch|p2a: Swampert
|-damage|p2a: Swampert|46/100
|
|-weather|Sandstorm|[upkeep]
|-heal|p1a: Tyranitar|96/100|[from] item: Leftovers
|-heal|p2a: Swampert|52/100|[from] item: Leftovers
|upkeep
|turn|23
|
|t:|1728260152
|switch|p1a: Zapdos|Zapdos|100/100
|move|p2a: Swampert|Surf|p1a: Zapdos
|-damage|p1a: Zapdos|73/100
|
|-weather|Sandstorm|[upkeep]
|-damage|p1a: Zapdos|67/100|[from] Sandstorm
|-heal|p1a: Zapdos|73/100|[from] item: Leftovers
|-heal|p2a: Swampert|59/100|[from] item: Leftovers
|upkeep
|turn|24
|
|t:|1728260160
|move|p2a: Swampert|Protect|p2a: Swampert
|-singleturn|p2a: Swampert|Protect
|move|p1a: Zapdos|Hidden Power|p2a: Swampert
|-activate|p2a: Swampert|Protect
|
|-weather|Sandstorm|[upkeep]
|-damage|p1a: Zapdos|67/100|[from] Sandstorm
|-heal|p1a: Zapdos|73/100|[from] item: Leftovers
|-heal|p2a: Swampert|65/100|[from] item: Leftovers
|upkeep
|turn|25
|
|t:|1728260178
|switch|p2a: Forretress|Forretress, M|33/100
|move|p1a: Zapdos|Baton Pass|p1a: Zapdos
|
|t:|1728260182
|switch|p1a: Tyranitar|Tyranitar, M|96/100|[from] Baton Pass
|-damage|p1a: Tyranitar|80/100|[from] Spikes
|
|-weather|Sandstorm|[upkeep]
|-heal|p1a: Tyranitar|86/100|[from] item: Leftovers
|-heal|p2a: Forretress|39/100|[from] item: Leftovers
|upkeep
|turn|26
|
|t:|1728260193
|move|p1a: Tyranitar|Earthquake|p2a: Forretress
|-damage|p2a: Forretress|10/100
|move|p2a: Forretress|Hidden Power|p1a: Tyranitar
|-supereffective|p1a: Tyranitar
|-damage|p1a: Tyranitar|51/100
|
|-weather|Sandstorm|[upkeep]
|-heal|p1a: Tyranitar|57/100|[from] item: Leftovers
|-heal|p2a: Forretress|16/100|[from] item: Leftovers
|upkeep
|turn|27
|
|t:|1728260201
|move|p1a: Tyranitar|Earthquake|p2a: Forretress
|-damage|p2a: Forretress|0 fnt
|faint|p2a: Forretress
|
|t:|1728260203
|switch|p2a: Swampert|Swampert, F|65/100
|
|-weather|Sandstorm|[upkeep]
|-heal|p1a: Tyranitar|63/100|[from] item: Leftovers
|-heal|p2a: Swampert|71/100|[from] item: Leftovers
|upkeep
|turn|28
|
|t:|1728260208
|switch|p1a: Zapdos|Zapdos|73/100
|move|p2a: Swampert|Ice Beam|p1a: Zapdos
|-supereffective|p1a: Zapdos
|-damage|p1a: Zapdos|32/100
|
|-weather|Sandstorm|[upkeep]
|-damage|p1a: Zapdos|26/100|[from] Sandstorm
|-heal|p1a: Zapdos|32/100|[from] item: Leftovers
|-heal|p2a: Swampert|77/100|[from] item: Leftovers
|upkeep
|turn|29
|
|t:|1728260216
|switch|p2a: Blissey|Blissey, F|85/100
|move|p1a: Zapdos|Hidden Power|p2a: Blissey
|-damage|p2a: Blissey|77/100
|
|-weather|Sandstorm|[upkeep]
|-damage|p1a: Zapdos|26/100|[from] Sandstorm
|-damage|p2a: Blissey|71/100|[from] Sandstorm
|-heal|p1a: Zapdos|32/100|[from] item: Leftovers
|-heal|p2a: Blissey|77/100|[from] item: Leftovers
|upkeep
|turn|30
|
|t:|1728260224
|switch|p2a: Swampert|Swampert, F|77/100
|move|p1a: Zapdos|Baton Pass|p1a: Zapdos
|
|t:|1728260227
|switch|p1a: Swampert|Swampert, M|45/100 brn|[from] Baton Pass
|-damage|p1a: Swampert|28/100 brn|[from] Spikes
|
|-weather|Sandstorm|[upkeep]
|-heal|p1a: Swampert|35/100 brn|[from] item: Leftovers
|-damage|p1a: Swampert|22/100 brn|[from] brn
|-heal|p2a: Swampert|83/100|[from] item: Leftovers
|upkeep
|turn|31
|
|t:|1728260232
|move|p2a: Swampert|Protect|p2a: Swampert
|-singleturn|p2a: Swampert|Protect
|move|p1a: Swampert|Hydro Pump|p2a: Swampert
|-activate|p2a: Swampert|Protect
|
|-weather|Sandstorm|[upkeep]
|-heal|p1a: Swampert|28/100 brn|[from] item: Leftovers
|-damage|p1a: Swampert|16/100 brn|[from] brn
|-heal|p2a: Swampert|90/100|[from] item: Leftovers
|upkeep
|turn|32
|
|t:|1728260239
|switch|p1a: Tyranitar|Tyranitar, M|63/100
|-damage|p1a: Tyranitar|46/100|[from] Spikes
|switch|p2a: Blissey|Blissey, F|77/100
|
|-weather|Sandstorm|[upkeep]
|-damage|p2a: Blissey|71/100|[from] Sandstorm
|-heal|p1a: Tyranitar|52/100|[from] item: Leftovers
|-heal|p2a: Blissey|77/100|[from] item: Leftovers
|upkeep
|turn|33
|
|t:|1728260247
|-singleturn|p1a: Tyranitar|move: Focus Punch
|switch|p2a: Swampert|Swampert, F|90/100
|move|p1a: Tyranitar|Focus Punch|p2a: Swampert
|-damage|p2a: Swampert|47/100
|
|-weather|Sandstorm|[upkeep]
|-heal|p1a: Tyranitar|59/100|[from] item: Leftovers
|-heal|p2a: Swampert|54/100|[from] item: Leftovers
|upkeep
|turn|34
|
|t:|1728260264
|switch|p1a: Swampert|Swampert, M|16/100 brn
|-damage|p1a: Swampert|0 fnt|[from] Spikes
|faint|p1a: Swampert
|
|t:|1728260266
|switch|p1a: Zapdos|Zapdos|32/100
|
|-weather|Sandstorm|[upkeep]
|-damage|p1a: Zapdos|26/100|[from] Sandstorm
|-heal|p1a: Zapdos|32/100|[from] item: Leftovers
|-heal|p2a: Swampert|60/100|[from] item: Leftovers
|upkeep
|turn|35
|
|t:|1728260279
|switch|p2a: Blissey|Blissey, F|77/100
|move|p1a: Zapdos|Hidden Power|p2a: Blissey
|-damage|p2a: Blissey|69/100
|
|-weather|Sandstorm|[upkeep]
|-damage|p1a: Zapdos|26/100|[from] Sandstorm
|-damage|p2a: Blissey|63/100|[from] Sandstorm
|-heal|p1a: Zapdos|32/100|[from] item: Leftovers
|-heal|p2a: Blissey|69/100|[from] item: Leftovers
|upkeep
|turn|36
|
|t:|1728260286
|move|p1a: Zapdos|Baton Pass|p1a: Zapdos
|
|t:|1728260287
|switch|p1a: Tyranitar|Tyranitar, M|59/100|[from] Baton Pass
|-damage|p1a: Tyranitar|42/100|[from] Spikes
|move|p2a: Blissey|Thunder Wave|p1a: Tyranitar
|-status|p1a: Tyranitar|par
|
|-weather|Sandstorm|[upkeep]
|-damage|p2a: Blissey|63/100|[from] Sandstorm
|-heal|p2a: Blissey|69/100|[from] item: Leftovers
|-heal|p1a: Tyranitar|48/100 par|[from] item: Leftovers
|upkeep
|turn|37
|
|t:|1728260298
|switch|p2a: Swampert|Swampert, F|60/100
|switch|p1a: Zapdos|Zapdos|32/100
|
|-weather|Sandstorm|[upkeep]
|-damage|p1a: Zapdos|26/100|[from] Sandstorm
|-heal|p1a: Zapdos|32/100|[from] item: Leftovers
|-heal|p2a: Swampert|66/100|[from] item: Leftovers
|upkeep
|turn|38
|
|t:|1728260309
|switch|p2a: Blissey|Blissey, F|69/100
|move|p1a: Zapdos|Toxic|p2a: Blissey
|-status|p2a: Blissey|tox
|
|-weather|Sandstorm|[upkeep]
|-damage|p1a: Zapdos|26/100|[from] Sandstorm
|-damage|p2a: Blissey|63/100 tox|[from] Sandstorm
|-heal|p1a: Zapdos|32/100|[from] item: Leftovers
|-heal|p2a: Blissey|69/100 tox|[from] item: Leftovers
|-damage|p2a: Blissey|63/100 tox|[from] psn
|upkeep
|turn|39
|
|t:|1728260316
|move|p1a: Zapdos|Baton Pass|p1a: Zapdos
|
|t:|1728260317
|switch|p1a: Tyranitar|Tyranitar, M|48/100 par|[from] Baton Pass
|-damage|p1a: Tyranitar|32/100 par|[from] Spikes
|move|p2a: Blissey|Ice Beam|p1a: Tyranitar
|-damage|p1a: Tyranitar|10/100 par
|
|-weather|Sandstorm|[upkeep]
|-damage|p2a: Blissey|57/100 tox|[from] Sandstorm
|-heal|p2a: Blissey|63/100 tox|[from] item: Leftovers
|-damage|p2a: Blissey|51/100 tox|[from] psn
|-heal|p1a: Tyranitar|16/100 par|[from] item: Leftovers
|upkeep
|turn|40
|
|t:|1728260323
|-singleturn|p1a: Tyranitar|move: Focus Punch
|-curestatus|p2a: Blissey|tox|[from] ability: Natural Cure
|switch|p2a: Swampert|Swampert, F|66/100
|cant|p1a: Tyranitar|par
|
|-weather|Sandstorm|[upkeep]
|-heal|p2a: Swampert|72/100|[from] item: Leftovers
|-heal|p1a: Tyranitar|22/100 par|[from] item: Leftovers
|upkeep
|turn|41
|c|☆Pak|yep
|c|☆Pak|ggs
|-message|Pak forfeited.
|
|win|GreenCity
|player|p1|
|c|☆GreenCity|gg

</script>
<script type="application/json" class="data" id="replaydata-smogtours-gen3ou-796085">
{"id":"smogtours-gen3ou-796085","format":"[Gen 3] OU","players":["Pak","GreenCity"],"uploadtime":1728260332,"views":202,"formatid":"gen3ou","rating":null,"private":0,"password":null}
</script>

<script defer src="js/replays.js?9d40a366"></script>
