<!DOCTYPE html>
<meta charset="utf-8" />
<meta name="viewport" content="width=device-width" />

<title>[Gen 3] OU: Just_Leonardo vs. Johnathan Gamer - Replays - Pok&eacute;mon Showdown!</title>

<meta name="description" content="Watch a replay of a Pok&eacute;mon battle between Just_Leonardo and Johnathan Gamer! Format: [Gen 3] OU; Date: Oct 12, 2024" />
<!--

Hey, you! Looking in the source for the replay log?

You can find them in JSON format, just add `.json` at the end of a replay URL.

https://replay.pokemonshowdown.com/gen7randomdoublesbattle-865046831.json

Or, if you only need the log itself, add `.log` instead:

https://replay.pokemonshowdown.com/gen7randomdoublesbattle-865046831.log

-->

<link rel="stylesheet" href="//pokemonshowdown.com/style/global.css?0.767286132409787" />
<link rel="stylesheet" href="//play.pokemonshowdown.com/style/font-awesome.css?0.9266228007934947" />
<link rel="stylesheet" href="//play.pokemonshowdown.com/style/battle.css?0.7924700842790926" />
<link rel="stylesheet" href="//play.pokemonshowdown.com/style/utilichart.css?0.8777417872839479" />

<!-- Global site tag (gtag.js) - Google Analytics -->
<script async src="https://www.googletagmanager.com/gtag/js?id=UA-26211653-1"></script>
<script>
  window.dataLayer = window.dataLayer || [];
  function gtag(){dataLayer.push(arguments);}
  gtag('js', new Date());

  gtag('config', 'UA-26211653-1');
</script>
<!-- End Google Analytics -->
<!-- Venatus Ad Manager - Install in <HEAD> of page -->
	<script src="https://hb.vntsm.com/v3/live/ad-manager.min.js" type="text/javascript" data-site-id="642aba63ec9a7b11c3c9c1be" data-mode="scan" async></script>
<!-- / Venatus Ad Manager -->

<style>
	@media (max-width:820px) {
		.battle {
			margin: 0 auto;
		}
		.battle-log {
			margin: 7px auto 0;
			max-width: 640px;
			height: 300px;
			position: static;
		}
	}
	.optgroup {
		display: inline-block;
		line-height: 22px;
		font-size: 10pt;
	}
	.optgroup .button {
		height: 25px;
		padding-top: 0;
		padding-bottom: 0;
	}
	.optgroup button.button {
		padding-left: 12px;
		padding-right: 12px;
	}
	.linklist {
		list-style: none;
		margin: 0.5em 0;
		padding: 0;
	}
	.linklist li {
		padding: 2px 0;
	}
	.sidebar {
		float: left;
		width: 320px;
	}
	.bar-wrapper {
		max-width: 1100px;
		margin: 0 auto;
	}
	.bar-wrapper.has-sidebar {
		max-width: 1430px;
	}
	.mainbar {
		margin: 0;
		padding-right: 1px;
	}
	.mainbar.has-sidebar {
		margin-left: 330px;
	}
	@media (min-width: 1511px) {
		.sidebar {
			width: 400px;
		}
		.bar-wrapper.has-sidebar {
			max-width: 1510px;
		}
		.mainbar.has-sidebar {
			margin-left: 410px;
		}
	}
	.section.first-section {
		margin-top: 9px;
	}
	.blocklink small {
		white-space: normal;
	}
	.button {
		vertical-align: middle;
	}
	.replay-controls {
		padding-top: 10px;
	}
	.replay-controls h1 {
		font-size: 16pt;
		font-weight: normal;
		color: #CCC;
	}
	.pagelink {
		text-align: center;
	}
	.pagelink a {
		width: 150px;
	}
	.textbox, .button {
		font-size: 11pt;
		vertical-align: middle;
	}
	@media (max-width: 450px) {
		.button {
			font-size: 9pt;
		}
	}
</style>

<div>

	<header>
		<div class="nav-wrapper"><ul class="nav">
			<li><a class="button nav-first" href="//pokemonshowdown.com/"><img src="//pokemonshowdown.com/images/pokemonshowdownbeta.png" srcset="//pokemonshowdown.com/images/pokemonshowdownbeta.png 1x, //pokemonshowdown.com/images/pokemonshowdownbeta@2x.png 2x" alt="Pok&eacute;mon Showdown" width="146" height="44" /> Home</a></li>
			<li><a class="button" href="//pokemonshowdown.com/dex/">Pok&eacute;dex</a></li>
			<li><a class="button cur" href="/">Replays</a></li>
			<li><a class="button" href="//pokemonshowdown.com/ladder/">Ladder</a></li>
			<li><a class="button nav-last" href="//pokemonshowdown.com/forums/">Forum</a></li>
			<li><a class="button greenbutton nav-first nav-last" href="//play.pokemonshowdown.com/">Play</a></li>
		</ul></div>
	</header>

	<div class="main" id="main">

		<noscript><section class="section">You need to enable JavaScript to use this page; sorry!</section></noscript>

	</div>

</div>

<script defer nomodule src="//play.pokemonshowdown.com/js/lib/ps-polyfill.js"></script>
<script defer src="//play.pokemonshowdown.com/js/lib/preact.min.js"></script>

<script defer src="//play.pokemonshowdown.com/config/config.js?6dec07f6"></script>
<script defer src="//play.pokemonshowdown.com/js/lib/jquery-1.11.0.min.js"></script>
<script defer src="//play.pokemonshowdown.com/js/lib/html-sanitizer-minified.js"></script>
<script defer src="//play.pokemonshowdown.com/js/battle-sound.js"></script>
<script defer src="//play.pokemonshowdown.com/js/battledata.js?0.6315294753075389"></script>
<script defer src="//play.pokemonshowdown.com/data/pokedex-mini.js?0.7603743185311358"></script>
<script defer src="//play.pokemonshowdown.com/data/pokedex-mini-bw.js?0.030888842834281283"></script>
<script defer src="//play.pokemonshowdown.com/data/graphics.js?0.05593094747507488"></script>
<script defer src="//play.pokemonshowdown.com/data/pokedex.js?0.47064822249611904"></script>
<script defer src="//play.pokemonshowdown.com/data/moves.js?0.8583693120512459"></script>
<script defer src="//play.pokemonshowdown.com/data/abilities.js?0.16017181182386842"></script>
<script defer src="//play.pokemonshowdown.com/data/items.js?0.4163379185673943"></script>
<script defer src="//play.pokemonshowdown.com/data/teambuilder-tables.js?0.31075597372830477"></script>
<script defer src="//play.pokemonshowdown.com/js/battle-tooltips.js?0.6536193500708172"></script>
<script defer src="//play.pokemonshowdown.com/js/battle.js?0.1916591943277901"></script>

<script defer src="js/utils.js?e31f9a17"></script>
<script defer src="js/replays-battle.js?7008c182"></script>

<!-- don't scrape this data! just add .json or .log after the URL!
Full API docs: https://github.com/smogon/pokemon-showdown-client/blob/master/WEB-API.md -->
<script type="text/plain" class="log" id="replaylog-smogtours-gen3ou-797401">
|inactive|Battle timer is ON: inactive players will automatically lose when time's up.
|t:|1728736753
|gametype|singles
|player|p1|Just_Leonardo|hiker-gen4|
|player|p2|Johnathan Gamer|fisherman-gen4|
|teamsize|p1|6
|teamsize|p2|6
|gen|3
|tier|[Gen 3] OU
|rule|Sleep Clause Mod: Limit one foe put to sleep
|rule|Switch Priority Clause Mod: Faster Pokémon switch first
|rule|Species Clause: Limit one of each Pokémon
|rule|OHKO Clause: OHKO moves are banned
|rule|Evasion Items Clause: Evasion items are banned
|rule|Evasion Moves Clause: Evasion moves are banned
|rule|Endless Battle Clause: Forcing endless battles is banned
|rule|HP Percentage Mod: HP is shown in percentages
|rule|One Boost Passer Clause: Limit one Baton Passer that has a way to boost its stats
|rule|Freeze Clause Mod: Limit one foe frozen
|
|t:|1728736753
|start
|switch|p1a: Terry|Tyranitar, M|100/100
|switch|p2a: Jolteon|Jolteon, M|100/100
|-weather|Sandstorm|[from] ability: Sand Stream|[of] p1a: Terry
|turn|1
|
|t:|1728736761
|move|p2a: Jolteon|Substitute|p2a: Jolteon
|-start|p2a: Jolteon|Substitute
|-damage|p2a: Jolteon|75/100
|move|p1a: Terry|Crunch|p2a: Jolteon
|-end|p2a: Jolteon|Substitute
|
|-weather|Sandstorm|[upkeep]
|-damage|p2a: Jolteon|69/100|[from] Sandstorm
|-heal|p2a: Jolteon|75/100|[from] item: Leftovers
|upkeep
|turn|2
|
|t:|1728736780
|move|p2a: Jolteon|Baton Pass|p2a: Jolteon
|
|t:|1728736781
|switch|p2a: Milotic|Milotic, M|100/100|[from] Baton Pass
|move|p1a: Terry|Crunch|p2a: Milotic
|-damage|p2a: Milotic|74/100
|-unboost|p2a: Milotic|spd|1
|
|-weather|Sandstorm|[upkeep]
|-damage|p2a: Milotic|68/100|[from] Sandstorm
|-heal|p2a: Milotic|74/100|[from] item: Leftovers
|upkeep
|turn|3
|
|t:|1728736792
|move|p2a: Milotic|Toxic|p1a: Terry
|-status|p1a: Terry|tox
|move|p1a: Terry|Crunch|p2a: Milotic
|-damage|p2a: Milotic|36/100
|
|-weather|Sandstorm|[upkeep]
|-damage|p2a: Milotic|30/100|[from] Sandstorm
|-heal|p2a: Milotic|36/100|[from] item: Leftovers
|-damage|p1a: Terry|94/100 tox|[from] psn
|upkeep
|turn|4
|
|t:|1728736797
|move|p2a: Milotic|Recover|p2a: Milotic
|-heal|p2a: Milotic|86/100
|move|p1a: Terry|Crunch|p2a: Milotic
|-damage|p2a: Milotic|47/100
|-unboost|p2a: Milotic|spd|1
|
|-weather|Sandstorm|[upkeep]
|-damage|p2a: Milotic|41/100|[from] Sandstorm
|-heal|p2a: Milotic|47/100|[from] item: Leftovers
|-heal|p1a: Terry|100/100 tox|[from] item: Leftovers
|-damage|p1a: Terry|88/100 tox|[from] psn
|upkeep
|turn|5
|
|t:|1728736819
|switch|p2a: Magneton|Magneton|100/100
|move|p1a: Terry|Crunch|p2a: Magneton
|-resisted|p2a: Magneton
|-damage|p2a: Magneton|68/100
|-unboost|p2a: Magneton|spd|1
|
|-weather|Sandstorm|[upkeep]
|-heal|p2a: Magneton|74/100|[from] item: Leftovers
|-heal|p1a: Terry|94/100 tox|[from] item: Leftovers
|-damage|p1a: Terry|76/100 tox|[from] psn
|upkeep
|turn|6
|
|t:|1728736826
|switch|p1a: Joy|Blissey, F|100/100
|move|p2a: Magneton|Protect||[still]
|-fail|p2a: Magneton
|
|-weather|Sandstorm|[upkeep]
|-damage|p1a: Joy|94/100|[from] Sandstorm
|-heal|p2a: Magneton|80/100|[from] item: Leftovers
|-heal|p1a: Joy|100/100|[from] item: Leftovers
|upkeep
|turn|7
|
|t:|1728736836
|move|p2a: Magneton|Thunder Wave|p1a: Joy
|-status|p1a: Joy|par
|move|p1a: Joy|Calm Mind|p1a: Joy
|-boost|p1a: Joy|spa|1
|-boost|p1a: Joy|spd|1
|
|-weather|Sandstorm|[upkeep]
|-damage|p1a: Joy|94/100 par|[from] Sandstorm
|-heal|p2a: Magneton|87/100|[from] item: Leftovers
|-heal|p1a: Joy|100/100 par|[from] item: Leftovers
|upkeep
|turn|8
|
|t:|1728736842
|switch|p2a: Jolteon|Jolteon, M|75/100
|move|p1a: Joy|Ice Beam|p2a: Jolteon
|-damage|p2a: Jolteon|30/100
|-status|p2a: Jolteon|frz
|
|-weather|Sandstorm|[upkeep]
|-damage|p2a: Jolteon|24/100 frz|[from] Sandstorm
|-damage|p1a: Joy|94/100 par|[from] Sandstorm
|-heal|p2a: Jolteon|30/100 frz|[from] item: Leftovers
|-heal|p1a: Joy|100/100 par|[from] item: Leftovers
|upkeep
|turn|9
|c|☆Just_Leonardo|mb
|
|t:|1728736853
|switch|p2a: Metagross|Metagross|100/100
|move|p1a: Joy|Calm Mind|p1a: Joy
|-boost|p1a: Joy|spa|1
|-boost|p1a: Joy|spd|1
|
|-weather|Sandstorm|[upkeep]
|-damage|p1a: Joy|94/100 par|[from] Sandstorm
|-heal|p1a: Joy|100/100 par|[from] item: Leftovers
|upkeep
|turn|10
|c|☆Johnathan Gamer|lmfao this game is like divine retribution or something
|
|t:|1728736865
|-curestatus|p1a: Joy|par|[from] ability: Natural Cure
|switch|p1a: Axol|Swampert, M|100/100
|move|p2a: Metagross|Meteor Mash|p1a: Axol
|-resisted|p1a: Axol
|-damage|p1a: Axol|82/100
|
|-weather|Sandstorm|[upkeep]
|-heal|p1a: Axol|88/100|[from] item: Leftovers
|upkeep
|turn|11
|
|t:|1728736881
|switch|p2a: Celebi|Celebi|100/100
|switch|p1a: Giovanna|Forretress, F, shiny|100/100
|
|-weather|Sandstorm|[upkeep]
|-damage|p2a: Celebi|94/100|[from] Sandstorm
|-heal|p2a: Celebi|100/100|[from] item: Leftovers
|upkeep
|turn|12
|
|t:|1728736902
|move|p2a: Celebi|Hidden Power|p1a: Giovanna
|-supereffective|p1a: Giovanna
|-damage|p1a: Giovanna|36/100
|move|p1a: Giovanna|Spikes|p2a: Celebi
|-sidestart|p2: Johnathan Gamer|Spikes
|
|-weather|Sandstorm|[upkeep]
|-damage|p2a: Celebi|94/100|[from] Sandstorm
|-heal|p2a: Celebi|100/100|[from] item: Leftovers
|-heal|p1a: Giovanna|42/100|[from] item: Leftovers
|upkeep
|turn|13
|
|t:|1728736922
|switch|p1a: Drake|Salamence, M|100/100
|-ability|p1a: Drake|Intimidate|boost
|-unboost|p2a: Celebi|atk|1
|move|p2a: Celebi|Hidden Power|p1a: Drake
|-resisted|p1a: Drake
|-damage|p1a: Drake|90/100
|
|-weather|Sandstorm|[upkeep]
|-damage|p1a: Drake|84/100|[from] Sandstorm
|-damage|p2a: Celebi|94/100|[from] Sandstorm
|-heal|p1a: Drake|90/100|[from] item: Leftovers
|-heal|p2a: Celebi|100/100|[from] item: Leftovers
|upkeep
|turn|14
|inactive|Just_Leonardo has 270 seconds left.
|
|t:|1728736955
|move|p1a: Drake|Fire Blast|p2a: Celebi|[miss]
|-miss|p1a: Drake|p2a: Celebi
|move|p2a: Celebi|Calm Mind|p2a: Celebi
|-boost|p2a: Celebi|spa|1
|-boost|p2a: Celebi|spd|1
|
|-weather|Sandstorm|[upkeep]
|-damage|p1a: Drake|84/100|[from] Sandstorm
|-damage|p2a: Celebi|94/100|[from] Sandstorm
|-heal|p1a: Drake|90/100|[from] item: Leftovers
|-heal|p2a: Celebi|100/100|[from] item: Leftovers
|upkeep
|turn|15
|
|t:|1728736959
|move|p2a: Celebi|Baton Pass|p2a: Celebi
|
|t:|1728736966
|switch|p2a: Magneton|Magneton|87/100|[from] Baton Pass
|-damage|p2a: Magneton|74/100|[from] Spikes
|move|p1a: Drake|Roar|p2a: Magneton
|drag|p2a: Celebi|Celebi|100/100
|-damage|p2a: Celebi|88/100|[from] Spikes
|
|-weather|Sandstorm|[upkeep]
|-damage|p1a: Drake|84/100|[from] Sandstorm
|-damage|p2a: Celebi|82/100|[from] Sandstorm
|-heal|p1a: Drake|90/100|[from] item: Leftovers
|-heal|p2a: Celebi|88/100|[from] item: Leftovers
|upkeep
|turn|16
|
|t:|1728736974
|switch|p2a: Jolteon|Jolteon, M|30/100 frz
|-damage|p2a: Jolteon|18/100 frz|[from] Spikes
|move|p1a: Drake|Fire Blast|p2a: Jolteon
|-damage|p2a: Jolteon|0 fnt
|faint|p2a: Jolteon
|
|t:|1728736982
|switch|p2a: Metagross|Metagross|100/100
|-damage|p2a: Metagross|88/100|[from] Spikes
|
|-weather|Sandstorm|[upkeep]
|-damage|p1a: Drake|84/100|[from] Sandstorm
|-heal|p1a: Drake|90/100|[from] item: Leftovers
|upkeep
|turn|17
|inactive|Just_Leonardo has 270 seconds left.
|inactive|Just_Leonardo has 240 seconds left.
|
|t:|1728737039
|move|p1a: Drake|Fire Blast|p2a: Metagross
|-supereffective|p2a: Metagross
|-damage|p2a: Metagross|3/100
|-status|p2a: Metagross|brn
|-enditem|p2a: Metagross|Lum Berry|[eat]
|-curestatus|p2a: Metagross|brn|[msg]
|move|p2a: Metagross|Agility|p2a: Metagross
|-boost|p2a: Metagross|spe|2
|
|-weather|Sandstorm|[upkeep]
|-damage|p1a: Drake|84/100|[from] Sandstorm
|-heal|p1a: Drake|90/100|[from] item: Leftovers
|upkeep
|turn|18
|inactive|Just_Leonardo has 240 seconds left.
|
|t:|1728737053
|switch|p1a: Axol|Swampert, M|88/100
|move|p2a: Metagross|Rock Slide|p1a: Axol
|-resisted|p1a: Axol
|-damage|p1a: Axol|77/100
|
|-weather|Sandstorm|[upkeep]
|-heal|p1a: Axol|84/100|[from] item: Leftovers
|upkeep
|turn|19
|c|☆Johnathan Gamer|wow the burn too, insane rng seed lmfao
|inactive|Just_Leonardo has 240 seconds left.
|c|☆Just_Leonardo|That one didn't matter tho I will say that
|
|t:|1728737078
|move|p2a: Metagross|Earthquake|p1a: Axol
|-damage|p1a: Axol|55/100
|move|p1a: Axol|Surf|p2a: Metagross
|-damage|p2a: Metagross|0 fnt
|faint|p2a: Metagross
|c|☆Johnathan Gamer|yeah that's true
|c|☆Johnathan Gamer|I'm just saying all these rng elements in one game lol
|
|t:|1728737088
|switch|p2a: Celebi|Celebi|88/100
|-damage|p2a: Celebi|76/100|[from] Spikes
|
|-weather|Sandstorm|[upkeep]
|-damage|p2a: Celebi|70/100|[from] Sandstorm
|-heal|p2a: Celebi|76/100|[from] item: Leftovers
|-heal|p1a: Axol|61/100|[from] item: Leftovers
|upkeep
|turn|20
|c|☆Just_Leonardo|It is weird ahah
|c|☆Johnathan Gamer|pretty sure this game is unwinnable for me, jolt was required
|
|t:|1728737112
|switch|p1a: Drake|Salamence, M|90/100
|-ability|p1a: Drake|Intimidate|boost
|-unboost|p2a: Celebi|atk|1
|move|p2a: Celebi|Calm Mind|p2a: Celebi
|-boost|p2a: Celebi|spa|1
|-boost|p2a: Celebi|spd|1
|
|-weather|Sandstorm|[upkeep]
|-damage|p1a: Drake|84/100|[from] Sandstorm
|-damage|p2a: Celebi|70/100|[from] Sandstorm
|-heal|p1a: Drake|90/100|[from] item: Leftovers
|-heal|p2a: Celebi|76/100|[from] item: Leftovers
|upkeep
|turn|21
|c|☆Just_Leonardo|I can always do something dumb, never count me out on that lol
|
|t:|1728737133
|move|p2a: Celebi|Giga Drain|p1a: Drake
|-resisted|p1a: Drake
|-damage|p1a: Drake|78/100
|-heal|p2a: Celebi|80/100|[from] drain|[of] p1a: Drake
|move|p1a: Drake|Roar|p2a: Celebi
|drag|p2a: Magneton|Magneton|74/100
|-damage|p2a: Magneton|62/100|[from] Spikes
|
|-weather|Sandstorm|[upkeep]
|-damage|p1a: Drake|72/100|[from] Sandstorm
|-heal|p1a: Drake|78/100|[from] item: Leftovers
|-heal|p2a: Magneton|68/100|[from] item: Leftovers
|upkeep
|turn|22
|c|☆Johnathan Gamer|nah I have no way of damaging you properly anymore
|
|t:|1728737148
|move|p1a: Drake|Fire Blast|p2a: Magneton
|-supereffective|p2a: Magneton
|-damage|p2a: Magneton|0 fnt
|faint|p2a: Magneton
|
|t:|1728737151
|switch|p2a: Dugtrio|Dugtrio, F|100/100
|-damage|p2a: Dugtrio|88/100|[from] Spikes
|
|-weather|Sandstorm|[upkeep]
|-damage|p1a: Drake|72/100|[from] Sandstorm
|-heal|p1a: Drake|78/100|[from] item: Leftovers
|upkeep
|turn|23
|
|t:|1728737158
|switch|p1a: Terry|Tyranitar, M|76/100 tox
|move|p2a: Dugtrio|Rock Slide|p1a: Terry
|-damage|p1a: Terry|51/100 tox
|
|-weather|Sandstorm|[upkeep]
|-heal|p1a: Terry|58/100 tox|[from] item: Leftovers
|-damage|p1a: Terry|51/100 tox|[from] psn
|upkeep
|turn|24
|
|t:|1728737164
|-activate|p2a: Dugtrio|move: Pursuit
|move|p1a: Terry|Pursuit|p2a: Dugtrio|[from]Pursuit
|-damage|p2a: Dugtrio|14/100
|switch|p2a: Celebi|Celebi|80/100
|-damage|p2a: Celebi|68/100|[from] Spikes
|
|-weather|Sandstorm|[upkeep]
|-damage|p2a: Celebi|62/100|[from] Sandstorm
|-heal|p2a: Celebi|68/100|[from] item: Leftovers
|-heal|p1a: Terry|58/100 tox|[from] item: Leftovers
|-damage|p1a: Terry|45/100 tox|[from] psn
|upkeep
|turn|25
|c|☆Just_Leonardo|Almost trapped the trapper ahahah
|c|☆Johnathan Gamer|yeah I love pursuit vs dug
|c|☆Johnathan Gamer|underrated
|inactive|Just_Leonardo has 210 seconds left.
|c|☆Just_Leonardo|Is cool
|
|t:|1728737202
|switch|p1a: Drake|Salamence, M|78/100
|-ability|p1a: Drake|Intimidate|boost
|-unboost|p2a: Celebi|atk|1
|move|p2a: Celebi|Giga Drain|p1a: Drake
|-resisted|p1a: Drake
|-damage|p1a: Drake|71/100
|-heal|p2a: Celebi|71/100|[from] drain|[of] p1a: Drake
|
|-weather|Sandstorm|[upkeep]
|-damage|p1a: Drake|65/100|[from] Sandstorm
|-damage|p2a: Celebi|65/100|[from] Sandstorm
|-heal|p1a: Drake|71/100|[from] item: Leftovers
|-heal|p2a: Celebi|71/100|[from] item: Leftovers
|upkeep
|turn|26
|
|t:|1728737206
|move|p1a: Drake|Fire Blast|p2a: Celebi
|-supereffective|p2a: Celebi
|-damage|p2a: Celebi|2/100
|move|p2a: Celebi|Giga Drain|p1a: Drake
|-resisted|p1a: Drake
|-damage|p1a: Drake|64/100
|-heal|p2a: Celebi|5/100|[from] drain|[of] p1a: Drake
|
|-weather|Sandstorm|[upkeep]
|-damage|p1a: Drake|58/100|[from] Sandstorm
|-damage|p2a: Celebi|0 fnt|[from] Sandstorm
|faint|p2a: Celebi
|-heal|p1a: Drake|64/100|[from] item: Leftovers
|upkeep
|
|t:|1728737208
|switch|p2a: Milotic|Milotic, M|47/100
|-damage|p2a: Milotic|35/100|[from] Spikes
|turn|27
|
|t:|1728737227
|switch|p1a: Sky baby|Jirachi|100/100
|move|p2a: Milotic|Recover|p2a: Milotic
|-heal|p2a: Milotic|85/100
|
|-weather|Sandstorm|[upkeep]
|-damage|p2a: Milotic|79/100|[from] Sandstorm
|-heal|p2a: Milotic|85/100|[from] item: Leftovers
|upkeep
|turn|28
|
|t:|1728737231
|move|p1a: Sky baby|Toxic|p2a: Milotic|[miss]
|-miss|p1a: Sky baby|p2a: Milotic
|move|p2a: Milotic|Surf|p1a: Sky baby
|-damage|p1a: Sky baby|74/100
|
|-weather|Sandstorm|[upkeep]
|-damage|p2a: Milotic|79/100|[from] Sandstorm
|-heal|p1a: Sky baby|80/100|[from] item: Leftovers
|-heal|p2a: Milotic|85/100|[from] item: Leftovers
|upkeep
|turn|29
|
|t:|1728737234
|move|p1a: Sky baby|Toxic|p2a: Milotic
|-status|p2a: Milotic|tox
|move|p2a: Milotic|Surf|p1a: Sky baby
|-crit|p1a: Sky baby
|-damage|p1a: Sky baby|19/100
|
|-weather|Sandstorm|[upkeep]
|-damage|p2a: Milotic|79/100 tox|[from] Sandstorm
|-heal|p1a: Sky baby|25/100|[from] item: Leftovers
|-heal|p2a: Milotic|85/100 tox|[from] item: Leftovers
|-damage|p2a: Milotic|79/100 tox|[from] psn
|upkeep
|turn|30
|inactive|Just_Leonardo has 240 seconds left.
|
|t:|1728737242
|move|p1a: Sky baby|Protect|p1a: Sky baby
|-singleturn|p1a: Sky baby|Protect
|move|p2a: Milotic|Surf|p1a: Sky baby
|-activate|p1a: Sky baby|Protect
|
|-weather|Sandstorm|[upkeep]
|-damage|p2a: Milotic|73/100 tox|[from] Sandstorm
|-heal|p1a: Sky baby|31/100|[from] item: Leftovers
|-heal|p2a: Milotic|79/100 tox|[from] item: Leftovers
|-damage|p2a: Milotic|67/100 tox|[from] psn
|upkeep
|turn|31
|
|t:|1728737245
|move|p1a: Sky baby|Wish|p1a: Sky baby
|move|p2a: Milotic|Refresh|p2a: Milotic
|-curestatus|p2a: Milotic|tox|[msg]
|
|-weather|Sandstorm|[upkeep]
|-damage|p2a: Milotic|61/100|[from] Sandstorm
|-heal|p1a: Sky baby|37/100|[from] item: Leftovers
|-heal|p2a: Milotic|67/100|[from] item: Leftovers
|upkeep
|turn|32
|
|t:|1728737250
|move|p1a: Sky baby|Toxic|p2a: Milotic
|-status|p2a: Milotic|tox
|move|p2a: Milotic|Recover|p2a: Milotic
|-heal|p2a: Milotic|100/100 tox
|
|-heal|p1a: Sky baby|87/100|[from] move: Wish|[wisher] Sky baby
|-weather|Sandstorm|[upkeep]
|-damage|p2a: Milotic|94/100 tox|[from] Sandstorm
|-heal|p1a: Sky baby|94/100|[from] item: Leftovers
|-heal|p2a: Milotic|100/100 tox|[from] item: Leftovers
|-damage|p2a: Milotic|94/100 tox|[from] psn
|upkeep
|turn|33
|
|t:|1728737257
|move|p1a: Sky baby|Wish|p1a: Sky baby
|move|p2a: Milotic|Surf|p1a: Sky baby
|-damage|p1a: Sky baby|65/100
|
|-weather|Sandstorm|[upkeep]
|-damage|p2a: Milotic|88/100 tox|[from] Sandstorm
|-heal|p1a: Sky baby|71/100|[from] item: Leftovers
|-heal|p2a: Milotic|94/100 tox|[from] item: Leftovers
|-damage|p2a: Milotic|82/100 tox|[from] psn
|upkeep
|turn|34
|inactive|Just_Leonardo has 270 seconds left.
|
|t:|1728737267
|switch|p1a: Giovanna|Forretress, F, shiny|42/100
|move|p2a: Milotic|Surf|p1a: Giovanna
|-damage|p1a: Giovanna|8/100
|
|-heal|p1a: Giovanna|58/100|[from] move: Wish|[wisher] Sky baby
|-weather|Sandstorm|[upkeep]
|-damage|p2a: Milotic|76/100 tox|[from] Sandstorm
|-heal|p2a: Milotic|82/100 tox|[from] item: Leftovers
|-damage|p2a: Milotic|64/100 tox|[from] psn
|-heal|p1a: Giovanna|65/100|[from] item: Leftovers
|upkeep
|turn|35
|
|t:|1728737270
|move|p2a: Milotic|Surf|p1a: Giovanna
|-damage|p1a: Giovanna|35/100
|move|p1a: Giovanna|Spikes|p2a: Milotic
|-sidestart|p2: Johnathan Gamer|Spikes
|
|-weather|Sandstorm|[upkeep]
|-damage|p2a: Milotic|58/100 tox|[from] Sandstorm
|-heal|p2a: Milotic|64/100 tox|[from] item: Leftovers
|-damage|p2a: Milotic|40/100 tox|[from] psn
|-heal|p1a: Giovanna|41/100|[from] item: Leftovers
|upkeep
|turn|36
|
|t:|1728737281
|switch|p1a: Joy|Blissey, F|100/100
|move|p2a: Milotic|Refresh|p2a: Milotic
|-curestatus|p2a: Milotic|tox|[msg]
|
|-weather|Sandstorm|[upkeep]
|-damage|p2a: Milotic|33/100|[from] Sandstorm
|-damage|p1a: Joy|94/100|[from] Sandstorm
|-heal|p2a: Milotic|40/100|[from] item: Leftovers
|-heal|p1a: Joy|100/100|[from] item: Leftovers
|upkeep
|turn|37
|
|t:|1728737284
|move|p2a: Milotic|Recover|p2a: Milotic
|-heal|p2a: Milotic|90/100
|move|p1a: Joy|Calm Mind|p1a: Joy
|-boost|p1a: Joy|spa|1
|-boost|p1a: Joy|spd|1
|
|-weather|Sandstorm|[upkeep]
|-damage|p2a: Milotic|83/100|[from] Sandstorm
|-damage|p1a: Joy|94/100|[from] Sandstorm
|-heal|p2a: Milotic|90/100|[from] item: Leftovers
|-heal|p1a: Joy|100/100|[from] item: Leftovers
|upkeep
|turn|38
|
|t:|1728737286
|move|p2a: Milotic|Toxic|p1a: Joy
|-status|p1a: Joy|tox
|move|p1a: Joy|Thunderbolt|p2a: Milotic
|-supereffective|p2a: Milotic
|-damage|p2a: Milotic|34/100
|
|-weather|Sandstorm|[upkeep]
|-damage|p2a: Milotic|28/100|[from] Sandstorm
|-damage|p1a: Joy|94/100 tox|[from] Sandstorm
|-heal|p2a: Milotic|34/100|[from] item: Leftovers
|-heal|p1a: Joy|100/100 tox|[from] item: Leftovers
|-damage|p1a: Joy|94/100 tox|[from] psn
|upkeep
|turn|39
|
|t:|1728737295
|move|p2a: Milotic|Recover|p2a: Milotic
|-heal|p2a: Milotic|84/100
|move|p1a: Joy|Calm Mind|p1a: Joy
|-boost|p1a: Joy|spa|1
|-boost|p1a: Joy|spd|1
|
|-weather|Sandstorm|[upkeep]
|-damage|p2a: Milotic|78/100|[from] Sandstorm
|-damage|p1a: Joy|88/100 tox|[from] Sandstorm
|-heal|p2a: Milotic|84/100|[from] item: Leftovers
|-heal|p1a: Joy|94/100 tox|[from] item: Leftovers
|-damage|p1a: Joy|82/100 tox|[from] psn
|upkeep
|turn|40
|
|t:|1728737297
|switch|p2a: Dugtrio|Dugtrio, F|14/100
|-damage|p2a: Dugtrio|0 fnt|[from] Spikes
|faint|p2a: Dugtrio
|
|t:|1728737299
|switch|p2a: Milotic|Milotic, M|84/100
|-damage|p2a: Milotic|67/100|[from] Spikes
|
|-weather|Sandstorm|[upkeep]
|-damage|p2a: Milotic|61/100|[from] Sandstorm
|-damage|p1a: Joy|76/100 tox|[from] Sandstorm
|-heal|p2a: Milotic|67/100|[from] item: Leftovers
|-heal|p1a: Joy|82/100 tox|[from] item: Leftovers
|-damage|p1a: Joy|64/100 tox|[from] psn
|upkeep
|turn|41
|
|t:|1728737305
|-curestatus|p1a: Joy|tox|[from] ability: Natural Cure
|switch|p1a: Sky baby|Jirachi|71/100
|move|p2a: Milotic|Recover|p2a: Milotic
|-heal|p2a: Milotic|100/100
|
|-weather|Sandstorm|[upkeep]
|-damage|p2a: Milotic|94/100|[from] Sandstorm
|-heal|p1a: Sky baby|78/100|[from] item: Leftovers
|-heal|p2a: Milotic|100/100|[from] item: Leftovers
|upkeep
|turn|42
|
|t:|1728737307
|move|p1a: Sky baby|Wish|p1a: Sky baby
|move|p2a: Milotic|Surf|p1a: Sky baby
|-damage|p1a: Sky baby|52/100
|
|-weather|Sandstorm|[upkeep]
|-damage|p2a: Milotic|94/100|[from] Sandstorm
|-heal|p1a: Sky baby|58/100|[from] item: Leftovers
|-heal|p2a: Milotic|100/100|[from] item: Leftovers
|upkeep
|turn|43
|
|t:|1728737310
|move|p1a: Sky baby|Protect|p1a: Sky baby
|-singleturn|p1a: Sky baby|Protect
|move|p2a: Milotic|Surf|p1a: Sky baby
|-activate|p1a: Sky baby|Protect
|
|-heal|p1a: Sky baby|100/100|[from] move: Wish|[wisher] Sky baby
|-weather|Sandstorm|[upkeep]
|-damage|p2a: Milotic|94/100|[from] Sandstorm
|-heal|p2a: Milotic|100/100|[from] item: Leftovers
|upkeep
|turn|44
|
|t:|1728737313
|switch|p1a: Joy|Blissey, F|64/100
|move|p2a: Milotic|Surf|p1a: Joy
|-damage|p1a: Joy|50/100
|
|-weather|Sandstorm|[upkeep]
|-damage|p2a: Milotic|94/100|[from] Sandstorm
|-damage|p1a: Joy|44/100|[from] Sandstorm
|-heal|p2a: Milotic|100/100|[from] item: Leftovers
|-heal|p1a: Joy|50/100|[from] item: Leftovers
|upkeep
|turn|45
|
|t:|1728737315
|move|p2a: Milotic|Toxic|p1a: Joy
|-status|p1a: Joy|tox
|move|p1a: Joy|Soft-Boiled|p1a: Joy
|-heal|p1a: Joy|99/100 tox
|
|-weather|Sandstorm|[upkeep]
|-damage|p2a: Milotic|94/100|[from] Sandstorm
|-damage|p1a: Joy|93/100 tox|[from] Sandstorm
|-heal|p2a: Milotic|100/100|[from] item: Leftovers
|-heal|p1a: Joy|99/100 tox|[from] item: Leftovers
|-damage|p1a: Joy|93/100 tox|[from] psn
|upkeep
|turn|46
|
|t:|1728737323
|-curestatus|p1a: Joy|tox|[from] ability: Natural Cure
|switch|p1a: Sky baby|Jirachi|100/100
|move|p2a: Milotic|Surf|p1a: Sky baby
|-damage|p1a: Sky baby|75/100
|
|-weather|Sandstorm|[upkeep]
|-damage|p2a: Milotic|94/100|[from] Sandstorm
|-heal|p1a: Sky baby|81/100|[from] item: Leftovers
|-heal|p2a: Milotic|100/100|[from] item: Leftovers
|upkeep
|turn|47
|c|☆Just_Leonardo|Might take a bit
|c|☆Johnathan Gamer|nah there's no point, this is unwinnable
|-message|Johnathan Gamer forfeited.
|
|win|Just_Leonardo
|c|☆Just_Leonardo|gg
|c|☆Johnathan Gamer|ggs
|c|☆Johnathan Gamer|I'm gonna look back at that rng later lmfao
|c|☆Johnathan Gamer|was insane
|player|p2|

</script>
<script type="application/json" class="data" id="replaydata-smogtours-gen3ou-797401">
{"id":"smogtours-gen3ou-797401","format":"[Gen 3] OU","players":["Just_Leonardo","Johnathan Gamer"],"uploadtime":1728737347,"views":123,"formatid":"gen3ou","rating":null,"private":0,"password":null}
</script>

<script defer src="js/replays.js?9d40a366"></script>
