<!DOCTYPE html>
<meta charset="utf-8" />
<meta name="viewport" content="width=device-width" />

<title>[Gen 3] OU: CostcoCustomer vs. Dhrabb - Replays - Pok&eacute;mon Showdown!</title>

<meta name="description" content="Watch a replay of a Pok&eacute;mon battle between CostcoCustomer and Dhrabb! Format: [Gen 3] OU; Date: Oct 5, 2024" />
<!--

Hey, you! Looking in the source for the replay log?

You can find them in JSON format, just add `.json` at the end of a replay URL.

https://replay.pokemonshowdown.com/gen7randomdoublesbattle-865046831.json

Or, if you only need the log itself, add `.log` instead:

https://replay.pokemonshowdown.com/gen7randomdoublesbattle-865046831.log

-->

<link rel="stylesheet" href="//pokemonshowdown.com/style/global.css?0.023195364461161105" />
<link rel="stylesheet" href="//play.pokemonshowdown.com/style/font-awesome.css?0.13261647063804238" />
<link rel="stylesheet" href="//play.pokemonshowdown.com/style/battle.css?0.8753245789963631" />
<link rel="stylesheet" href="//play.pokemonshowdown.com/style/utilichart.css?0.8627959624976733" />

<!-- Global site tag (gtag.js) - Google Analytics -->
<script async src="https://www.googletagmanager.com/gtag/js?id=UA-26211653-1"></script>
<script>
  window.dataLayer = window.dataLayer || [];
  function gtag(){dataLayer.push(arguments);}
  gtag('js', new Date());

  gtag('config', 'UA-26211653-1');
</script>
<!-- End Google Analytics -->
<!-- Venatus Ad Manager - Install in <HEAD> of page -->
	<script src="https://hb.vntsm.com/v3/live/ad-manager.min.js" type="text/javascript" data-site-id="642aba63ec9a7b11c3c9c1be" data-mode="scan" async></script>
<!-- / Venatus Ad Manager -->

<style>
	@media (max-width:820px) {
		.battle {
			margin: 0 auto;
		}
		.battle-log {
			margin: 7px auto 0;
			max-width: 640px;
			height: 300px;
			position: static;
		}
	}
	.optgroup {
		display: inline-block;
		line-height: 22px;
		font-size: 10pt;
	}
	.optgroup .button {
		height: 25px;
		padding-top: 0;
		padding-bottom: 0;
	}
	.optgroup button.button {
		padding-left: 12px;
		padding-right: 12px;
	}
	.linklist {
		list-style: none;
		margin: 0.5em 0;
		padding: 0;
	}
	.linklist li {
		padding: 2px 0;
	}
	.sidebar {
		float: left;
		width: 320px;
	}
	.bar-wrapper {
		max-width: 1100px;
		margin: 0 auto;
	}
	.bar-wrapper.has-sidebar {
		max-width: 1430px;
	}
	.mainbar {
		margin: 0;
		padding-right: 1px;
	}
	.mainbar.has-sidebar {
		margin-left: 330px;
	}
	@media (min-width: 1511px) {
		.sidebar {
			width: 400px;
		}
		.bar-wrapper.has-sidebar {
			max-width: 1510px;
		}
		.mainbar.has-sidebar {
			margin-left: 410px;
		}
	}
	.section.first-section {
		margin-top: 9px;
	}
	.blocklink small {
		white-space: normal;
	}
	.button {
		vertical-align: middle;
	}
	.replay-controls {
		padding-top: 10px;
	}
	.replay-controls h1 {
		font-size: 16pt;
		font-weight: normal;
		color: #CCC;
	}
	.pagelink {
		text-align: center;
	}
	.pagelink a {
		width: 150px;
	}
	.textbox, .button {
		font-size: 11pt;
		vertical-align: middle;
	}
	@media (max-width: 450px) {
		.button {
			font-size: 9pt;
		}
	}
</style>

<div>

	<header>
		<div class="nav-wrapper"><ul class="nav">
			<li><a class="button nav-first" href="//pokemonshowdown.com/"><img src="//pokemonshowdown.com/images/pokemonshowdownbeta.png" srcset="//pokemonshowdown.com/images/pokemonshowdownbeta.png 1x, //pokemonshowdown.com/images/pokemonshowdownbeta@2x.png 2x" alt="Pok&eacute;mon Showdown" width="146" height="44" /> Home</a></li>
			<li><a class="button" href="//pokemonshowdown.com/dex/">Pok&eacute;dex</a></li>
			<li><a class="button cur" href="/">Replays</a></li>
			<li><a class="button" href="//pokemonshowdown.com/ladder/">Ladder</a></li>
			<li><a class="button nav-last" href="//pokemonshowdown.com/forums/">Forum</a></li>
			<li><a class="button greenbutton nav-first nav-last" href="//play.pokemonshowdown.com/">Play</a></li>
		</ul></div>
	</header>

	<div class="main" id="main">

		<noscript><section class="section">You need to enable JavaScript to use this page; sorry!</section></noscript>

	</div>

</div>

<script defer nomodule src="//play.pokemonshowdown.com/js/lib/ps-polyfill.js"></script>
<script defer src="//play.pokemonshowdown.com/js/lib/preact.min.js"></script>

<script defer src="//play.pokemonshowdown.com/config/config.js?2bddbc15"></script>
<script defer src="//play.pokemonshowdown.com/js/lib/jquery-1.11.0.min.js"></script>
<script defer src="//play.pokemonshowdown.com/js/lib/html-sanitizer-minified.js"></script>
<script defer src="//play.pokemonshowdown.com/js/battle-sound.js"></script>
<script defer src="//play.pokemonshowdown.com/js/battledata.js?0.7209276989879541"></script>
<script defer src="//play.pokemonshowdown.com/data/pokedex-mini.js?0.6111056340867951"></script>
<script defer src="//play.pokemonshowdown.com/data/pokedex-mini-bw.js?0.3532142036491459"></script>
<script defer src="//play.pokemonshowdown.com/data/graphics.js?0.24223875632456182"></script>
<script defer src="//play.pokemonshowdown.com/data/pokedex.js?0.38839984266356864"></script>
<script defer src="//play.pokemonshowdown.com/data/moves.js?0.21866028504024015"></script>
<script defer src="//play.pokemonshowdown.com/data/abilities.js?0.2005157953846628"></script>
<script defer src="//play.pokemonshowdown.com/data/items.js?0.9894211263848525"></script>
<script defer src="//play.pokemonshowdown.com/data/teambuilder-tables.js?0.6008791140282215"></script>
<script defer src="//play.pokemonshowdown.com/js/battle-tooltips.js?0.7580118955022959"></script>
<script defer src="//play.pokemonshowdown.com/js/battle.js?0.6057722274234274"></script>

<script defer src="js/utils.js?e31f9a17"></script>
<script defer src="js/replays-battle.js?7008c182"></script>

<!-- don't scrape this data! just add .json or .log after the URL!
Full API docs: https://github.com/smogon/pokemon-showdown-client/blob/master/WEB-API.md -->
<script type="text/plain" class="log" id="replaylog-smogtours-gen3ou-794991">
|inactive|Battle timer is ON: inactive players will automatically lose when time's up.
|t:|1728144366
|gametype|singles
|player|p1|CostcoCustomer|mina|
|player|p2|Dhrabb|#wcop2024bangladesh|
|teamsize|p1|6
|teamsize|p2|6
|gen|3
|tier|[Gen 3] OU
|rule|Sleep Clause Mod: Limit one foe put to sleep
|rule|Switch Priority Clause Mod: Faster Pokémon switch first
|rule|Species Clause: Limit one of each Pokémon
|rule|OHKO Clause: OHKO moves are banned
|rule|Evasion Items Clause: Evasion items are banned
|rule|Evasion Moves Clause: Evasion moves are banned
|rule|Endless Battle Clause: Forcing endless battles is banned
|rule|HP Percentage Mod: HP is shown in percentages
|rule|One Boost Passer Clause: Limit one Baton Passer that has a way to boost its stats
|rule|Freeze Clause Mod: Limit one foe frozen
|
|t:|1728144366
|start
|switch|p1a: Tyranitar|Tyranitar, F, shiny|100/100
|switch|p2a: Jolteon|Jolteon, M|100/100
|-weather|Sandstorm|[from] ability: Sand Stream|[of] p1a: Tyranitar
|turn|1
|inactive|CostcoCustomer has 270 seconds left.
|
|t:|1728144409
|switch|p2a: Skarmory|Skarmory, M|100/100
|move|p1a: Tyranitar|Dragon Dance|p1a: Tyranitar
|-boost|p1a: Tyranitar|atk|1
|-boost|p1a: Tyranitar|spe|1
|
|-weather|Sandstorm|[upkeep]
|upkeep
|turn|2
|
|t:|1728144415
|move|p1a: Tyranitar|Rock Slide|p2a: Skarmory
|-damage|p2a: Skarmory|56/100
|move|p2a: Skarmory|Roar|p1a: Tyranitar
|drag|p1a: Forretress|Forretress, M, shiny|100/100
|
|-weather|Sandstorm|[upkeep]
|-heal|p2a: Skarmory|62/100|[from] item: Leftovers
|upkeep
|turn|3
|
|t:|1728144421
|move|p2a: Skarmory|Spikes|p1a: Forretress
|-sidestart|p1: CostcoCustomer|Spikes
|move|p1a: Forretress|Spikes|p2a: Skarmory
|-sidestart|p2: Dhrabb|Spikes
|
|-weather|Sandstorm|[upkeep]
|-heal|p2a: Skarmory|68/100|[from] item: Leftovers
|upkeep
|turn|4
|
|t:|1728144424
|move|p2a: Skarmory|Spikes|p1a: Forretress
|-sidestart|p1: CostcoCustomer|Spikes
|move|p1a: Forretress|Rapid Spin|p2a: Skarmory
|-resisted|p2a: Skarmory
|-crit|p2a: Skarmory
|-damage|p2a: Skarmory|65/100
|-sideend|p1: CostcoCustomer|Spikes|[from] move: Rapid Spin|[of] p1a: Forretress
|
|-weather|Sandstorm|[upkeep]
|-heal|p2a: Skarmory|71/100|[from] item: Leftovers
|upkeep
|turn|5
|
|t:|1728144428
|switch|p1a: Moltres|Moltres|100/100
|move|p2a: Skarmory|Spikes|p1a: Moltres
|-sidestart|p1: CostcoCustomer|Spikes
|
|-weather|Sandstorm|[upkeep]
|-damage|p1a: Moltres|94/100|[from] Sandstorm
|-heal|p1a: Moltres|100/100|[from] item: Leftovers
|-heal|p2a: Skarmory|77/100|[from] item: Leftovers
|upkeep
|turn|6
|
|t:|1728144431
|move|p2a: Skarmory|Protect|p2a: Skarmory
|-singleturn|p2a: Skarmory|Protect
|move|p1a: Moltres|Will-O-Wisp|p2a: Skarmory
|-activate|p2a: Skarmory|Protect
|
|-weather|Sandstorm|[upkeep]
|-damage|p1a: Moltres|94/100|[from] Sandstorm
|-heal|p1a: Moltres|100/100|[from] item: Leftovers
|-heal|p2a: Skarmory|83/100|[from] item: Leftovers
|upkeep
|turn|7
|
|t:|1728144438
|switch|p2a: Starmie|Starmie|100/100
|-damage|p2a: Starmie|88/100|[from] Spikes
|move|p1a: Moltres|Flamethrower|p2a: Starmie
|-resisted|p2a: Starmie
|-damage|p2a: Starmie|53/100
|
|-weather|Sandstorm|[upkeep]
|-damage|p2a: Starmie|47/100|[from] Sandstorm
|-damage|p1a: Moltres|94/100|[from] Sandstorm
|-heal|p2a: Starmie|53/100|[from] item: Leftovers
|-heal|p1a: Moltres|100/100|[from] item: Leftovers
|upkeep
|turn|8
|
|t:|1728144444
|switch|p1a: Blissey|Blissey, F, shiny|100/100
|-damage|p1a: Blissey|88/100|[from] Spikes
|move|p2a: Starmie|Hydro Pump|p1a: Blissey|[miss]
|-miss|p2a: Starmie|p1a: Blissey
|
|-weather|Sandstorm|[upkeep]
|-damage|p2a: Starmie|47/100|[from] Sandstorm
|-damage|p1a: Blissey|82/100|[from] Sandstorm
|-heal|p2a: Starmie|53/100|[from] item: Leftovers
|-heal|p1a: Blissey|88/100|[from] item: Leftovers
|upkeep
|turn|9
|
|t:|1728144457
|switch|p2a: Tyranitar|Tyranitar, M|100/100
|-damage|p2a: Tyranitar|88/100|[from] Spikes
|move|p1a: Blissey|Thunder Wave|p2a: Tyranitar
|-status|p2a: Tyranitar|par
|
|-weather|Sandstorm|[upkeep]
|-damage|p1a: Blissey|82/100|[from] Sandstorm
|-heal|p1a: Blissey|88/100|[from] item: Leftovers
|-heal|p2a: Tyranitar|94/100 par|[from] item: Leftovers
|upkeep
|turn|10
|
|t:|1728144462
|-singleturn|p2a: Tyranitar|move: Focus Punch
|switch|p1a: Swampert|Swampert, F, shiny|100/100
|-damage|p1a: Swampert|88/100|[from] Spikes
|cant|p2a: Tyranitar|par
|
|-weather|Sandstorm|[upkeep]
|-heal|p1a: Swampert|94/100|[from] item: Leftovers
|-heal|p2a: Tyranitar|100/100 par|[from] item: Leftovers
|upkeep
|turn|11
|
|t:|1728144471
|switch|p2a: Skarmory|Skarmory, M|83/100
|move|p1a: Swampert|Roar|p2a: Skarmory
|drag|p2a: Tyranitar|Tyranitar, M|100/100 par
|-damage|p2a: Tyranitar|88/100 par|[from] Spikes
|
|-weather|Sandstorm|[upkeep]
|-heal|p1a: Swampert|100/100|[from] item: Leftovers
|-heal|p2a: Tyranitar|94/100 par|[from] item: Leftovers
|upkeep
|turn|12
|
|t:|1728144477
|switch|p2a: Skarmory|Skarmory, M|83/100
|move|p1a: Swampert|Surf|p2a: Skarmory
|-damage|p2a: Skarmory|54/100
|
|-weather|Sandstorm|[upkeep]
|-heal|p2a: Skarmory|60/100|[from] item: Leftovers
|upkeep
|turn|13
|
|t:|1728144482
|move|p2a: Skarmory|Toxic|p1a: Swampert
|-status|p1a: Swampert|tox
|move|p1a: Swampert|Surf|p2a: Skarmory
|-damage|p2a: Skarmory|33/100
|
|-weather|Sandstorm|[upkeep]
|-heal|p2a: Skarmory|39/100|[from] item: Leftovers
|-damage|p1a: Swampert|94/100 tox|[from] psn
|upkeep
|turn|14
|
|t:|1728144495
|move|p2a: Skarmory|Spikes|p1a: Swampert
|-sidestart|p1: CostcoCustomer|Spikes
|move|p1a: Swampert|Refresh|p1a: Swampert
|-curestatus|p1a: Swampert|tox|[msg]
|
|-weather|Sandstorm|[upkeep]
|-heal|p2a: Skarmory|45/100|[from] item: Leftovers
|-heal|p1a: Swampert|100/100|[from] item: Leftovers
|upkeep
|turn|15
|
|t:|1728144499
|switch|p1a: Forretress|Forretress, M, shiny|100/100
|-damage|p1a: Forretress|84/100|[from] Spikes
|move|p2a: Skarmory|Protect||[still]
|-fail|p2a: Skarmory
|
|-weather|Sandstorm|[upkeep]
|-heal|p2a: Skarmory|50/100|[from] item: Leftovers
|-heal|p1a: Forretress|90/100|[from] item: Leftovers
|upkeep
|turn|16
|
|t:|1728144503
|move|p2a: Skarmory|Protect|p2a: Skarmory
|-singleturn|p2a: Skarmory|Protect
|move|p1a: Forretress|Spikes|p2a: Skarmory
|-sidestart|p2: Dhrabb|Spikes
|
|-weather|Sandstorm|[upkeep]
|-heal|p2a: Skarmory|56/100|[from] item: Leftovers
|-heal|p1a: Forretress|96/100|[from] item: Leftovers
|upkeep
|turn|17
|
|t:|1728144507
|move|p2a: Skarmory|Spikes|p1a: Forretress
|-sidestart|p1: CostcoCustomer|Spikes
|move|p1a: Forretress|Rapid Spin|p2a: Skarmory
|-resisted|p2a: Skarmory
|-damage|p2a: Skarmory|55/100
|-sideend|p1: CostcoCustomer|Spikes|[from] move: Rapid Spin|[of] p1a: Forretress
|
|-weather|Sandstorm|[upkeep]
|-heal|p2a: Skarmory|61/100|[from] item: Leftovers
|-heal|p1a: Forretress|100/100|[from] item: Leftovers
|upkeep
|turn|18
|
|t:|1728144510
|move|p2a: Skarmory|Spikes|p1a: Forretress
|-sidestart|p1: CostcoCustomer|Spikes
|move|p1a: Forretress|Spikes|p2a: Skarmory
|-sidestart|p2: Dhrabb|Spikes
|
|-weather|Sandstorm|[upkeep]
|-heal|p2a: Skarmory|67/100|[from] item: Leftovers
|upkeep
|turn|19
|
|t:|1728144517
|switch|p1a: Moltres|Moltres|100/100
|move|p2a: Skarmory|Spikes|p1a: Moltres
|-sidestart|p1: CostcoCustomer|Spikes
|
|-weather|Sandstorm|[upkeep]
|-damage|p1a: Moltres|94/100|[from] Sandstorm
|-heal|p1a: Moltres|100/100|[from] item: Leftovers
|-heal|p2a: Skarmory|73/100|[from] item: Leftovers
|upkeep
|turn|20
|
|t:|1728144523
|move|p2a: Skarmory|Protect|p2a: Skarmory
|-singleturn|p2a: Skarmory|Protect
|move|p1a: Moltres|Flamethrower|p2a: Skarmory
|-activate|p2a: Skarmory|Protect
|
|-weather|Sandstorm|[upkeep]
|-damage|p1a: Moltres|94/100|[from] Sandstorm
|-heal|p1a: Moltres|100/100|[from] item: Leftovers
|-heal|p2a: Skarmory|79/100|[from] item: Leftovers
|upkeep
|turn|21
|
|t:|1728144542
|switch|p2a: Tyranitar|Tyranitar, M|94/100 par
|-damage|p2a: Tyranitar|69/100 par|[from] Spikes
|move|p1a: Moltres|Flamethrower|p2a: Tyranitar
|-resisted|p2a: Tyranitar
|-damage|p2a: Tyranitar|50/100 par
|
|-weather|Sandstorm|[upkeep]
|-damage|p1a: Moltres|94/100|[from] Sandstorm
|-heal|p1a: Moltres|100/100|[from] item: Leftovers
|-heal|p2a: Tyranitar|56/100 par|[from] item: Leftovers
|upkeep
|turn|22
|
|t:|1728144556
|switch|p1a: Forretress|Forretress, M, shiny|100/100
|-damage|p1a: Forretress|84/100|[from] Spikes
|switch|p2a: Salamence|Salamence, M|100/100
|-ability|p2a: Salamence|Intimidate|boost
|-unboost|p1a: Forretress|atk|1
|
|-weather|Sandstorm|[upkeep]
|-damage|p2a: Salamence|94/100|[from] Sandstorm
|-heal|p2a: Salamence|100/100|[from] item: Leftovers
|-heal|p1a: Forretress|90/100|[from] item: Leftovers
|upkeep
|turn|23
|
|t:|1728144564
|switch|p1a: Blissey|Blissey, F, shiny|88/100
|-damage|p1a: Blissey|71/100|[from] Spikes
|move|p2a: Salamence|Fire Blast|p1a: Blissey
|-damage|p1a: Blissey|57/100
|
|-weather|Sandstorm|[upkeep]
|-damage|p2a: Salamence|94/100|[from] Sandstorm
|-damage|p1a: Blissey|51/100|[from] Sandstorm
|-heal|p2a: Salamence|100/100|[from] item: Leftovers
|-heal|p1a: Blissey|57/100|[from] item: Leftovers
|upkeep
|turn|24
|
|t:|1728144571
|move|p2a: Salamence|Brick Break|p1a: Blissey
|-supereffective|p1a: Blissey
|-damage|p1a: Blissey|16/100
|move|p1a: Blissey|Soft-Boiled|p1a: Blissey
|-heal|p1a: Blissey|66/100
|
|-weather|Sandstorm|[upkeep]
|-damage|p2a: Salamence|94/100|[from] Sandstorm
|-damage|p1a: Blissey|60/100|[from] Sandstorm
|-heal|p2a: Salamence|100/100|[from] item: Leftovers
|-heal|p1a: Blissey|66/100|[from] item: Leftovers
|upkeep
|turn|25
|
|t:|1728144588
|switch|p2a: Skarmory|Skarmory, M|79/100
|move|p1a: Blissey|Soft-Boiled|p1a: Blissey
|-heal|p1a: Blissey|100/100
|
|-weather|Sandstorm|[upkeep]
|-damage|p1a: Blissey|94/100|[from] Sandstorm
|-heal|p2a: Skarmory|85/100|[from] item: Leftovers
|-heal|p1a: Blissey|100/100|[from] item: Leftovers
|upkeep
|turn|26
|
|t:|1728144606
|move|p2a: Skarmory|Toxic|p1a: Blissey
|-status|p1a: Blissey|tox
|move|p1a: Blissey|Thunder Wave|p2a: Skarmory
|-status|p2a: Skarmory|par
|
|-weather|Sandstorm|[upkeep]
|-damage|p1a: Blissey|94/100 tox|[from] Sandstorm
|-heal|p1a: Blissey|100/100 tox|[from] item: Leftovers
|-damage|p1a: Blissey|94/100 tox|[from] psn
|-heal|p2a: Skarmory|91/100 par|[from] item: Leftovers
|upkeep
|turn|27
|
|t:|1728144610
|-curestatus|p1a: Blissey|tox|[from] ability: Natural Cure
|switch|p1a: Forretress|Forretress, M, shiny|90/100
|-damage|p1a: Forretress|73/100|[from] Spikes
|switch|p2a: Starmie|Starmie|53/100
|-damage|p2a: Starmie|28/100|[from] Spikes
|
|-weather|Sandstorm|[upkeep]
|-damage|p2a: Starmie|22/100|[from] Sandstorm
|-heal|p2a: Starmie|28/100|[from] item: Leftovers
|-heal|p1a: Forretress|80/100|[from] item: Leftovers
|upkeep
|turn|28
|
|t:|1728144616
|move|p2a: Starmie|Rapid Spin|p1a: Forretress
|-resisted|p1a: Forretress
|-damage|p1a: Forretress|78/100
|-sideend|p2: Dhrabb|Spikes|[from] move: Rapid Spin|[of] p2a: Starmie
|move|p1a: Forretress|Earthquake|p2a: Starmie
|-damage|p2a: Starmie|0 fnt
|faint|p2a: Starmie
|
|t:|1728144619
|switch|p2a: Salamence|Salamence, M|100/100
|-ability|p2a: Salamence|Intimidate|boost
|-unboost|p1a: Forretress|atk|1
|
|-weather|Sandstorm|[upkeep]
|-damage|p2a: Salamence|94/100|[from] Sandstorm
|-heal|p2a: Salamence|100/100|[from] item: Leftovers
|-heal|p1a: Forretress|84/100|[from] item: Leftovers
|upkeep
|turn|29
|
|t:|1728144629
|switch|p1a: Blissey|Blissey, F, shiny|94/100
|-damage|p1a: Blissey|78/100|[from] Spikes
|move|p2a: Salamence|Fire Blast|p1a: Blissey
|-damage|p1a: Blissey|63/100
|
|-weather|Sandstorm|[upkeep]
|-damage|p2a: Salamence|94/100|[from] Sandstorm
|-damage|p1a: Blissey|57/100|[from] Sandstorm
|-heal|p2a: Salamence|100/100|[from] item: Leftovers
|-heal|p1a: Blissey|63/100|[from] item: Leftovers
|upkeep
|turn|30
|
|t:|1728144634
|switch|p2a: Tyranitar|Tyranitar, M|56/100 par
|move|p1a: Blissey|Soft-Boiled|p1a: Blissey
|-heal|p1a: Blissey|100/100
|
|-weather|Sandstorm|[upkeep]
|-damage|p1a: Blissey|94/100|[from] Sandstorm
|-heal|p1a: Blissey|100/100|[from] item: Leftovers
|-heal|p2a: Tyranitar|62/100 par|[from] item: Leftovers
|upkeep
|turn|31
|
|t:|1728144641
|switch|p1a: Celebi|Celebi|100/100
|-damage|p1a: Celebi|84/100|[from] Spikes
|switch|p2a: Salamence|Salamence, M|100/100
|-ability|p2a: Salamence|Intimidate|boost
|-unboost|p1a: Celebi|atk|1
|
|-weather|Sandstorm|[upkeep]
|-damage|p2a: Salamence|94/100|[from] Sandstorm
|-damage|p1a: Celebi|78/100|[from] Sandstorm
|-heal|p2a: Salamence|100/100|[from] item: Leftovers
|-heal|p1a: Celebi|84/100|[from] item: Leftovers
|upkeep
|turn|32
|
|t:|1728144647
|move|p2a: Salamence|Fire Blast|p1a: Celebi
|-supereffective|p1a: Celebi
|-damage|p1a: Celebi|24/100
|move|p1a: Celebi|Recover|p1a: Celebi
|-heal|p1a: Celebi|74/100
|
|-weather|Sandstorm|[upkeep]
|-damage|p2a: Salamence|94/100|[from] Sandstorm
|-damage|p1a: Celebi|68/100|[from] Sandstorm
|-heal|p2a: Salamence|100/100|[from] item: Leftovers
|-heal|p1a: Celebi|74/100|[from] item: Leftovers
|upkeep
|turn|33
|
|t:|1728144656
|switch|p1a: Moltres|Moltres|100/100
|move|p2a: Salamence|Dragon Claw|p1a: Moltres
|-damage|p1a: Moltres|58/100
|
|-weather|Sandstorm|[upkeep]
|-damage|p2a: Salamence|94/100|[from] Sandstorm
|-damage|p1a: Moltres|52/100|[from] Sandstorm
|-heal|p2a: Salamence|100/100|[from] item: Leftovers
|-heal|p1a: Moltres|58/100|[from] item: Leftovers
|upkeep
|turn|34
|
|t:|1728144664
|switch|p2a: Tyranitar|Tyranitar, M|62/100 par
|switch|p1a: Blissey|Blissey, F, shiny|100/100
|-damage|p1a: Blissey|84/100|[from] Spikes
|
|-weather|Sandstorm|[upkeep]
|-damage|p1a: Blissey|78/100|[from] Sandstorm
|-heal|p1a: Blissey|84/100|[from] item: Leftovers
|-heal|p2a: Tyranitar|68/100 par|[from] item: Leftovers
|upkeep
|turn|35
|
|t:|1728144668
|move|p1a: Blissey|Seismic Toss|p2a: Tyranitar
|-damage|p2a: Tyranitar|43/100 par
|move|p2a: Tyranitar|Rock Slide|p1a: Blissey
|-damage|p1a: Blissey|49/100
|
|-weather|Sandstorm|[upkeep]
|-damage|p1a: Blissey|43/100|[from] Sandstorm
|-heal|p1a: Blissey|49/100|[from] item: Leftovers
|-heal|p2a: Tyranitar|50/100 par|[from] item: Leftovers
|upkeep
|turn|36
|
|t:|1728144678
|-singleturn|p2a: Tyranitar|move: Focus Punch
|move|p1a: Blissey|Seismic Toss|p2a: Tyranitar
|-damage|p2a: Tyranitar|25/100 par
|move|p2a: Tyranitar|Focus Punch||[still]
|cant|p2a: Tyranitar|Focus Punch|Focus Punch
|
|-weather|Sandstorm|[upkeep]
|-damage|p1a: Blissey|43/100|[from] Sandstorm
|-heal|p1a: Blissey|49/100|[from] item: Leftovers
|-heal|p2a: Tyranitar|31/100 par|[from] item: Leftovers
|upkeep
|turn|37
|
|t:|1728144684
|-singleturn|p2a: Tyranitar|move: Focus Punch
|move|p1a: Blissey|Soft-Boiled|p1a: Blissey
|-heal|p1a: Blissey|99/100
|move|p2a: Tyranitar|Focus Punch|p1a: Blissey
|-supereffective|p1a: Blissey
|-damage|p1a: Blissey|0 fnt
|faint|p1a: Blissey
|
|t:|1728144689
|switch|p1a: Forretress|Forretress, M, shiny|84/100
|-damage|p1a: Forretress|68/100|[from] Spikes
|
|-weather|Sandstorm|[upkeep]
|-heal|p1a: Forretress|74/100|[from] item: Leftovers
|-heal|p2a: Tyranitar|37/100 par|[from] item: Leftovers
|upkeep
|turn|38
|
|t:|1728144698
|switch|p2a: Skarmory|Skarmory, M|91/100 par
|move|p1a: Forretress|Rapid Spin|p2a: Skarmory
|-resisted|p2a: Skarmory
|-damage|p2a: Skarmory|89/100 par
|-sideend|p1: CostcoCustomer|Spikes|[from] move: Rapid Spin|[of] p1a: Forretress
|
|-weather|Sandstorm|[upkeep]
|-heal|p1a: Forretress|80/100|[from] item: Leftovers
|-heal|p2a: Skarmory|95/100 par|[from] item: Leftovers
|upkeep
|turn|39
|
|t:|1728144701
|move|p1a: Forretress|Spikes|p2a: Skarmory
|-sidestart|p2: Dhrabb|Spikes
|cant|p2a: Skarmory|par
|
|-weather|Sandstorm|[upkeep]
|-heal|p1a: Forretress|86/100|[from] item: Leftovers
|-heal|p2a: Skarmory|100/100 par|[from] item: Leftovers
|upkeep
|turn|40
|
|t:|1728144703
|move|p1a: Forretress|Spikes|p2a: Skarmory
|-sidestart|p2: Dhrabb|Spikes
|move|p2a: Skarmory|Spikes|p1a: Forretress
|-sidestart|p1: CostcoCustomer|Spikes
|
|-weather|Sandstorm|[upkeep]
|-heal|p1a: Forretress|93/100|[from] item: Leftovers
|upkeep
|turn|41
|
|t:|1728144706
|switch|p2a: Salamence|Salamence, M|100/100
|-ability|p2a: Salamence|Intimidate|boost
|-unboost|p1a: Forretress|atk|1
|move|p1a: Forretress|Spikes|p2a: Salamence
|-sidestart|p2: Dhrabb|Spikes
|
|-weather|Sandstorm|[upkeep]
|-damage|p2a: Salamence|94/100|[from] Sandstorm
|-heal|p2a: Salamence|100/100|[from] item: Leftovers
|-heal|p1a: Forretress|99/100|[from] item: Leftovers
|upkeep
|turn|42
|
|t:|1728144713
|switch|p1a: Swampert|Swampert, F, shiny|100/100
|-damage|p1a: Swampert|88/100|[from] Spikes
|move|p2a: Salamence|Fire Blast|p1a: Swampert
|-resisted|p1a: Swampert
|-damage|p1a: Swampert|72/100
|-status|p1a: Swampert|brn
|
|-weather|Sandstorm|[upkeep]
|-damage|p2a: Salamence|94/100|[from] Sandstorm
|-heal|p2a: Salamence|100/100|[from] item: Leftovers
|-heal|p1a: Swampert|78/100 brn|[from] item: Leftovers
|-damage|p1a: Swampert|66/100 brn|[from] brn
|upkeep
|turn|43
|
|t:|1728144724
|move|p2a: Salamence|Hidden Power|p1a: Swampert
|-supereffective|p1a: Swampert
|-damage|p1a: Swampert|0 fnt
|faint|p1a: Swampert
|
|t:|1728144729
|switch|p1a: Moltres|Moltres|58/100
|
|-weather|Sandstorm|[upkeep]
|-damage|p2a: Salamence|94/100|[from] Sandstorm
|-damage|p1a: Moltres|52/100|[from] Sandstorm
|-heal|p2a: Salamence|100/100|[from] item: Leftovers
|-heal|p1a: Moltres|58/100|[from] item: Leftovers
|upkeep
|turn|44
|
|t:|1728144735
|switch|p2a: Jolteon|Jolteon, M|100/100
|-damage|p2a: Jolteon|76/100|[from] Spikes
|move|p1a: Moltres|Will-O-Wisp|p2a: Jolteon
|-status|p2a: Jolteon|brn
|
|-weather|Sandstorm|[upkeep]
|-damage|p2a: Jolteon|69/100 brn|[from] Sandstorm
|-damage|p1a: Moltres|52/100|[from] Sandstorm
|-heal|p2a: Jolteon|76/100 brn|[from] item: Leftovers
|-damage|p2a: Jolteon|63/100 brn|[from] brn
|-heal|p1a: Moltres|58/100|[from] item: Leftovers
|upkeep
|turn|45
|
|t:|1728144739
|switch|p1a: Celebi|Celebi|74/100
|-damage|p1a: Celebi|62/100|[from] Spikes
|move|p2a: Jolteon|Thunderbolt|p1a: Celebi
|-resisted|p1a: Celebi
|-damage|p1a: Celebi|45/100
|
|-weather|Sandstorm|[upkeep]
|-damage|p2a: Jolteon|57/100 brn|[from] Sandstorm
|-damage|p1a: Celebi|38/100|[from] Sandstorm
|-heal|p2a: Jolteon|63/100 brn|[from] item: Leftovers
|-damage|p2a: Jolteon|51/100 brn|[from] brn
|-heal|p1a: Celebi|45/100|[from] item: Leftovers
|upkeep
|turn|46
|
|t:|1728144744
|move|p2a: Jolteon|Hidden Power|p1a: Celebi
|-supereffective|p1a: Celebi
|-damage|p1a: Celebi|14/100
|move|p1a: Celebi|Recover|p1a: Celebi
|-heal|p1a: Celebi|64/100
|
|-weather|Sandstorm|[upkeep]
|-damage|p2a: Jolteon|45/100 brn|[from] Sandstorm
|-damage|p1a: Celebi|58/100|[from] Sandstorm
|-heal|p2a: Jolteon|51/100 brn|[from] item: Leftovers
|-damage|p2a: Jolteon|38/100 brn|[from] brn
|-heal|p1a: Celebi|64/100|[from] item: Leftovers
|upkeep
|turn|47
|
|t:|1728144750
|move|p2a: Jolteon|Substitute|p2a: Jolteon
|-start|p2a: Jolteon|Substitute
|-damage|p2a: Jolteon|14/100 brn
|move|p1a: Celebi|Leech Seed||[still]
|-fail|p1a: Celebi
|
|-weather|Sandstorm|[upkeep]
|-damage|p2a: Jolteon|7/100 brn|[from] Sandstorm
|-damage|p1a: Celebi|58/100|[from] Sandstorm
|-heal|p2a: Jolteon|14/100 brn|[from] item: Leftovers
|-damage|p2a: Jolteon|1/100 brn|[from] brn
|-heal|p1a: Celebi|64/100|[from] item: Leftovers
|upkeep
|turn|48
|
|t:|1728144757
|move|p2a: Jolteon|Baton Pass|p2a: Jolteon
|
|t:|1728144765
|switch|p2a: Salamence|Salamence, M|100/100|[from] Baton Pass
|-ability|p2a: Salamence|Intimidate|boost
|-unboost|p1a: Celebi|atk|1
|move|p1a: Celebi|Baton Pass|p1a: Celebi
|
|t:|1728144769
|switch|p1a: Moltres|Moltres|58/100|[from] Baton Pass
|
|-weather|Sandstorm|[upkeep]
|-damage|p2a: Salamence|94/100|[from] Sandstorm
|-damage|p1a: Moltres|52/100|[from] Sandstorm
|-heal|p2a: Salamence|100/100|[from] item: Leftovers
|-heal|p1a: Moltres|58/100|[from] item: Leftovers
|upkeep
|turn|49
|
|t:|1728144772
|move|p2a: Salamence|Dragon Claw|p1a: Moltres
|-damage|p1a: Moltres|14/100
|move|p1a: Moltres|Roar|p2a: Salamence
|drag|p2a: Skarmory|Skarmory, M|100/100 par
|
|-weather|Sandstorm|[upkeep]
|-damage|p1a: Moltres|8/100|[from] Sandstorm
|-heal|p1a: Moltres|14/100|[from] item: Leftovers
|upkeep
|turn|50
|
|t:|1728144779
|switch|p2a: Jolteon|Jolteon, M|1/100 brn
|-damage|p2a: Jolteon|0 fnt|[from] Spikes
|faint|p2a: Jolteon
|
|t:|1728144785
|switch|p2a: Salamence|Salamence, M|100/100
|-ability|p2a: Salamence|Intimidate|boost
|-unboost|p1a: Moltres|atk|1
|
|-weather|Sandstorm|[upkeep]
|-damage|p2a: Salamence|94/100|[from] Sandstorm
|-damage|p1a: Moltres|8/100|[from] Sandstorm
|-heal|p2a: Salamence|100/100|[from] item: Leftovers
|-heal|p1a: Moltres|14/100|[from] item: Leftovers
|upkeep
|turn|51
|
|t:|1728144788
|move|p2a: Salamence|Dragon Claw|p1a: Moltres
|-damage|p1a: Moltres|0 fnt
|faint|p1a: Moltres
|
|t:|1728144794
|switch|p1a: Forretress|Forretress, M, shiny|99/100
|-damage|p1a: Forretress|86/100|[from] Spikes
|
|-weather|Sandstorm|[upkeep]
|-damage|p2a: Salamence|94/100|[from] Sandstorm
|-heal|p2a: Salamence|100/100|[from] item: Leftovers
|-heal|p1a: Forretress|93/100|[from] item: Leftovers
|upkeep
|turn|52
|
|t:|1728144798
|move|p2a: Salamence|Fire Blast|p1a: Forretress
|-supereffective|p1a: Forretress
|-damage|p1a: Forretress|0 fnt
|faint|p1a: Forretress
|
|t:|1728144802
|switch|p1a: Celebi|Celebi|64/100
|-damage|p1a: Celebi|52/100|[from] Spikes
|
|-weather|Sandstorm|[upkeep]
|-damage|p2a: Salamence|94/100|[from] Sandstorm
|-damage|p1a: Celebi|46/100|[from] Sandstorm
|-heal|p2a: Salamence|100/100|[from] item: Leftovers
|-heal|p1a: Celebi|52/100|[from] item: Leftovers
|upkeep
|turn|53
|
|t:|1728144805
|move|p2a: Salamence|Fire Blast|p1a: Celebi
|-supereffective|p1a: Celebi
|-damage|p1a: Celebi|0 fnt
|faint|p1a: Celebi
|
|t:|1728144808
|switch|p1a: Tyranitar|Tyranitar, F, shiny|100/100
|-damage|p1a: Tyranitar|88/100|[from] Spikes
|
|-weather|Sandstorm|[upkeep]
|-damage|p2a: Salamence|94/100|[from] Sandstorm
|-heal|p2a: Salamence|100/100|[from] item: Leftovers
|-heal|p1a: Tyranitar|94/100|[from] item: Leftovers
|upkeep
|turn|54
|
|t:|1728144813
|move|p2a: Salamence|Brick Break|p1a: Tyranitar
|-supereffective|p1a: Tyranitar
|-damage|p1a: Tyranitar|24/100
|move|p1a: Tyranitar|Dragon Dance|p1a: Tyranitar
|-boost|p1a: Tyranitar|atk|1
|-boost|p1a: Tyranitar|spe|1
|
|-weather|Sandstorm|[upkeep]
|-damage|p2a: Salamence|94/100|[from] Sandstorm
|-heal|p2a: Salamence|100/100|[from] item: Leftovers
|-heal|p1a: Tyranitar|30/100|[from] item: Leftovers
|upkeep
|turn|55
|
|t:|1728144818
|switch|p2a: Metagross|Metagross|100/100
|-damage|p2a: Metagross|76/100|[from] Spikes
|move|p1a: Tyranitar|Rock Slide|p2a: Metagross
|-resisted|p2a: Metagross
|-damage|p2a: Metagross|54/100
|
|-weather|Sandstorm|[upkeep]
|-heal|p1a: Tyranitar|36/100|[from] item: Leftovers
|-heal|p2a: Metagross|60/100|[from] item: Leftovers
|upkeep
|turn|56
|
|t:|1728144824
|switch|p2a: Salamence|Salamence, M|100/100
|-ability|p2a: Salamence|Intimidate|boost
|-unboost|p1a: Tyranitar|atk|1
|move|p1a: Tyranitar|Rock Slide|p2a: Salamence
|-supereffective|p2a: Salamence
|-damage|p2a: Salamence|0 fnt
|faint|p2a: Salamence
|
|t:|1728144832
|switch|p2a: Skarmory|Skarmory, M|100/100 par
|
|-weather|Sandstorm|[upkeep]
|-heal|p1a: Tyranitar|43/100|[from] item: Leftovers
|upkeep
|turn|57
|
|t:|1728144834
|move|p1a: Tyranitar|Rock Slide|p2a: Skarmory
|-damage|p2a: Skarmory|73/100 par
|cant|p2a: Skarmory|par
|
|-weather|Sandstorm|[upkeep]
|-heal|p1a: Tyranitar|49/100|[from] item: Leftovers
|-heal|p2a: Skarmory|79/100 par|[from] item: Leftovers
|upkeep
|turn|58
|
|t:|1728144839
|move|p1a: Tyranitar|Dragon Dance|p1a: Tyranitar
|-boost|p1a: Tyranitar|atk|1
|-boost|p1a: Tyranitar|spe|1
|move|p2a: Skarmory|Toxic|p1a: Tyranitar
|-status|p1a: Tyranitar|tox
|
|-weather|Sandstorm|[upkeep]
|-heal|p1a: Tyranitar|55/100 tox|[from] item: Leftovers
|-damage|p1a: Tyranitar|49/100 tox|[from] psn
|-heal|p2a: Skarmory|85/100 par|[from] item: Leftovers
|upkeep
|turn|59
|
|t:|1728144843
|cant|p2a: Skarmory|par
|move|p1a: Tyranitar|Dragon Dance|p1a: Tyranitar
|-boost|p1a: Tyranitar|atk|1
|-boost|p1a: Tyranitar|spe|1
|
|-weather|Sandstorm|[upkeep]
|-heal|p1a: Tyranitar|55/100 tox|[from] item: Leftovers
|-damage|p1a: Tyranitar|43/100 tox|[from] psn
|-heal|p2a: Skarmory|91/100 par|[from] item: Leftovers
|upkeep
|turn|60
|
|t:|1728144848
|move|p2a: Skarmory|Protect|p2a: Skarmory
|-singleturn|p2a: Skarmory|Protect
|move|p1a: Tyranitar|Rock Slide|p2a: Skarmory
|-activate|p2a: Skarmory|Protect
|
|-weather|Sandstorm|[upkeep]
|-heal|p1a: Tyranitar|49/100 tox|[from] item: Leftovers
|-damage|p1a: Tyranitar|30/100 tox|[from] psn
|-heal|p2a: Skarmory|97/100 par|[from] item: Leftovers
|upkeep
|turn|61
|
|t:|1728144853
|switch|p2a: Tyranitar|Tyranitar, M|37/100 par
|-damage|p2a: Tyranitar|12/100 par|[from] Spikes
|move|p1a: Tyranitar|Rock Slide|p2a: Tyranitar
|-crit|p2a: Tyranitar
|-damage|p2a: Tyranitar|0 fnt
|faint|p2a: Tyranitar
|
|t:|1728144856
|switch|p2a: Skarmory|Skarmory, M|97/100 par
|
|-weather|Sandstorm|[upkeep]
|-heal|p1a: Tyranitar|36/100 tox|[from] item: Leftovers
|-damage|p1a: Tyranitar|12/100 tox|[from] psn
|-heal|p2a: Skarmory|100/100 par|[from] item: Leftovers
|upkeep
|turn|62
|
|t:|1728144858
|move|p2a: Skarmory|Protect|p2a: Skarmory
|-singleturn|p2a: Skarmory|Protect
|move|p1a: Tyranitar|Dragon Dance|p1a: Tyranitar
|-boost|p1a: Tyranitar|atk|1
|-boost|p1a: Tyranitar|spe|1
|
|-weather|Sandstorm|[upkeep]
|-heal|p1a: Tyranitar|18/100 tox|[from] item: Leftovers
|-damage|p1a: Tyranitar|0 fnt|[from] psn
|faint|p1a: Tyranitar
|
|win|Dhrabb
|upkeep
|c|☆Dhrabb|gg
|c|☆CostcoCustomer|g
|c|☆CostcoCustomer|gt
|c|☆CostcoCustomer|fuck
|c|☆CostcoCustomer|gg
|player|p2|
|player|p1|
|player|p1|CostcoCustomer|mina|

</script>
<script type="application/json" class="data" id="replaydata-smogtours-gen3ou-794991">
{"id":"smogtours-gen3ou-794991","format":"[Gen 3] OU","players":["CostcoCustomer","Dhrabb"],"uploadtime":1728144858,"views":108,"formatid":"gen3ou","rating":null,"private":0,"password":null}
</script>

<script defer src="js/replays.js?9d40a366"></script>
