<!DOCTYPE html>
<meta charset="utf-8" />
<meta name="viewport" content="width=device-width" />

<title>[Gen 3] OU: Glick666 vs. mwah_bang - Replays - Pok&eacute;mon Showdown!</title>

<meta name="description" content="Watch a replay of a Pok&eacute;mon battle between Glick666 and mwah_bang! Format: [Gen 3] OU; Date: Oct 15, 2024" />
<!--

Hey, you! Looking in the source for the replay log?

You can find them in JSON format, just add `.json` at the end of a replay URL.

https://replay.pokemonshowdown.com/gen7randomdoublesbattle-865046831.json

Or, if you only need the log itself, add `.log` instead:

https://replay.pokemonshowdown.com/gen7randomdoublesbattle-865046831.log

-->

<link rel="stylesheet" href="//pokemonshowdown.com/style/global.css?0.767286132409787" />
<link rel="stylesheet" href="//play.pokemonshowdown.com/style/font-awesome.css?0.9266228007934947" />
<link rel="stylesheet" href="//play.pokemonshowdown.com/style/battle.css?0.7924700842790926" />
<link rel="stylesheet" href="//play.pokemonshowdown.com/style/utilichart.css?0.8777417872839479" />

<!-- Global site tag (gtag.js) - Google Analytics -->
<script async src="https://www.googletagmanager.com/gtag/js?id=UA-26211653-1"></script>
<script>
  window.dataLayer = window.dataLayer || [];
  function gtag(){dataLayer.push(arguments);}
  gtag('js', new Date());

  gtag('config', 'UA-26211653-1');
</script>
<!-- End Google Analytics -->
<!-- Venatus Ad Manager - Install in <HEAD> of page -->
	<script src="https://hb.vntsm.com/v3/live/ad-manager.min.js" type="text/javascript" data-site-id="642aba63ec9a7b11c3c9c1be" data-mode="scan" async></script>
<!-- / Venatus Ad Manager -->

<style>
	@media (max-width:820px) {
		.battle {
			margin: 0 auto;
		}
		.battle-log {
			margin: 7px auto 0;
			max-width: 640px;
			height: 300px;
			position: static;
		}
	}
	.optgroup {
		display: inline-block;
		line-height: 22px;
		font-size: 10pt;
	}
	.optgroup .button {
		height: 25px;
		padding-top: 0;
		padding-bottom: 0;
	}
	.optgroup button.button {
		padding-left: 12px;
		padding-right: 12px;
	}
	.linklist {
		list-style: none;
		margin: 0.5em 0;
		padding: 0;
	}
	.linklist li {
		padding: 2px 0;
	}
	.sidebar {
		float: left;
		width: 320px;
	}
	.bar-wrapper {
		max-width: 1100px;
		margin: 0 auto;
	}
	.bar-wrapper.has-sidebar {
		max-width: 1430px;
	}
	.mainbar {
		margin: 0;
		padding-right: 1px;
	}
	.mainbar.has-sidebar {
		margin-left: 330px;
	}
	@media (min-width: 1511px) {
		.sidebar {
			width: 400px;
		}
		.bar-wrapper.has-sidebar {
			max-width: 1510px;
		}
		.mainbar.has-sidebar {
			margin-left: 410px;
		}
	}
	.section.first-section {
		margin-top: 9px;
	}
	.blocklink small {
		white-space: normal;
	}
	.button {
		vertical-align: middle;
	}
	.replay-controls {
		padding-top: 10px;
	}
	.replay-controls h1 {
		font-size: 16pt;
		font-weight: normal;
		color: #CCC;
	}
	.pagelink {
		text-align: center;
	}
	.pagelink a {
		width: 150px;
	}
	.textbox, .button {
		font-size: 11pt;
		vertical-align: middle;
	}
	@media (max-width: 450px) {
		.button {
			font-size: 9pt;
		}
	}
</style>

<div>

	<header>
		<div class="nav-wrapper"><ul class="nav">
			<li><a class="button nav-first" href="//pokemonshowdown.com/"><img src="//pokemonshowdown.com/images/pokemonshowdownbeta.png" srcset="//pokemonshowdown.com/images/pokemonshowdownbeta.png 1x, //pokemonshowdown.com/images/pokemonshowdownbeta@2x.png 2x" alt="Pok&eacute;mon Showdown" width="146" height="44" /> Home</a></li>
			<li><a class="button" href="//pokemonshowdown.com/dex/">Pok&eacute;dex</a></li>
			<li><a class="button cur" href="/">Replays</a></li>
			<li><a class="button" href="//pokemonshowdown.com/ladder/">Ladder</a></li>
			<li><a class="button nav-last" href="//pokemonshowdown.com/forums/">Forum</a></li>
			<li><a class="button greenbutton nav-first nav-last" href="//play.pokemonshowdown.com/">Play</a></li>
		</ul></div>
	</header>

	<div class="main" id="main">

		<noscript><section class="section">You need to enable JavaScript to use this page; sorry!</section></noscript>

	</div>

</div>

<script defer nomodule src="//play.pokemonshowdown.com/js/lib/ps-polyfill.js"></script>
<script defer src="//play.pokemonshowdown.com/js/lib/preact.min.js"></script>

<script defer src="//play.pokemonshowdown.com/config/config.js?6dec07f6"></script>
<script defer src="//play.pokemonshowdown.com/js/lib/jquery-1.11.0.min.js"></script>
<script defer src="//play.pokemonshowdown.com/js/lib/html-sanitizer-minified.js"></script>
<script defer src="//play.pokemonshowdown.com/js/battle-sound.js"></script>
<script defer src="//play.pokemonshowdown.com/js/battledata.js?0.6315294753075389"></script>
<script defer src="//play.pokemonshowdown.com/data/pokedex-mini.js?0.7603743185311358"></script>
<script defer src="//play.pokemonshowdown.com/data/pokedex-mini-bw.js?0.030888842834281283"></script>
<script defer src="//play.pokemonshowdown.com/data/graphics.js?0.05593094747507488"></script>
<script defer src="//play.pokemonshowdown.com/data/pokedex.js?0.47064822249611904"></script>
<script defer src="//play.pokemonshowdown.com/data/moves.js?0.8583693120512459"></script>
<script defer src="//play.pokemonshowdown.com/data/abilities.js?0.16017181182386842"></script>
<script defer src="//play.pokemonshowdown.com/data/items.js?0.4163379185673943"></script>
<script defer src="//play.pokemonshowdown.com/data/teambuilder-tables.js?0.31075597372830477"></script>
<script defer src="//play.pokemonshowdown.com/js/battle-tooltips.js?0.6536193500708172"></script>
<script defer src="//play.pokemonshowdown.com/js/battle.js?0.1916591943277901"></script>

<script defer src="js/utils.js?e31f9a17"></script>
<script defer src="js/replays-battle.js?7008c182"></script>

<!-- don't scrape this data! just add .json or .log after the URL!
Full API docs: https://github.com/smogon/pokemon-showdown-client/blob/master/WEB-API.md -->
<script type="text/plain" class="log" id="replaylog-smogtours-gen3ou-798991">
|inactive|Battle timer is ON: inactive players will automatically lose when time's up.
|t:|1729022147
|gametype|singles
|player|p1|Glick666|swimmer-gen4dp|
|player|p2|mwah_bang|kris-gen2|
|teamsize|p1|6
|teamsize|p2|6
|gen|3
|tier|[Gen 3] OU
|rule|Sleep Clause Mod: Limit one foe put to sleep
|rule|Switch Priority Clause Mod: Faster Pokémon switch first
|rule|Species Clause: Limit one of each Pokémon
|rule|OHKO Clause: OHKO moves are banned
|rule|Evasion Items Clause: Evasion items are banned
|rule|Evasion Moves Clause: Evasion moves are banned
|rule|Endless Battle Clause: Forcing endless battles is banned
|rule|HP Percentage Mod: HP is shown in percentages
|rule|One Boost Passer Clause: Limit one Baton Passer that has a way to boost its stats
|rule|Freeze Clause Mod: Limit one foe frozen
|
|t:|1729022147
|start
|switch|p1a: Tyranitar|Tyranitar, M|100/100
|switch|p2a: Peter|Tyranitar, F|100/100
|-weather|Sandstorm|[from] ability: Sand Stream|[of] p1a: Tyranitar
|turn|1
|
|t:|1729022156
|move|p1a: Tyranitar|Earthquake|p2a: Peter
|-supereffective|p2a: Peter
|-damage|p2a: Peter|44/100
|move|p2a: Peter|Brick Break|p1a: Tyranitar
|-supereffective|p1a: Tyranitar
|-damage|p1a: Tyranitar|10/100
|
|-weather|Sandstorm|[upkeep]
|-heal|p1a: Tyranitar|16/100|[from] item: Leftovers
|-heal|p2a: Peter|50/100|[from] item: Leftovers
|upkeep
|turn|2
|
|t:|1729022165
|switch|p2a: Fred|Flygon, F|100/100
|move|p1a: Tyranitar|Earthquake|p2a: Fred
|-immune|p2a: Fred
|
|-weather|Sandstorm|[upkeep]
|-heal|p1a: Tyranitar|22/100|[from] item: Leftovers
|upkeep
|turn|3
|
|t:|1729022174
|switch|p1a: Skarmory|Skarmory, F|100/100
|move|p2a: Fred|Toxic|p1a: Skarmory
|-immune|p1a: Skarmory
|
|-weather|Sandstorm|[upkeep]
|upkeep
|turn|4
|
|t:|1729022182
|switch|p2a: Dave|Moltres|100/100
|move|p1a: Skarmory|Spikes|p2a: Dave
|-sidestart|p2: mwah_bang|Spikes
|
|-weather|Sandstorm|[upkeep]
|-damage|p2a: Dave|94/100|[from] Sandstorm
|-heal|p2a: Dave|100/100|[from] item: Leftovers
|upkeep
|turn|5
|
|t:|1729022206
|move|p1a: Skarmory|Protect|p1a: Skarmory
|-singleturn|p1a: Skarmory|Protect
|move|p2a: Dave|Will-O-Wisp|p1a: Skarmory
|-activate|p1a: Skarmory|Protect
|
|-weather|Sandstorm|[upkeep]
|-damage|p2a: Dave|94/100|[from] Sandstorm
|-heal|p2a: Dave|100/100|[from] item: Leftovers
|upkeep
|turn|6
|
|t:|1729022218
|switch|p1a: Gengar|Gengar, F|100/100
|move|p2a: Dave|Fire Blast|p1a: Gengar
|-damage|p1a: Gengar|29/100
|
|-weather|Sandstorm|[upkeep]
|-damage|p2a: Dave|94/100|[from] Sandstorm
|-damage|p1a: Gengar|23/100|[from] Sandstorm
|-heal|p2a: Dave|100/100|[from] item: Leftovers
|-heal|p1a: Gengar|29/100|[from] item: Leftovers
|upkeep
|turn|7
|
|t:|1729022230
|move|p2a: Dave|Protect|p2a: Dave
|-singleturn|p2a: Dave|Protect
|move|p1a: Gengar|Thunderbolt|p2a: Dave
|-activate|p2a: Dave|Protect
|
|-weather|Sandstorm|[upkeep]
|-damage|p2a: Dave|94/100|[from] Sandstorm
|-damage|p1a: Gengar|23/100|[from] Sandstorm
|-heal|p2a: Dave|100/100|[from] item: Leftovers
|-heal|p1a: Gengar|29/100|[from] item: Leftovers
|upkeep
|turn|8
|
|t:|1729022239
|switch|p2a: Kevin|Gengar, F, shiny|100/100
|move|p1a: Gengar|Giga Drain|p2a: Kevin
|-resisted|p2a: Kevin
|-crit|p2a: Kevin
|-damage|p2a: Kevin|77/100
|-heal|p1a: Gengar|42/100|[from] drain|[of] p2a: Kevin
|
|-weather|Sandstorm|[upkeep]
|-damage|p2a: Kevin|71/100|[from] Sandstorm
|-damage|p1a: Gengar|36/100|[from] Sandstorm
|-heal|p2a: Kevin|77/100|[from] item: Leftovers
|-heal|p1a: Gengar|42/100|[from] item: Leftovers
|upkeep
|turn|9
|
|t:|1729022254
|switch|p1a: Zapdos|Zapdos|100/100
|move|p2a: Kevin|Thunderbolt|p1a: Zapdos
|-damage|p1a: Zapdos|75/100
|
|-weather|Sandstorm|[upkeep]
|-damage|p2a: Kevin|71/100|[from] Sandstorm
|-damage|p1a: Zapdos|69/100|[from] Sandstorm
|-heal|p2a: Kevin|77/100|[from] item: Leftovers
|-heal|p1a: Zapdos|75/100|[from] item: Leftovers
|upkeep
|turn|10
|
|t:|1729022266
|move|p2a: Kevin|Ice Punch|p1a: Zapdos
|-supereffective|p1a: Zapdos
|-damage|p1a: Zapdos|36/100
|-status|p1a: Zapdos|frz
|-curestatus|p1a: Zapdos|frz|[msg]
|move|p1a: Zapdos|Hidden Power|p2a: Kevin
|-damage|p2a: Kevin|53/100
|
|-weather|Sandstorm|[upkeep]
|-damage|p2a: Kevin|47/100|[from] Sandstorm
|-damage|p1a: Zapdos|29/100|[from] Sandstorm
|-heal|p2a: Kevin|53/100|[from] item: Leftovers
|-heal|p1a: Zapdos|36/100|[from] item: Leftovers
|upkeep
|turn|11
|
|t:|1729022283
|move|p2a: Kevin|Will-O-Wisp|p1a: Zapdos|[miss]
|-miss|p2a: Kevin|p1a: Zapdos
|move|p1a: Zapdos|Thunderbolt|p2a: Kevin
|-damage|p2a: Kevin|3/100
|
|-weather|Sandstorm|[upkeep]
|-damage|p2a: Kevin|0 fnt|[from] Sandstorm
|-damage|p1a: Zapdos|29/100|[from] Sandstorm
|faint|p2a: Kevin
|-heal|p1a: Zapdos|36/100|[from] item: Leftovers
|upkeep
|inactive|mwah_bang has 270 seconds left.
|
|t:|1729022309
|switch|p2a: Steve|Jirachi, shiny|100/100
|-damage|p2a: Steve|88/100|[from] Spikes
|turn|12
|inactive|mwah_bang has 270 seconds left.
|
|t:|1729022315
|move|p1a: Zapdos|Protect|p1a: Zapdos
|-singleturn|p1a: Zapdos|Protect
|move|p2a: Steve|Calm Mind|p2a: Steve
|-boost|p2a: Steve|spa|1
|-boost|p2a: Steve|spd|1
|
|-weather|Sandstorm|[upkeep]
|-damage|p1a: Zapdos|29/100|[from] Sandstorm
|-heal|p1a: Zapdos|36/100|[from] item: Leftovers
|-heal|p2a: Steve|94/100|[from] item: Leftovers
|upkeep
|turn|13
|
|t:|1729022327
|move|p1a: Zapdos|Thunderbolt|p2a: Steve
|-damage|p2a: Steve|69/100
|move|p2a: Steve|Substitute|p2a: Steve
|-start|p2a: Steve|Substitute
|-damage|p2a: Steve|44/100
|
|-weather|Sandstorm|[upkeep]
|-damage|p1a: Zapdos|29/100|[from] Sandstorm
|-heal|p1a: Zapdos|36/100|[from] item: Leftovers
|-heal|p2a: Steve|50/100|[from] item: Leftovers
|upkeep
|turn|14
|
|t:|1729022336
|move|p1a: Zapdos|Thunderbolt|p2a: Steve
|-end|p2a: Steve|Substitute
|move|p2a: Steve|Calm Mind|p2a: Steve
|-boost|p2a: Steve|spa|1
|-boost|p2a: Steve|spd|1
|
|-weather|Sandstorm|[upkeep]
|-damage|p1a: Zapdos|29/100|[from] Sandstorm
|-heal|p1a: Zapdos|36/100|[from] item: Leftovers
|-heal|p2a: Steve|56/100|[from] item: Leftovers
|upkeep
|turn|15
|
|t:|1729022348
|switch|p1a: Skarmory|Skarmory, F|100/100
|move|p2a: Steve|Calm Mind|p2a: Steve
|-boost|p2a: Steve|spa|1
|-boost|p2a: Steve|spd|1
|
|-weather|Sandstorm|[upkeep]
|-heal|p2a: Steve|62/100|[from] item: Leftovers
|upkeep
|turn|16
|
|t:|1729022355
|move|p2a: Steve|Thunderbolt|p1a: Skarmory
|-supereffective|p1a: Skarmory
|-damage|p1a: Skarmory|0 fnt
|faint|p1a: Skarmory
|
|t:|1729022361
|switch|p1a: Aerodactyl|Aerodactyl, M|100/100
|
|-weather|Sandstorm|[upkeep]
|-heal|p2a: Steve|69/100|[from] item: Leftovers
|upkeep
|turn|17
|
|t:|1729022369
|switch|p2a: Brian|Skarmory, F|100/100
|move|p1a: Aerodactyl|Earthquake|p2a: Brian
|-immune|p2a: Brian
|
|-weather|Sandstorm|[upkeep]
|upkeep
|turn|18
|
|t:|1729022377
|switch|p1a: Gengar|Gengar, F|42/100
|move|p2a: Brian|Spikes|p1a: Gengar
|-sidestart|p1: Glick666|Spikes
|
|-weather|Sandstorm|[upkeep]
|-damage|p1a: Gengar|36/100|[from] Sandstorm
|-heal|p1a: Gengar|42/100|[from] item: Leftovers
|upkeep
|turn|19
|
|t:|1729022389
|switch|p2a: Fred|Flygon, F|100/100
|move|p1a: Gengar|Will-O-Wisp|p2a: Fred
|-status|p2a: Fred|brn
|
|-weather|Sandstorm|[upkeep]
|-damage|p1a: Gengar|36/100|[from] Sandstorm
|-heal|p1a: Gengar|42/100|[from] item: Leftovers
|-damage|p2a: Fred|88/100 brn|[from] brn
|upkeep
|turn|20
|
|t:|1729022405
|switch|p1a: Swampert|Swampert, F|100/100
|-damage|p1a: Swampert|88/100|[from] Spikes
|move|p2a: Fred|Rock Slide|p1a: Swampert
|-resisted|p1a: Swampert
|-damage|p1a: Swampert|85/100
|
|-weather|Sandstorm|[upkeep]
|-heal|p2a: Fred|94/100 brn|[from] item: Leftovers
|-damage|p2a: Fred|82/100 brn|[from] brn
|-heal|p1a: Swampert|91/100|[from] item: Leftovers
|upkeep
|turn|21
|
|t:|1729022416
|move|p2a: Fred|Toxic|p1a: Swampert
|-status|p1a: Swampert|tox
|move|p1a: Swampert|Surf|p2a: Fred
|-damage|p2a: Fred|49/100 brn
|
|-weather|Sandstorm|[upkeep]
|-heal|p2a: Fred|55/100 brn|[from] item: Leftovers
|-damage|p2a: Fred|43/100 brn|[from] brn
|-heal|p1a: Swampert|97/100 tox|[from] item: Leftovers
|-damage|p1a: Swampert|91/100 tox|[from] psn
|upkeep
|turn|22
|
|t:|1729022426
|switch|p2a: Brian|Skarmory, F|100/100
|move|p1a: Swampert|Refresh|p1a: Swampert
|-curestatus|p1a: Swampert|tox|[msg]
|
|-weather|Sandstorm|[upkeep]
|-heal|p1a: Swampert|97/100|[from] item: Leftovers
|upkeep
|turn|23
|
|t:|1729022433
|move|p2a: Brian|Spikes|p1a: Swampert
|-sidestart|p1: Glick666|Spikes
|move|p1a: Swampert|Surf|p2a: Brian
|-damage|p2a: Brian|76/100
|
|-weather|Sandstorm|[upkeep]
|-heal|p2a: Brian|82/100|[from] item: Leftovers
|-heal|p1a: Swampert|100/100|[from] item: Leftovers
|upkeep
|turn|24
|
|t:|1729022441
|move|p2a: Brian|Spikes|p1a: Swampert
|-sidestart|p1: Glick666|Spikes
|move|p1a: Swampert|Surf|p2a: Brian
|-damage|p2a: Brian|58/100
|
|-weather|Sandstorm|[upkeep]
|-heal|p2a: Brian|64/100|[from] item: Leftovers
|upkeep
|turn|25
|
|t:|1729022448
|move|p2a: Brian|Toxic|p1a: Swampert
|-status|p1a: Swampert|tox
|move|p1a: Swampert|Surf|p2a: Brian
|-damage|p2a: Brian|39/100
|
|-weather|Sandstorm|[upkeep]
|-heal|p2a: Brian|45/100|[from] item: Leftovers
|-damage|p1a: Swampert|94/100 tox|[from] psn
|upkeep
|turn|26
|
|t:|1729022456
|switch|p2a: Steve|Jirachi, shiny|69/100
|-damage|p2a: Steve|56/100|[from] Spikes
|move|p1a: Swampert|Surf|p2a: Steve
|-damage|p2a: Steve|31/100
|
|-weather|Sandstorm|[upkeep]
|-heal|p2a: Steve|37/100|[from] item: Leftovers
|-heal|p1a: Swampert|100/100 tox|[from] item: Leftovers
|-damage|p1a: Swampert|88/100 tox|[from] psn
|upkeep
|turn|27
|
|t:|1729022477
|switch|p1a: Aerodactyl|Aerodactyl, M|100/100
|move|p2a: Steve|Calm Mind|p2a: Steve
|-boost|p2a: Steve|spa|1
|-boost|p2a: Steve|spd|1
|
|-weather|Sandstorm|[upkeep]
|-heal|p2a: Steve|44/100|[from] item: Leftovers
|upkeep
|turn|28
|inactive|Glick666 has 270 seconds left.
|
|t:|1729022503
|switch|p2a: Fred|Flygon, F|43/100 brn
|move|p1a: Aerodactyl|Earthquake|p2a: Fred
|-immune|p2a: Fred
|
|-weather|Sandstorm|[upkeep]
|-heal|p2a: Fred|49/100 brn|[from] item: Leftovers
|-damage|p2a: Fred|37/100 brn|[from] brn
|upkeep
|turn|29
|
|t:|1729022516
|switch|p1a: Swampert|Swampert, F|88/100 tox
|-damage|p1a: Swampert|63/100 tox|[from] Spikes
|switch|p2a: Dave|Moltres|100/100
|
|-weather|Sandstorm|[upkeep]
|-damage|p2a: Dave|94/100|[from] Sandstorm
|-heal|p2a: Dave|100/100|[from] item: Leftovers
|-heal|p1a: Swampert|69/100 tox|[from] item: Leftovers
|-damage|p1a: Swampert|63/100 tox|[from] psn
|upkeep
|turn|30
|
|t:|1729022528
|switch|p1a: Tyranitar|Tyranitar, M|22/100
|-damage|p1a: Tyranitar|0 fnt|[from] Spikes
|faint|p1a: Tyranitar
|
|t:|1729022534
|switch|p1a: Aerodactyl|Aerodactyl, M|100/100
|
|-weather|Sandstorm|[upkeep]
|-damage|p2a: Dave|94/100|[from] Sandstorm
|-heal|p2a: Dave|100/100|[from] item: Leftovers
|upkeep
|turn|31
|
|t:|1729022539
|move|p2a: Dave|Protect|p2a: Dave
|-singleturn|p2a: Dave|Protect
|move|p1a: Aerodactyl|Rock Slide|p2a: Dave
|-activate|p2a: Dave|Protect
|
|-weather|Sandstorm|[upkeep]
|-damage|p2a: Dave|94/100|[from] Sandstorm
|-heal|p2a: Dave|100/100|[from] item: Leftovers
|upkeep
|turn|32
|
|t:|1729022556
|switch|p2a: Peter|Tyranitar, F|50/100
|-damage|p2a: Peter|38/100|[from] Spikes
|move|p1a: Aerodactyl|Rock Slide|p2a: Peter|[miss]
|-miss|p1a: Aerodactyl|p2a: Peter
|
|-weather|Sandstorm|[upkeep]
|-heal|p2a: Peter|44/100|[from] item: Leftovers
|upkeep
|turn|33
|
|t:|1729022566
|switch|p1a: Gengar|Gengar, F|42/100
|move|p2a: Peter|Thunder Wave|p1a: Gengar
|-status|p1a: Gengar|par
|
|-weather|Sandstorm|[upkeep]
|-damage|p1a: Gengar|36/100 par|[from] Sandstorm
|-heal|p2a: Peter|50/100|[from] item: Leftovers
|-heal|p1a: Gengar|42/100 par|[from] item: Leftovers
|upkeep
|turn|34
|
|t:|1729022576
|move|p2a: Peter|Rock Slide|p1a: Gengar
|-damage|p1a: Gengar|0 fnt
|faint|p1a: Gengar
|
|t:|1729022585
|switch|p1a: Aerodactyl|Aerodactyl, M|100/100
|
|-weather|Sandstorm|[upkeep]
|-heal|p2a: Peter|56/100|[from] item: Leftovers
|upkeep
|turn|35
|
|t:|1729022591
|switch|p2a: Brian|Skarmory, F|45/100
|move|p1a: Aerodactyl|Rock Slide|p2a: Brian
|-damage|p2a: Brian|9/100
|
|-weather|Sandstorm|[upkeep]
|-heal|p2a: Brian|15/100|[from] item: Leftovers
|upkeep
|turn|36
|
|t:|1729022598
|move|p1a: Aerodactyl|Rock Slide|p2a: Brian
|-damage|p2a: Brian|0 fnt
|faint|p2a: Brian
|
|t:|1729022604
|switch|p2a: Fred|Flygon, F|37/100 brn
|
|-weather|Sandstorm|[upkeep]
|-heal|p2a: Fred|43/100 brn|[from] item: Leftovers
|-damage|p2a: Fred|30/100 brn|[from] brn
|upkeep
|turn|37
|
|t:|1729022615
|switch|p1a: Swampert|Swampert, F|63/100 tox
|-damage|p1a: Swampert|38/100 tox|[from] Spikes
|move|p2a: Fred|Toxic|p1a: Swampert
|-fail|p1a: Swampert|tox
|
|-weather|Sandstorm|[upkeep]
|-heal|p2a: Fred|36/100 brn|[from] item: Leftovers
|-damage|p2a: Fred|24/100 brn|[from] brn
|-heal|p1a: Swampert|44/100 tox|[from] item: Leftovers
|-damage|p1a: Swampert|38/100 tox|[from] psn
|upkeep
|turn|38
|
|t:|1729022626
|move|p2a: Fred|Earthquake|p1a: Swampert
|-damage|p1a: Swampert|25/100 tox
|move|p1a: Swampert|Refresh|p1a: Swampert
|-curestatus|p1a: Swampert|tox|[msg]
|
|-weather|Sandstorm|[upkeep]
|-heal|p2a: Fred|30/100 brn|[from] item: Leftovers
|-damage|p2a: Fred|18/100 brn|[from] brn
|-heal|p1a: Swampert|32/100|[from] item: Leftovers
|upkeep
|turn|39
|
|t:|1729022636
|move|p2a: Fred|Toxic|p1a: Swampert
|-status|p1a: Swampert|tox
|move|p1a: Swampert|Surf|p2a: Fred
|-damage|p2a: Fred|0 fnt
|faint|p2a: Fred
|
|t:|1729022643
|switch|p2a: Dave|Moltres|100/100
|
|-weather|Sandstorm|[upkeep]
|-damage|p2a: Dave|94/100|[from] Sandstorm
|-heal|p2a: Dave|100/100|[from] item: Leftovers
|-heal|p1a: Swampert|38/100 tox|[from] item: Leftovers
|-damage|p1a: Swampert|32/100 tox|[from] psn
|upkeep
|turn|40
|
|t:|1729022651
|move|p2a: Dave|Fire Blast|p1a: Swampert|[miss]
|-miss|p2a: Dave|p1a: Swampert
|move|p1a: Swampert|Surf|p2a: Dave
|-supereffective|p2a: Dave
|-damage|p2a: Dave|0 fnt
|faint|p2a: Dave
|
|t:|1729022658
|switch|p2a: Steve|Jirachi, shiny|44/100
|-damage|p2a: Steve|31/100|[from] Spikes
|
|-weather|Sandstorm|[upkeep]
|-heal|p2a: Steve|37/100|[from] item: Leftovers
|-heal|p1a: Swampert|38/100 tox|[from] item: Leftovers
|-damage|p1a: Swampert|25/100 tox|[from] psn
|upkeep
|turn|41
|
|t:|1729022676
|move|p2a: Steve|Substitute|p2a: Steve
|-start|p2a: Steve|Substitute
|-damage|p2a: Steve|12/100
|move|p1a: Swampert|Refresh|p1a: Swampert
|-curestatus|p1a: Swampert|tox|[msg]
|
|-weather|Sandstorm|[upkeep]
|-heal|p2a: Steve|19/100|[from] item: Leftovers
|-heal|p1a: Swampert|32/100|[from] item: Leftovers
|upkeep
|turn|42
|
|t:|1729022684
|move|p2a: Steve|Calm Mind|p2a: Steve
|-boost|p2a: Steve|spa|1
|-boost|p2a: Steve|spd|1
|move|p1a: Swampert|Surf|p2a: Steve
|-activate|p2a: Steve|Substitute|[damage]
|
|-weather|Sandstorm|[upkeep]
|-heal|p2a: Steve|25/100|[from] item: Leftovers
|-heal|p1a: Swampert|38/100|[from] item: Leftovers
|upkeep
|turn|43
|
|t:|1729022693
|move|p2a: Steve|Calm Mind|p2a: Steve
|-boost|p2a: Steve|spa|1
|-boost|p2a: Steve|spd|1
|move|p1a: Swampert|Surf|p2a: Steve
|-end|p2a: Steve|Substitute
|
|-weather|Sandstorm|[upkeep]
|-heal|p2a: Steve|31/100|[from] item: Leftovers
|-heal|p1a: Swampert|44/100|[from] item: Leftovers
|upkeep
|turn|44
|
|t:|1729022705
|move|p2a: Steve|Substitute|p2a: Steve
|-start|p2a: Steve|Substitute
|-damage|p2a: Steve|6/100
|move|p1a: Swampert|Surf|p2a: Steve
|-crit|p2a: Steve
|-end|p2a: Steve|Substitute
|
|-weather|Sandstorm|[upkeep]
|-heal|p2a: Steve|12/100|[from] item: Leftovers
|-heal|p1a: Swampert|50/100|[from] item: Leftovers
|upkeep
|turn|45
|
|t:|1729022715
|move|p2a: Steve|Calm Mind|p2a: Steve
|-boost|p2a: Steve|spa|1
|-boost|p2a: Steve|spd|1
|move|p1a: Swampert|Surf|p2a: Steve
|-damage|p2a: Steve|2/100
|
|-weather|Sandstorm|[upkeep]
|-heal|p2a: Steve|8/100|[from] item: Leftovers
|-heal|p1a: Swampert|56/100|[from] item: Leftovers
|upkeep
|turn|46
|
|t:|1729022724
|move|p2a: Steve|Ice Punch|p1a: Swampert
|-damage|p1a: Swampert|11/100
|move|p1a: Swampert|Surf|p2a: Steve
|-damage|p2a: Steve|0 fnt
|faint|p2a: Steve
|c|☆mwah_bang|welp
|c|☆mwah_bang|gg
|
|t:|1729022732
|switch|p2a: Peter|Tyranitar, F|56/100
|-damage|p2a: Peter|44/100|[from] Spikes
|
|-weather|Sandstorm|[upkeep]
|-heal|p2a: Peter|50/100|[from] item: Leftovers
|-heal|p1a: Swampert|17/100|[from] item: Leftovers
|upkeep
|turn|47
|
|t:|1729022738
|move|p2a: Peter|Earthquake|p1a: Swampert
|-damage|p1a: Swampert|0 fnt
|faint|p1a: Swampert
|
|t:|1729022742
|switch|p1a: Aerodactyl|Aerodactyl, M|100/100
|
|-weather|Sandstorm|[upkeep]
|-heal|p2a: Peter|56/100|[from] item: Leftovers
|upkeep
|turn|48
|
|t:|1729022746
|move|p1a: Aerodactyl|Earthquake|p2a: Peter
|-supereffective|p2a: Peter
|-damage|p2a: Peter|0 fnt
|faint|p2a: Peter
|
|win|Glick666
|c|☆Glick666|gg
|c|☆mwah_bang|u got the replays?

</script>
<script type="application/json" class="data" id="replaydata-smogtours-gen3ou-798991">
{"id":"smogtours-gen3ou-798991","format":"[Gen 3] OU","players":["Glick666","mwah_bang"],"uploadtime":1729022746,"views":103,"formatid":"gen3ou","rating":null,"private":0,"password":null}
</script>

<script defer src="js/replays.js?9d40a366"></script>
