<!DOCTYPE html>
<meta charset="utf-8" />
<meta name="viewport" content="width=device-width" />

<title>[Gen 3] OU: TyCarter vs. resen65 - Replays - Pok&eacute;mon Showdown!</title>

<meta name="description" content="Watch a replay of a Pok&eacute;mon battle between TyCarter and resen65! Format: [Gen 3] OU; Date: Oct 14, 2024" />
<!--

Hey, you! Looking in the source for the replay log?

You can find them in JSON format, just add `.json` at the end of a replay URL.

https://replay.pokemonshowdown.com/gen7randomdoublesbattle-865046831.json

Or, if you only need the log itself, add `.log` instead:

https://replay.pokemonshowdown.com/gen7randomdoublesbattle-865046831.log

-->

<link rel="stylesheet" href="//pokemonshowdown.com/style/global.css?0.023195364461161105" />
<link rel="stylesheet" href="//play.pokemonshowdown.com/style/font-awesome.css?0.13261647063804238" />
<link rel="stylesheet" href="//play.pokemonshowdown.com/style/battle.css?0.8753245789963631" />
<link rel="stylesheet" href="//play.pokemonshowdown.com/style/utilichart.css?0.8627959624976733" />

<!-- Global site tag (gtag.js) - Google Analytics -->
<script async src="https://www.googletagmanager.com/gtag/js?id=UA-26211653-1"></script>
<script>
  window.dataLayer = window.dataLayer || [];
  function gtag(){dataLayer.push(arguments);}
  gtag('js', new Date());

  gtag('config', 'UA-26211653-1');
</script>
<!-- End Google Analytics -->
<!-- Venatus Ad Manager - Install in <HEAD> of page -->
	<script src="https://hb.vntsm.com/v3/live/ad-manager.min.js" type="text/javascript" data-site-id="642aba63ec9a7b11c3c9c1be" data-mode="scan" async></script>
<!-- / Venatus Ad Manager -->

<style>
	@media (max-width:820px) {
		.battle {
			margin: 0 auto;
		}
		.battle-log {
			margin: 7px auto 0;
			max-width: 640px;
			height: 300px;
			position: static;
		}
	}
	.optgroup {
		display: inline-block;
		line-height: 22px;
		font-size: 10pt;
	}
	.optgroup .button {
		height: 25px;
		padding-top: 0;
		padding-bottom: 0;
	}
	.optgroup button.button {
		padding-left: 12px;
		padding-right: 12px;
	}
	.linklist {
		list-style: none;
		margin: 0.5em 0;
		padding: 0;
	}
	.linklist li {
		padding: 2px 0;
	}
	.sidebar {
		float: left;
		width: 320px;
	}
	.bar-wrapper {
		max-width: 1100px;
		margin: 0 auto;
	}
	.bar-wrapper.has-sidebar {
		max-width: 1430px;
	}
	.mainbar {
		margin: 0;
		padding-right: 1px;
	}
	.mainbar.has-sidebar {
		margin-left: 330px;
	}
	@media (min-width: 1511px) {
		.sidebar {
			width: 400px;
		}
		.bar-wrapper.has-sidebar {
			max-width: 1510px;
		}
		.mainbar.has-sidebar {
			margin-left: 410px;
		}
	}
	.section.first-section {
		margin-top: 9px;
	}
	.blocklink small {
		white-space: normal;
	}
	.button {
		vertical-align: middle;
	}
	.replay-controls {
		padding-top: 10px;
	}
	.replay-controls h1 {
		font-size: 16pt;
		font-weight: normal;
		color: #CCC;
	}
	.pagelink {
		text-align: center;
	}
	.pagelink a {
		width: 150px;
	}
	.textbox, .button {
		font-size: 11pt;
		vertical-align: middle;
	}
	@media (max-width: 450px) {
		.button {
			font-size: 9pt;
		}
	}
</style>

<div>

	<header>
		<div class="nav-wrapper"><ul class="nav">
			<li><a class="button nav-first" href="//pokemonshowdown.com/"><img src="//pokemonshowdown.com/images/pokemonshowdownbeta.png" srcset="//pokemonshowdown.com/images/pokemonshowdownbeta.png 1x, //pokemonshowdown.com/images/pokemonshowdownbeta@2x.png 2x" alt="Pok&eacute;mon Showdown" width="146" height="44" /> Home</a></li>
			<li><a class="button" href="//pokemonshowdown.com/dex/">Pok&eacute;dex</a></li>
			<li><a class="button cur" href="/">Replays</a></li>
			<li><a class="button" href="//pokemonshowdown.com/ladder/">Ladder</a></li>
			<li><a class="button nav-last" href="//pokemonshowdown.com/forums/">Forum</a></li>
			<li><a class="button greenbutton nav-first nav-last" href="//play.pokemonshowdown.com/">Play</a></li>
		</ul></div>
	</header>

	<div class="main" id="main">

		<noscript><section class="section">You need to enable JavaScript to use this page; sorry!</section></noscript>

	</div>

</div>

<script defer nomodule src="//play.pokemonshowdown.com/js/lib/ps-polyfill.js"></script>
<script defer src="//play.pokemonshowdown.com/js/lib/preact.min.js"></script>

<script defer src="//play.pokemonshowdown.com/config/config.js?2bddbc15"></script>
<script defer src="//play.pokemonshowdown.com/js/lib/jquery-1.11.0.min.js"></script>
<script defer src="//play.pokemonshowdown.com/js/lib/html-sanitizer-minified.js"></script>
<script defer src="//play.pokemonshowdown.com/js/battle-sound.js"></script>
<script defer src="//play.pokemonshowdown.com/js/battledata.js?0.7209276989879541"></script>
<script defer src="//play.pokemonshowdown.com/data/pokedex-mini.js?0.6111056340867951"></script>
<script defer src="//play.pokemonshowdown.com/data/pokedex-mini-bw.js?0.3532142036491459"></script>
<script defer src="//play.pokemonshowdown.com/data/graphics.js?0.24223875632456182"></script>
<script defer src="//play.pokemonshowdown.com/data/pokedex.js?0.38839984266356864"></script>
<script defer src="//play.pokemonshowdown.com/data/moves.js?0.21866028504024015"></script>
<script defer src="//play.pokemonshowdown.com/data/abilities.js?0.2005157953846628"></script>
<script defer src="//play.pokemonshowdown.com/data/items.js?0.9894211263848525"></script>
<script defer src="//play.pokemonshowdown.com/data/teambuilder-tables.js?0.6008791140282215"></script>
<script defer src="//play.pokemonshowdown.com/js/battle-tooltips.js?0.7580118955022959"></script>
<script defer src="//play.pokemonshowdown.com/js/battle.js?0.6057722274234274"></script>

<script defer src="js/utils.js?e31f9a17"></script>
<script defer src="js/replays-battle.js?7008c182"></script>

<!-- don't scrape this data! just add .json or .log after the URL!
Full API docs: https://github.com/smogon/pokemon-showdown-client/blob/master/WEB-API.md -->
<script type="text/plain" class="log" id="replaylog-smogtours-gen3ou-798597">
|inactive|Battle timer is ON: inactive players will automatically lose when time's up.
|t:|1728874841
|gametype|singles
|player|p1|TyCarter|#ptplvjirachis|
|player|p2|resen65|101|
|teamsize|p1|6
|teamsize|p2|6
|gen|3
|tier|[Gen 3] OU
|rule|Sleep Clause Mod: Limit one foe put to sleep
|rule|Switch Priority Clause Mod: Faster Pokémon switch first
|rule|Species Clause: Limit one of each Pokémon
|rule|OHKO Clause: OHKO moves are banned
|rule|Evasion Items Clause: Evasion items are banned
|rule|Evasion Moves Clause: Evasion moves are banned
|rule|Endless Battle Clause: Forcing endless battles is banned
|rule|HP Percentage Mod: HP is shown in percentages
|rule|One Boost Passer Clause: Limit one Baton Passer that has a way to boost its stats
|rule|Freeze Clause Mod: Limit one foe frozen
|
|t:|1728874841
|start
|switch|p1a: Salamence|Salamence, M|100/100
|switch|p2a: Metagross|Metagross|100/100
|-ability|p1a: Salamence|Intimidate|boost
|-fail|p2a: Metagross|unboost|[from] ability: Clear Body|[of] p2a: Metagross
|turn|1
|c|☆TyCarter|hf
|c|☆resen65|glhf!
|inactive|TyCarter has 270 seconds left.
|
|t:|1728874884
|switch|p1a: Jirachi|Jirachi|100/100
|switch|p2a: Gyarados|Gyarados, F|100/100
|-ability|p2a: Gyarados|Intimidate|boost
|-unboost|p1a: Jirachi|atk|1
|
|upkeep
|turn|2
|
|t:|1728874908
|move|p2a: Gyarados|Substitute|p2a: Gyarados
|-start|p2a: Gyarados|Substitute
|-damage|p2a: Gyarados|76/100
|move|p1a: Jirachi|Toxic||[still]
|-fail|p1a: Jirachi
|
|-heal|p2a: Gyarados|82/100|[from] item: Leftovers
|upkeep
|turn|3
|
|t:|1728874918
|switch|p1a: Snorlax|Snorlax, F|100/100
|move|p2a: Gyarados|Dragon Dance|p2a: Gyarados
|-boost|p2a: Gyarados|atk|1
|-boost|p2a: Gyarados|spe|1
|
|-heal|p2a: Gyarados|88/100|[from] item: Leftovers
|upkeep
|turn|4
|
|t:|1728874926
|move|p2a: Gyarados|Hidden Power|p1a: Snorlax
|-damage|p1a: Snorlax|47/100
|move|p1a: Snorlax|Body Slam|p2a: Gyarados
|-end|p2a: Gyarados|Substitute
|
|-heal|p2a: Gyarados|94/100|[from] item: Leftovers
|-heal|p1a: Snorlax|53/100|[from] item: Leftovers
|upkeep
|turn|5
|
|t:|1728874946
|switch|p1a: Tyranitar|Tyranitar, F|100/100
|-weather|Sandstorm|[from] ability: Sand Stream|[of] p1a: Tyranitar
|move|p2a: Gyarados|Hidden Power|p1a: Tyranitar
|-resisted|p1a: Tyranitar
|-damage|p1a: Tyranitar|80/100
|
|-weather|Sandstorm|[upkeep]
|-damage|p2a: Gyarados|88/100|[from] Sandstorm
|-heal|p2a: Gyarados|94/100|[from] item: Leftovers
|-heal|p1a: Tyranitar|86/100|[from] item: Leftovers
|upkeep
|turn|6
|inactive|TyCarter has 270 seconds left.
|inactive|resen65 has 270 seconds left.
|inactive|TyCarter has 240 seconds left.
|
|t:|1728875000
|switch|p2a: Metagross|Metagross|100/100
|switch|p1a: Salamence|Salamence, M|100/100
|-ability|p1a: Salamence|Intimidate|boost
|-fail|p2a: Metagross|unboost|[from] ability: Clear Body|[of] p2a: Metagross
|
|-weather|Sandstorm|[upkeep]
|-damage|p1a: Salamence|94/100|[from] Sandstorm
|-heal|p1a: Salamence|100/100|[from] item: Leftovers
|upkeep
|turn|7
|inactive|TyCarter has 240 seconds left.
|inactive|resen65 has 240 seconds left.
|
|t:|1728875025
|switch|p2a: Snorlax|Snorlax, F|100/100
|move|p1a: Salamence|Fire Blast|p2a: Snorlax
|-damage|p2a: Snorlax|79/100
|
|-weather|Sandstorm|[upkeep]
|-damage|p1a: Salamence|94/100|[from] Sandstorm
|-damage|p2a: Snorlax|72/100|[from] Sandstorm
|-heal|p1a: Salamence|100/100|[from] item: Leftovers
|-heal|p2a: Snorlax|79/100|[from] item: Leftovers
|upkeep
|turn|8
|inactive|TyCarter has 240 seconds left.
|inactive|resen65 has 240 seconds left.
|
|t:|1728875040
|switch|p1a: Jirachi|Jirachi|100/100
|switch|p2a: Gyarados|Gyarados, F|94/100
|-ability|p2a: Gyarados|Intimidate|boost
|-unboost|p1a: Jirachi|atk|1
|
|-weather|Sandstorm|[upkeep]
|-damage|p2a: Gyarados|88/100|[from] Sandstorm
|-heal|p2a: Gyarados|94/100|[from] item: Leftovers
|upkeep
|turn|9
|inactive|TyCarter has 240 seconds left.
|
|t:|1728875051
|switch|p1a: Salamence|Salamence, M|100/100
|-ability|p1a: Salamence|Intimidate|boost
|-unboost|p2a: Gyarados|atk|1
|move|p2a: Gyarados|Substitute|p2a: Gyarados
|-start|p2a: Gyarados|Substitute
|-damage|p2a: Gyarados|69/100
|
|-weather|Sandstorm|[upkeep]
|-damage|p1a: Salamence|94/100|[from] Sandstorm
|-damage|p2a: Gyarados|63/100|[from] Sandstorm
|-heal|p1a: Salamence|100/100|[from] item: Leftovers
|-heal|p2a: Gyarados|69/100|[from] item: Leftovers
|upkeep
|turn|10
|
|t:|1728875056
|move|p1a: Salamence|Dragon Claw|p2a: Gyarados
|-end|p2a: Gyarados|Substitute
|move|p2a: Gyarados|Hidden Power|p1a: Salamence
|-damage|p1a: Salamence|72/100
|
|-weather|Sandstorm|[upkeep]
|-damage|p1a: Salamence|66/100|[from] Sandstorm
|-damage|p2a: Gyarados|63/100|[from] Sandstorm
|-heal|p1a: Salamence|72/100|[from] item: Leftovers
|-heal|p2a: Gyarados|69/100|[from] item: Leftovers
|upkeep
|turn|11
|inactive|resen65 has 240 seconds left.
|inactive|TyCarter has 240 seconds left.
|inactive|resen65 has 210 seconds left.
|
|t:|1728875119
|switch|p2a: Snorlax|Snorlax, F|79/100
|move|p1a: Salamence|Dragon Claw|p2a: Snorlax
|-damage|p2a: Snorlax|56/100
|
|-weather|Sandstorm|[upkeep]
|-damage|p1a: Salamence|66/100|[from] Sandstorm
|-damage|p2a: Snorlax|50/100|[from] Sandstorm
|-heal|p1a: Salamence|72/100|[from] item: Leftovers
|-heal|p2a: Snorlax|56/100|[from] item: Leftovers
|upkeep
|turn|12
|inactive|resen65 has 210 seconds left.
|inactive|TyCarter has 210 seconds left.
|inactive|resen65 has 180 seconds left.
|
|t:|1728875175
|switch|p1a: Jirachi|Jirachi|100/100
|move|p2a: Snorlax|Self-Destruct|p1a: Jirachi
|-resisted|p1a: Jirachi
|-damage|p1a: Jirachi|32/100
|faint|p2a: Snorlax
|
|t:|1728875189
|switch|p2a: Celebi|Celebi|100/100
|
|-weather|Sandstorm|[upkeep]
|-damage|p2a: Celebi|94/100|[from] Sandstorm
|-heal|p2a: Celebi|100/100|[from] item: Leftovers
|-heal|p1a: Jirachi|38/100|[from] item: Leftovers
|upkeep
|turn|13
|inactive|TyCarter has 210 seconds left.
|
|t:|1728875199
|switch|p1a: Snorlax|Snorlax, F|53/100
|move|p2a: Celebi|Swords Dance|p2a: Celebi
|-boost|p2a: Celebi|atk|2
|
|-weather|Sandstorm|[upkeep]
|-damage|p2a: Celebi|94/100|[from] Sandstorm
|-damage|p1a: Snorlax|47/100|[from] Sandstorm
|-heal|p2a: Celebi|100/100|[from] item: Leftovers
|-heal|p1a: Snorlax|53/100|[from] item: Leftovers
|upkeep
|turn|14
|
|t:|1728875209
|move|p2a: Celebi|Hidden Power|p1a: Snorlax
|-supereffective|p1a: Snorlax
|-damage|p1a: Snorlax|0 fnt
|faint|p1a: Snorlax
|
|t:|1728875214
|switch|p1a: Salamence|Salamence, M|72/100
|-ability|p1a: Salamence|Intimidate|boost
|-unboost|p2a: Celebi|atk|1
|
|-weather|Sandstorm|[upkeep]
|-damage|p1a: Salamence|66/100|[from] Sandstorm
|-damage|p2a: Celebi|94/100|[from] Sandstorm
|-heal|p1a: Salamence|72/100|[from] item: Leftovers
|-heal|p2a: Celebi|100/100|[from] item: Leftovers
|upkeep
|turn|15
|inactive|resen65 has 180 seconds left.
|inactive|TyCarter has 210 seconds left.
|inactive|resen65 has 150 seconds left.
|
|t:|1728875266
|move|p1a: Salamence|Fire Blast|p2a: Celebi
|-supereffective|p2a: Celebi
|-damage|p2a: Celebi|30/100
|move|p2a: Celebi|Baton Pass|p2a: Celebi
|
|t:|1728875278
|switch|p2a: Metagross|Metagross|100/100|[from] Baton Pass
|
|-weather|Sandstorm|[upkeep]
|-damage|p1a: Salamence|66/100|[from] Sandstorm
|-heal|p1a: Salamence|72/100|[from] item: Leftovers
|upkeep
|turn|16
|inactive|TyCarter has 210 seconds left.
|
|t:|1728875289
|switch|p1a: Suicune|Suicune|100/100
|move|p2a: Metagross|Endure||[still]
|-fail|p2a: Metagross
|
|-weather|Sandstorm|[upkeep]
|-damage|p1a: Suicune|94/100|[from] Sandstorm
|-heal|p1a: Suicune|100/100|[from] item: Leftovers
|upkeep
|turn|17
|
|t:|1728875294
|move|p2a: Metagross|Earthquake|p1a: Suicune
|-damage|p1a: Suicune|70/100
|move|p1a: Suicune|Surf|p2a: Metagross
|-damage|p2a: Metagross|63/100
|
|-weather|Sandstorm|[upkeep]
|-damage|p1a: Suicune|63/100|[from] Sandstorm
|-heal|p1a: Suicune|70/100|[from] item: Leftovers
|upkeep
|turn|18
|
|t:|1728875301
|move|p2a: Metagross|Earthquake|p1a: Suicune
|-damage|p1a: Suicune|40/100
|move|p1a: Suicune|Surf|p2a: Metagross
|-damage|p2a: Metagross|26/100
|
|-weather|Sandstorm|[upkeep]
|-damage|p1a: Suicune|34/100|[from] Sandstorm
|-heal|p1a: Suicune|40/100|[from] item: Leftovers
|upkeep
|turn|19
|inactive|resen65 has 150 seconds left.
|
|t:|1728875310
|move|p2a: Metagross|Explosion|p1a: Suicune
|-damage|p1a: Suicune|0 fnt
|faint|p2a: Metagross
|faint|p1a: Suicune
|inactive|TyCarter has 240 seconds left.
|inactive|resen65 has 150 seconds left.
|
|t:|1728875339
|switch|p2a: Gyarados|Gyarados, F|69/100
|switch|p1a: Salamence|Salamence, M|72/100
|-ability|p1a: Salamence|Intimidate|boost
|-unboost|p2a: Gyarados|atk|1
|-ability|p2a: Gyarados|Intimidate|boost
|-unboost|p1a: Salamence|atk|1
|
|-weather|Sandstorm|[upkeep]
|-damage|p1a: Salamence|66/100|[from] Sandstorm
|-damage|p2a: Gyarados|63/100|[from] Sandstorm
|-heal|p1a: Salamence|72/100|[from] item: Leftovers
|-heal|p2a: Gyarados|69/100|[from] item: Leftovers
|upkeep
|turn|20
|
|t:|1728875356
|switch|p2a: Magneton|Magneton|100/100
|move|p1a: Salamence|Dragon Claw|p2a: Magneton
|-resisted|p2a: Magneton
|-damage|p2a: Magneton|65/100
|
|-weather|Sandstorm|[upkeep]
|-damage|p1a: Salamence|66/100|[from] Sandstorm
|-heal|p1a: Salamence|72/100|[from] item: Leftovers
|upkeep
|turn|21
|
|t:|1728875373
|move|p1a: Salamence|Fire Blast|p2a: Magneton
|-supereffective|p2a: Magneton
|-crit|p2a: Magneton
|-damage|p2a: Magneton|0 fnt
|faint|p2a: Magneton
|
|t:|1728875380
|switch|p2a: Gyarados|Gyarados, F|69/100
|-ability|p2a: Gyarados|Intimidate|boost
|-unboost|p1a: Salamence|atk|1
|
|-weather|Sandstorm|[upkeep]
|-damage|p1a: Salamence|66/100|[from] Sandstorm
|-damage|p2a: Gyarados|63/100|[from] Sandstorm
|-heal|p1a: Salamence|72/100|[from] item: Leftovers
|-heal|p2a: Gyarados|69/100|[from] item: Leftovers
|upkeep
|turn|22
|
|t:|1728875390
|move|p1a: Salamence|Dragon Claw|p2a: Gyarados
|-damage|p2a: Gyarados|31/100
|move|p2a: Gyarados|Dragon Dance|p2a: Gyarados
|-boost|p2a: Gyarados|atk|1
|-boost|p2a: Gyarados|spe|1
|
|-weather|Sandstorm|[upkeep]
|-damage|p2a: Gyarados|25/100|[from] Sandstorm
|-damage|p1a: Salamence|66/100|[from] Sandstorm
|-heal|p2a: Gyarados|31/100|[from] item: Leftovers
|-heal|p1a: Salamence|72/100|[from] item: Leftovers
|upkeep
|turn|23
|
|t:|1728875404
|switch|p1a: Jirachi|Jirachi|38/100
|move|p2a: Gyarados|Hidden Power|p1a: Jirachi
|-resisted|p1a: Jirachi
|-damage|p1a: Jirachi|19/100
|
|-weather|Sandstorm|[upkeep]
|-damage|p2a: Gyarados|25/100|[from] Sandstorm
|-heal|p2a: Gyarados|31/100|[from] item: Leftovers
|-heal|p1a: Jirachi|25/100|[from] item: Leftovers
|upkeep
|turn|24
|inactive|resen65 has 150 seconds left.
|inactive|TyCarter has 240 seconds left.
|inactive|resen65 has 120 seconds left.
|
|t:|1728875474
|switch|p1a: Claydol|Claydol|100/100
|move|p2a: Gyarados|Earthquake|p1a: Claydol
|-immune|p1a: Claydol
|
|-weather|Sandstorm|[upkeep]
|-damage|p2a: Gyarados|25/100|[from] Sandstorm
|-heal|p2a: Gyarados|31/100|[from] item: Leftovers
|upkeep
|turn|25
|
|t:|1728875491
|move|p2a: Gyarados|Hidden Power|p1a: Claydol
|-crit|p1a: Claydol
|-damage|p1a: Claydol|0 fnt
|faint|p1a: Claydol
|
|t:|1728875494
|switch|p1a: Salamence|Salamence, M|72/100
|-ability|p1a: Salamence|Intimidate|boost
|-unboost|p2a: Gyarados|atk|1
|
|-weather|Sandstorm|[upkeep]
|-damage|p2a: Gyarados|25/100|[from] Sandstorm
|-damage|p1a: Salamence|66/100|[from] Sandstorm
|-heal|p2a: Gyarados|31/100|[from] item: Leftovers
|-heal|p1a: Salamence|72/100|[from] item: Leftovers
|upkeep
|turn|26
|c|☆resen65|sorry
|inactive|resen65 has 90 seconds left.
|
|t:|1728875525
|move|p2a: Gyarados|Hidden Power|p1a: Salamence
|-damage|p1a: Salamence|29/100
|move|p1a: Salamence|Dragon Claw|p2a: Gyarados
|-damage|p2a: Gyarados|0 fnt
|faint|p2a: Gyarados
|
|t:|1728875550
|switch|p2a: Flygon|Flygon, F|100/100
|
|-weather|Sandstorm|[upkeep]
|-damage|p1a: Salamence|23/100|[from] Sandstorm
|-heal|p1a: Salamence|29/100|[from] item: Leftovers
|upkeep
|turn|27
|inactive|TyCarter has 240 seconds left.
|
|t:|1728875573
|switch|p1a: Jirachi|Jirachi|25/100
|switch|p2a: Celebi|Celebi|30/100
|
|-weather|Sandstorm|[upkeep]
|-damage|p2a: Celebi|24/100|[from] Sandstorm
|-heal|p2a: Celebi|30/100|[from] item: Leftovers
|-heal|p1a: Jirachi|31/100|[from] item: Leftovers
|upkeep
|turn|28
|
|t:|1728875590
|move|p2a: Celebi|Ancient Power|p1a: Jirachi
|-resisted|p1a: Jirachi
|-damage|p1a: Jirachi|25/100
|move|p1a: Jirachi|Toxic|p2a: Celebi|[miss]
|-miss|p1a: Jirachi|p2a: Celebi
|
|-weather|Sandstorm|[upkeep]
|-damage|p2a: Celebi|24/100|[from] Sandstorm
|-heal|p2a: Celebi|30/100|[from] item: Leftovers
|-heal|p1a: Jirachi|31/100|[from] item: Leftovers
|upkeep
|turn|29
|
|t:|1728875603
|move|p2a: Celebi|Swords Dance|p2a: Celebi
|-boost|p2a: Celebi|atk|2
|move|p1a: Jirachi|Wish|p1a: Jirachi
|
|-weather|Sandstorm|[upkeep]
|-damage|p2a: Celebi|24/100|[from] Sandstorm
|-heal|p2a: Celebi|30/100|[from] item: Leftovers
|-heal|p1a: Jirachi|37/100|[from] item: Leftovers
|upkeep
|turn|30
|inactive|resen65 has 60 seconds left.
|
|t:|1728875618
|move|p2a: Celebi|Ancient Power|p1a: Jirachi
|-resisted|p1a: Jirachi
|-damage|p1a: Jirachi|26/100
|move|p1a: Jirachi|Toxic|p2a: Celebi
|-status|p2a: Celebi|tox
|
|-heal|p1a: Jirachi|76/100|[from] move: Wish|[wisher] Jirachi
|-weather|Sandstorm|[upkeep]
|-damage|p2a: Celebi|24/100 tox|[from] Sandstorm
|-heal|p2a: Celebi|30/100 tox|[from] item: Leftovers
|-damage|p2a: Celebi|24/100 tox|[from] psn
|-heal|p1a: Jirachi|82/100|[from] item: Leftovers
|upkeep
|turn|31
|
|t:|1728875626
|move|p2a: Celebi|Hidden Power|p1a: Jirachi
|-damage|p1a: Jirachi|54/100
|move|p1a: Jirachi|Toxic|p2a: Celebi
|-fail|p2a: Celebi|tox
|
|-weather|Sandstorm|[upkeep]
|-damage|p2a: Celebi|18/100 tox|[from] Sandstorm
|-heal|p2a: Celebi|24/100 tox|[from] item: Leftovers
|-damage|p2a: Celebi|12/100 tox|[from] psn
|-heal|p1a: Jirachi|60/100|[from] item: Leftovers
|upkeep
|turn|32
|
|t:|1728875635
|move|p2a: Celebi|Hidden Power|p1a: Jirachi
|-damage|p1a: Jirachi|34/100
|move|p1a: Jirachi|Toxic|p2a: Celebi|[miss]
|-miss|p1a: Jirachi|p2a: Celebi
|
|-weather|Sandstorm|[upkeep]
|-damage|p2a: Celebi|6/100 tox|[from] Sandstorm
|-heal|p2a: Celebi|12/100 tox|[from] item: Leftovers
|-damage|p2a: Celebi|0 fnt|[from] psn
|faint|p2a: Celebi
|-heal|p1a: Jirachi|40/100|[from] item: Leftovers
|upkeep
|
|t:|1728875639
|switch|p2a: Flygon|Flygon, F|100/100
|turn|33
|
|t:|1728875644
|move|p1a: Jirachi|Protect|p1a: Jirachi
|-singleturn|p1a: Jirachi|Protect
|move|p2a: Flygon|Earthquake|p1a: Jirachi
|-activate|p1a: Jirachi|Protect
|
|-weather|Sandstorm|[upkeep]
|-heal|p1a: Jirachi|47/100|[from] item: Leftovers
|upkeep
|turn|34
|
|t:|1728875651
|move|p2a: Flygon|Rock Slide|p1a: Jirachi
|-resisted|p1a: Jirachi
|-damage|p1a: Jirachi|37/100
|move|p1a: Jirachi|Toxic|p2a: Flygon
|-status|p2a: Flygon|tox
|
|-weather|Sandstorm|[upkeep]
|-damage|p2a: Flygon|95/100 tox|[from] psn
|-heal|p1a: Jirachi|44/100|[from] item: Leftovers
|upkeep
|turn|35
|
|t:|1728875656
|move|p1a: Jirachi|Protect|p1a: Jirachi
|-singleturn|p1a: Jirachi|Protect
|move|p2a: Flygon|Earthquake|p1a: Jirachi
|-activate|p1a: Jirachi|Protect
|
|-weather|Sandstorm|[upkeep]
|-damage|p2a: Flygon|83/100 tox|[from] psn
|-heal|p1a: Jirachi|50/100|[from] item: Leftovers
|upkeep
|turn|36
|
|t:|1728875661
|switch|p1a: Tyranitar|Tyranitar, F|86/100
|move|p2a: Flygon|Earthquake|p1a: Tyranitar
|-supereffective|p1a: Tyranitar
|-damage|p1a: Tyranitar|6/100
|
|-weather|Sandstorm|[upkeep]
|-damage|p2a: Flygon|65/100 tox|[from] psn
|-heal|p1a: Tyranitar|12/100|[from] item: Leftovers
|upkeep
|turn|37
|
|t:|1728875667
|move|p2a: Flygon|Earthquake|p1a: Tyranitar
|-supereffective|p1a: Tyranitar
|-crit|p1a: Tyranitar
|-damage|p1a: Tyranitar|0 fnt
|faint|p1a: Tyranitar
|
|t:|1728875669
|switch|p1a: Salamence|Salamence, M|29/100
|-ability|p1a: Salamence|Intimidate|boost
|-unboost|p2a: Flygon|atk|1
|
|-weather|Sandstorm|[upkeep]
|-damage|p1a: Salamence|23/100|[from] Sandstorm
|-heal|p1a: Salamence|29/100|[from] item: Leftovers
|-damage|p2a: Flygon|41/100 tox|[from] psn
|upkeep
|turn|38
|
|t:|1728875675
|switch|p1a: Jirachi|Jirachi|50/100
|move|p2a: Flygon|Rock Slide|p1a: Jirachi
|-resisted|p1a: Jirachi
|-damage|p1a: Jirachi|44/100
|
|-weather|Sandstorm|[upkeep]
|-damage|p2a: Flygon|11/100 tox|[from] psn
|-heal|p1a: Jirachi|50/100|[from] item: Leftovers
|upkeep
|turn|39
|
|t:|1728875680
|move|p1a: Jirachi|Protect|p1a: Jirachi
|-singleturn|p1a: Jirachi|Protect
|move|p2a: Flygon|Earthquake|p1a: Jirachi
|-activate|p1a: Jirachi|Protect
|
|-weather|Sandstorm|[upkeep]
|-enditem|p2a: Flygon|Salac Berry|[eat]
|-boost|p2a: Flygon|spe|1|[from] item: Salac Berry
|-damage|p2a: Flygon|0 fnt|[from] psn
|faint|p2a: Flygon
|
|win|TyCarter
|upkeep
|c|☆resen65|gg
|c|☆TyCarter|gg
|c|☆TyCarter|/log TyCarter made the replay of this battle unlisted.

</script>
<script type="application/json" class="data" id="replaydata-smogtours-gen3ou-798597">
{"id":"smogtours-gen3ou-798597","format":"[Gen 3] OU","players":["TyCarter","resen65"],"uploadtime":1728875680,"views":93,"formatid":"gen3ou","rating":null,"private":1,"password":null}
</script>

<script defer src="js/replays.js?9d40a366"></script>
