<!DOCTYPE html>
<meta charset="utf-8" />
<meta name="viewport" content="width=device-width" />

<title>[Gen 3] OU: HoChi_Pro vs. Void - Replays - Pok&eacute;mon Showdown!</title>

<meta name="description" content="Watch a replay of a Pok&eacute;mon battle between HoChi_Pro and Void! Format: [Gen 3] OU; Date: Nov 5, 2024" />
<!--

Hey, you! Looking in the source for the replay log?

You can find them in JSON format, just add `.json` at the end of a replay URL.

https://replay.pokemonshowdown.com/gen7randomdoublesbattle-865046831.json

Or, if you only need the log itself, add `.log` instead:

https://replay.pokemonshowdown.com/gen7randomdoublesbattle-865046831.log

-->

<link rel="stylesheet" href="//pokemonshowdown.com/style/global.css?0.023195364461161105" />
<link rel="stylesheet" href="//play.pokemonshowdown.com/style/font-awesome.css?0.13261647063804238" />
<link rel="stylesheet" href="//play.pokemonshowdown.com/style/battle.css?0.8753245789963631" />
<link rel="stylesheet" href="//play.pokemonshowdown.com/style/utilichart.css?0.8627959624976733" />

<!-- Global site tag (gtag.js) - Google Analytics -->
<script async src="https://www.googletagmanager.com/gtag/js?id=UA-26211653-1"></script>
<script>
  window.dataLayer = window.dataLayer || [];
  function gtag(){dataLayer.push(arguments);}
  gtag('js', new Date());

  gtag('config', 'UA-26211653-1');
</script>
<!-- End Google Analytics -->
<!-- Venatus Ad Manager - Install in <HEAD> of page -->
	<script src="https://hb.vntsm.com/v3/live/ad-manager.min.js" type="text/javascript" data-site-id="642aba63ec9a7b11c3c9c1be" data-mode="scan" async></script>
<!-- / Venatus Ad Manager -->

<style>
	@media (max-width:820px) {
		.battle {
			margin: 0 auto;
		}
		.battle-log {
			margin: 7px auto 0;
			max-width: 640px;
			height: 300px;
			position: static;
		}
	}
	.optgroup {
		display: inline-block;
		line-height: 22px;
		font-size: 10pt;
	}
	.optgroup .button {
		height: 25px;
		padding-top: 0;
		padding-bottom: 0;
	}
	.optgroup button.button {
		padding-left: 12px;
		padding-right: 12px;
	}
	.linklist {
		list-style: none;
		margin: 0.5em 0;
		padding: 0;
	}
	.linklist li {
		padding: 2px 0;
	}
	.sidebar {
		float: left;
		width: 320px;
	}
	.bar-wrapper {
		max-width: 1100px;
		margin: 0 auto;
	}
	.bar-wrapper.has-sidebar {
		max-width: 1430px;
	}
	.mainbar {
		margin: 0;
		padding-right: 1px;
	}
	.mainbar.has-sidebar {
		margin-left: 330px;
	}
	@media (min-width: 1511px) {
		.sidebar {
			width: 400px;
		}
		.bar-wrapper.has-sidebar {
			max-width: 1510px;
		}
		.mainbar.has-sidebar {
			margin-left: 410px;
		}
	}
	.section.first-section {
		margin-top: 9px;
	}
	.blocklink small {
		white-space: normal;
	}
	.button {
		vertical-align: middle;
	}
	.replay-controls {
		padding-top: 10px;
	}
	.replay-controls h1 {
		font-size: 16pt;
		font-weight: normal;
		color: #CCC;
	}
	.pagelink {
		text-align: center;
	}
	.pagelink a {
		width: 150px;
	}
	.textbox, .button {
		font-size: 11pt;
		vertical-align: middle;
	}
	@media (max-width: 450px) {
		.button {
			font-size: 9pt;
		}
	}
</style>

<div>

	<header>
		<div class="nav-wrapper"><ul class="nav">
			<li><a class="button nav-first" href="//pokemonshowdown.com/"><img src="//pokemonshowdown.com/images/pokemonshowdownbeta.png" srcset="//pokemonshowdown.com/images/pokemonshowdownbeta.png 1x, //pokemonshowdown.com/images/pokemonshowdownbeta@2x.png 2x" alt="Pok&eacute;mon Showdown" width="146" height="44" /> Home</a></li>
			<li><a class="button" href="//pokemonshowdown.com/dex/">Pok&eacute;dex</a></li>
			<li><a class="button cur" href="/">Replays</a></li>
			<li><a class="button" href="//pokemonshowdown.com/ladder/">Ladder</a></li>
			<li><a class="button nav-last" href="//pokemonshowdown.com/forums/">Forum</a></li>
			<li><a class="button greenbutton nav-first nav-last" href="//play.pokemonshowdown.com/">Play</a></li>
		</ul></div>
	</header>

	<div class="main" id="main">

		<noscript><section class="section">You need to enable JavaScript to use this page; sorry!</section></noscript>

	</div>

</div>

<script defer nomodule src="//play.pokemonshowdown.com/js/lib/ps-polyfill.js"></script>
<script defer src="//play.pokemonshowdown.com/js/lib/preact.min.js"></script>

<script defer src="//play.pokemonshowdown.com/config/config.js?2bddbc15"></script>
<script defer src="//play.pokemonshowdown.com/js/lib/jquery-1.11.0.min.js"></script>
<script defer src="//play.pokemonshowdown.com/js/lib/html-sanitizer-minified.js"></script>
<script defer src="//play.pokemonshowdown.com/js/battle-sound.js"></script>
<script defer src="//play.pokemonshowdown.com/js/battledata.js?0.7209276989879541"></script>
<script defer src="//play.pokemonshowdown.com/data/pokedex-mini.js?0.6111056340867951"></script>
<script defer src="//play.pokemonshowdown.com/data/pokedex-mini-bw.js?0.3532142036491459"></script>
<script defer src="//play.pokemonshowdown.com/data/graphics.js?0.24223875632456182"></script>
<script defer src="//play.pokemonshowdown.com/data/pokedex.js?0.38839984266356864"></script>
<script defer src="//play.pokemonshowdown.com/data/moves.js?0.21866028504024015"></script>
<script defer src="//play.pokemonshowdown.com/data/abilities.js?0.2005157953846628"></script>
<script defer src="//play.pokemonshowdown.com/data/items.js?0.9894211263848525"></script>
<script defer src="//play.pokemonshowdown.com/data/teambuilder-tables.js?0.6008791140282215"></script>
<script defer src="//play.pokemonshowdown.com/js/battle-tooltips.js?0.7580118955022959"></script>
<script defer src="//play.pokemonshowdown.com/js/battle.js?0.6057722274234274"></script>

<script defer src="js/utils.js?e31f9a17"></script>
<script defer src="js/replays-battle.js?7008c182"></script>

<!-- don't scrape this data! just add .json or .log after the URL!
Full API docs: https://github.com/smogon/pokemon-showdown-client/blob/master/WEB-API.md -->
<script type="text/plain" class="log" id="replaylog-smogtours-gen3ou-804854">
|inactive|Battle timer is ON: inactive players will automatically lose when time's up.
|t:|1730773221
|gametype|singles
|player|p1|HoChi_Pro|pokemonbreeder-gen4|
|player|p2|Void|#splxvwolfpack|
|teamsize|p1|6
|teamsize|p2|6
|gen|3
|tier|[Gen 3] OU
|rule|Sleep Clause Mod: Limit one foe put to sleep
|rule|Switch Priority Clause Mod: Faster Pokémon switch first
|rule|Species Clause: Limit one of each Pokémon
|rule|OHKO Clause: OHKO moves are banned
|rule|Evasion Items Clause: Evasion items are banned
|rule|Evasion Moves Clause: Evasion moves are banned
|rule|Endless Battle Clause: Forcing endless battles is banned
|rule|HP Percentage Mod: HP is shown in percentages
|rule|One Boost Passer Clause: Limit one Baton Passer that has a way to boost its stats
|rule|Freeze Clause Mod: Limit one foe frozen
|
|t:|1730773221
|start
|switch|p1a: Zapdos|Zapdos|100/100
|switch|p2a: Salamence|Salamence, F|100/100
|-ability|p2a: Salamence|Intimidate|boost
|-unboost|p1a: Zapdos|atk|1
|turn|1
|inactive|HoChi_Pro has 270 seconds left.
|
|t:|1730773266
|switch|p1a: Flygon|Flygon, M|100/100
|move|p2a: Salamence|Rock Slide|p1a: Flygon
|-resisted|p1a: Flygon
|-damage|p1a: Flygon|83/100
|
|-heal|p1a: Flygon|89/100|[from] item: Leftovers
|upkeep
|turn|2
|
|t:|1730773281
|switch|p2a: Blissey|Blissey, F|100/100
|move|p1a: Flygon|Toxic|p2a: Blissey|[miss]
|-miss|p1a: Flygon|p2a: Blissey
|
|-heal|p1a: Flygon|95/100|[from] item: Leftovers
|upkeep
|turn|3
|
|t:|1730773285
|move|p1a: Flygon|Protect|p1a: Flygon
|-singleturn|p1a: Flygon|Protect
|move|p2a: Blissey|Ice Beam|p1a: Flygon
|-activate|p1a: Flygon|Protect
|
|-heal|p1a: Flygon|100/100|[from] item: Leftovers
|upkeep
|turn|4
|
|t:|1730773292
|switch|p1a: Blissey|Blissey, F|100/100
|move|p2a: Blissey|Ice Beam|p1a: Blissey
|-damage|p1a: Blissey|90/100
|-status|p1a: Blissey|frz
|
|-heal|p1a: Blissey|96/100 frz|[from] item: Leftovers
|upkeep
|turn|5
|
|t:|1730773302
|-curestatus|p1a: Blissey|frz|[from] ability: Natural Cure
|switch|p1a: Suicune|Suicune|100/100
|move|p2a: Blissey|Ice Beam|p1a: Suicune
|-resisted|p1a: Suicune
|-damage|p1a: Suicune|91/100
|
|-heal|p1a: Suicune|97/100|[from] item: Leftovers
|upkeep
|turn|6
|
|t:|1730773307
|switch|p1a: Blissey|Blissey, F|96/100
|move|p2a: Blissey|Thunderbolt|p1a: Blissey
|-damage|p1a: Blissey|85/100
|
|-heal|p1a: Blissey|91/100|[from] item: Leftovers
|upkeep
|turn|7
|
|t:|1730773312
|switch|p2a: Hariyama|Hariyama, F|100/100
|move|p1a: Blissey|Thunder Wave|p2a: Hariyama
|-status|p2a: Hariyama|par
|
|-heal|p1a: Blissey|98/100|[from] item: Leftovers
|upkeep
|turn|8
|
|t:|1730773322
|switch|p1a: Skarmory|Skarmory, F|100/100
|move|p2a: Hariyama|Knock Off|p1a: Skarmory
|-resisted|p1a: Skarmory
|-damage|p1a: Skarmory|99/100
|-enditem|p1a: Skarmory|Leftovers|[from] move: Knock Off|[of] p2a: Hariyama
|-hint|In Gens 3-4, Knock Off only makes the target's item unusable; it cannot obtain a new item.
|
|upkeep
|turn|9
|
|t:|1730773333
|-singleturn|p2a: Hariyama|move: Focus Punch
|move|p1a: Skarmory|Spikes|p2a: Hariyama
|-sidestart|p2: Void|Spikes
|move|p2a: Hariyama|Focus Punch|p1a: Skarmory
|-crit|p1a: Skarmory
|-damage|p1a: Skarmory|0 fnt
|faint|p1a: Skarmory
|inactive|HoChi_Pro has 270 seconds left.
|
|t:|1730773360
|switch|p1a: Flygon|Flygon, M|100/100
|
|upkeep
|turn|10
|inactive|HoChi_Pro has 270 seconds left.
|
|t:|1730773371
|move|p1a: Flygon|Earthquake|p2a: Hariyama
|-damage|p2a: Hariyama|69/100 par
|move|p2a: Hariyama|Knock Off|p1a: Flygon
|-damage|p1a: Flygon|98/100
|-enditem|p1a: Flygon|Leftovers|[from] move: Knock Off|[of] p2a: Hariyama
|
|-heal|p2a: Hariyama|75/100 par|[from] item: Leftovers
|upkeep
|turn|11
|
|t:|1730773381
|switch|p2a: Claydol|Claydol|100/100
|move|p1a: Flygon|Earthquake|p2a: Claydol
|-immune|p2a: Claydol
|
|upkeep
|turn|12
|
|t:|1730773386
|move|p1a: Flygon|Toxic|p2a: Claydol
|-status|p2a: Claydol|tox
|move|p2a: Claydol|Rapid Spin|p1a: Flygon
|-damage|p1a: Flygon|94/100
|-sideend|p2: Void|Spikes|[from] move: Rapid Spin|[of] p2a: Claydol
|
|-damage|p2a: Claydol|94/100 tox|[from] psn
|upkeep
|turn|13
|
|t:|1730773398
|switch|p2a: Salamence|Salamence, F|100/100
|-ability|p2a: Salamence|Intimidate|boost
|-unboost|p1a: Flygon|atk|1
|move|p1a: Flygon|Toxic|p2a: Salamence
|-status|p2a: Salamence|tox
|
|-damage|p2a: Salamence|94/100 tox|[from] psn
|upkeep
|turn|14
|
|t:|1730773405
|switch|p2a: Blissey|Blissey, F|100/100
|move|p1a: Flygon|Protect||[still]
|-fail|p1a: Flygon
|
|upkeep
|turn|15
|
|t:|1730773409
|move|p1a: Flygon|Protect|p1a: Flygon
|-singleturn|p1a: Flygon|Protect
|move|p2a: Blissey|Aromatherapy|p2a: Blissey
|-cureteam|p2a: Blissey|[from] move: Aromatherapy
|
|upkeep
|turn|16
|
|t:|1730773415
|switch|p1a: Blissey|Blissey, F|98/100
|move|p2a: Blissey|Ice Beam|p1a: Blissey
|-damage|p1a: Blissey|88/100
|
|-heal|p1a: Blissey|94/100|[from] item: Leftovers
|upkeep
|turn|17
|
|t:|1730773422
|switch|p2a: Hariyama|Hariyama, F|75/100
|move|p1a: Blissey|Thunder Wave|p2a: Hariyama
|-status|p2a: Hariyama|par
|
|-heal|p1a: Blissey|99/100|[from] item: Leftovers
|-heal|p2a: Hariyama|81/100 par|[from] item: Leftovers
|upkeep
|turn|18
|
|t:|1730773428
|move|p1a: Blissey|Seismic Toss|p2a: Hariyama
|-damage|p2a: Hariyama|58/100 par
|cant|p2a: Hariyama|par
|
|-heal|p1a: Blissey|100/100|[from] item: Leftovers
|-heal|p2a: Hariyama|64/100 par|[from] item: Leftovers
|upkeep
|turn|19
|
|t:|1730773433
|move|p1a: Blissey|Seismic Toss|p2a: Hariyama
|-damage|p2a: Hariyama|41/100 par
|move|p2a: Hariyama|Brick Break|p1a: Blissey
|-supereffective|p1a: Blissey
|-damage|p1a: Blissey|0 fnt
|faint|p1a: Blissey
|
|t:|1730773444
|switch|p1a: Zapdos|Zapdos|100/100
|
|-heal|p2a: Hariyama|47/100 par|[from] item: Leftovers
|upkeep
|turn|20
|
|t:|1730773449
|switch|p2a: Blissey|Blissey, F|100/100
|move|p1a: Zapdos|Toxic|p2a: Blissey
|-status|p2a: Blissey|tox
|
|-damage|p2a: Blissey|94/100 tox|[from] psn
|upkeep
|turn|21
|
|t:|1730773466
|move|p1a: Zapdos|Thunderbolt|p2a: Blissey
|-damage|p2a: Blissey|78/100 tox
|move|p2a: Blissey|Aromatherapy|p2a: Blissey
|-cureteam|p2a: Blissey|[from] move: Aromatherapy
|
|-heal|p2a: Blissey|84/100|[from] item: Leftovers
|upkeep
|turn|22
|
|t:|1730773473
|move|p1a: Zapdos|Thunderbolt|p2a: Blissey
|-crit|p2a: Blissey
|-damage|p2a: Blissey|50/100
|move|p2a: Blissey|Ice Beam|p1a: Zapdos
|-supereffective|p1a: Zapdos
|-damage|p1a: Zapdos|67/100
|-status|p1a: Zapdos|frz
|
|-heal|p1a: Zapdos|74/100 frz|[from] item: Leftovers
|-heal|p2a: Blissey|56/100|[from] item: Leftovers
|upkeep
|turn|23
|
|t:|1730773480
|cant|p1a: Zapdos|frz
|move|p2a: Blissey|Soft-Boiled|p2a: Blissey
|-heal|p2a: Blissey|100/100
|
|-heal|p1a: Zapdos|80/100 frz|[from] item: Leftovers
|upkeep
|turn|24
|
|t:|1730773483
|cant|p1a: Zapdos|frz
|move|p2a: Blissey|Ice Beam|p1a: Zapdos
|-supereffective|p1a: Zapdos
|-damage|p1a: Zapdos|43/100 frz
|
|-heal|p1a: Zapdos|49/100 frz|[from] item: Leftovers
|upkeep
|turn|25
|
|t:|1730773486
|cant|p1a: Zapdos|frz
|move|p2a: Blissey|Ice Beam|p1a: Zapdos
|-supereffective|p1a: Zapdos
|-damage|p1a: Zapdos|12/100 frz
|
|-heal|p1a: Zapdos|18/100 frz|[from] item: Leftovers
|upkeep
|turn|26
|
|t:|1730773489
|cant|p1a: Zapdos|frz
|move|p2a: Blissey|Ice Beam|p1a: Zapdos
|-supereffective|p1a: Zapdos
|-damage|p1a: Zapdos|0 fnt
|faint|p1a: Zapdos
|
|t:|1730773493
|switch|p1a: Flygon|Flygon, M|94/100
|
|upkeep
|turn|27
|
|t:|1730773497
|move|p1a: Flygon|Toxic|p2a: Blissey
|-status|p2a: Blissey|tox
|move|p2a: Blissey|Ice Beam|p1a: Flygon
|-supereffective|p1a: Flygon
|-crit|p1a: Flygon
|-damage|p1a: Flygon|0 fnt
|faint|p1a: Flygon
|
|t:|1730773502
|switch|p1a: Suicune|Suicune|97/100
|
|-heal|p1a: Suicune|100/100|[from] item: Leftovers
|-damage|p2a: Blissey|94/100 tox|[from] psn
|upkeep
|turn|28
|
|t:|1730773505
|-curestatus|p2a: Blissey|tox|[from] ability: Natural Cure
|switch|p2a: Suicune|Suicune|100/100
|move|p1a: Suicune|Calm Mind|p1a: Suicune
|-boost|p1a: Suicune|spa|1
|-boost|p1a: Suicune|spd|1
|
|upkeep
|turn|29
|
|t:|1730773511
|move|p2a: Suicune|Roar|p1a: Suicune
|drag|p1a: Moltres|Moltres|100/100
|
|upkeep
|turn|30
|
|t:|1730773516
|move|p1a: Moltres|Will-O-Wisp|p2a: Suicune|[miss]
|-miss|p1a: Moltres|p2a: Suicune
|move|p2a: Suicune|Calm Mind|p2a: Suicune
|-boost|p2a: Suicune|spa|1
|-boost|p2a: Suicune|spd|1
|
|upkeep
|turn|31
|
|t:|1730773519
|move|p2a: Suicune|Calm Mind|p2a: Suicune
|-boost|p2a: Suicune|spa|1
|-boost|p2a: Suicune|spd|1
|move|p1a: Moltres|Roar|p2a: Suicune
|drag|p2a: Claydol|Claydol|94/100
|
|-heal|p2a: Claydol|100/100|[from] item: Leftovers
|upkeep
|turn|32
|inactive|Void has 270 seconds left.
|
|t:|1730773549
|switch|p2a: Blissey|Blissey, F|94/100
|move|p1a: Moltres|Will-O-Wisp|p2a: Blissey|[miss]
|-miss|p1a: Moltres|p2a: Blissey
|
|-heal|p2a: Blissey|100/100|[from] item: Leftovers
|upkeep
|turn|33
|
|t:|1730773556
|move|p1a: Moltres|Will-O-Wisp|p2a: Blissey
|-status|p2a: Blissey|brn
|move|p2a: Blissey|Thunderbolt|p1a: Moltres
|-supereffective|p1a: Moltres
|-damage|p1a: Moltres|41/100
|
|-heal|p1a: Moltres|48/100|[from] item: Leftovers
|-damage|p2a: Blissey|88/100 brn|[from] brn
|upkeep
|turn|34
|
|t:|1730773566
|move|p1a: Moltres|Flamethrower|p2a: Blissey
|-damage|p2a: Blissey|70/100 brn
|move|p2a: Blissey|Aromatherapy|p2a: Blissey
|-cureteam|p2a: Blissey|[from] move: Aromatherapy
|
|-heal|p1a: Moltres|54/100|[from] item: Leftovers
|-heal|p2a: Blissey|76/100|[from] item: Leftovers
|upkeep
|turn|35
|inactive|Void has 270 seconds left.
|
|t:|1730773595
|move|p1a: Moltres|Flamethrower|p2a: Blissey
|-damage|p2a: Blissey|55/100
|move|p2a: Blissey|Thunderbolt|p1a: Moltres
|-supereffective|p1a: Moltres
|-damage|p1a: Moltres|0 fnt
|faint|p1a: Moltres
|
|t:|1730773601
|switch|p1a: Suicune|Suicune|100/100
|
|-heal|p2a: Blissey|61/100|[from] item: Leftovers
|upkeep
|turn|36
|inactive|Void has 270 seconds left.
|
|t:|1730773613
|switch|p2a: Salamence|Salamence, F|94/100
|-ability|p2a: Salamence|Intimidate|boost
|-unboost|p1a: Suicune|atk|1
|move|p1a: Suicune|Calm Mind|p1a: Suicune
|-boost|p1a: Suicune|spa|1
|-boost|p1a: Suicune|spd|1
|
|upkeep
|turn|37
|
|t:|1730773619
|move|p2a: Salamence|Hidden Power|p1a: Suicune
|-damage|p1a: Suicune|67/100
|move|p1a: Suicune|Surf|p2a: Salamence
|-resisted|p2a: Salamence
|-damage|p2a: Salamence|67/100
|
|-heal|p1a: Suicune|73/100|[from] item: Leftovers
|upkeep
|turn|38
|
|t:|1730773626
|move|p2a: Salamence|Hidden Power|p1a: Suicune
|-damage|p1a: Suicune|41/100
|move|p1a: Suicune|Surf|p2a: Salamence
|-resisted|p2a: Salamence
|-damage|p2a: Salamence|39/100
|
|-heal|p1a: Suicune|47/100|[from] item: Leftovers
|upkeep
|turn|39
|
|t:|1730773632
|move|p2a: Salamence|Hidden Power|p1a: Suicune
|-damage|p1a: Suicune|13/100
|move|p1a: Suicune|Rest|p1a: Suicune
|-status|p1a: Suicune|slp|[from] move: Rest
|-heal|p1a: Suicune|100/100 slp|[silent]
|
|upkeep
|turn|40
|
|t:|1730773635
|switch|p2a: Hariyama|Hariyama, F|47/100
|cant|p1a: Suicune|slp
|
|-heal|p2a: Hariyama|53/100|[from] item: Leftovers
|upkeep
|turn|41
|
|t:|1730773638
|cant|p1a: Suicune|slp
|move|p2a: Hariyama|Knock Off|p1a: Suicune
|-damage|p1a: Suicune|99/100 slp
|-enditem|p1a: Suicune|Leftovers|[from] move: Knock Off|[of] p2a: Hariyama
|
|-heal|p2a: Hariyama|59/100|[from] item: Leftovers
|upkeep
|turn|42
|
|t:|1730773643
|-curestatus|p1a: Suicune|slp|[msg]
|move|p1a: Suicune|Surf|p2a: Hariyama
|-damage|p2a: Hariyama|13/100
|move|p2a: Hariyama|Brick Break|p1a: Suicune
|-damage|p1a: Suicune|79/100
|
|-heal|p2a: Hariyama|19/100|[from] item: Leftovers
|upkeep
|turn|43
|
|t:|1730773654
|move|p1a: Suicune|Surf|p2a: Hariyama
|-damage|p2a: Hariyama|0 fnt
|faint|p2a: Hariyama
|
|t:|1730773674
|switch|p2a: Jirachi|Jirachi|100/100
|
|upkeep
|turn|44
|
|t:|1730773678
|move|p2a: Jirachi|Toxic|p1a: Suicune
|-status|p1a: Suicune|tox
|move|p1a: Suicune|Calm Mind|p1a: Suicune
|-boost|p1a: Suicune|spa|1
|-boost|p1a: Suicune|spd|1
|
|-damage|p1a: Suicune|72/100 tox|[from] psn
|upkeep
|turn|45
|
|t:|1730773682
|move|p2a: Jirachi|Wish|p2a: Jirachi
|move|p1a: Suicune|Calm Mind|p1a: Suicune
|-boost|p1a: Suicune|spa|1
|-boost|p1a: Suicune|spd|1
|
|-damage|p1a: Suicune|60/100 tox|[from] psn
|upkeep
|turn|46
|
|t:|1730773707
|switch|p2a: Blissey|Blissey, F|61/100
|move|p1a: Suicune|Roar|p2a: Blissey
|drag|p2a: Suicune|Suicune|100/100
|
|-damage|p1a: Suicune|41/100 tox|[from] psn
|upkeep
|turn|47
|
|t:|1730773713
|switch|p2a: Claydol|Claydol|100/100
|move|p1a: Suicune|Rest|p1a: Suicune
|-status|p1a: Suicune|slp|[from] move: Rest
|-heal|p1a: Suicune|100/100 slp|[silent]
|
|upkeep
|turn|48
|inactive|Void has 270 seconds left.
|
|t:|1730773739
|move|p2a: Claydol|Earthquake|p1a: Suicune
|-crit|p1a: Suicune
|-damage|p1a: Suicune|55/100 slp
|cant|p1a: Suicune|slp
|
|upkeep
|turn|49
|
|t:|1730773743
|move|p2a: Claydol|Explosion|p1a: Suicune
|-damage|p1a: Suicune|0 fnt
|faint|p2a: Claydol
|faint|p1a: Suicune
|
|win|Void

</script>
<script type="application/json" class="data" id="replaydata-smogtours-gen3ou-804854">
{"id":"smogtours-gen3ou-804854","format":"[Gen 3] OU","players":["HoChi_Pro","Void"],"uploadtime":1730773743,"views":54,"formatid":"gen3ou","rating":null,"private":0,"password":null}
</script>

<script defer src="js/replays.js?9d40a366"></script>
