<!DOCTYPE html>
<meta charset="utf-8" />
<meta name="viewport" content="width=device-width" />

<title>[Gen 3] OU: 4lowrey vs. simonsimonf - Replays - Pok&eacute;mon Showdown!</title>

<meta name="description" content="Watch a replay of a Pok&eacute;mon battle between 4lowrey and simonsimonf! Format: [Gen 3] OU; Date: Oct 12, 2024" />
<!--

Hey, you! Looking in the source for the replay log?

You can find them in JSON format, just add `.json` at the end of a replay URL.

https://replay.pokemonshowdown.com/gen7randomdoublesbattle-865046831.json

Or, if you only need the log itself, add `.log` instead:

https://replay.pokemonshowdown.com/gen7randomdoublesbattle-865046831.log

-->

<link rel="stylesheet" href="//pokemonshowdown.com/style/global.css?0.023195364461161105" />
<link rel="stylesheet" href="//play.pokemonshowdown.com/style/font-awesome.css?0.13261647063804238" />
<link rel="stylesheet" href="//play.pokemonshowdown.com/style/battle.css?0.8753245789963631" />
<link rel="stylesheet" href="//play.pokemonshowdown.com/style/utilichart.css?0.8627959624976733" />

<!-- Global site tag (gtag.js) - Google Analytics -->
<script async src="https://www.googletagmanager.com/gtag/js?id=UA-26211653-1"></script>
<script>
  window.dataLayer = window.dataLayer || [];
  function gtag(){dataLayer.push(arguments);}
  gtag('js', new Date());

  gtag('config', 'UA-26211653-1');
</script>
<!-- End Google Analytics -->
<!-- Venatus Ad Manager - Install in <HEAD> of page -->
	<script src="https://hb.vntsm.com/v3/live/ad-manager.min.js" type="text/javascript" data-site-id="642aba63ec9a7b11c3c9c1be" data-mode="scan" async></script>
<!-- / Venatus Ad Manager -->

<style>
	@media (max-width:820px) {
		.battle {
			margin: 0 auto;
		}
		.battle-log {
			margin: 7px auto 0;
			max-width: 640px;
			height: 300px;
			position: static;
		}
	}
	.optgroup {
		display: inline-block;
		line-height: 22px;
		font-size: 10pt;
	}
	.optgroup .button {
		height: 25px;
		padding-top: 0;
		padding-bottom: 0;
	}
	.optgroup button.button {
		padding-left: 12px;
		padding-right: 12px;
	}
	.linklist {
		list-style: none;
		margin: 0.5em 0;
		padding: 0;
	}
	.linklist li {
		padding: 2px 0;
	}
	.sidebar {
		float: left;
		width: 320px;
	}
	.bar-wrapper {
		max-width: 1100px;
		margin: 0 auto;
	}
	.bar-wrapper.has-sidebar {
		max-width: 1430px;
	}
	.mainbar {
		margin: 0;
		padding-right: 1px;
	}
	.mainbar.has-sidebar {
		margin-left: 330px;
	}
	@media (min-width: 1511px) {
		.sidebar {
			width: 400px;
		}
		.bar-wrapper.has-sidebar {
			max-width: 1510px;
		}
		.mainbar.has-sidebar {
			margin-left: 410px;
		}
	}
	.section.first-section {
		margin-top: 9px;
	}
	.blocklink small {
		white-space: normal;
	}
	.button {
		vertical-align: middle;
	}
	.replay-controls {
		padding-top: 10px;
	}
	.replay-controls h1 {
		font-size: 16pt;
		font-weight: normal;
		color: #CCC;
	}
	.pagelink {
		text-align: center;
	}
	.pagelink a {
		width: 150px;
	}
	.textbox, .button {
		font-size: 11pt;
		vertical-align: middle;
	}
	@media (max-width: 450px) {
		.button {
			font-size: 9pt;
		}
	}
</style>

<div>

	<header>
		<div class="nav-wrapper"><ul class="nav">
			<li><a class="button nav-first" href="//pokemonshowdown.com/"><img src="//pokemonshowdown.com/images/pokemonshowdownbeta.png" srcset="//pokemonshowdown.com/images/pokemonshowdownbeta.png 1x, //pokemonshowdown.com/images/pokemonshowdownbeta@2x.png 2x" alt="Pok&eacute;mon Showdown" width="146" height="44" /> Home</a></li>
			<li><a class="button" href="//pokemonshowdown.com/dex/">Pok&eacute;dex</a></li>
			<li><a class="button cur" href="/">Replays</a></li>
			<li><a class="button" href="//pokemonshowdown.com/ladder/">Ladder</a></li>
			<li><a class="button nav-last" href="//pokemonshowdown.com/forums/">Forum</a></li>
			<li><a class="button greenbutton nav-first nav-last" href="//play.pokemonshowdown.com/">Play</a></li>
		</ul></div>
	</header>

	<div class="main" id="main">

		<noscript><section class="section">You need to enable JavaScript to use this page; sorry!</section></noscript>

	</div>

</div>

<script defer nomodule src="//play.pokemonshowdown.com/js/lib/ps-polyfill.js"></script>
<script defer src="//play.pokemonshowdown.com/js/lib/preact.min.js"></script>

<script defer src="//play.pokemonshowdown.com/config/config.js?2bddbc15"></script>
<script defer src="//play.pokemonshowdown.com/js/lib/jquery-1.11.0.min.js"></script>
<script defer src="//play.pokemonshowdown.com/js/lib/html-sanitizer-minified.js"></script>
<script defer src="//play.pokemonshowdown.com/js/battle-sound.js"></script>
<script defer src="//play.pokemonshowdown.com/js/battledata.js?0.7209276989879541"></script>
<script defer src="//play.pokemonshowdown.com/data/pokedex-mini.js?0.6111056340867951"></script>
<script defer src="//play.pokemonshowdown.com/data/pokedex-mini-bw.js?0.3532142036491459"></script>
<script defer src="//play.pokemonshowdown.com/data/graphics.js?0.24223875632456182"></script>
<script defer src="//play.pokemonshowdown.com/data/pokedex.js?0.38839984266356864"></script>
<script defer src="//play.pokemonshowdown.com/data/moves.js?0.21866028504024015"></script>
<script defer src="//play.pokemonshowdown.com/data/abilities.js?0.2005157953846628"></script>
<script defer src="//play.pokemonshowdown.com/data/items.js?0.9894211263848525"></script>
<script defer src="//play.pokemonshowdown.com/data/teambuilder-tables.js?0.6008791140282215"></script>
<script defer src="//play.pokemonshowdown.com/js/battle-tooltips.js?0.7580118955022959"></script>
<script defer src="//play.pokemonshowdown.com/js/battle.js?0.6057722274234274"></script>

<script defer src="js/utils.js?e31f9a17"></script>
<script defer src="js/replays-battle.js?7008c182"></script>

<!-- don't scrape this data! just add .json or .log after the URL!
Full API docs: https://github.com/smogon/pokemon-showdown-client/blob/master/WEB-API.md -->
<script type="text/plain" class="log" id="replaylog-smogtours-gen3ou-797367">
|inactive|Battle timer is ON: inactive players will automatically lose when time's up.
|t:|1728723129
|gametype|singles
|player|p1|4lowrey|veteranf|
|player|p2|simonsimonf|266|
|teamsize|p1|6
|teamsize|p2|6
|gen|3
|tier|[Gen 3] OU
|rule|Sleep Clause Mod: Limit one foe put to sleep
|rule|Switch Priority Clause Mod: Faster Pokémon switch first
|rule|Species Clause: Limit one of each Pokémon
|rule|OHKO Clause: OHKO moves are banned
|rule|Evasion Items Clause: Evasion items are banned
|rule|Evasion Moves Clause: Evasion moves are banned
|rule|Endless Battle Clause: Forcing endless battles is banned
|rule|HP Percentage Mod: HP is shown in percentages
|rule|One Boost Passer Clause: Limit one Baton Passer that has a way to boost its stats
|rule|Freeze Clause Mod: Limit one foe frozen
|
|t:|1728723129
|start
|switch|p1a: Zapdos|Zapdos|100/100
|switch|p2a: Metagross|Metagross|100/100
|turn|1
|inactive|4lowrey has 270 seconds left.
|inactive|simonsimonf has 270 seconds left.
|inactive|4lowrey has 240 seconds left.
|
|t:|1728723189
|switch|p1a: Swampert|Swampert, M|100/100
|move|p2a: Metagross|Rock Slide|p1a: Swampert
|-resisted|p1a: Swampert
|-crit|p1a: Swampert
|-damage|p1a: Swampert|70/100
|
|-heal|p1a: Swampert|77/100|[from] item: Leftovers
|upkeep
|turn|2
|inactive|simonsimonf has 270 seconds left.
|
|t:|1728723222
|switch|p2a: Forretress|Forretress, F|100/100
|move|p1a: Swampert|Toxic|p2a: Forretress
|-immune|p2a: Forretress
|
|-heal|p1a: Swampert|83/100|[from] item: Leftovers
|upkeep
|turn|3
|
|t:|1728723234
|switch|p1a: Skarmory|Skarmory, F|100/100
|move|p2a: Forretress|Spikes|p1a: Skarmory
|-sidestart|p1: 4lowrey|Spikes
|
|upkeep
|turn|4
|
|t:|1728723240
|move|p1a: Skarmory|Spikes|p2a: Forretress
|-sidestart|p2: simonsimonf|Spikes
|move|p2a: Forretress|Zap Cannon|p1a: Skarmory
|-supereffective|p1a: Skarmory
|-damage|p1a: Skarmory|70/100
|-status|p1a: Skarmory|par
|
|-heal|p1a: Skarmory|76/100 par|[from] item: Leftovers
|upkeep
|turn|5
|
|t:|1728723247
|move|p2a: Forretress|Spikes|p1a: Skarmory
|-sidestart|p1: 4lowrey|Spikes
|move|p1a: Skarmory|Spikes|p2a: Forretress
|-sidestart|p2: simonsimonf|Spikes
|
|-heal|p1a: Skarmory|82/100 par|[from] item: Leftovers
|upkeep
|turn|6
|
|t:|1728723255
|move|p2a: Forretress|Rapid Spin|p1a: Skarmory
|-resisted|p1a: Skarmory
|-damage|p1a: Skarmory|81/100 par
|-sideend|p2: simonsimonf|Spikes|[from] move: Rapid Spin|[of] p2a: Forretress
|cant|p1a: Skarmory|par
|
|-heal|p1a: Skarmory|87/100 par|[from] item: Leftovers
|upkeep
|turn|7
|
|t:|1728723260
|move|p2a: Forretress|Spikes|p1a: Skarmory
|-sidestart|p1: 4lowrey|Spikes
|move|p1a: Skarmory|Spikes|p2a: Forretress
|-sidestart|p2: simonsimonf|Spikes
|
|-heal|p1a: Skarmory|93/100 par|[from] item: Leftovers
|upkeep
|turn|8
|
|t:|1728723270
|switch|p1a: Gengar|Gengar, M|100/100
|move|p2a: Forretress|Rapid Spin|p1a: Gengar
|-immune|p1a: Gengar
|
|upkeep
|turn|9
|
|t:|1728723280
|move|p1a: Gengar|Will-O-Wisp|p2a: Forretress
|-status|p2a: Forretress|brn
|move|p2a: Forretress|Zap Cannon|p1a: Gengar|[miss]
|-miss|p2a: Forretress|p1a: Gengar
|
|-damage|p2a: Forretress|88/100 brn|[from] brn
|upkeep
|turn|10
|
|t:|1728723288
|switch|p1a: Skarmory|Skarmory, F|93/100 par
|move|p2a: Forretress|Zap Cannon|p1a: Skarmory|[miss]
|-miss|p2a: Forretress|p1a: Skarmory
|
|-heal|p2a: Forretress|94/100 brn|[from] item: Leftovers
|-damage|p2a: Forretress|82/100 brn|[from] brn
|-heal|p1a: Skarmory|99/100 par|[from] item: Leftovers
|upkeep
|turn|11
|
|t:|1728723297
|switch|p2a: Flygon|Flygon, F|100/100
|move|p1a: Skarmory|Spikes|p2a: Flygon
|-sidestart|p2: simonsimonf|Spikes
|
|-heal|p1a: Skarmory|100/100 par|[from] item: Leftovers
|upkeep
|turn|12
|
|t:|1728723320
|move|p2a: Flygon|Fire Blast|p1a: Skarmory|[miss]
|-miss|p2a: Flygon|p1a: Skarmory
|move|p1a: Skarmory|Toxic|p2a: Flygon
|-status|p2a: Flygon|tox
|
|-damage|p2a: Flygon|95/100 tox|[from] psn
|upkeep
|turn|13
|
|t:|1728723334
|move|p1a: Skarmory|Protect|p1a: Skarmory
|-singleturn|p1a: Skarmory|Protect
|move|p2a: Flygon|Fire Blast|p1a: Skarmory
|-activate|p1a: Skarmory|Protect
|
|-heal|p2a: Flygon|100/100 tox|[from] item: Leftovers
|-damage|p2a: Flygon|89/100 tox|[from] psn
|upkeep
|turn|14
|
|t:|1728723348
|switch|p1a: Zapdos|Zapdos|100/100
|move|p2a: Flygon|Fire Blast|p1a: Zapdos
|-crit|p1a: Zapdos
|-damage|p1a: Zapdos|55/100
|
|-heal|p2a: Flygon|95/100 tox|[from] item: Leftovers
|-damage|p2a: Flygon|77/100 tox|[from] psn
|-heal|p1a: Zapdos|61/100|[from] item: Leftovers
|upkeep
|turn|15
|
|t:|1728723359
|switch|p1a: Swampert|Swampert, M|83/100
|-damage|p1a: Swampert|58/100|[from] Spikes
|move|p2a: Flygon|Fire Blast|p1a: Swampert
|-resisted|p1a: Swampert
|-damage|p1a: Swampert|49/100
|-status|p1a: Swampert|brn
|
|-heal|p2a: Flygon|83/100 tox|[from] item: Leftovers
|-damage|p2a: Flygon|59/100 tox|[from] psn
|-heal|p1a: Swampert|55/100 brn|[from] item: Leftovers
|-damage|p1a: Swampert|43/100 brn|[from] brn
|upkeep
|turn|16
|
|t:|1728723372
|move|p2a: Flygon|Earthquake|p1a: Swampert
|-damage|p1a: Swampert|11/100 brn
|move|p1a: Swampert|Surf|p2a: Flygon
|-damage|p2a: Flygon|0 fnt
|faint|p2a: Flygon
|
|t:|1728723380
|switch|p2a: Forretress|Forretress, F|82/100 brn
|-damage|p2a: Forretress|65/100 brn|[from] Spikes
|
|-heal|p1a: Swampert|17/100 brn|[from] item: Leftovers
|-damage|p1a: Swampert|4/100 brn|[from] brn
|-heal|p2a: Forretress|71/100 brn|[from] item: Leftovers
|-damage|p2a: Forretress|59/100 brn|[from] brn
|upkeep
|turn|17
|
|t:|1728723389
|move|p1a: Swampert|Protect|p1a: Swampert
|-singleturn|p1a: Swampert|Protect
|move|p2a: Forretress|Zap Cannon|p1a: Swampert
|-activate|p1a: Swampert|Protect
|
|-heal|p1a: Swampert|11/100 brn|[from] item: Leftovers
|-damage|p1a: Swampert|0 fnt|[from] brn
|faint|p1a: Swampert
|-heal|p2a: Forretress|65/100 brn|[from] item: Leftovers
|-damage|p2a: Forretress|53/100 brn|[from] brn
|upkeep
|inactive|4lowrey has 270 seconds left.
|
|t:|1728723433
|switch|p1a: Skarmory|Skarmory, F|100/100 par
|turn|18
|
|t:|1728723437
|move|p1a: Skarmory|Protect|p1a: Skarmory
|-singleturn|p1a: Skarmory|Protect
|move|p2a: Forretress|Rapid Spin|p1a: Skarmory
|-activate|p1a: Skarmory|Protect
|
|-heal|p2a: Forretress|59/100 brn|[from] item: Leftovers
|-damage|p2a: Forretress|47/100 brn|[from] brn
|upkeep
|turn|19
|inactive|4lowrey has 270 seconds left.
|
|t:|1728723455
|move|p2a: Forretress|Zap Cannon|p1a: Skarmory
|-supereffective|p1a: Skarmory
|-damage|p1a: Skarmory|72/100 par
|move|p1a: Skarmory|Spikes|p2a: Forretress
|-sidestart|p2: simonsimonf|Spikes
|
|-heal|p2a: Forretress|53/100 brn|[from] item: Leftovers
|-damage|p2a: Forretress|40/100 brn|[from] brn
|-heal|p1a: Skarmory|78/100 par|[from] item: Leftovers
|upkeep
|turn|20
|inactive|4lowrey has 270 seconds left.
|
|t:|1728723464
|cant|p1a: Skarmory|par
|move|p2a: Forretress|Zap Cannon|p1a: Skarmory
|-supereffective|p1a: Skarmory
|-damage|p1a: Skarmory|50/100 par
|
|-heal|p2a: Forretress|47/100 brn|[from] item: Leftovers
|-damage|p2a: Forretress|34/100 brn|[from] brn
|-heal|p1a: Skarmory|56/100 par|[from] item: Leftovers
|upkeep
|turn|21
|
|t:|1728723468
|switch|p1a: Zapdos|Zapdos|61/100
|move|p2a: Forretress|Rapid Spin|p1a: Zapdos
|-damage|p1a: Zapdos|58/100
|-sideend|p2: simonsimonf|Spikes|[from] move: Rapid Spin|[of] p2a: Forretress
|
|-heal|p1a: Zapdos|64/100|[from] item: Leftovers
|-heal|p2a: Forretress|40/100 brn|[from] item: Leftovers
|-damage|p2a: Forretress|28/100 brn|[from] brn
|upkeep
|turn|22
|
|t:|1728723478
|move|p1a: Zapdos|Thunderbolt|p2a: Forretress
|-damage|p2a: Forretress|0 fnt
|faint|p2a: Forretress
|inactive|simonsimonf has 270 seconds left.
|inactive|simonsimonf has 240 seconds left.
|inactive|simonsimonf has 210 seconds left.
|
|t:|1728723581
|switch|p2a: Metagross|Metagross|100/100
|
|-heal|p1a: Zapdos|70/100|[from] item: Leftovers
|upkeep
|turn|23
|
|t:|1728723598
|move|p1a: Zapdos|Thunderbolt|p2a: Metagross
|-damage|p2a: Metagross|49/100
|move|p2a: Metagross|Rock Slide|p1a: Zapdos
|-supereffective|p1a: Zapdos
|-damage|p1a: Zapdos|0 fnt
|faint|p1a: Zapdos
|
|t:|1728723603
|switch|p1a: Aerodactyl|Aerodactyl, F|100/100
|
|upkeep
|turn|24
|
|t:|1728723610
|switch|p1a: Skarmory|Skarmory, F|56/100 par
|switch|p2a: Swampert|Swampert, F|100/100
|
|-heal|p1a: Skarmory|62/100 par|[from] item: Leftovers
|upkeep
|turn|25
|inactive|simonsimonf has 210 seconds left.
|
|t:|1728723617
|move|p2a: Swampert|Hydro Pump|p1a: Skarmory
|-damage|p1a: Skarmory|31/100 par
|move|p1a: Skarmory|Spikes|p2a: Swampert
|-sidestart|p2: simonsimonf|Spikes
|
|-heal|p1a: Skarmory|37/100 par|[from] item: Leftovers
|upkeep
|turn|26
|
|t:|1728723623
|move|p1a: Skarmory|Protect|p1a: Skarmory
|-singleturn|p1a: Skarmory|Protect
|move|p2a: Swampert|Hydro Pump|p1a: Skarmory|[miss]
|-miss|p2a: Swampert|p1a: Skarmory
|
|-heal|p1a: Skarmory|43/100 par|[from] item: Leftovers
|upkeep
|turn|27
|
|t:|1728723627
|move|p2a: Swampert|Hydro Pump|p1a: Skarmory|[miss]
|-miss|p2a: Swampert|p1a: Skarmory
|cant|p1a: Skarmory|par
|
|-heal|p1a: Skarmory|49/100 par|[from] item: Leftovers
|upkeep
|turn|28
|
|t:|1728723633
|switch|p2a: Metagross|Metagross|49/100
|-damage|p2a: Metagross|37/100|[from] Spikes
|move|p1a: Skarmory|Spikes|p2a: Metagross
|-sidestart|p2: simonsimonf|Spikes
|
|-heal|p1a: Skarmory|55/100 par|[from] item: Leftovers
|upkeep
|turn|29
|inactive|simonsimonf has 240 seconds left.
|
|t:|1728723641
|cant|p1a: Skarmory|par
|move|p2a: Metagross|Meteor Mash|p1a: Skarmory
|-resisted|p1a: Skarmory
|-damage|p1a: Skarmory|22/100 par
|
|-heal|p1a: Skarmory|28/100 par|[from] item: Leftovers
|upkeep
|turn|30
|
|t:|1728723647
|cant|p1a: Skarmory|par
|move|p2a: Metagross|Meteor Mash|p1a: Skarmory|[miss]
|-miss|p2a: Metagross|p1a: Skarmory
|
|-heal|p1a: Skarmory|34/100 par|[from] item: Leftovers
|upkeep
|turn|31
|
|t:|1728723650
|move|p2a: Metagross|Meteor Mash|p1a: Skarmory|[miss]
|-miss|p2a: Metagross|p1a: Skarmory
|move|p1a: Skarmory|Spikes|p2a: Metagross
|-sidestart|p2: simonsimonf|Spikes
|
|-heal|p1a: Skarmory|40/100 par|[from] item: Leftovers
|upkeep
|turn|32
|
|t:|1728723654
|move|p2a: Metagross|Meteor Mash|p1a: Skarmory
|-resisted|p1a: Skarmory
|-crit|p1a: Skarmory
|-damage|p1a: Skarmory|0 fnt
|faint|p1a: Skarmory
|
|t:|1728723665
|switch|p1a: Gengar|Gengar, M|100/100
|
|upkeep
|turn|33
|
|t:|1728723673
|move|p1a: Gengar|Thunderbolt|p2a: Metagross
|-damage|p2a: Metagross|1/100
|move|p2a: Metagross|Meteor Mash|p1a: Gengar
|-damage|p1a: Gengar|0 fnt
|faint|p1a: Gengar
|
|t:|1728723679
|switch|p1a: Aerodactyl|Aerodactyl, F|100/100
|
|upkeep
|turn|34
|
|t:|1728723684
|move|p1a: Aerodactyl|Hidden Power|p2a: Metagross
|-resisted|p2a: Metagross
|-damage|p2a: Metagross|0 fnt
|faint|p2a: Metagross
|
|t:|1728723687
|switch|p2a: Swampert|Swampert, F|100/100
|-damage|p2a: Swampert|76/100|[from] Spikes
|
|-heal|p2a: Swampert|82/100|[from] item: Leftovers
|upkeep
|turn|35
|
|t:|1728723691
|move|p1a: Aerodactyl|Hidden Power|p2a: Swampert
|-damage|p2a: Swampert|48/100
|move|p2a: Swampert|Hydro Pump|p1a: Aerodactyl
|-supereffective|p1a: Aerodactyl
|-damage|p1a: Aerodactyl|0 fnt
|faint|p1a: Aerodactyl
|
|t:|1728723693
|switch|p1a: Tyranitar|Tyranitar, M|100/100
|-damage|p1a: Tyranitar|76/100|[from] Spikes
|-weather|Sandstorm|[from] ability: Sand Stream|[of] p1a: Tyranitar
|
|-weather|Sandstorm|[upkeep]
|-heal|p1a: Tyranitar|82/100|[from] item: Leftovers
|-heal|p2a: Swampert|54/100|[from] item: Leftovers
|upkeep
|turn|36
|
|t:|1728723714
|move|p1a: Tyranitar|Dragon Dance|p1a: Tyranitar
|-boost|p1a: Tyranitar|atk|1
|-boost|p1a: Tyranitar|spe|1
|move|p2a: Swampert|Earthquake|p1a: Tyranitar
|-supereffective|p1a: Tyranitar
|-damage|p1a: Tyranitar|20/100
|
|-weather|Sandstorm|[upkeep]
|-heal|p1a: Tyranitar|27/100|[from] item: Leftovers
|-heal|p2a: Swampert|60/100|[from] item: Leftovers
|upkeep
|turn|37
|
|t:|1728723719
|move|p1a: Tyranitar|Double-Edge|p2a: Swampert
|-damage|p2a: Swampert|16/100
|-damage|p1a: Tyranitar|11/100|[from] Recoil|[of] p2a: Swampert
|move|p2a: Swampert|Earthquake|p1a: Tyranitar
|-supereffective|p1a: Tyranitar
|-damage|p1a: Tyranitar|0 fnt
|faint|p1a: Tyranitar
|
|win|simonsimonf
|c|☆4lowrey|gg
|player|p1|
|c|☆simonsimonf|gg
|player|p2|
|player|p1|4lowrey|veteranf|

</script>
<script type="application/json" class="data" id="replaydata-smogtours-gen3ou-797367">
{"id":"smogtours-gen3ou-797367","format":"[Gen 3] OU","players":["4lowrey","simonsimonf"],"uploadtime":1728723719,"views":101,"formatid":"gen3ou","rating":null,"private":0,"password":null}
</script>

<script defer src="js/replays.js?9d40a366"></script>
