<!DOCTYPE html>
<meta charset="utf-8" />
<meta name="viewport" content="width=device-width" />

<title>[Gen 3] OU: Tyxerns vs. DiegoIn - Replays - Pok&eacute;mon Showdown!</title>

<meta name="description" content="Watch a replay of a Pok&eacute;mon battle between Tyxerns and DiegoIn! Format: [Gen 3] OU; Date: Oct 9, 2024" />
<!--

Hey, you! Looking in the source for the replay log?

You can find them in JSON format, just add `.json` at the end of a replay URL.

https://replay.pokemonshowdown.com/gen7randomdoublesbattle-865046831.json

Or, if you only need the log itself, add `.log` instead:

https://replay.pokemonshowdown.com/gen7randomdoublesbattle-865046831.log

-->

<link rel="stylesheet" href="//pokemonshowdown.com/style/global.css?0.023195364461161105" />
<link rel="stylesheet" href="//play.pokemonshowdown.com/style/font-awesome.css?0.13261647063804238" />
<link rel="stylesheet" href="//play.pokemonshowdown.com/style/battle.css?0.8753245789963631" />
<link rel="stylesheet" href="//play.pokemonshowdown.com/style/utilichart.css?0.8627959624976733" />

<!-- Global site tag (gtag.js) - Google Analytics -->
<script async src="https://www.googletagmanager.com/gtag/js?id=UA-26211653-1"></script>
<script>
  window.dataLayer = window.dataLayer || [];
  function gtag(){dataLayer.push(arguments);}
  gtag('js', new Date());

  gtag('config', 'UA-26211653-1');
</script>
<!-- End Google Analytics -->
<!-- Venatus Ad Manager - Install in <HEAD> of page -->
	<script src="https://hb.vntsm.com/v3/live/ad-manager.min.js" type="text/javascript" data-site-id="642aba63ec9a7b11c3c9c1be" data-mode="scan" async></script>
<!-- / Venatus Ad Manager -->

<style>
	@media (max-width:820px) {
		.battle {
			margin: 0 auto;
		}
		.battle-log {
			margin: 7px auto 0;
			max-width: 640px;
			height: 300px;
			position: static;
		}
	}
	.optgroup {
		display: inline-block;
		line-height: 22px;
		font-size: 10pt;
	}
	.optgroup .button {
		height: 25px;
		padding-top: 0;
		padding-bottom: 0;
	}
	.optgroup button.button {
		padding-left: 12px;
		padding-right: 12px;
	}
	.linklist {
		list-style: none;
		margin: 0.5em 0;
		padding: 0;
	}
	.linklist li {
		padding: 2px 0;
	}
	.sidebar {
		float: left;
		width: 320px;
	}
	.bar-wrapper {
		max-width: 1100px;
		margin: 0 auto;
	}
	.bar-wrapper.has-sidebar {
		max-width: 1430px;
	}
	.mainbar {
		margin: 0;
		padding-right: 1px;
	}
	.mainbar.has-sidebar {
		margin-left: 330px;
	}
	@media (min-width: 1511px) {
		.sidebar {
			width: 400px;
		}
		.bar-wrapper.has-sidebar {
			max-width: 1510px;
		}
		.mainbar.has-sidebar {
			margin-left: 410px;
		}
	}
	.section.first-section {
		margin-top: 9px;
	}
	.blocklink small {
		white-space: normal;
	}
	.button {
		vertical-align: middle;
	}
	.replay-controls {
		padding-top: 10px;
	}
	.replay-controls h1 {
		font-size: 16pt;
		font-weight: normal;
		color: #CCC;
	}
	.pagelink {
		text-align: center;
	}
	.pagelink a {
		width: 150px;
	}
	.textbox, .button {
		font-size: 11pt;
		vertical-align: middle;
	}
	@media (max-width: 450px) {
		.button {
			font-size: 9pt;
		}
	}
</style>

<div>

	<header>
		<div class="nav-wrapper"><ul class="nav">
			<li><a class="button nav-first" href="//pokemonshowdown.com/"><img src="//pokemonshowdown.com/images/pokemonshowdownbeta.png" srcset="//pokemonshowdown.com/images/pokemonshowdownbeta.png 1x, //pokemonshowdown.com/images/pokemonshowdownbeta@2x.png 2x" alt="Pok&eacute;mon Showdown" width="146" height="44" /> Home</a></li>
			<li><a class="button" href="//pokemonshowdown.com/dex/">Pok&eacute;dex</a></li>
			<li><a class="button cur" href="/">Replays</a></li>
			<li><a class="button" href="//pokemonshowdown.com/ladder/">Ladder</a></li>
			<li><a class="button nav-last" href="//pokemonshowdown.com/forums/">Forum</a></li>
			<li><a class="button greenbutton nav-first nav-last" href="//play.pokemonshowdown.com/">Play</a></li>
		</ul></div>
	</header>

	<div class="main" id="main">

		<noscript><section class="section">You need to enable JavaScript to use this page; sorry!</section></noscript>

	</div>

</div>

<script defer nomodule src="//play.pokemonshowdown.com/js/lib/ps-polyfill.js"></script>
<script defer src="//play.pokemonshowdown.com/js/lib/preact.min.js"></script>

<script defer src="//play.pokemonshowdown.com/config/config.js?2bddbc15"></script>
<script defer src="//play.pokemonshowdown.com/js/lib/jquery-1.11.0.min.js"></script>
<script defer src="//play.pokemonshowdown.com/js/lib/html-sanitizer-minified.js"></script>
<script defer src="//play.pokemonshowdown.com/js/battle-sound.js"></script>
<script defer src="//play.pokemonshowdown.com/js/battledata.js?0.7209276989879541"></script>
<script defer src="//play.pokemonshowdown.com/data/pokedex-mini.js?0.6111056340867951"></script>
<script defer src="//play.pokemonshowdown.com/data/pokedex-mini-bw.js?0.3532142036491459"></script>
<script defer src="//play.pokemonshowdown.com/data/graphics.js?0.24223875632456182"></script>
<script defer src="//play.pokemonshowdown.com/data/pokedex.js?0.38839984266356864"></script>
<script defer src="//play.pokemonshowdown.com/data/moves.js?0.21866028504024015"></script>
<script defer src="//play.pokemonshowdown.com/data/abilities.js?0.2005157953846628"></script>
<script defer src="//play.pokemonshowdown.com/data/items.js?0.9894211263848525"></script>
<script defer src="//play.pokemonshowdown.com/data/teambuilder-tables.js?0.6008791140282215"></script>
<script defer src="//play.pokemonshowdown.com/js/battle-tooltips.js?0.7580118955022959"></script>
<script defer src="//play.pokemonshowdown.com/js/battle.js?0.6057722274234274"></script>

<script defer src="js/utils.js?e31f9a17"></script>
<script defer src="js/replays-battle.js?7008c182"></script>

<!-- don't scrape this data! just add .json or .log after the URL!
Full API docs: https://github.com/smogon/pokemon-showdown-client/blob/master/WEB-API.md -->
<script type="text/plain" class="log" id="replaylog-smogtours-gen3ou-796713">
|inactive|Battle timer is ON: inactive players will automatically lose when time's up.
|t:|1728500666
|gametype|singles
|player|p1|Tyxerns|iono|
|player|p2|DiegoIn|ethan|
|teamsize|p1|6
|teamsize|p2|6
|gen|3
|tier|[Gen 3] OU
|rule|Sleep Clause Mod: Limit one foe put to sleep
|rule|Switch Priority Clause Mod: Faster Pokémon switch first
|rule|Species Clause: Limit one of each Pokémon
|rule|OHKO Clause: OHKO moves are banned
|rule|Evasion Items Clause: Evasion items are banned
|rule|Evasion Moves Clause: Evasion moves are banned
|rule|Endless Battle Clause: Forcing endless battles is banned
|rule|HP Percentage Mod: HP is shown in percentages
|rule|One Boost Passer Clause: Limit one Baton Passer that has a way to boost its stats
|rule|Freeze Clause Mod: Limit one foe frozen
|
|t:|1728500666
|start
|switch|p1a: Dugtrio|Dugtrio, F|100/100
|switch|p2a: CHRIS|Swampert, M, shiny|100/100
|turn|1
|
|t:|1728500693
|-singleturn|p2a: CHRIS|move: Focus Punch
|switch|p1a: Blissey|Blissey, F|100/100
|move|p2a: CHRIS|Focus Punch|p1a: Blissey
|-supereffective|p1a: Blissey
|-damage|p1a: Blissey|27/100
|
|-heal|p1a: Blissey|34/100|[from] item: Leftovers
|upkeep
|turn|2
|
|t:|1728500702
|move|p1a: Blissey|Soft-Boiled|p1a: Blissey
|-heal|p1a: Blissey|83/100
|move|p2a: CHRIS|Earthquake|p1a: Blissey
|-damage|p1a: Blissey|43/100
|
|-heal|p1a: Blissey|49/100|[from] item: Leftovers
|upkeep
|turn|3
|
|t:|1728500709
|-singleturn|p2a: CHRIS|move: Focus Punch
|move|p1a: Blissey|Soft-Boiled|p1a: Blissey
|-heal|p1a: Blissey|99/100
|move|p2a: CHRIS|Focus Punch|p1a: Blissey
|-supereffective|p1a: Blissey
|-damage|p1a: Blissey|17/100
|
|-heal|p1a: Blissey|23/100|[from] item: Leftovers
|upkeep
|turn|4
|
|t:|1728500737
|move|p1a: Blissey|Soft-Boiled|p1a: Blissey
|-heal|p1a: Blissey|73/100
|move|p2a: CHRIS|Earthquake|p1a: Blissey
|-damage|p1a: Blissey|33/100
|
|-heal|p1a: Blissey|40/100|[from] item: Leftovers
|upkeep
|turn|5
|
|t:|1728500742
|-singleturn|p2a: CHRIS|move: Focus Punch
|move|p1a: Blissey|Ice Beam|p2a: CHRIS
|-damage|p2a: CHRIS|78/100
|move|p2a: CHRIS|Focus Punch||[still]
|cant|p2a: CHRIS|Focus Punch|Focus Punch
|
|-heal|p1a: Blissey|46/100|[from] item: Leftovers
|-heal|p2a: CHRIS|85/100|[from] item: Leftovers
|upkeep
|turn|6
|
|t:|1728500749
|move|p1a: Blissey|Ice Beam|p2a: CHRIS
|-damage|p2a: CHRIS|62/100
|move|p2a: CHRIS|Earthquake|p1a: Blissey
|-damage|p1a: Blissey|9/100
|
|-heal|p1a: Blissey|15/100|[from] item: Leftovers
|-heal|p2a: CHRIS|69/100|[from] item: Leftovers
|upkeep
|turn|7
|
|t:|1728500763
|-singleturn|p2a: CHRIS|move: Focus Punch
|move|p1a: Blissey|Ice Beam|p2a: CHRIS
|-damage|p2a: CHRIS|43/100
|-status|p2a: CHRIS|frz
|cant|p2a: CHRIS|frz
|
|-heal|p1a: Blissey|21/100|[from] item: Leftovers
|-heal|p2a: CHRIS|50/100 frz|[from] item: Leftovers
|upkeep
|turn|8
|c|☆DiegoIn|Loool.
|
|t:|1728500782
|switch|p2a: Celebi|Celebi|100/100
|move|p1a: Blissey|Soft-Boiled|p1a: Blissey
|-heal|p1a: Blissey|71/100
|
|-heal|p1a: Blissey|77/100|[from] item: Leftovers
|upkeep
|turn|9
|
|t:|1728500796
|switch|p1a: Skarmory|Skarmory, F, shiny|100/100
|move|p2a: Celebi|Swords Dance|p2a: Celebi
|-boost|p2a: Celebi|atk|2
|
|upkeep
|turn|10
|
|t:|1728500817
|move|p2a: Celebi|Leech Seed|p1a: Skarmory
|-start|p1a: Skarmory|move: Leech Seed
|move|p1a: Skarmory|Toxic|p2a: Celebi
|-status|p2a: Celebi|tox
|
|-damage|p2a: Celebi|94/100 tox|[from] psn
|-damage|p1a: Skarmory|88/100|[from] Leech Seed|[of] p2a: Celebi
|-heal|p2a: Celebi|100/100 tox|[silent]
|upkeep
|turn|11
|
|t:|1728500836
|move|p2a: Celebi|Baton Pass|p2a: Celebi
|
|t:|1728500853
|-curestatus|p2a: Celebi|tox|[from] ability: Natural Cure
|switch|p2a: CHRIS|Swampert, M, shiny|50/100 frz|[from] Baton Pass
|move|p1a: Skarmory|Roar|p2a: CHRIS
|drag|p2a: IKE|Magneton|100/100
|
|-heal|p1a: Skarmory|94/100|[from] item: Leftovers
|-damage|p1a: Skarmory|82/100|[from] Leech Seed|[of] p2a: IKE
|upkeep
|turn|12
|
|t:|1728500865
|move|p1a: Skarmory|Protect|p1a: Skarmory
|-singleturn|p1a: Skarmory|Protect
|move|p2a: IKE|Thunderbolt|p1a: Skarmory
|-activate|p1a: Skarmory|Protect
|
|-heal|p1a: Skarmory|88/100|[from] item: Leftovers
|-damage|p1a: Skarmory|76/100|[from] Leech Seed|[of] p2a: IKE
|upkeep
|turn|13
|
|t:|1728500874
|move|p2a: IKE|Thunderbolt|p1a: Skarmory
|-supereffective|p1a: Skarmory
|-damage|p1a: Skarmory|0 fnt
|faint|p1a: Skarmory
|
|t:|1728500881
|switch|p1a: Dugtrio|Dugtrio, F|100/100
|
|upkeep
|turn|14
|
|t:|1728500884
|move|p1a: Dugtrio|Earthquake|p2a: IKE
|-supereffective|p2a: IKE
|-damage|p2a: IKE|0 fnt
|faint|p2a: IKE
|
|t:|1728500893
|switch|p2a: Celebi|Celebi|100/100
|
|upkeep
|turn|15
|
|t:|1728500901
|switch|p1a: Rhydon|Rhydon, F|100/100
|move|p2a: Celebi|Swords Dance|p2a: Celebi
|-boost|p2a: Celebi|atk|2
|
|upkeep
|turn|16
|
|t:|1728500911
|move|p2a: Celebi|Leech Seed|p1a: Rhydon
|-start|p1a: Rhydon|move: Leech Seed
|move|p1a: Rhydon|Megahorn|p2a: Celebi
|-supereffective|p2a: Celebi
|-damage|p2a: Celebi|0 fnt
|faint|p2a: Celebi
|
|t:|1728500919
|switch|p2a: CLOUD|Aerodactyl, F|100/100
|
|-damage|p1a: Rhydon|88/100|[from] Leech Seed|[of] p2a: CLOUD
|upkeep
|turn|17
|
|t:|1728500934
|switch|p1a: Blissey|Blissey, F|77/100
|move|p2a: CLOUD|Substitute|p2a: CLOUD
|-start|p2a: CLOUD|Substitute
|-damage|p2a: CLOUD|76/100
|
|-heal|p1a: Blissey|84/100|[from] item: Leftovers
|upkeep
|turn|18
|
|t:|1728500938
|move|p2a: CLOUD|Double-Edge|p1a: Blissey
|-damage|p1a: Blissey|49/100
|move|p1a: Blissey|Ice Beam|p2a: CLOUD
|-supereffective|p2a: CLOUD
|-crit|p2a: CLOUD
|-end|p2a: CLOUD|Substitute
|
|-heal|p1a: Blissey|55/100|[from] item: Leftovers
|upkeep
|turn|19
|
|t:|1728500947
|switch|p2a: NERO|Metagross|100/100
|move|p1a: Blissey|Ice Beam|p2a: NERO
|-resisted|p2a: NERO
|-damage|p2a: NERO|87/100
|
|-heal|p1a: Blissey|62/100|[from] item: Leftovers
|upkeep
|turn|20
|
|t:|1728500967
|move|p2a: NERO|Agility|p2a: NERO
|-boost|p2a: NERO|spe|2
|move|p1a: Blissey|Thunder Wave|p2a: NERO
|-status|p2a: NERO|par
|-enditem|p2a: NERO|Lum Berry|[eat]
|-curestatus|p2a: NERO|par|[msg]
|
|-heal|p1a: Blissey|68/100|[from] item: Leftovers
|upkeep
|turn|21
|
|t:|1728500973
|move|p2a: NERO|Meteor Mash|p1a: Blissey
|-damage|p1a: Blissey|8/100
|move|p1a: Blissey|Thunder Wave|p2a: NERO
|-status|p2a: NERO|par
|
|-heal|p1a: Blissey|14/100|[from] item: Leftovers
|upkeep
|turn|22
|
|t:|1728500981
|move|p1a: Blissey|Seismic Toss|p2a: NERO
|-damage|p2a: NERO|58/100 par
|cant|p2a: NERO|par
|
|-heal|p1a: Blissey|20/100|[from] item: Leftovers
|upkeep
|turn|23
|
|t:|1728500986
|move|p1a: Blissey|Soft-Boiled|p1a: Blissey
|-heal|p1a: Blissey|70/100
|move|p2a: NERO|Meteor Mash|p1a: Blissey
|-damage|p1a: Blissey|10/100
|
|-heal|p1a: Blissey|16/100|[from] item: Leftovers
|upkeep
|turn|24
|
|t:|1728500992
|move|p1a: Blissey|Soft-Boiled|p1a: Blissey
|-heal|p1a: Blissey|66/100
|move|p2a: NERO|Meteor Mash|p1a: Blissey|[miss]
|-miss|p2a: NERO|p1a: Blissey
|
|-heal|p1a: Blissey|72/100|[from] item: Leftovers
|upkeep
|turn|25
|
|t:|1728500997
|move|p1a: Blissey|Seismic Toss|p2a: NERO
|-damage|p2a: NERO|28/100 par
|cant|p2a: NERO|par
|
|-heal|p1a: Blissey|78/100|[from] item: Leftovers
|upkeep
|turn|26
|c|☆DiegoIn|Looooooooool.
|
|t:|1728501006
|move|p1a: Blissey|Seismic Toss|p2a: NERO
|-damage|p2a: NERO|0 fnt
|faint|p2a: NERO
|
|t:|1728501019
|switch|p2a: CHRIS|Swampert, M, shiny|50/100 frz
|
|-heal|p1a: Blissey|84/100|[from] item: Leftovers
|-heal|p2a: CHRIS|56/100 frz|[from] item: Leftovers
|upkeep
|turn|27
|
|t:|1728501025
|move|p1a: Blissey|Ice Beam|p2a: CHRIS
|-damage|p2a: CHRIS|33/100 frz
|cant|p2a: CHRIS|frz
|
|-heal|p1a: Blissey|91/100|[from] item: Leftovers
|-heal|p2a: CHRIS|39/100 frz|[from] item: Leftovers
|upkeep
|turn|28
|
|t:|1728501031
|move|p1a: Blissey|Ice Beam|p2a: CHRIS
|-damage|p2a: CHRIS|16/100 frz
|cant|p2a: CHRIS|frz
|
|-heal|p1a: Blissey|97/100|[from] item: Leftovers
|-heal|p2a: CHRIS|22/100 frz|[from] item: Leftovers
|upkeep
|turn|29
|
|t:|1728501036
|move|p1a: Blissey|Ice Beam|p2a: CHRIS
|-damage|p2a: CHRIS|0 fnt
|faint|p2a: CHRIS
|c|☆DiegoIn|Very hax.
|
|t:|1728501051
|switch|p2a: Tyranitar|Tyranitar, F|100/100
|-weather|Sandstorm|[from] ability: Sand Stream|[of] p2a: Tyranitar
|
|-weather|Sandstorm|[upkeep]
|-damage|p1a: Blissey|91/100|[from] Sandstorm
|-heal|p1a: Blissey|97/100|[from] item: Leftovers
|upkeep
|turn|30
|
|t:|1728501077
|switch|p1a: Breloom|Breloom, F|100/100
|move|p2a: Tyranitar|Brick Break|p1a: Breloom
|-damage|p1a: Breloom|64/100
|
|-weather|Sandstorm|[upkeep]
|-damage|p1a: Breloom|58/100|[from] Sandstorm
|-heal|p1a: Breloom|64/100|[from] item: Leftovers
|upkeep
|turn|31
|
|t:|1728501083
|move|p1a: Breloom|Sky Uppercut|p2a: Tyranitar
|-supereffective|p2a: Tyranitar
|-damage|p2a: Tyranitar|0 fnt
|faint|p2a: Tyranitar
|
|t:|1728501086
|switch|p2a: CLOUD|Aerodactyl, F|76/100
|
|-weather|Sandstorm|[upkeep]
|-damage|p1a: Breloom|58/100|[from] Sandstorm
|-heal|p1a: Breloom|64/100|[from] item: Leftovers
|upkeep
|turn|32
|
|t:|1728501092
|move|p2a: CLOUD|Substitute|p2a: CLOUD
|-start|p2a: CLOUD|Substitute
|-damage|p2a: CLOUD|51/100
|move|p1a: Breloom|Spore||[still]
|-fail|p1a: Breloom
|
|-weather|Sandstorm|[upkeep]
|-damage|p1a: Breloom|58/100|[from] Sandstorm
|-heal|p1a: Breloom|64/100|[from] item: Leftovers
|upkeep
|turn|33
|
|t:|1728501104
|move|p1a: Breloom|Mach Punch|p2a: CLOUD
|-end|p2a: CLOUD|Substitute
|move|p2a: CLOUD|Double-Edge|p1a: Breloom
|-crit|p1a: Breloom
|-damage|p1a: Breloom|0 fnt
|faint|p1a: Breloom
|
|t:|1728501110
|switch|p1a: Dugtrio|Dugtrio, F|100/100
|
|-weather|Sandstorm|[upkeep]
|upkeep
|turn|34
|
|t:|1728501115
|move|p2a: CLOUD|Substitute|p2a: CLOUD
|-start|p2a: CLOUD|Substitute
|-damage|p2a: CLOUD|26/100
|move|p1a: Dugtrio|Rock Slide|p2a: CLOUD
|-supereffective|p2a: CLOUD
|-end|p2a: CLOUD|Substitute
|
|-weather|Sandstorm|[upkeep]
|upkeep
|turn|35
|
|t:|1728501120
|move|p2a: CLOUD|Substitute|p2a: CLOUD
|-start|p2a: CLOUD|Substitute
|-damage|p2a: CLOUD|1/100
|move|p1a: Dugtrio|Rock Slide|p2a: CLOUD
|-supereffective|p2a: CLOUD
|-end|p2a: CLOUD|Substitute
|
|-weather|Sandstorm|[upkeep]
|-enditem|p2a: CLOUD|Liechi Berry|[eat]
|-boost|p2a: CLOUD|atk|1|[from] item: Liechi Berry
|upkeep
|turn|36
|
|t:|1728501125
|move|p2a: CLOUD|Earthquake|p1a: Dugtrio
|-damage|p1a: Dugtrio|0 fnt
|faint|p1a: Dugtrio
|
|t:|1728501130
|switch|p1a: Blissey|Blissey, F|97/100
|
|-weather|Sandstorm|[upkeep]
|-damage|p1a: Blissey|91/100|[from] Sandstorm
|-heal|p1a: Blissey|97/100|[from] item: Leftovers
|upkeep
|turn|37
|
|t:|1728501133
|move|p2a: CLOUD|Rock Slide|p1a: Blissey
|-damage|p1a: Blissey|48/100
|cant|p1a: Blissey|flinch
|
|-weather|Sandstorm|[upkeep]
|-damage|p1a: Blissey|42/100|[from] Sandstorm
|-heal|p1a: Blissey|48/100|[from] item: Leftovers
|upkeep
|turn|38
|
|t:|1728501140
|move|p2a: CLOUD|Rock Slide|p1a: Blissey
|-damage|p1a: Blissey|0 fnt
|faint|p1a: Blissey
|
|t:|1728501153
|switch|p1a: Regice|Regice|100/100
|
|-weather|Sandstorm|[upkeep]
|-damage|p1a: Regice|94/100|[from] Sandstorm
|-heal|p1a: Regice|100/100|[from] item: Leftovers
|upkeep
|turn|39
|
|t:|1728501161
|move|p2a: CLOUD|Rock Slide|p1a: Regice|[miss]
|-miss|p2a: CLOUD|p1a: Regice
|move|p1a: Regice|Explosion|p2a: CLOUD
|-resisted|p2a: CLOUD
|-damage|p2a: CLOUD|0 fnt
|faint|p1a: Regice
|faint|p2a: CLOUD
|
|win|Tyxerns
|player|p1|
|c|☆DiegoIn|Lol.
|player|p1|Tyxerns|iono|

</script>
<script type="application/json" class="data" id="replaydata-smogtours-gen3ou-796713">
{"id":"smogtours-gen3ou-796713","format":"[Gen 3] OU","players":["Tyxerns","DiegoIn"],"uploadtime":1728501161,"views":121,"formatid":"gen3ou","rating":null,"private":0,"password":null}
</script>

<script defer src="js/replays.js?9d40a366"></script>
