<!DOCTYPE html>
<meta charset="utf-8" />
<meta name="viewport" content="width=device-width" />

<title>[Gen 3] OU: 3 blades vs. pokology2 - Replays - Pok&eacute;mon Showdown!</title>

<meta name="description" content="Watch a replay of a Pok&eacute;mon battle between 3 blades and pokology2! Format: [Gen 3] OU; Date: Nov 4, 2024" />
<!--

Hey, you! Looking in the source for the replay log?

You can find them in JSON format, just add `.json` at the end of a replay URL.

https://replay.pokemonshowdown.com/gen7randomdoublesbattle-865046831.json

Or, if you only need the log itself, add `.log` instead:

https://replay.pokemonshowdown.com/gen7randomdoublesbattle-865046831.log

-->

<link rel="stylesheet" href="//pokemonshowdown.com/style/global.css?0.023195364461161105" />
<link rel="stylesheet" href="//play.pokemonshowdown.com/style/font-awesome.css?0.13261647063804238" />
<link rel="stylesheet" href="//play.pokemonshowdown.com/style/battle.css?0.8753245789963631" />
<link rel="stylesheet" href="//play.pokemonshowdown.com/style/utilichart.css?0.8627959624976733" />

<!-- Global site tag (gtag.js) - Google Analytics -->
<script async src="https://www.googletagmanager.com/gtag/js?id=UA-26211653-1"></script>
<script>
  window.dataLayer = window.dataLayer || [];
  function gtag(){dataLayer.push(arguments);}
  gtag('js', new Date());

  gtag('config', 'UA-26211653-1');
</script>
<!-- End Google Analytics -->
<!-- Venatus Ad Manager - Install in <HEAD> of page -->
	<script src="https://hb.vntsm.com/v3/live/ad-manager.min.js" type="text/javascript" data-site-id="642aba63ec9a7b11c3c9c1be" data-mode="scan" async></script>
<!-- / Venatus Ad Manager -->

<style>
	@media (max-width:820px) {
		.battle {
			margin: 0 auto;
		}
		.battle-log {
			margin: 7px auto 0;
			max-width: 640px;
			height: 300px;
			position: static;
		}
	}
	.optgroup {
		display: inline-block;
		line-height: 22px;
		font-size: 10pt;
	}
	.optgroup .button {
		height: 25px;
		padding-top: 0;
		padding-bottom: 0;
	}
	.optgroup button.button {
		padding-left: 12px;
		padding-right: 12px;
	}
	.linklist {
		list-style: none;
		margin: 0.5em 0;
		padding: 0;
	}
	.linklist li {
		padding: 2px 0;
	}
	.sidebar {
		float: left;
		width: 320px;
	}
	.bar-wrapper {
		max-width: 1100px;
		margin: 0 auto;
	}
	.bar-wrapper.has-sidebar {
		max-width: 1430px;
	}
	.mainbar {
		margin: 0;
		padding-right: 1px;
	}
	.mainbar.has-sidebar {
		margin-left: 330px;
	}
	@media (min-width: 1511px) {
		.sidebar {
			width: 400px;
		}
		.bar-wrapper.has-sidebar {
			max-width: 1510px;
		}
		.mainbar.has-sidebar {
			margin-left: 410px;
		}
	}
	.section.first-section {
		margin-top: 9px;
	}
	.blocklink small {
		white-space: normal;
	}
	.button {
		vertical-align: middle;
	}
	.replay-controls {
		padding-top: 10px;
	}
	.replay-controls h1 {
		font-size: 16pt;
		font-weight: normal;
		color: #CCC;
	}
	.pagelink {
		text-align: center;
	}
	.pagelink a {
		width: 150px;
	}
	.textbox, .button {
		font-size: 11pt;
		vertical-align: middle;
	}
	@media (max-width: 450px) {
		.button {
			font-size: 9pt;
		}
	}
</style>

<div>

	<header>
		<div class="nav-wrapper"><ul class="nav">
			<li><a class="button nav-first" href="//pokemonshowdown.com/"><img src="//pokemonshowdown.com/images/pokemonshowdownbeta.png" srcset="//pokemonshowdown.com/images/pokemonshowdownbeta.png 1x, //pokemonshowdown.com/images/pokemonshowdownbeta@2x.png 2x" alt="Pok&eacute;mon Showdown" width="146" height="44" /> Home</a></li>
			<li><a class="button" href="//pokemonshowdown.com/dex/">Pok&eacute;dex</a></li>
			<li><a class="button cur" href="/">Replays</a></li>
			<li><a class="button" href="//pokemonshowdown.com/ladder/">Ladder</a></li>
			<li><a class="button nav-last" href="//pokemonshowdown.com/forums/">Forum</a></li>
			<li><a class="button greenbutton nav-first nav-last" href="//play.pokemonshowdown.com/">Play</a></li>
		</ul></div>
	</header>

	<div class="main" id="main">

		<noscript><section class="section">You need to enable JavaScript to use this page; sorry!</section></noscript>

	</div>

</div>

<script defer nomodule src="//play.pokemonshowdown.com/js/lib/ps-polyfill.js"></script>
<script defer src="//play.pokemonshowdown.com/js/lib/preact.min.js"></script>

<script defer src="//play.pokemonshowdown.com/config/config.js?2bddbc15"></script>
<script defer src="//play.pokemonshowdown.com/js/lib/jquery-1.11.0.min.js"></script>
<script defer src="//play.pokemonshowdown.com/js/lib/html-sanitizer-minified.js"></script>
<script defer src="//play.pokemonshowdown.com/js/battle-sound.js"></script>
<script defer src="//play.pokemonshowdown.com/js/battledata.js?0.7209276989879541"></script>
<script defer src="//play.pokemonshowdown.com/data/pokedex-mini.js?0.6111056340867951"></script>
<script defer src="//play.pokemonshowdown.com/data/pokedex-mini-bw.js?0.3532142036491459"></script>
<script defer src="//play.pokemonshowdown.com/data/graphics.js?0.24223875632456182"></script>
<script defer src="//play.pokemonshowdown.com/data/pokedex.js?0.38839984266356864"></script>
<script defer src="//play.pokemonshowdown.com/data/moves.js?0.21866028504024015"></script>
<script defer src="//play.pokemonshowdown.com/data/abilities.js?0.2005157953846628"></script>
<script defer src="//play.pokemonshowdown.com/data/items.js?0.9894211263848525"></script>
<script defer src="//play.pokemonshowdown.com/data/teambuilder-tables.js?0.6008791140282215"></script>
<script defer src="//play.pokemonshowdown.com/js/battle-tooltips.js?0.7580118955022959"></script>
<script defer src="//play.pokemonshowdown.com/js/battle.js?0.6057722274234274"></script>

<script defer src="js/utils.js?e31f9a17"></script>
<script defer src="js/replays-battle.js?7008c182"></script>

<!-- don't scrape this data! just add .json or .log after the URL!
Full API docs: https://github.com/smogon/pokemon-showdown-client/blob/master/WEB-API.md -->
<script type="text/plain" class="log" id="replaylog-smogtours-gen3ou-804778">
|inactive|Battle timer is ON: inactive players will automatically lose when time's up.
|t:|1730748367
|gametype|singles
|player|p1|3 blades|guzma|
|player|p2|pokology2|169|
|teamsize|p1|6
|teamsize|p2|6
|gen|3
|tier|[Gen 3] OU
|rule|Sleep Clause Mod: Limit one foe put to sleep
|rule|Switch Priority Clause Mod: Faster Pokémon switch first
|rule|Species Clause: Limit one of each Pokémon
|rule|OHKO Clause: OHKO moves are banned
|rule|Evasion Items Clause: Evasion items are banned
|rule|Evasion Moves Clause: Evasion moves are banned
|rule|Endless Battle Clause: Forcing endless battles is banned
|rule|HP Percentage Mod: HP is shown in percentages
|rule|One Boost Passer Clause: Limit one Baton Passer that has a way to boost its stats
|rule|Freeze Clause Mod: Limit one foe frozen
|
|t:|1730748367
|start
|switch|p1a: GOLDEN EXPERIENCE|Zapdos|100/100
|switch|p2a: Aerodactyl|Aerodactyl, M|100/100
|turn|1
|c|☆3 blades|hf
|c|☆pokology2|gl hf :)
|
|t:|1730748387
|switch|p1a: HERMIT PURPLE|Metagross|100/100
|move|p2a: Aerodactyl|Rock Slide|p1a: HERMIT PURPLE
|-resisted|p1a: HERMIT PURPLE
|-damage|p1a: HERMIT PURPLE|80/100
|
|-heal|p1a: HERMIT PURPLE|87/100|[from] item: Leftovers
|upkeep
|turn|2
|
|t:|1730748399
|switch|p2a: Skarmory|Skarmory, F|100/100
|move|p1a: HERMIT PURPLE|Hidden Power|p2a: Skarmory
|-supereffective|p2a: Skarmory
|-damage|p2a: Skarmory|63/100
|
|-heal|p1a: HERMIT PURPLE|93/100|[from] item: Leftovers
|-heal|p2a: Skarmory|69/100|[from] item: Leftovers
|upkeep
|turn|3
|
|t:|1730748405
|move|p1a: HERMIT PURPLE|Hidden Power|p2a: Skarmory
|-supereffective|p2a: Skarmory
|-damage|p2a: Skarmory|27/100
|move|p2a: Skarmory|Spikes|p1a: HERMIT PURPLE
|-sidestart|p1: 3 blades|Spikes
|
|-heal|p1a: HERMIT PURPLE|99/100|[from] item: Leftovers
|-heal|p2a: Skarmory|33/100|[from] item: Leftovers
|upkeep
|turn|4
|
|t:|1730748409
|move|p2a: Skarmory|Protect|p2a: Skarmory
|-singleturn|p2a: Skarmory|Protect
|move|p1a: HERMIT PURPLE|Hidden Power|p2a: Skarmory
|-activate|p2a: Skarmory|Protect
|
|-heal|p1a: HERMIT PURPLE|100/100|[from] item: Leftovers
|-heal|p2a: Skarmory|39/100|[from] item: Leftovers
|upkeep
|turn|5
|
|t:|1730748416
|switch|p2a: Milotic|Milotic, F|100/100
|move|p1a: HERMIT PURPLE|Hidden Power|p2a: Milotic
|-resisted|p2a: Milotic
|-damage|p2a: Milotic|93/100
|
|-heal|p2a: Milotic|99/100|[from] item: Leftovers
|upkeep
|turn|6
|
|t:|1730748427
|switch|p2a: Skarmory|Skarmory, F|39/100
|switch|p1a: THE WORLD|Snorlax, M|100/100
|-damage|p1a: THE WORLD|88/100|[from] Spikes
|
|-heal|p2a: Skarmory|45/100|[from] item: Leftovers
|-heal|p1a: THE WORLD|94/100|[from] item: Leftovers
|upkeep
|turn|7
|
|t:|1730748431
|move|p2a: Skarmory|Spikes|p1a: THE WORLD
|-sidestart|p1: 3 blades|Spikes
|move|p1a: THE WORLD|Curse|p1a: THE WORLD
|-unboost|p1a: THE WORLD|spe|1
|-boost|p1a: THE WORLD|atk|1
|-boost|p1a: THE WORLD|def|1
|
|-heal|p2a: Skarmory|51/100|[from] item: Leftovers
|-heal|p1a: THE WORLD|99/100|[from] item: Leftovers
|upkeep
|turn|8
|
|t:|1730748437
|move|p2a: Skarmory|Spikes|p1a: THE WORLD
|-sidestart|p1: 3 blades|Spikes
|move|p1a: THE WORLD|Double-Edge|p2a: Skarmory
|-resisted|p2a: Skarmory
|-damage|p2a: Skarmory|16/100
|-damage|p1a: THE WORLD|92/100|[from] Recoil|[of] p2a: Skarmory
|
|-heal|p2a: Skarmory|22/100|[from] item: Leftovers
|-heal|p1a: THE WORLD|98/100|[from] item: Leftovers
|upkeep
|turn|9
|
|t:|1730748456
|switch|p2a: Gengar|Gengar, F|100/100
|move|p1a: THE WORLD|Double-Edge|p2a: Gengar
|-immune|p2a: Gengar
|
|-heal|p1a: THE WORLD|100/100|[from] item: Leftovers
|upkeep
|turn|10
|
|t:|1730748465
|switch|p2a: Milotic|Milotic, F|99/100
|move|p1a: THE WORLD|Shadow Ball|p2a: Milotic
|-damage|p2a: Milotic|69/100
|-unboost|p2a: Milotic|spd|1
|
|-heal|p2a: Milotic|76/100|[from] item: Leftovers
|upkeep
|turn|11
|
|t:|1730748471
|move|p2a: Milotic|Hypnosis|p1a: THE WORLD|[miss]
|-miss|p2a: Milotic|p1a: THE WORLD
|move|p1a: THE WORLD|Double-Edge|p2a: Milotic
|-damage|p2a: Milotic|12/100
|-damage|p1a: THE WORLD|83/100|[from] Recoil|[of] p2a: Milotic
|
|-heal|p2a: Milotic|18/100|[from] item: Leftovers
|-heal|p1a: THE WORLD|89/100|[from] item: Leftovers
|upkeep
|turn|12
|
|t:|1730748478
|move|p2a: Milotic|Hypnosis|p1a: THE WORLD
|-status|p1a: THE WORLD|slp|[from] move: Hypnosis
|cant|p1a: THE WORLD|slp
|
|-heal|p2a: Milotic|25/100|[from] item: Leftovers
|-heal|p1a: THE WORLD|95/100 slp|[from] item: Leftovers
|upkeep
|turn|13
|
|t:|1730748481
|move|p2a: Milotic|Recover|p2a: Milotic
|-heal|p2a: Milotic|75/100
|-curestatus|p1a: THE WORLD|slp|[msg]
|move|p1a: THE WORLD|Double-Edge|p2a: Milotic
|-damage|p2a: Milotic|11/100
|-damage|p1a: THE WORLD|77/100|[from] Recoil|[of] p2a: Milotic
|
|-heal|p2a: Milotic|17/100|[from] item: Leftovers
|-heal|p1a: THE WORLD|83/100|[from] item: Leftovers
|upkeep
|turn|14
|
|t:|1730748489
|switch|p2a: Gengar|Gengar, F|100/100
|move|p1a: THE WORLD|Shadow Ball|p2a: Gengar
|-supereffective|p2a: Gengar
|-damage|p2a: Gengar|0 fnt
|faint|p2a: Gengar
|
|t:|1730748497
|switch|p2a: Tyranitar|Tyranitar, M|100/100
|-weather|Sandstorm|[from] ability: Sand Stream|[of] p2a: Tyranitar
|
|-weather|Sandstorm|[upkeep]
|-damage|p1a: THE WORLD|77/100|[from] Sandstorm
|-heal|p1a: THE WORLD|83/100|[from] item: Leftovers
|upkeep
|turn|15
|
|t:|1730748500
|switch|p2a: Skarmory|Skarmory, F|22/100
|move|p1a: THE WORLD|Earthquake|p2a: Skarmory
|-immune|p2a: Skarmory
|
|-weather|Sandstorm|[upkeep]
|-damage|p1a: THE WORLD|77/100|[from] Sandstorm
|-heal|p2a: Skarmory|28/100|[from] item: Leftovers
|-heal|p1a: THE WORLD|83/100|[from] item: Leftovers
|upkeep
|turn|16
|
|t:|1730748503
|move|p2a: Skarmory|Protect|p2a: Skarmory
|-singleturn|p2a: Skarmory|Protect
|move|p1a: THE WORLD|Double-Edge|p2a: Skarmory
|-activate|p2a: Skarmory|Protect
|
|-weather|Sandstorm|[upkeep]
|-damage|p1a: THE WORLD|77/100|[from] Sandstorm
|-heal|p2a: Skarmory|34/100|[from] item: Leftovers
|-heal|p1a: THE WORLD|83/100|[from] item: Leftovers
|upkeep
|turn|17
|
|t:|1730748513
|move|p2a: Skarmory|Protect|p2a: Skarmory
|-singleturn|p2a: Skarmory|Protect
|move|p1a: THE WORLD|Double-Edge|p2a: Skarmory
|-activate|p2a: Skarmory|Protect
|
|-weather|Sandstorm|[upkeep]
|-damage|p1a: THE WORLD|77/100|[from] Sandstorm
|-heal|p2a: Skarmory|40/100|[from] item: Leftovers
|-heal|p1a: THE WORLD|83/100|[from] item: Leftovers
|upkeep
|turn|18
|
|t:|1730748517
|move|p1a: THE WORLD|Double-Edge|p2a: Skarmory
|-resisted|p2a: Skarmory
|-damage|p2a: Skarmory|3/100
|-damage|p1a: THE WORLD|74/100|[from] Recoil|[of] p2a: Skarmory
|move|p2a: Skarmory|Roar|p1a: THE WORLD
|drag|p1a: GOLDEN EXPERIENCE|Zapdos|100/100
|
|-weather|Sandstorm|[upkeep]
|-damage|p1a: GOLDEN EXPERIENCE|94/100|[from] Sandstorm
|-heal|p1a: GOLDEN EXPERIENCE|100/100|[from] item: Leftovers
|-heal|p2a: Skarmory|9/100|[from] item: Leftovers
|upkeep
|turn|19
|
|t:|1730748529
|move|p1a: GOLDEN EXPERIENCE|Thunderbolt|p2a: Skarmory
|-supereffective|p2a: Skarmory
|-damage|p2a: Skarmory|0 fnt
|faint|p2a: Skarmory
|
|t:|1730748537
|switch|p2a: Aerodactyl|Aerodactyl, M|100/100
|
|-weather|Sandstorm|[upkeep]
|-damage|p1a: GOLDEN EXPERIENCE|94/100|[from] Sandstorm
|-heal|p1a: GOLDEN EXPERIENCE|100/100|[from] item: Leftovers
|upkeep
|turn|20
|
|t:|1730748545
|switch|p1a: THE WORLD|Snorlax, M|74/100
|-damage|p1a: THE WORLD|49/100|[from] Spikes
|move|p2a: Aerodactyl|Rock Slide|p1a: THE WORLD
|-damage|p1a: THE WORLD|5/100
|
|-weather|Sandstorm|[upkeep]
|-damage|p1a: THE WORLD|0 fnt|[from] Sandstorm
|faint|p1a: THE WORLD
|upkeep
|
|t:|1730748548
|switch|p1a: HERMIT PURPLE|Metagross|100/100
|-damage|p1a: HERMIT PURPLE|76/100|[from] Spikes
|turn|21
|
|t:|1730748557
|switch|p2a: Celebi|Celebi|100/100
|move|p1a: HERMIT PURPLE|Meteor Mash|p2a: Celebi
|-damage|p2a: Celebi|59/100
|-boost|p1a: HERMIT PURPLE|atk|1
|
|-weather|Sandstorm|[upkeep]
|-damage|p2a: Celebi|52/100|[from] Sandstorm
|-heal|p2a: Celebi|59/100|[from] item: Leftovers
|-heal|p1a: HERMIT PURPLE|82/100|[from] item: Leftovers
|upkeep
|turn|22
|
|t:|1730748562
|move|p2a: Celebi|Hidden Power|p1a: HERMIT PURPLE
|-supereffective|p1a: HERMIT PURPLE
|-damage|p1a: HERMIT PURPLE|34/100
|move|p1a: HERMIT PURPLE|Meteor Mash|p2a: Celebi
|-damage|p2a: Celebi|0 fnt
|faint|p2a: Celebi
|
|t:|1730748572
|switch|p2a: Aerodactyl|Aerodactyl, M|100/100
|
|-weather|Sandstorm|[upkeep]
|-heal|p1a: HERMIT PURPLE|40/100|[from] item: Leftovers
|upkeep
|turn|23
|
|t:|1730748580
|move|p2a: Aerodactyl|Rock Slide|p1a: HERMIT PURPLE
|-resisted|p1a: HERMIT PURPLE
|-damage|p1a: HERMIT PURPLE|20/100
|move|p1a: HERMIT PURPLE|Meteor Mash|p2a: Aerodactyl
|-supereffective|p2a: Aerodactyl
|-damage|p2a: Aerodactyl|0 fnt
|faint|p2a: Aerodactyl
|c|☆pokology2|yeah
|c|☆pokology2|gg
|
|t:|1730748590
|switch|p2a: Milotic|Milotic, F|17/100
|
|-weather|Sandstorm|[upkeep]
|-damage|p2a: Milotic|11/100|[from] Sandstorm
|-heal|p2a: Milotic|17/100|[from] item: Leftovers
|-heal|p1a: HERMIT PURPLE|26/100|[from] item: Leftovers
|upkeep
|turn|24
|c|☆3 blades|gg
|
|t:|1730748601
|move|p2a: Milotic|Hypnosis|p1a: HERMIT PURPLE
|-status|p1a: HERMIT PURPLE|slp|[from] move: Hypnosis
|cant|p1a: HERMIT PURPLE|slp
|
|-weather|Sandstorm|[upkeep]
|-damage|p2a: Milotic|11/100|[from] Sandstorm
|-heal|p2a: Milotic|17/100|[from] item: Leftovers
|-heal|p1a: HERMIT PURPLE|33/100 slp|[from] item: Leftovers
|upkeep
|turn|25
|
|t:|1730748604
|switch|p1a: GOLDEN EXPERIENCE|Zapdos|100/100
|move|p2a: Milotic|Recover|p2a: Milotic
|-heal|p2a: Milotic|67/100
|
|-weather|Sandstorm|[upkeep]
|-damage|p1a: GOLDEN EXPERIENCE|94/100|[from] Sandstorm
|-damage|p2a: Milotic|61/100|[from] Sandstorm
|-heal|p1a: GOLDEN EXPERIENCE|100/100|[from] item: Leftovers
|-heal|p2a: Milotic|67/100|[from] item: Leftovers
|upkeep
|turn|26
|
|t:|1730748611
|move|p1a: GOLDEN EXPERIENCE|Thunderbolt|p2a: Milotic
|-supereffective|p2a: Milotic
|-damage|p2a: Milotic|0 fnt
|faint|p2a: Milotic
|
|t:|1730748615
|switch|p2a: Tyranitar|Tyranitar, M|100/100
|
|-weather|Sandstorm|[upkeep]
|-damage|p1a: GOLDEN EXPERIENCE|94/100|[from] Sandstorm
|-heal|p1a: GOLDEN EXPERIENCE|100/100|[from] item: Leftovers
|upkeep
|turn|27
|
|t:|1730748618
|move|p1a: GOLDEN EXPERIENCE|Thunderbolt|p2a: Tyranitar
|-damage|p2a: Tyranitar|63/100
|move|p2a: Tyranitar|Dragon Dance|p2a: Tyranitar
|-boost|p2a: Tyranitar|atk|1
|-boost|p2a: Tyranitar|spe|1
|
|-weather|Sandstorm|[upkeep]
|-damage|p1a: GOLDEN EXPERIENCE|94/100|[from] Sandstorm
|-heal|p1a: GOLDEN EXPERIENCE|100/100|[from] item: Leftovers
|-heal|p2a: Tyranitar|69/100|[from] item: Leftovers
|upkeep
|turn|28
|
|t:|1730748634
|move|p1a: GOLDEN EXPERIENCE|Toxic|p2a: Tyranitar
|-status|p2a: Tyranitar|tox
|move|p2a: Tyranitar|Dragon Dance|p2a: Tyranitar
|-boost|p2a: Tyranitar|atk|1
|-boost|p2a: Tyranitar|spe|1
|
|-weather|Sandstorm|[upkeep]
|-damage|p1a: GOLDEN EXPERIENCE|94/100|[from] Sandstorm
|-heal|p2a: Tyranitar|75/100 tox|[from] item: Leftovers
|-damage|p2a: Tyranitar|69/100 tox|[from] psn
|-heal|p1a: GOLDEN EXPERIENCE|100/100|[from] item: Leftovers
|upkeep
|turn|29
|
|t:|1730748639
|switch|p1a: HERMIT PURPLE|Metagross|33/100 slp
|-damage|p1a: HERMIT PURPLE|8/100 slp|[from] Spikes
|move|p2a: Tyranitar|Rock Slide|p1a: HERMIT PURPLE
|-resisted|p1a: HERMIT PURPLE
|-crit|p1a: HERMIT PURPLE
|-damage|p1a: HERMIT PURPLE|0 fnt
|faint|p1a: HERMIT PURPLE
|
|t:|1730748640
|switch|p1a: KILLER QUEEN|Salamence, M|100/100
|-ability|p1a: KILLER QUEEN|Intimidate|boost
|-unboost|p2a: Tyranitar|atk|1
|
|-weather|Sandstorm|[upkeep]
|-damage|p1a: KILLER QUEEN|94/100|[from] Sandstorm
|-heal|p2a: Tyranitar|75/100 tox|[from] item: Leftovers
|-damage|p2a: Tyranitar|63/100 tox|[from] psn
|-heal|p1a: KILLER QUEEN|100/100|[from] item: Leftovers
|upkeep
|turn|30
|
|t:|1730748644
|switch|p1a: GOLDEN EXPERIENCE|Zapdos|100/100
|move|p2a: Tyranitar|Earthquake|p1a: GOLDEN EXPERIENCE
|-immune|p1a: GOLDEN EXPERIENCE
|
|-weather|Sandstorm|[upkeep]
|-damage|p1a: GOLDEN EXPERIENCE|94/100|[from] Sandstorm
|-heal|p2a: Tyranitar|69/100 tox|[from] item: Leftovers
|-damage|p2a: Tyranitar|51/100 tox|[from] psn
|-heal|p1a: GOLDEN EXPERIENCE|100/100|[from] item: Leftovers
|upkeep
|turn|31
|
|t:|1730748647
|move|p2a: Tyranitar|Rock Slide|p1a: GOLDEN EXPERIENCE
|-supereffective|p1a: GOLDEN EXPERIENCE
|-damage|p1a: GOLDEN EXPERIENCE|0 fnt
|faint|p1a: GOLDEN EXPERIENCE
|
|t:|1730748648
|switch|p1a: KILLER QUEEN|Salamence, M|100/100
|-ability|p1a: KILLER QUEEN|Intimidate|boost
|-unboost|p2a: Tyranitar|atk|1
|
|-weather|Sandstorm|[upkeep]
|-damage|p1a: KILLER QUEEN|94/100|[from] Sandstorm
|-heal|p2a: Tyranitar|57/100 tox|[from] item: Leftovers
|-damage|p2a: Tyranitar|32/100 tox|[from] psn
|-heal|p1a: KILLER QUEEN|100/100|[from] item: Leftovers
|upkeep
|turn|32
|
|t:|1730748650
|move|p2a: Tyranitar|Rock Slide|p1a: KILLER QUEEN
|-supereffective|p1a: KILLER QUEEN
|-damage|p1a: KILLER QUEEN|3/100
|move|p1a: KILLER QUEEN|Earthquake|p2a: Tyranitar
|-supereffective|p2a: Tyranitar
|-damage|p2a: Tyranitar|0 fnt
|faint|p2a: Tyranitar
|
|win|3 blades
|c|☆3 blades|gg

</script>
<script type="application/json" class="data" id="replaydata-smogtours-gen3ou-804778">
{"id":"smogtours-gen3ou-804778","format":"[Gen 3] OU","players":["3 blades","pokology2"],"uploadtime":1730748650,"views":104,"formatid":"gen3ou","rating":null,"private":0,"password":null}
</script>

<script defer src="js/replays.js?9d40a366"></script>
