<!DOCTYPE html>
<meta charset="utf-8" />
<meta name="viewport" content="width=device-width" />

<title>[Gen 3] OU: RedCrimp vs. woeishuen - Replays - Pok&eacute;mon Showdown!</title>

<meta name="description" content="Watch a replay of a Pok&eacute;mon battle between RedCrimp and woeishuen! Format: [Gen 3] OU; Date: Oct 8, 2024" />
<!--

Hey, you! Looking in the source for the replay log?

You can find them in JSON format, just add `.json` at the end of a replay URL.

https://replay.pokemonshowdown.com/gen7randomdoublesbattle-865046831.json

Or, if you only need the log itself, add `.log` instead:

https://replay.pokemonshowdown.com/gen7randomdoublesbattle-865046831.log

-->

<link rel="stylesheet" href="//pokemonshowdown.com/style/global.css?0.023195364461161105" />
<link rel="stylesheet" href="//play.pokemonshowdown.com/style/font-awesome.css?0.13261647063804238" />
<link rel="stylesheet" href="//play.pokemonshowdown.com/style/battle.css?0.8753245789963631" />
<link rel="stylesheet" href="//play.pokemonshowdown.com/style/utilichart.css?0.8627959624976733" />

<!-- Global site tag (gtag.js) - Google Analytics -->
<script async src="https://www.googletagmanager.com/gtag/js?id=UA-26211653-1"></script>
<script>
  window.dataLayer = window.dataLayer || [];
  function gtag(){dataLayer.push(arguments);}
  gtag('js', new Date());

  gtag('config', 'UA-26211653-1');
</script>
<!-- End Google Analytics -->
<!-- Venatus Ad Manager - Install in <HEAD> of page -->
	<script src="https://hb.vntsm.com/v3/live/ad-manager.min.js" type="text/javascript" data-site-id="642aba63ec9a7b11c3c9c1be" data-mode="scan" async></script>
<!-- / Venatus Ad Manager -->

<style>
	@media (max-width:820px) {
		.battle {
			margin: 0 auto;
		}
		.battle-log {
			margin: 7px auto 0;
			max-width: 640px;
			height: 300px;
			position: static;
		}
	}
	.optgroup {
		display: inline-block;
		line-height: 22px;
		font-size: 10pt;
	}
	.optgroup .button {
		height: 25px;
		padding-top: 0;
		padding-bottom: 0;
	}
	.optgroup button.button {
		padding-left: 12px;
		padding-right: 12px;
	}
	.linklist {
		list-style: none;
		margin: 0.5em 0;
		padding: 0;
	}
	.linklist li {
		padding: 2px 0;
	}
	.sidebar {
		float: left;
		width: 320px;
	}
	.bar-wrapper {
		max-width: 1100px;
		margin: 0 auto;
	}
	.bar-wrapper.has-sidebar {
		max-width: 1430px;
	}
	.mainbar {
		margin: 0;
		padding-right: 1px;
	}
	.mainbar.has-sidebar {
		margin-left: 330px;
	}
	@media (min-width: 1511px) {
		.sidebar {
			width: 400px;
		}
		.bar-wrapper.has-sidebar {
			max-width: 1510px;
		}
		.mainbar.has-sidebar {
			margin-left: 410px;
		}
	}
	.section.first-section {
		margin-top: 9px;
	}
	.blocklink small {
		white-space: normal;
	}
	.button {
		vertical-align: middle;
	}
	.replay-controls {
		padding-top: 10px;
	}
	.replay-controls h1 {
		font-size: 16pt;
		font-weight: normal;
		color: #CCC;
	}
	.pagelink {
		text-align: center;
	}
	.pagelink a {
		width: 150px;
	}
	.textbox, .button {
		font-size: 11pt;
		vertical-align: middle;
	}
	@media (max-width: 450px) {
		.button {
			font-size: 9pt;
		}
	}
</style>

<div>

	<header>
		<div class="nav-wrapper"><ul class="nav">
			<li><a class="button nav-first" href="//pokemonshowdown.com/"><img src="//pokemonshowdown.com/images/pokemonshowdownbeta.png" srcset="//pokemonshowdown.com/images/pokemonshowdownbeta.png 1x, //pokemonshowdown.com/images/pokemonshowdownbeta@2x.png 2x" alt="Pok&eacute;mon Showdown" width="146" height="44" /> Home</a></li>
			<li><a class="button" href="//pokemonshowdown.com/dex/">Pok&eacute;dex</a></li>
			<li><a class="button cur" href="/">Replays</a></li>
			<li><a class="button" href="//pokemonshowdown.com/ladder/">Ladder</a></li>
			<li><a class="button nav-last" href="//pokemonshowdown.com/forums/">Forum</a></li>
			<li><a class="button greenbutton nav-first nav-last" href="//play.pokemonshowdown.com/">Play</a></li>
		</ul></div>
	</header>

	<div class="main" id="main">

		<noscript><section class="section">You need to enable JavaScript to use this page; sorry!</section></noscript>

	</div>

</div>

<script defer nomodule src="//play.pokemonshowdown.com/js/lib/ps-polyfill.js"></script>
<script defer src="//play.pokemonshowdown.com/js/lib/preact.min.js"></script>

<script defer src="//play.pokemonshowdown.com/config/config.js?2bddbc15"></script>
<script defer src="//play.pokemonshowdown.com/js/lib/jquery-1.11.0.min.js"></script>
<script defer src="//play.pokemonshowdown.com/js/lib/html-sanitizer-minified.js"></script>
<script defer src="//play.pokemonshowdown.com/js/battle-sound.js"></script>
<script defer src="//play.pokemonshowdown.com/js/battledata.js?0.7209276989879541"></script>
<script defer src="//play.pokemonshowdown.com/data/pokedex-mini.js?0.6111056340867951"></script>
<script defer src="//play.pokemonshowdown.com/data/pokedex-mini-bw.js?0.3532142036491459"></script>
<script defer src="//play.pokemonshowdown.com/data/graphics.js?0.24223875632456182"></script>
<script defer src="//play.pokemonshowdown.com/data/pokedex.js?0.38839984266356864"></script>
<script defer src="//play.pokemonshowdown.com/data/moves.js?0.21866028504024015"></script>
<script defer src="//play.pokemonshowdown.com/data/abilities.js?0.2005157953846628"></script>
<script defer src="//play.pokemonshowdown.com/data/items.js?0.9894211263848525"></script>
<script defer src="//play.pokemonshowdown.com/data/teambuilder-tables.js?0.6008791140282215"></script>
<script defer src="//play.pokemonshowdown.com/js/battle-tooltips.js?0.7580118955022959"></script>
<script defer src="//play.pokemonshowdown.com/js/battle.js?0.6057722274234274"></script>

<script defer src="js/utils.js?e31f9a17"></script>
<script defer src="js/replays-battle.js?7008c182"></script>

<!-- don't scrape this data! just add .json or .log after the URL!
Full API docs: https://github.com/smogon/pokemon-showdown-client/blob/master/WEB-API.md -->
<script type="text/plain" class="log" id="replaylog-smogtours-gen3ou-796439">
|inactive|Battle timer is ON: inactive players will automatically lose when time's up.
|t:|1728414096
|gametype|singles
|player|p1|RedCrimp|1|
|player|p2|woeishuen|2|
|teamsize|p1|6
|teamsize|p2|6
|gen|3
|tier|[Gen 3] OU
|rule|Sleep Clause Mod: Limit one foe put to sleep
|rule|Switch Priority Clause Mod: Faster Pokémon switch first
|rule|Species Clause: Limit one of each Pokémon
|rule|OHKO Clause: OHKO moves are banned
|rule|Evasion Items Clause: Evasion items are banned
|rule|Evasion Moves Clause: Evasion moves are banned
|rule|Endless Battle Clause: Forcing endless battles is banned
|rule|HP Percentage Mod: HP is shown in percentages
|rule|One Boost Passer Clause: Limit one Baton Passer that has a way to boost its stats
|rule|Freeze Clause Mod: Limit one foe frozen
|
|t:|1728414096
|start
|switch|p1a: Salamence|Salamence, M|100/100
|switch|p2a: Forretress|Forretress, F|100/100
|-ability|p1a: Salamence|Intimidate|boost
|-unboost|p2a: Forretress|atk|1
|turn|1
|c|☆woeishuen|glgl
|c|☆RedCrimp|gl
|
|t:|1728414107
|switch|p2a: Zapdos|Zapdos|100/100
|move|p1a: Salamence|Fire Blast|p2a: Zapdos
|-damage|p2a: Zapdos|76/100
|
|-heal|p2a: Zapdos|82/100|[from] item: Leftovers
|upkeep
|turn|2
|
|t:|1728414116
|switch|p1a: Blissey|Blissey, F|100/100
|move|p2a: Zapdos|Thunderbolt|p1a: Blissey
|-damage|p1a: Blissey|83/100
|
|-heal|p2a: Zapdos|88/100|[from] item: Leftovers
|-heal|p1a: Blissey|89/100|[from] item: Leftovers
|upkeep
|turn|3
|inactive|RedCrimp has 270 seconds left.
|
|t:|1728414147
|move|p2a: Zapdos|Thunderbolt|p1a: Blissey
|-damage|p1a: Blissey|74/100
|move|p1a: Blissey|Ice Beam|p2a: Zapdos
|-supereffective|p2a: Zapdos
|-damage|p2a: Zapdos|53/100
|
|-heal|p2a: Zapdos|60/100|[from] item: Leftovers
|-heal|p1a: Blissey|80/100|[from] item: Leftovers
|upkeep
|turn|4
|inactive|RedCrimp has 270 seconds left.
|
|t:|1728414157
|switch|p2a: Forretress|Forretress, F|100/100
|move|p1a: Blissey|Ice Beam|p2a: Forretress
|-resisted|p2a: Forretress
|-damage|p2a: Forretress|89/100
|
|-heal|p1a: Blissey|86/100|[from] item: Leftovers
|-heal|p2a: Forretress|95/100|[from] item: Leftovers
|upkeep
|turn|5
|
|t:|1728414163
|switch|p1a: Forretress|Forretress, M|100/100
|move|p2a: Forretress|Spikes|p1a: Forretress
|-sidestart|p1: RedCrimp|Spikes
|
|-heal|p2a: Forretress|100/100|[from] item: Leftovers
|upkeep
|turn|6
|
|t:|1728414170
|switch|p2a: Tyranitar|Tyranitar, F|100/100
|-weather|Sandstorm|[from] ability: Sand Stream|[of] p2a: Tyranitar
|move|p1a: Forretress|Spikes|p2a: Tyranitar
|-sidestart|p2: woeishuen|Spikes
|
|-weather|Sandstorm|[upkeep]
|upkeep
|turn|7
|
|t:|1728414182
|switch|p2a: Swampert|Swampert, M|100/100
|-damage|p2a: Swampert|88/100|[from] Spikes
|switch|p1a: Swampert|Swampert, M|100/100
|-damage|p1a: Swampert|88/100|[from] Spikes
|
|-weather|Sandstorm|[upkeep]
|-heal|p2a: Swampert|94/100|[from] item: Leftovers
|-heal|p1a: Swampert|94/100|[from] item: Leftovers
|upkeep
|turn|8
|
|t:|1728414189
|move|p2a: Swampert|Protect|p2a: Swampert
|-singleturn|p2a: Swampert|Protect
|move|p1a: Swampert|Protect||[still]
|-fail|p1a: Swampert
|
|-weather|Sandstorm|[upkeep]
|-heal|p2a: Swampert|100/100|[from] item: Leftovers
|-heal|p1a: Swampert|100/100|[from] item: Leftovers
|upkeep
|turn|9
|
|t:|1728414195
|switch|p2a: Forretress|Forretress, F|100/100
|-damage|p2a: Forretress|88/100|[from] Spikes
|move|p1a: Swampert|Surf|p2a: Forretress
|-damage|p2a: Forretress|62/100
|
|-weather|Sandstorm|[upkeep]
|-heal|p2a: Forretress|68/100|[from] item: Leftovers
|upkeep
|turn|10
|
|t:|1728414202
|switch|p1a: Forretress|Forretress, M|100/100
|-damage|p1a: Forretress|88/100|[from] Spikes
|move|p2a: Forretress|Rapid Spin|p1a: Forretress
|-resisted|p1a: Forretress
|-damage|p1a: Forretress|86/100
|-sideend|p2: woeishuen|Spikes|[from] move: Rapid Spin|[of] p2a: Forretress
|
|-weather|Sandstorm|[upkeep]
|-heal|p2a: Forretress|74/100|[from] item: Leftovers
|-heal|p1a: Forretress|93/100|[from] item: Leftovers
|upkeep
|turn|11
|
|t:|1728414209
|switch|p2a: Tyranitar|Tyranitar, F|100/100
|move|p1a: Forretress|Rapid Spin|p2a: Tyranitar
|-resisted|p2a: Tyranitar
|-damage|p2a: Tyranitar|99/100
|-sideend|p1: RedCrimp|Spikes|[from] move: Rapid Spin|[of] p1a: Forretress
|
|-weather|Sandstorm|[upkeep]
|-heal|p2a: Tyranitar|100/100|[from] item: Leftovers
|-heal|p1a: Forretress|99/100|[from] item: Leftovers
|upkeep
|turn|12
|
|t:|1728414229
|switch|p2a: Forretress|Forretress, F|74/100
|switch|p1a: Swampert|Swampert, M|100/100
|
|-weather|Sandstorm|[upkeep]
|-heal|p2a: Forretress|80/100|[from] item: Leftovers
|upkeep
|turn|13
|
|t:|1728414233
|switch|p1a: Forretress|Forretress, M|99/100
|move|p2a: Forretress|Spikes|p1a: Forretress
|-sidestart|p1: RedCrimp|Spikes
|
|-weather|Sandstorm|[upkeep]
|-heal|p2a: Forretress|87/100|[from] item: Leftovers
|-heal|p1a: Forretress|100/100|[from] item: Leftovers
|upkeep
|turn|14
|
|t:|1728414240
|switch|p2a: Tyranitar|Tyranitar, F|100/100
|move|p1a: Forretress|Spikes|p2a: Tyranitar
|-sidestart|p2: woeishuen|Spikes
|
|-weather|Sandstorm|[upkeep]
|upkeep
|turn|15
|
|t:|1728414248
|switch|p1a: Salamence|Salamence, M|100/100
|-ability|p1a: Salamence|Intimidate|boost
|-unboost|p2a: Tyranitar|atk|1
|move|p2a: Tyranitar|Hidden Power|p1a: Salamence
|-resisted|p1a: Salamence
|-damage|p1a: Salamence|93/100
|
|-weather|Sandstorm|[upkeep]
|-damage|p1a: Salamence|87/100|[from] Sandstorm
|-heal|p1a: Salamence|93/100|[from] item: Leftovers
|upkeep
|turn|16
|
|t:|1728414269
|switch|p1a: Jirachi|Jirachi|100/100
|-damage|p1a: Jirachi|88/100|[from] Spikes
|switch|p2a: Swampert|Swampert, M|100/100
|-damage|p2a: Swampert|88/100|[from] Spikes
|
|-weather|Sandstorm|[upkeep]
|-heal|p1a: Jirachi|94/100|[from] item: Leftovers
|-heal|p2a: Swampert|94/100|[from] item: Leftovers
|upkeep
|turn|17
|
|t:|1728414277
|move|p1a: Jirachi|Protect|p1a: Jirachi
|-singleturn|p1a: Jirachi|Protect
|move|p2a: Swampert|Roar|p1a: Jirachi
|-activate|p1a: Jirachi|Protect
|
|-weather|Sandstorm|[upkeep]
|-heal|p1a: Jirachi|100/100|[from] item: Leftovers
|-heal|p2a: Swampert|100/100|[from] item: Leftovers
|upkeep
|turn|18
|
|t:|1728414284
|move|p2a: Swampert|Protect|p2a: Swampert
|-singleturn|p2a: Swampert|Protect
|move|p1a: Jirachi|Wish|p1a: Jirachi
|
|-weather|Sandstorm|[upkeep]
|upkeep
|turn|19
|
|t:|1728414288
|move|p1a: Jirachi|Body Slam|p2a: Swampert
|-damage|p2a: Swampert|87/100
|-status|p2a: Swampert|par
|cant|p2a: Swampert|par
|
|-weather|Sandstorm|[upkeep]
|-heal|p2a: Swampert|93/100 par|[from] item: Leftovers
|upkeep
|turn|20
|
|t:|1728414295
|move|p1a: Jirachi|Wish|p1a: Jirachi
|cant|p2a: Swampert|par
|
|-weather|Sandstorm|[upkeep]
|-heal|p2a: Swampert|99/100 par|[from] item: Leftovers
|upkeep
|turn|21
|
|t:|1728414305
|switch|p2a: Zapdos|Zapdos|60/100
|move|p1a: Jirachi|Body Slam|p2a: Zapdos
|-damage|p2a: Zapdos|41/100
|-status|p2a: Zapdos|par
|
|-weather|Sandstorm|[upkeep]
|-damage|p2a: Zapdos|35/100 par|[from] Sandstorm
|-heal|p2a: Zapdos|41/100 par|[from] item: Leftovers
|upkeep
|turn|22
|inactive|RedCrimp has 270 seconds left.
|
|t:|1728414340
|switch|p1a: Blissey|Blissey, F|86/100
|-damage|p1a: Blissey|73/100|[from] Spikes
|move|p2a: Zapdos|Rest|p2a: Zapdos
|-status|p2a: Zapdos|slp|[from] move: Rest
|-heal|p2a: Zapdos|100/100 slp|[silent]
|
|-weather|Sandstorm|[upkeep]
|-damage|p2a: Zapdos|94/100 slp|[from] Sandstorm
|-damage|p1a: Blissey|67/100|[from] Sandstorm
|-heal|p2a: Zapdos|100/100 slp|[from] item: Leftovers
|-heal|p1a: Blissey|73/100|[from] item: Leftovers
|upkeep
|turn|23
|
|t:|1728414356
|cant|p2a: Zapdos|slp
|move|p1a: Blissey|Soft-Boiled|p1a: Blissey
|-heal|p1a: Blissey|100/100
|
|-weather|Sandstorm|[upkeep]
|-damage|p2a: Zapdos|94/100 slp|[from] Sandstorm
|-damage|p1a: Blissey|94/100|[from] Sandstorm
|-heal|p2a: Zapdos|100/100 slp|[from] item: Leftovers
|-heal|p1a: Blissey|100/100|[from] item: Leftovers
|upkeep
|turn|24
|
|t:|1728414361
|cant|p2a: Zapdos|slp
|move|p1a: Blissey|Calm Mind|p1a: Blissey
|-boost|p1a: Blissey|spa|1
|-boost|p1a: Blissey|spd|1
|
|-weather|Sandstorm|[upkeep]
|-damage|p2a: Zapdos|94/100 slp|[from] Sandstorm
|-damage|p1a: Blissey|94/100|[from] Sandstorm
|-heal|p2a: Zapdos|100/100 slp|[from] item: Leftovers
|-heal|p1a: Blissey|100/100|[from] item: Leftovers
|upkeep
|turn|25
|
|t:|1728414367
|switch|p2a: Swampert|Swampert, M|99/100 par
|-damage|p2a: Swampert|87/100 par|[from] Spikes
|move|p1a: Blissey|Ice Beam|p2a: Swampert
|-damage|p2a: Swampert|52/100 par
|
|-weather|Sandstorm|[upkeep]
|-damage|p1a: Blissey|94/100|[from] Sandstorm
|-heal|p1a: Blissey|100/100|[from] item: Leftovers
|-heal|p2a: Swampert|58/100 par|[from] item: Leftovers
|upkeep
|turn|26
|
|t:|1728414374
|move|p1a: Blissey|Ice Beam|p2a: Swampert
|-damage|p2a: Swampert|27/100 par
|move|p2a: Swampert|Roar|p1a: Blissey
|drag|p1a: Forretress|Forretress, M|100/100
|-damage|p1a: Forretress|88/100|[from] Spikes
|
|-weather|Sandstorm|[upkeep]
|-heal|p1a: Forretress|94/100|[from] item: Leftovers
|-heal|p2a: Swampert|33/100 par|[from] item: Leftovers
|upkeep
|turn|27
|
|t:|1728414382
|switch|p2a: Forretress|Forretress, F|87/100
|-damage|p2a: Forretress|74/100|[from] Spikes
|move|p1a: Forretress|Rapid Spin|p2a: Forretress
|-resisted|p2a: Forretress
|-damage|p2a: Forretress|73/100
|-sideend|p1: RedCrimp|Spikes|[from] move: Rapid Spin|[of] p1a: Forretress
|
|-weather|Sandstorm|[upkeep]
|-heal|p2a: Forretress|79/100|[from] item: Leftovers
|-heal|p1a: Forretress|100/100|[from] item: Leftovers
|upkeep
|turn|28
|
|t:|1728414395
|switch|p1a: Salamence|Salamence, M|93/100
|-ability|p1a: Salamence|Intimidate|boost
|-unboost|p2a: Forretress|atk|1
|move|p2a: Forretress|Spikes|p1a: Salamence
|-sidestart|p1: RedCrimp|Spikes
|
|-weather|Sandstorm|[upkeep]
|-damage|p1a: Salamence|87/100|[from] Sandstorm
|-heal|p1a: Salamence|93/100|[from] item: Leftovers
|-heal|p2a: Forretress|85/100|[from] item: Leftovers
|upkeep
|turn|29
|
|t:|1728414407
|switch|p2a: Zapdos|Zapdos|100/100 slp
|move|p1a: Salamence|Brick Break|p2a: Zapdos
|-resisted|p2a: Zapdos
|-damage|p2a: Zapdos|89/100 slp
|
|-weather|Sandstorm|[upkeep]
|-damage|p1a: Salamence|87/100|[from] Sandstorm
|-damage|p2a: Zapdos|83/100 slp|[from] Sandstorm
|-heal|p1a: Salamence|93/100|[from] item: Leftovers
|-heal|p2a: Zapdos|89/100 slp|[from] item: Leftovers
|upkeep
|turn|30
|
|t:|1728414420
|switch|p1a: Jirachi|Jirachi|100/100
|-damage|p1a: Jirachi|88/100|[from] Spikes
|-curestatus|p2a: Zapdos|slp|[msg]
|move|p2a: Zapdos|Thunderbolt|p1a: Jirachi
|-damage|p1a: Jirachi|62/100
|
|-weather|Sandstorm|[upkeep]
|-damage|p2a: Zapdos|83/100|[from] Sandstorm
|-heal|p2a: Zapdos|89/100|[from] item: Leftovers
|-heal|p1a: Jirachi|68/100|[from] item: Leftovers
|upkeep
|turn|31
|
|t:|1728414427
|move|p2a: Zapdos|Thunderbolt|p1a: Jirachi
|-damage|p1a: Jirachi|43/100
|move|p1a: Jirachi|Wish|p1a: Jirachi
|
|-weather|Sandstorm|[upkeep]
|-damage|p2a: Zapdos|83/100|[from] Sandstorm
|-heal|p2a: Zapdos|89/100|[from] item: Leftovers
|-heal|p1a: Jirachi|49/100|[from] item: Leftovers
|upkeep
|turn|32
|
|t:|1728414433
|switch|p2a: Blissey|Blissey, F|100/100
|-damage|p2a: Blissey|88/100|[from] Spikes
|move|p1a: Jirachi|Protect||[still]
|-fail|p1a: Jirachi
|
|-heal|p1a: Jirachi|99/100|[from] move: Wish|[wisher] Jirachi
|-weather|Sandstorm|[upkeep]
|-damage|p2a: Blissey|82/100|[from] Sandstorm
|-heal|p1a: Jirachi|100/100|[from] item: Leftovers
|-heal|p2a: Blissey|88/100|[from] item: Leftovers
|upkeep
|turn|33
|
|t:|1728414437
|move|p1a: Jirachi|Body Slam|p2a: Blissey
|-damage|p2a: Blissey|70/100
|-status|p2a: Blissey|par
|cant|p2a: Blissey|par
|
|-weather|Sandstorm|[upkeep]
|-damage|p2a: Blissey|64/100 par|[from] Sandstorm
|-heal|p2a: Blissey|70/100 par|[from] item: Leftovers
|upkeep
|turn|34
|
|t:|1728414446
|switch|p1a: Tyranitar|Tyranitar, F|100/100
|-damage|p1a: Tyranitar|88/100|[from] Spikes
|move|p2a: Blissey|Thunder Wave|p1a: Tyranitar
|-status|p1a: Tyranitar|par
|
|-weather|Sandstorm|[upkeep]
|-damage|p2a: Blissey|64/100 par|[from] Sandstorm
|-heal|p2a: Blissey|70/100 par|[from] item: Leftovers
|-heal|p1a: Tyranitar|94/100 par|[from] item: Leftovers
|upkeep
|turn|35
|
|t:|1728414452
|-singleturn|p1a: Tyranitar|move: Focus Punch
|cant|p2a: Blissey|par
|move|p1a: Tyranitar|Focus Punch|p2a: Blissey
|-supereffective|p2a: Blissey
|-damage|p2a: Blissey|0 fnt
|faint|p2a: Blissey
|
|t:|1728414462
|switch|p2a: Forretress|Forretress, F|85/100
|-damage|p2a: Forretress|73/100|[from] Spikes
|
|-weather|Sandstorm|[upkeep]
|-heal|p2a: Forretress|79/100|[from] item: Leftovers
|-heal|p1a: Tyranitar|100/100 par|[from] item: Leftovers
|upkeep
|turn|36
|
|t:|1728414465
|move|p2a: Forretress|Rapid Spin|p1a: Tyranitar
|-resisted|p1a: Tyranitar
|-damage|p1a: Tyranitar|99/100 par
|-sideend|p2: woeishuen|Spikes|[from] move: Rapid Spin|[of] p2a: Forretress
|move|p1a: Tyranitar|Flamethrower|p2a: Forretress
|-supereffective|p2a: Forretress
|-damage|p2a: Forretress|0 fnt
|faint|p2a: Forretress
|
|t:|1728414474
|switch|p2a: Swampert|Swampert, M|33/100 par
|
|-weather|Sandstorm|[upkeep]
|-heal|p2a: Swampert|39/100 par|[from] item: Leftovers
|-heal|p1a: Tyranitar|100/100 par|[from] item: Leftovers
|upkeep
|turn|37
|
|t:|1728414485
|switch|p1a: Jirachi|Jirachi|100/100
|-damage|p1a: Jirachi|88/100|[from] Spikes
|move|p2a: Swampert|Roar|p1a: Jirachi
|drag|p1a: Swampert|Swampert, M|100/100
|-damage|p1a: Swampert|88/100|[from] Spikes
|
|-weather|Sandstorm|[upkeep]
|-heal|p1a: Swampert|94/100|[from] item: Leftovers
|-heal|p2a: Swampert|45/100 par|[from] item: Leftovers
|upkeep
|turn|38
|
|t:|1728414493
|move|p1a: Swampert|Surf|p2a: Swampert
|-damage|p2a: Swampert|19/100 par
|move|p2a: Swampert|Toxic|p1a: Swampert
|-status|p1a: Swampert|tox
|
|-weather|Sandstorm|[upkeep]
|-heal|p1a: Swampert|100/100 tox|[from] item: Leftovers
|-damage|p1a: Swampert|94/100 tox|[from] psn
|-heal|p2a: Swampert|25/100 par|[from] item: Leftovers
|upkeep
|turn|39
|
|t:|1728414508
|switch|p2a: Zapdos|Zapdos|89/100
|move|p1a: Swampert|Surf|p2a: Zapdos
|-damage|p2a: Zapdos|69/100
|
|-weather|Sandstorm|[upkeep]
|-damage|p2a: Zapdos|63/100|[from] Sandstorm
|-heal|p2a: Zapdos|69/100|[from] item: Leftovers
|-heal|p1a: Swampert|100/100 tox|[from] item: Leftovers
|-damage|p1a: Swampert|88/100 tox|[from] psn
|upkeep
|turn|40
|
|t:|1728414514
|switch|p2a: Aerodactyl|Aerodactyl, F|100/100
|switch|p1a: Blissey|Blissey, F|100/100
|-damage|p1a: Blissey|88/100|[from] Spikes
|
|-weather|Sandstorm|[upkeep]
|-damage|p1a: Blissey|82/100|[from] Sandstorm
|-heal|p1a: Blissey|88/100|[from] item: Leftovers
|upkeep
|turn|41
|
|t:|1728414531
|switch|p1a: Salamence|Salamence, M|93/100
|-ability|p1a: Salamence|Intimidate|boost
|-unboost|p2a: Aerodactyl|atk|1
|move|p2a: Aerodactyl|Double-Edge|p1a: Salamence
|-damage|p1a: Salamence|52/100
|
|-weather|Sandstorm|[upkeep]
|-damage|p1a: Salamence|46/100|[from] Sandstorm
|-heal|p1a: Salamence|52/100|[from] item: Leftovers
|upkeep
|turn|42
|
|t:|1728414541
|switch|p2a: Zapdos|Zapdos|69/100
|move|p1a: Salamence|Dragon Claw|p2a: Zapdos
|-damage|p2a: Zapdos|42/100
|
|-weather|Sandstorm|[upkeep]
|-damage|p1a: Salamence|46/100|[from] Sandstorm
|-damage|p2a: Zapdos|36/100|[from] Sandstorm
|-heal|p1a: Salamence|52/100|[from] item: Leftovers
|-heal|p2a: Zapdos|42/100|[from] item: Leftovers
|upkeep
|turn|43
|
|t:|1728414551
|switch|p1a: Blissey|Blissey, F|88/100
|-damage|p1a: Blissey|76/100|[from] Spikes
|switch|p2a: Aerodactyl|Aerodactyl, F|100/100
|
|-weather|Sandstorm|[upkeep]
|-damage|p1a: Blissey|69/100|[from] Sandstorm
|-heal|p1a: Blissey|76/100|[from] item: Leftovers
|upkeep
|turn|44
|
|t:|1728414570
|switch|p1a: Tyranitar|Tyranitar, F|100/100 par
|-damage|p1a: Tyranitar|88/100 par|[from] Spikes
|move|p2a: Aerodactyl|Rock Slide|p1a: Tyranitar
|-damage|p1a: Tyranitar|51/100 par
|
|-weather|Sandstorm|[upkeep]
|-heal|p1a: Tyranitar|57/100 par|[from] item: Leftovers
|upkeep
|turn|45
|
|t:|1728414582
|move|p2a: Aerodactyl|Rock Slide|p1a: Tyranitar
|-damage|p1a: Tyranitar|15/100 par
|move|p1a: Tyranitar|Crunch|p2a: Aerodactyl
|-damage|p2a: Aerodactyl|51/100
|
|-weather|Sandstorm|[upkeep]
|-heal|p1a: Tyranitar|21/100 par|[from] item: Leftovers
|upkeep
|turn|46
|
|t:|1728414589
|switch|p1a: Jirachi|Jirachi|88/100
|-damage|p1a: Jirachi|76/100|[from] Spikes
|move|p2a: Aerodactyl|Rock Slide|p1a: Jirachi
|-resisted|p1a: Jirachi
|-damage|p1a: Jirachi|57/100
|
|-weather|Sandstorm|[upkeep]
|-heal|p1a: Jirachi|63/100|[from] item: Leftovers
|upkeep
|turn|47
|
|t:|1728414595
|switch|p2a: Zapdos|Zapdos|42/100
|move|p1a: Jirachi|Wish|p1a: Jirachi
|
|-weather|Sandstorm|[upkeep]
|-damage|p2a: Zapdos|36/100|[from] Sandstorm
|-heal|p2a: Zapdos|42/100|[from] item: Leftovers
|-heal|p1a: Jirachi|69/100|[from] item: Leftovers
|upkeep
|turn|48
|
|t:|1728414599
|move|p2a: Zapdos|Rest|p2a: Zapdos
|-status|p2a: Zapdos|slp|[from] move: Rest
|-heal|p2a: Zapdos|100/100 slp|[silent]
|move|p1a: Jirachi|Body Slam|p2a: Zapdos
|-damage|p2a: Zapdos|80/100 slp
|
|-heal|p1a: Jirachi|100/100|[from] move: Wish|[wisher] Jirachi
|-weather|Sandstorm|[upkeep]
|-damage|p2a: Zapdos|73/100 slp|[from] Sandstorm
|-heal|p2a: Zapdos|80/100 slp|[from] item: Leftovers
|upkeep
|turn|49
|
|t:|1728414605
|cant|p2a: Zapdos|slp
|move|p2a: Zapdos|Sleep Talk|p2a: Zapdos
|move|p2a: Zapdos|Thunderbolt|p1a: Jirachi|[from]Sleep Talk
|-damage|p1a: Jirachi|74/100
|move|p1a: Jirachi|Wish|p1a: Jirachi
|
|-weather|Sandstorm|[upkeep]
|-damage|p2a: Zapdos|73/100 slp|[from] Sandstorm
|-heal|p2a: Zapdos|80/100 slp|[from] item: Leftovers
|-heal|p1a: Jirachi|80/100|[from] item: Leftovers
|upkeep
|turn|50
|
|t:|1728414613
|switch|p2a: Tyranitar|Tyranitar, F|100/100
|switch|p1a: Tyranitar|Tyranitar, F|21/100 par
|-damage|p1a: Tyranitar|9/100 par|[from] Spikes
|
|-heal|p1a: Tyranitar|59/100 par|[from] move: Wish|[wisher] Jirachi
|-weather|Sandstorm|[upkeep]
|-heal|p1a: Tyranitar|65/100 par|[from] item: Leftovers
|upkeep
|turn|51
|
|t:|1728414625
|move|p2a: Tyranitar|Hidden Power|p1a: Tyranitar
|-supereffective|p1a: Tyranitar
|-damage|p1a: Tyranitar|30/100 par
|cant|p1a: Tyranitar|par
|
|-weather|Sandstorm|[upkeep]
|-heal|p1a: Tyranitar|36/100 par|[from] item: Leftovers
|upkeep
|turn|52
|
|t:|1728414647
|move|p2a: Tyranitar|Hidden Power|p1a: Tyranitar
|-supereffective|p1a: Tyranitar
|-damage|p1a: Tyranitar|0 fnt
|faint|p1a: Tyranitar
|
|t:|1728414660
|switch|p1a: Salamence|Salamence, M|52/100
|-ability|p1a: Salamence|Intimidate|boost
|-unboost|p2a: Tyranitar|atk|1
|
|-weather|Sandstorm|[upkeep]
|-damage|p1a: Salamence|46/100|[from] Sandstorm
|-heal|p1a: Salamence|52/100|[from] item: Leftovers
|upkeep
|turn|53
|
|t:|1728414683
|switch|p1a: Jirachi|Jirachi|80/100
|-damage|p1a: Jirachi|67/100|[from] Spikes
|move|p2a: Tyranitar|Crunch|p1a: Jirachi
|-damage|p1a: Jirachi|42/100
|-unboost|p1a: Jirachi|spd|1
|
|-weather|Sandstorm|[upkeep]
|-heal|p1a: Jirachi|49/100|[from] item: Leftovers
|upkeep
|turn|54
|
|t:|1728414696
|move|p1a: Jirachi|Protect|p1a: Jirachi
|-singleturn|p1a: Jirachi|Protect
|move|p2a: Tyranitar|Flamethrower|p1a: Jirachi
|-activate|p1a: Jirachi|Protect
|
|-weather|Sandstorm|[upkeep]
|-heal|p1a: Jirachi|55/100|[from] item: Leftovers
|upkeep
|turn|55
|
|t:|1728414707
|-activate|p1a: Jirachi|move: Pursuit
|move|p2a: Tyranitar|Pursuit|p1a: Jirachi|[from]Pursuit
|-damage|p1a: Jirachi|20/100
|switch|p1a: Blissey|Blissey, F|76/100
|-damage|p1a: Blissey|63/100|[from] Spikes
|
|-weather|Sandstorm|[upkeep]
|-damage|p1a: Blissey|57/100|[from] Sandstorm
|-heal|p1a: Blissey|63/100|[from] item: Leftovers
|upkeep
|turn|56
|
|t:|1728414718
|switch|p2a: Swampert|Swampert, M|25/100 par
|move|p1a: Blissey|Ice Beam|p2a: Swampert
|-damage|p2a: Swampert|4/100 par
|
|-weather|Sandstorm|[upkeep]
|-damage|p1a: Blissey|57/100|[from] Sandstorm
|-heal|p1a: Blissey|63/100|[from] item: Leftovers
|-heal|p2a: Swampert|10/100 par|[from] item: Leftovers
|upkeep
|turn|57
|
|t:|1728414723
|move|p1a: Blissey|Soft-Boiled|p1a: Blissey
|-heal|p1a: Blissey|100/100
|move|p2a: Swampert|Toxic|p1a: Blissey
|-status|p1a: Blissey|tox
|
|-weather|Sandstorm|[upkeep]
|-damage|p1a: Blissey|94/100 tox|[from] Sandstorm
|-heal|p1a: Blissey|100/100 tox|[from] item: Leftovers
|-damage|p1a: Blissey|94/100 tox|[from] psn
|-heal|p2a: Swampert|16/100 par|[from] item: Leftovers
|upkeep
|turn|58
|
|t:|1728414727
|move|p1a: Blissey|Ice Beam|p2a: Swampert
|-damage|p2a: Swampert|0 fnt
|faint|p2a: Swampert
|
|t:|1728414730
|switch|p2a: Tyranitar|Tyranitar, F|100/100
|
|-weather|Sandstorm|[upkeep]
|-damage|p1a: Blissey|88/100 tox|[from] Sandstorm
|-heal|p1a: Blissey|94/100 tox|[from] item: Leftovers
|-damage|p1a: Blissey|82/100 tox|[from] psn
|upkeep
|turn|59
|
|t:|1728414740
|-activate|p1a: Blissey|move: Pursuit
|move|p2a: Tyranitar|Pursuit|p1a: Blissey|[from]Pursuit
|-damage|p1a: Blissey|67/100 tox
|-curestatus|p1a: Blissey|tox|[from] ability: Natural Cure
|switch|p1a: Forretress|Forretress, M|100/100
|-damage|p1a: Forretress|88/100|[from] Spikes
|
|-weather|Sandstorm|[upkeep]
|-heal|p1a: Forretress|94/100|[from] item: Leftovers
|upkeep
|turn|60
|
|t:|1728414747
|switch|p1a: Blissey|Blissey, F|67/100
|-damage|p1a: Blissey|54/100|[from] Spikes
|move|p2a: Tyranitar|Flamethrower|p1a: Blissey
|-damage|p1a: Blissey|42/100
|
|-weather|Sandstorm|[upkeep]
|-damage|p1a: Blissey|36/100|[from] Sandstorm
|-heal|p1a: Blissey|42/100|[from] item: Leftovers
|upkeep
|turn|61
|
|t:|1728414754
|move|p2a: Tyranitar|Crunch|p1a: Blissey
|-damage|p1a: Blissey|26/100
|move|p1a: Blissey|Soft-Boiled|p1a: Blissey
|-heal|p1a: Blissey|76/100
|
|-weather|Sandstorm|[upkeep]
|-damage|p1a: Blissey|70/100|[from] Sandstorm
|-heal|p1a: Blissey|76/100|[from] item: Leftovers
|upkeep
|turn|62
|
|t:|1728414757
|move|p2a: Tyranitar|Crunch|p1a: Blissey
|-damage|p1a: Blissey|61/100
|move|p1a: Blissey|Soft-Boiled|p1a: Blissey
|-heal|p1a: Blissey|100/100
|
|-weather|Sandstorm|[upkeep]
|-damage|p1a: Blissey|94/100|[from] Sandstorm
|-heal|p1a: Blissey|100/100|[from] item: Leftovers
|upkeep
|turn|63
|
|t:|1728414760
|move|p2a: Tyranitar|Crunch|p1a: Blissey
|-damage|p1a: Blissey|87/100
|-unboost|p1a: Blissey|spd|1
|move|p1a: Blissey|Thunderbolt|p2a: Tyranitar
|-damage|p2a: Tyranitar|79/100
|
|-weather|Sandstorm|[upkeep]
|-damage|p1a: Blissey|81/100|[from] Sandstorm
|-heal|p2a: Tyranitar|85/100|[from] item: Leftovers
|-heal|p1a: Blissey|87/100|[from] item: Leftovers
|upkeep
|turn|64
|
|t:|1728414766
|move|p2a: Tyranitar|Crunch|p1a: Blissey
|-damage|p1a: Blissey|65/100
|move|p1a: Blissey|Calm Mind|p1a: Blissey
|-boost|p1a: Blissey|spa|1
|-boost|p1a: Blissey|spd|1
|
|-weather|Sandstorm|[upkeep]
|-damage|p1a: Blissey|59/100|[from] Sandstorm
|-heal|p2a: Tyranitar|92/100|[from] item: Leftovers
|-heal|p1a: Blissey|65/100|[from] item: Leftovers
|upkeep
|turn|65
|
|t:|1728414772
|switch|p2a: Aerodactyl|Aerodactyl, F|51/100
|move|p1a: Blissey|Soft-Boiled|p1a: Blissey
|-heal|p1a: Blissey|100/100
|
|-weather|Sandstorm|[upkeep]
|-damage|p1a: Blissey|94/100|[from] Sandstorm
|-heal|p1a: Blissey|100/100|[from] item: Leftovers
|upkeep
|turn|66
|
|t:|1728414780
|switch|p1a: Jirachi|Jirachi|20/100
|-damage|p1a: Jirachi|7/100|[from] Spikes
|move|p2a: Aerodactyl|Rock Slide|p1a: Jirachi
|-resisted|p1a: Jirachi
|-damage|p1a: Jirachi|0 fnt
|faint|p1a: Jirachi
|
|t:|1728414792
|switch|p1a: Forretress|Forretress, M|94/100
|-damage|p1a: Forretress|82/100|[from] Spikes
|
|-weather|Sandstorm|[upkeep]
|-heal|p1a: Forretress|88/100|[from] item: Leftovers
|upkeep
|turn|67
|
|t:|1728414801
|switch|p2a: Zapdos|Zapdos|80/100 slp
|move|p1a: Forretress|Rapid Spin|p2a: Zapdos
|-damage|p2a: Zapdos|75/100 slp
|-sideend|p1: RedCrimp|Spikes|[from] move: Rapid Spin|[of] p1a: Forretress
|
|-weather|Sandstorm|[upkeep]
|-damage|p2a: Zapdos|69/100 slp|[from] Sandstorm
|-heal|p2a: Zapdos|75/100 slp|[from] item: Leftovers
|-heal|p1a: Forretress|94/100|[from] item: Leftovers
|upkeep
|turn|68
|
|t:|1728414813
|cant|p2a: Zapdos|slp
|move|p1a: Forretress|Spikes|p2a: Zapdos
|-sidestart|p2: woeishuen|Spikes
|
|-weather|Sandstorm|[upkeep]
|-damage|p2a: Zapdos|69/100 slp|[from] Sandstorm
|-heal|p2a: Zapdos|75/100 slp|[from] item: Leftovers
|-heal|p1a: Forretress|100/100|[from] item: Leftovers
|upkeep
|turn|69
|
|t:|1728414824
|cant|p2a: Zapdos|slp
|move|p1a: Forretress|Explosion|p2a: Zapdos
|-damage|p2a: Zapdos|0 fnt
|faint|p1a: Forretress
|faint|p2a: Zapdos
|
|t:|1728414836
|switch|p2a: Aerodactyl|Aerodactyl, F|51/100
|switch|p1a: Salamence|Salamence, M|52/100
|-ability|p1a: Salamence|Intimidate|boost
|-unboost|p2a: Aerodactyl|atk|1
|
|-weather|Sandstorm|[upkeep]
|-damage|p1a: Salamence|46/100|[from] Sandstorm
|-heal|p1a: Salamence|52/100|[from] item: Leftovers
|upkeep
|turn|70
|
|t:|1728414846
|move|p2a: Aerodactyl|Rock Slide|p1a: Salamence
|-supereffective|p1a: Salamence
|-damage|p1a: Salamence|0 fnt
|faint|p1a: Salamence
|
|t:|1728414848
|switch|p1a: Swampert|Swampert, M|88/100 tox
|
|-weather|Sandstorm|[upkeep]
|-heal|p1a: Swampert|94/100 tox|[from] item: Leftovers
|-damage|p1a: Swampert|88/100 tox|[from] psn
|upkeep
|turn|71
|
|t:|1728414852
|switch|p2a: Tyranitar|Tyranitar, F|92/100
|-damage|p2a: Tyranitar|79/100|[from] Spikes
|move|p1a: Swampert|Surf|p2a: Tyranitar
|-supereffective|p2a: Tyranitar
|-crit|p2a: Tyranitar
|-damage|p2a: Tyranitar|0 fnt
|faint|p2a: Tyranitar
|c|☆woeishuen|oof
|
|t:|1728414860
|switch|p2a: Aerodactyl|Aerodactyl, F|51/100
|
|-weather|Sandstorm|[upkeep]
|-heal|p1a: Swampert|94/100 tox|[from] item: Leftovers
|-damage|p1a: Swampert|82/100 tox|[from] psn
|upkeep
|turn|72
|
|t:|1728414864
|move|p2a: Aerodactyl|Double-Edge|p1a: Swampert
|-damage|p1a: Swampert|43/100 tox
|move|p1a: Swampert|Surf|p2a: Aerodactyl
|-supereffective|p2a: Aerodactyl
|-damage|p2a: Aerodactyl|0 fnt
|faint|p2a: Aerodactyl
|
|win|RedCrimp
|c|☆woeishuen|gg
|c|☆RedCrimp|gg
|c|☆woeishuen|i didnt even get to try flinching blissey
|c|☆RedCrimp|my bad
|player|p1|
|c|☆woeishuen|nah u deserved

</script>
<script type="application/json" class="data" id="replaydata-smogtours-gen3ou-796439">
{"id":"smogtours-gen3ou-796439","format":"[Gen 3] OU","players":["RedCrimp","woeishuen"],"uploadtime":1728414864,"views":126,"formatid":"gen3ou","rating":null,"private":0,"password":null}
</script>

<script defer src="js/replays.js?9d40a366"></script>
