<!DOCTYPE html>
<meta charset="utf-8" />
<meta name="viewport" content="width=device-width" />

<title>[Gen 3] OU: OneWhoRants vs. herold_man - Replays - Pok&eacute;mon Showdown!</title>

<meta name="description" content="Watch a replay of a Pok&eacute;mon battle between OneWhoRants and herold_man! Format: [Gen 3] OU; Date: Oct 14, 2024" />
<!--

Hey, you! Looking in the source for the replay log?

You can find them in JSON format, just add `.json` at the end of a replay URL.

https://replay.pokemonshowdown.com/gen7randomdoublesbattle-865046831.json

Or, if you only need the log itself, add `.log` instead:

https://replay.pokemonshowdown.com/gen7randomdoublesbattle-865046831.log

-->

<link rel="stylesheet" href="//pokemonshowdown.com/style/global.css?0.767286132409787" />
<link rel="stylesheet" href="//play.pokemonshowdown.com/style/font-awesome.css?0.9266228007934947" />
<link rel="stylesheet" href="//play.pokemonshowdown.com/style/battle.css?0.7924700842790926" />
<link rel="stylesheet" href="//play.pokemonshowdown.com/style/utilichart.css?0.8777417872839479" />

<!-- Global site tag (gtag.js) - Google Analytics -->
<script async src="https://www.googletagmanager.com/gtag/js?id=UA-26211653-1"></script>
<script>
  window.dataLayer = window.dataLayer || [];
  function gtag(){dataLayer.push(arguments);}
  gtag('js', new Date());

  gtag('config', 'UA-26211653-1');
</script>
<!-- End Google Analytics -->
<!-- Venatus Ad Manager - Install in <HEAD> of page -->
	<script src="https://hb.vntsm.com/v3/live/ad-manager.min.js" type="text/javascript" data-site-id="642aba63ec9a7b11c3c9c1be" data-mode="scan" async></script>
<!-- / Venatus Ad Manager -->

<style>
	@media (max-width:820px) {
		.battle {
			margin: 0 auto;
		}
		.battle-log {
			margin: 7px auto 0;
			max-width: 640px;
			height: 300px;
			position: static;
		}
	}
	.optgroup {
		display: inline-block;
		line-height: 22px;
		font-size: 10pt;
	}
	.optgroup .button {
		height: 25px;
		padding-top: 0;
		padding-bottom: 0;
	}
	.optgroup button.button {
		padding-left: 12px;
		padding-right: 12px;
	}
	.linklist {
		list-style: none;
		margin: 0.5em 0;
		padding: 0;
	}
	.linklist li {
		padding: 2px 0;
	}
	.sidebar {
		float: left;
		width: 320px;
	}
	.bar-wrapper {
		max-width: 1100px;
		margin: 0 auto;
	}
	.bar-wrapper.has-sidebar {
		max-width: 1430px;
	}
	.mainbar {
		margin: 0;
		padding-right: 1px;
	}
	.mainbar.has-sidebar {
		margin-left: 330px;
	}
	@media (min-width: 1511px) {
		.sidebar {
			width: 400px;
		}
		.bar-wrapper.has-sidebar {
			max-width: 1510px;
		}
		.mainbar.has-sidebar {
			margin-left: 410px;
		}
	}
	.section.first-section {
		margin-top: 9px;
	}
	.blocklink small {
		white-space: normal;
	}
	.button {
		vertical-align: middle;
	}
	.replay-controls {
		padding-top: 10px;
	}
	.replay-controls h1 {
		font-size: 16pt;
		font-weight: normal;
		color: #CCC;
	}
	.pagelink {
		text-align: center;
	}
	.pagelink a {
		width: 150px;
	}
	.textbox, .button {
		font-size: 11pt;
		vertical-align: middle;
	}
	@media (max-width: 450px) {
		.button {
			font-size: 9pt;
		}
	}
</style>

<div>

	<header>
		<div class="nav-wrapper"><ul class="nav">
			<li><a class="button nav-first" href="//pokemonshowdown.com/"><img src="//pokemonshowdown.com/images/pokemonshowdownbeta.png" srcset="//pokemonshowdown.com/images/pokemonshowdownbeta.png 1x, //pokemonshowdown.com/images/pokemonshowdownbeta@2x.png 2x" alt="Pok&eacute;mon Showdown" width="146" height="44" /> Home</a></li>
			<li><a class="button" href="//pokemonshowdown.com/dex/">Pok&eacute;dex</a></li>
			<li><a class="button cur" href="/">Replays</a></li>
			<li><a class="button" href="//pokemonshowdown.com/ladder/">Ladder</a></li>
			<li><a class="button nav-last" href="//pokemonshowdown.com/forums/">Forum</a></li>
			<li><a class="button greenbutton nav-first nav-last" href="//play.pokemonshowdown.com/">Play</a></li>
		</ul></div>
	</header>

	<div class="main" id="main">

		<noscript><section class="section">You need to enable JavaScript to use this page; sorry!</section></noscript>

	</div>

</div>

<script defer nomodule src="//play.pokemonshowdown.com/js/lib/ps-polyfill.js"></script>
<script defer src="//play.pokemonshowdown.com/js/lib/preact.min.js"></script>

<script defer src="//play.pokemonshowdown.com/config/config.js?6dec07f6"></script>
<script defer src="//play.pokemonshowdown.com/js/lib/jquery-1.11.0.min.js"></script>
<script defer src="//play.pokemonshowdown.com/js/lib/html-sanitizer-minified.js"></script>
<script defer src="//play.pokemonshowdown.com/js/battle-sound.js"></script>
<script defer src="//play.pokemonshowdown.com/js/battledata.js?0.6315294753075389"></script>
<script defer src="//play.pokemonshowdown.com/data/pokedex-mini.js?0.7603743185311358"></script>
<script defer src="//play.pokemonshowdown.com/data/pokedex-mini-bw.js?0.030888842834281283"></script>
<script defer src="//play.pokemonshowdown.com/data/graphics.js?0.05593094747507488"></script>
<script defer src="//play.pokemonshowdown.com/data/pokedex.js?0.47064822249611904"></script>
<script defer src="//play.pokemonshowdown.com/data/moves.js?0.8583693120512459"></script>
<script defer src="//play.pokemonshowdown.com/data/abilities.js?0.16017181182386842"></script>
<script defer src="//play.pokemonshowdown.com/data/items.js?0.4163379185673943"></script>
<script defer src="//play.pokemonshowdown.com/data/teambuilder-tables.js?0.31075597372830477"></script>
<script defer src="//play.pokemonshowdown.com/js/battle-tooltips.js?0.6536193500708172"></script>
<script defer src="//play.pokemonshowdown.com/js/battle.js?0.1916591943277901"></script>

<script defer src="js/utils.js?e31f9a17"></script>
<script defer src="js/replays-battle.js?7008c182"></script>

<!-- don't scrape this data! just add .json or .log after the URL!
Full API docs: https://github.com/smogon/pokemon-showdown-client/blob/master/WEB-API.md -->
<script type="text/plain" class="log" id="replaylog-smogtours-gen3ou-798562">
|inactive|Battle timer is ON: inactive players will automatically lose when time's up.
|t:|1728867932
|gametype|singles
|player|p1|OneWhoRants|169|
|player|p2|herold_man|266|
|teamsize|p1|6
|teamsize|p2|6
|gen|3
|tier|[Gen 3] OU
|rule|Sleep Clause Mod: Limit one foe put to sleep
|rule|Switch Priority Clause Mod: Faster Pokémon switch first
|rule|Species Clause: Limit one of each Pokémon
|rule|OHKO Clause: OHKO moves are banned
|rule|Evasion Items Clause: Evasion items are banned
|rule|Evasion Moves Clause: Evasion moves are banned
|rule|Endless Battle Clause: Forcing endless battles is banned
|rule|HP Percentage Mod: HP is shown in percentages
|rule|One Boost Passer Clause: Limit one Baton Passer that has a way to boost its stats
|rule|Freeze Clause Mod: Limit one foe frozen
|
|t:|1728867932
|start
|switch|p1a: Skarmory|Skarmory, M|100/100
|switch|p2a: Skarmory|Skarmory, F|100/100
|turn|1
|c|☆herold_man|glhf
|
|t:|1728867948
|move|p2a: Skarmory|Spikes|p1a: Skarmory
|-sidestart|p1: OneWhoRants|Spikes
|move|p1a: Skarmory|Spikes|p2a: Skarmory
|-sidestart|p2: herold_man|Spikes
|
|upkeep
|turn|2
|c|☆OneWhoRants|gl hf
|
|t:|1728867956
|switch|p2a: Claydol|Claydol|100/100
|switch|p1a: Claydol|Claydol|100/100
|
|upkeep
|turn|3
|
|t:|1728867965
|switch|p2a: Gengar|Gengar, M|100/100
|move|p1a: Claydol|Rapid Spin|p2a: Gengar
|-immune|p2a: Gengar
|
|upkeep
|turn|4
|inactive|OneWhoRants has 270 seconds left.
|
|t:|1728868018
|switch|p1a: Regice|Regice|100/100
|-damage|p1a: Regice|88/100|[from] Spikes
|move|p2a: Gengar|Ice Punch|p1a: Regice
|-resisted|p1a: Regice
|-damage|p1a: Regice|82/100
|
|-heal|p1a: Regice|88/100|[from] item: Leftovers
|upkeep
|turn|5
|
|t:|1728868044
|switch|p2a: Regice|Regice|100/100
|-damage|p2a: Regice|88/100|[from] Spikes
|move|p1a: Regice|Ice Beam|p2a: Regice
|-resisted|p2a: Regice
|-damage|p2a: Regice|76/100
|
|-heal|p1a: Regice|94/100|[from] item: Leftovers
|-heal|p2a: Regice|82/100|[from] item: Leftovers
|upkeep
|turn|6
|inactive|OneWhoRants has 240 seconds left.
|
|t:|1728868083
|switch|p2a: Claydol|Claydol|100/100
|move|p1a: Regice|Thunder Wave|p2a: Claydol
|-immune|p2a: Claydol
|
|-heal|p1a: Regice|99/100|[from] item: Leftovers
|upkeep
|turn|7
|inactive|herold_man has 270 seconds left.
|
|t:|1728868102
|switch|p1a: Skarmory|Skarmory, M|100/100
|move|p2a: Claydol|Rapid Spin|p1a: Skarmory
|-resisted|p1a: Skarmory
|-damage|p1a: Skarmory|99/100
|-sideend|p2: herold_man|Spikes|[from] move: Rapid Spin|[of] p2a: Claydol
|
|-heal|p1a: Skarmory|100/100|[from] item: Leftovers
|upkeep
|turn|8
|
|t:|1728868112
|move|p2a: Claydol|Psychic|p1a: Skarmory
|-resisted|p1a: Skarmory
|-damage|p1a: Skarmory|91/100
|move|p1a: Skarmory|Spikes|p2a: Claydol
|-sidestart|p2: herold_man|Spikes
|
|-heal|p1a: Skarmory|97/100|[from] item: Leftovers
|upkeep
|turn|9
|
|t:|1728868125
|move|p2a: Claydol|Psychic|p1a: Skarmory
|-resisted|p1a: Skarmory
|-damage|p1a: Skarmory|88/100
|move|p1a: Skarmory|Roar|p2a: Claydol
|drag|p2a: Skarmory|Skarmory, F|100/100
|
|-heal|p1a: Skarmory|94/100|[from] item: Leftovers
|upkeep
|turn|10
|
|t:|1728868131
|move|p1a: Skarmory|Spikes|p2a: Skarmory
|-sidestart|p2: herold_man|Spikes
|move|p2a: Skarmory|Spikes|p1a: Skarmory
|-sidestart|p1: OneWhoRants|Spikes
|
|-heal|p1a: Skarmory|99/100|[from] item: Leftovers
|upkeep
|turn|11
|
|t:|1728868137
|switch|p2a: Claydol|Claydol|100/100
|switch|p1a: Claydol|Claydol|100/100
|
|upkeep
|turn|12
|
|t:|1728868140
|move|p1a: Claydol|Rapid Spin|p2a: Claydol
|-damage|p2a: Claydol|95/100
|-sideend|p1: OneWhoRants|Spikes|[from] move: Rapid Spin|[of] p1a: Claydol
|move|p2a: Claydol|Rapid Spin|p1a: Claydol
|-damage|p1a: Claydol|94/100
|-sideend|p2: herold_man|Spikes|[from] move: Rapid Spin|[of] p2a: Claydol
|
|-heal|p1a: Claydol|99/100|[from] item: Leftovers
|-heal|p2a: Claydol|100/100|[from] item: Leftovers
|upkeep
|turn|13
|inactive|OneWhoRants has 240 seconds left.
|inactive|OneWhoRants has 210 seconds left.
|
|t:|1728868200
|switch|p2a: Skarmory|Skarmory, F|100/100
|switch|p1a: Skarmory|Skarmory, M|99/100
|
|-heal|p1a: Skarmory|100/100|[from] item: Leftovers
|upkeep
|turn|14
|
|t:|1728868206
|switch|p2a: Claydol|Claydol|100/100
|move|p1a: Skarmory|Spikes|p2a: Claydol
|-sidestart|p2: herold_man|Spikes
|
|upkeep
|turn|15
|
|t:|1728868212
|move|p2a: Claydol|Psychic|p1a: Skarmory
|-resisted|p1a: Skarmory
|-damage|p1a: Skarmory|91/100
|move|p1a: Skarmory|Spikes|p2a: Claydol
|-sidestart|p2: herold_man|Spikes
|
|-heal|p1a: Skarmory|97/100|[from] item: Leftovers
|upkeep
|turn|16
|
|t:|1728868218
|move|p2a: Claydol|Rapid Spin|p1a: Skarmory
|-resisted|p1a: Skarmory
|-crit|p1a: Skarmory
|-damage|p1a: Skarmory|93/100
|-sideend|p2: herold_man|Spikes|[from] move: Rapid Spin|[of] p2a: Claydol
|move|p1a: Skarmory|Roar|p2a: Claydol
|drag|p2a: Metagross|Metagross|100/100
|
|-heal|p1a: Skarmory|99/100|[from] item: Leftovers
|upkeep
|turn|17
|
|t:|1728868229
|move|p2a: Metagross|Agility|p2a: Metagross
|-boost|p2a: Metagross|spe|2
|move|p1a: Skarmory|Spikes|p2a: Metagross
|-sidestart|p2: herold_man|Spikes
|
|-heal|p1a: Skarmory|100/100|[from] item: Leftovers
|upkeep
|turn|18
|
|t:|1728868233
|move|p2a: Metagross|Rock Slide|p1a: Skarmory
|-damage|p1a: Skarmory|80/100
|move|p1a: Skarmory|Roar|p2a: Metagross
|drag|p2a: Suicune|Suicune|100/100
|-damage|p2a: Suicune|88/100|[from] Spikes
|
|-heal|p2a: Suicune|94/100|[from] item: Leftovers
|-heal|p1a: Skarmory|86/100|[from] item: Leftovers
|upkeep
|turn|19
|inactive|OneWhoRants has 240 seconds left.
|
|t:|1728868252
|switch|p2a: Metagross|Metagross|100/100
|-damage|p2a: Metagross|88/100|[from] Spikes
|switch|p1a: Regice|Regice|99/100
|
|-heal|p2a: Metagross|94/100|[from] item: Leftovers
|-heal|p1a: Regice|100/100|[from] item: Leftovers
|upkeep
|turn|20
|
|t:|1728868256
|switch|p1a: Skarmory|Skarmory, M|86/100
|move|p2a: Metagross|Meteor Mash|p1a: Skarmory
|-resisted|p1a: Skarmory
|-damage|p1a: Skarmory|65/100
|
|-heal|p2a: Metagross|100/100|[from] item: Leftovers
|-heal|p1a: Skarmory|71/100|[from] item: Leftovers
|upkeep
|turn|21
|
|t:|1728868261
|switch|p2a: Claydol|Claydol|100/100
|move|p1a: Skarmory|Protect||[still]
|-fail|p1a: Skarmory
|
|-heal|p1a: Skarmory|77/100|[from] item: Leftovers
|upkeep
|turn|22
|
|t:|1728868266
|move|p2a: Claydol|Rapid Spin|p1a: Skarmory
|-resisted|p1a: Skarmory
|-damage|p1a: Skarmory|76/100
|-sideend|p2: herold_man|Spikes|[from] move: Rapid Spin|[of] p2a: Claydol
|move|p1a: Skarmory|Spikes|p2a: Claydol
|-sidestart|p2: herold_man|Spikes
|
|-heal|p1a: Skarmory|82/100|[from] item: Leftovers
|upkeep
|turn|23
|
|t:|1728868270
|move|p2a: Claydol|Psychic|p1a: Skarmory
|-resisted|p1a: Skarmory
|-damage|p1a: Skarmory|72/100
|move|p1a: Skarmory|Spikes|p2a: Claydol
|-sidestart|p2: herold_man|Spikes
|
|-heal|p1a: Skarmory|78/100|[from] item: Leftovers
|upkeep
|turn|24
|
|t:|1728868273
|move|p2a: Claydol|Rapid Spin|p1a: Skarmory
|-resisted|p1a: Skarmory
|-damage|p1a: Skarmory|76/100
|-sideend|p2: herold_man|Spikes|[from] move: Rapid Spin|[of] p2a: Claydol
|move|p1a: Skarmory|Spikes|p2a: Claydol
|-sidestart|p2: herold_man|Spikes
|
|-heal|p1a: Skarmory|82/100|[from] item: Leftovers
|upkeep
|turn|25
|
|t:|1728868275
|move|p2a: Claydol|Psychic|p1a: Skarmory
|-resisted|p1a: Skarmory
|-damage|p1a: Skarmory|73/100
|-unboost|p1a: Skarmory|spd|1
|move|p1a: Skarmory|Roar|p2a: Claydol
|drag|p2a: Skarmory|Skarmory, F|100/100
|
|-heal|p1a: Skarmory|79/100|[from] item: Leftovers
|upkeep
|turn|26
|
|t:|1728868284
|switch|p1a: Regice|Regice|100/100
|move|p2a: Skarmory|Spikes|p1a: Regice
|-sidestart|p1: OneWhoRants|Spikes
|
|upkeep
|turn|27
|
|t:|1728868298
|switch|p2a: Regice|Regice|82/100
|-damage|p2a: Regice|69/100|[from] Spikes
|move|p1a: Regice|Thunder Wave|p2a: Regice
|-status|p2a: Regice|par
|
|-heal|p2a: Regice|75/100 par|[from] item: Leftovers
|upkeep
|turn|28
|inactive|OneWhoRants has 270 seconds left.
|inactive|OneWhoRants has 240 seconds left.
|
|t:|1728868374
|switch|p1a: Metagross|Metagross|100/100
|-damage|p1a: Metagross|88/100|[from] Spikes
|move|p2a: Regice|Ice Beam|p1a: Metagross
|-resisted|p1a: Metagross
|-damage|p1a: Metagross|63/100
|
|-heal|p1a: Metagross|69/100|[from] item: Leftovers
|-heal|p2a: Regice|81/100 par|[from] item: Leftovers
|upkeep
|turn|29
|
|t:|1728868392
|switch|p1a: Claydol|Claydol|99/100
|switch|p2a: Skarmory|Skarmory, F|100/100
|
|-heal|p1a: Claydol|100/100|[from] item: Leftovers
|upkeep
|turn|30
|
|t:|1728868397
|move|p1a: Claydol|Rapid Spin|p2a: Skarmory
|-resisted|p2a: Skarmory
|-damage|p2a: Skarmory|99/100
|-sideend|p1: OneWhoRants|Spikes|[from] move: Rapid Spin|[of] p1a: Claydol
|move|p2a: Skarmory|Spikes|p1a: Claydol
|-sidestart|p1: OneWhoRants|Spikes
|
|-heal|p2a: Skarmory|100/100|[from] item: Leftovers
|upkeep
|turn|31
|
|t:|1728868404
|move|p1a: Claydol|Psychic|p2a: Skarmory
|-resisted|p2a: Skarmory
|-damage|p2a: Skarmory|92/100
|-unboost|p2a: Skarmory|spd|1
|move|p2a: Skarmory|Spikes|p1a: Claydol
|-sidestart|p1: OneWhoRants|Spikes
|
|-heal|p2a: Skarmory|98/100|[from] item: Leftovers
|upkeep
|turn|32
|inactive|OneWhoRants has 240 seconds left.
|
|t:|1728868411
|switch|p2a: Claydol|Claydol|100/100
|move|p1a: Claydol|Psychic|p2a: Claydol
|-resisted|p2a: Claydol
|-damage|p2a: Claydol|89/100
|
|-heal|p2a: Claydol|95/100|[from] item: Leftovers
|upkeep
|turn|33
|
|t:|1728868414
|move|p2a: Claydol|Rapid Spin|p1a: Claydol
|-damage|p1a: Claydol|95/100
|-sideend|p2: herold_man|Spikes|[from] move: Rapid Spin|[of] p2a: Claydol
|move|p1a: Claydol|Rapid Spin|p2a: Claydol
|-crit|p2a: Claydol
|-damage|p2a: Claydol|82/100
|-sideend|p1: OneWhoRants|Spikes|[from] move: Rapid Spin|[of] p1a: Claydol
|
|-heal|p2a: Claydol|88/100|[from] item: Leftovers
|-heal|p1a: Claydol|100/100|[from] item: Leftovers
|upkeep
|turn|34
|
|t:|1728868438
|switch|p2a: Regice|Regice|81/100 par
|switch|p1a: Regice|Regice|100/100
|
|-heal|p2a: Regice|87/100 par|[from] item: Leftovers
|upkeep
|turn|35
|inactive|OneWhoRants has 240 seconds left.
|
|t:|1728868463
|switch|p1a: Metagross|Metagross|69/100
|move|p2a: Regice|Thunder Wave|p1a: Metagross
|-status|p1a: Metagross|par
|
|-heal|p1a: Metagross|75/100 par|[from] item: Leftovers
|-heal|p2a: Regice|94/100 par|[from] item: Leftovers
|upkeep
|turn|36
|
|t:|1728868477
|switch|p1a: Skarmory|Skarmory, M|79/100
|switch|p2a: Skarmory|Skarmory, F|98/100
|
|-heal|p2a: Skarmory|100/100|[from] item: Leftovers
|-heal|p1a: Skarmory|85/100|[from] item: Leftovers
|upkeep
|turn|37
|
|t:|1728868482
|switch|p2a: Claydol|Claydol|88/100
|move|p1a: Skarmory|Spikes|p2a: Claydol
|-sidestart|p2: herold_man|Spikes
|
|-heal|p2a: Claydol|94/100|[from] item: Leftovers
|-heal|p1a: Skarmory|91/100|[from] item: Leftovers
|upkeep
|turn|38
|
|t:|1728868487
|move|p1a: Skarmory|Protect|p1a: Skarmory
|-singleturn|p1a: Skarmory|Protect
|move|p2a: Claydol|Rapid Spin|p1a: Skarmory
|-activate|p1a: Skarmory|Protect
|
|-heal|p2a: Claydol|99/100|[from] item: Leftovers
|-heal|p1a: Skarmory|97/100|[from] item: Leftovers
|upkeep
|turn|39
|
|t:|1728868490
|move|p2a: Claydol|Psychic|p1a: Skarmory
|-resisted|p1a: Skarmory
|-damage|p1a: Skarmory|87/100
|move|p1a: Skarmory|Spikes|p2a: Claydol
|-sidestart|p2: herold_man|Spikes
|
|-heal|p2a: Claydol|100/100|[from] item: Leftovers
|-heal|p1a: Skarmory|93/100|[from] item: Leftovers
|upkeep
|turn|40
|
|t:|1728868493
|switch|p1a: Gengar|Gengar, F|100/100
|move|p2a: Claydol|Rapid Spin|p1a: Gengar
|-immune|p1a: Gengar
|
|upkeep
|turn|41
|inactive|OneWhoRants has 270 seconds left.
|
|t:|1728868528
|switch|p1a: Regice|Regice|100/100
|move|p2a: Claydol|Psychic|p1a: Regice
|-damage|p1a: Regice|91/100
|
|-heal|p1a: Regice|97/100|[from] item: Leftovers
|upkeep
|turn|42
|
|t:|1728868533
|move|p2a: Claydol|Rapid Spin|p1a: Regice
|-damage|p1a: Regice|91/100
|-sideend|p2: herold_man|Spikes|[from] move: Rapid Spin|[of] p2a: Claydol
|move|p1a: Regice|Ice Beam|p2a: Claydol
|-supereffective|p2a: Claydol
|-damage|p2a: Claydol|2/100
|
|-heal|p2a: Claydol|8/100|[from] item: Leftovers
|-heal|p1a: Regice|97/100|[from] item: Leftovers
|upkeep
|turn|43
|
|t:|1728868556
|switch|p2a: Regice|Regice|94/100 par
|move|p1a: Regice|Thunder Wave|p2a: Regice
|-fail|p2a: Regice|par
|
|-heal|p1a: Regice|100/100|[from] item: Leftovers
|-heal|p2a: Regice|99/100 par|[from] item: Leftovers
|upkeep
|turn|44
|
|t:|1728868563
|switch|p1a: Metagross|Metagross|75/100 par
|move|p2a: Regice|Thunderbolt|p1a: Metagross
|-damage|p1a: Metagross|40/100 par
|
|-heal|p1a: Metagross|46/100 par|[from] item: Leftovers
|-heal|p2a: Regice|100/100 par|[from] item: Leftovers
|upkeep
|turn|45
|
|t:|1728868571
|switch|p2a: Skarmory|Skarmory, F|100/100
|move|p1a: Metagross|Meteor Mash|p2a: Skarmory|[miss]
|-miss|p1a: Metagross|p2a: Skarmory
|
|-heal|p1a: Metagross|52/100 par|[from] item: Leftovers
|upkeep
|turn|46
|
|t:|1728868577
|move|p2a: Skarmory|Spikes|p1a: Metagross
|-sidestart|p1: OneWhoRants|Spikes
|move|p1a: Metagross|Meteor Mash|p2a: Skarmory
|-resisted|p2a: Skarmory
|-damage|p2a: Skarmory|77/100
|
|-heal|p2a: Skarmory|83/100|[from] item: Leftovers
|-heal|p1a: Metagross|58/100 par|[from] item: Leftovers
|upkeep
|turn|47
|
|t:|1728868585
|move|p1a: Metagross|Meteor Mash|p2a: Skarmory
|-resisted|p2a: Skarmory
|-damage|p2a: Skarmory|62/100
|-boost|p1a: Metagross|atk|1
|move|p2a: Skarmory|Roar|p1a: Metagross
|drag|p1a: Gengar|Gengar, F|100/100
|
|-heal|p2a: Skarmory|68/100|[from] item: Leftovers
|upkeep
|turn|48
|
|t:|1728868601
|switch|p2a: Regice|Regice|100/100 par
|move|p1a: Gengar|Hidden Power|p2a: Regice
|-damage|p2a: Regice|87/100 par
|
|-heal|p2a: Regice|94/100 par|[from] item: Leftovers
|upkeep
|turn|49
|
|t:|1728868611
|switch|p1a: Regice|Regice|100/100
|-damage|p1a: Regice|88/100|[from] Spikes
|move|p2a: Regice|Thunderbolt|p1a: Regice
|-damage|p1a: Regice|73/100
|
|-heal|p1a: Regice|79/100|[from] item: Leftovers
|-heal|p2a: Regice|99/100 par|[from] item: Leftovers
|upkeep
|turn|50
|
|t:|1728868628
|switch|p1a: Claydol|Claydol|100/100
|move|p2a: Regice|Thunder Wave|p1a: Claydol
|-immune|p1a: Claydol
|
|-heal|p2a: Regice|100/100 par|[from] item: Leftovers
|upkeep
|turn|51
|inactive|OneWhoRants has 270 seconds left.
|
|t:|1728868661
|switch|p1a: Metagross|Metagross|58/100 par
|-damage|p1a: Metagross|46/100 par|[from] Spikes
|cant|p2a: Regice|par
|
|-heal|p1a: Metagross|52/100 par|[from] item: Leftovers
|upkeep
|turn|52
|
|t:|1728868667
|switch|p2a: Skarmory|Skarmory, F|68/100
|move|p1a: Metagross|Meteor Mash|p2a: Skarmory
|-resisted|p2a: Skarmory
|-damage|p2a: Skarmory|48/100
|-boost|p1a: Metagross|atk|1
|
|-heal|p2a: Skarmory|53/100|[from] item: Leftovers
|-heal|p1a: Metagross|58/100 par|[from] item: Leftovers
|upkeep
|turn|53
|inactive|OneWhoRants has 270 seconds left.
|
|t:|1728868674
|move|p2a: Skarmory|Protect|p2a: Skarmory
|-singleturn|p2a: Skarmory|Protect
|cant|p1a: Metagross|par
|
|-heal|p2a: Skarmory|59/100|[from] item: Leftovers
|-heal|p1a: Metagross|64/100 par|[from] item: Leftovers
|upkeep
|turn|54
|
|t:|1728868679
|move|p1a: Metagross|Rock Slide|p2a: Skarmory
|-damage|p2a: Skarmory|25/100
|cant|p2a: Skarmory|flinch
|
|-heal|p2a: Skarmory|31/100|[from] item: Leftovers
|-heal|p1a: Metagross|70/100 par|[from] item: Leftovers
|upkeep
|turn|55
|
|t:|1728868690
|move|p2a: Skarmory|Protect|p2a: Skarmory
|-singleturn|p2a: Skarmory|Protect
|move|p1a: Metagross|Rock Slide|p2a: Skarmory
|-activate|p2a: Skarmory|Protect
|
|-heal|p2a: Skarmory|37/100|[from] item: Leftovers
|-heal|p1a: Metagross|77/100 par|[from] item: Leftovers
|upkeep
|turn|56
|
|t:|1728868696
|cant|p1a: Metagross|par
|move|p2a: Skarmory|Roar|p1a: Metagross
|drag|p1a: Claydol|Claydol|100/100
|
|-heal|p2a: Skarmory|43/100|[from] item: Leftovers
|upkeep
|turn|57
|inactive|OneWhoRants has 270 seconds left.
|
|t:|1728868745
|switch|p2a: Gengar|Gengar, M|100/100
|move|p1a: Claydol|Rapid Spin|p2a: Gengar
|-immune|p2a: Gengar
|
|upkeep
|turn|58
|
|t:|1728868753
|move|p2a: Gengar|Ice Punch|p1a: Claydol
|-supereffective|p1a: Claydol
|-damage|p1a: Claydol|42/100
|move|p1a: Claydol|Psychic|p2a: Gengar
|-supereffective|p2a: Gengar
|-damage|p2a: Gengar|33/100
|
|-heal|p2a: Gengar|39/100|[from] item: Leftovers
|-heal|p1a: Claydol|48/100|[from] item: Leftovers
|upkeep
|turn|59
|inactive|OneWhoRants has 240 seconds left.
|inactive|OneWhoRants has 210 seconds left.
|
|t:|1728868812
|switch|p1a: Skarmory|Skarmory, M|93/100
|move|p2a: Gengar|Ice Punch|p1a: Skarmory
|-damage|p1a: Skarmory|71/100
|
|-heal|p2a: Gengar|45/100|[from] item: Leftovers
|-heal|p1a: Skarmory|77/100|[from] item: Leftovers
|upkeep
|turn|60
|
|t:|1728868826
|move|p1a: Skarmory|Protect|p1a: Skarmory
|-singleturn|p1a: Skarmory|Protect
|move|p2a: Gengar|Fire Punch|p1a: Skarmory
|-activate|p1a: Skarmory|Protect
|
|-heal|p2a: Gengar|51/100|[from] item: Leftovers
|-heal|p1a: Skarmory|83/100|[from] item: Leftovers
|upkeep
|turn|61
|
|t:|1728868832
|move|p2a: Gengar|Fire Punch|p1a: Skarmory
|-supereffective|p1a: Skarmory
|-damage|p1a: Skarmory|30/100
|-status|p1a: Skarmory|brn
|move|p1a: Skarmory|Drill Peck|p2a: Gengar
|-damage|p2a: Gengar|30/100
|
|-heal|p2a: Gengar|36/100|[from] item: Leftovers
|-heal|p1a: Skarmory|36/100 brn|[from] item: Leftovers
|-damage|p1a: Skarmory|24/100 brn|[from] brn
|upkeep
|turn|62
|
|t:|1728868842
|switch|p1a: Regice|Regice|79/100
|-damage|p1a: Regice|67/100|[from] Spikes
|move|p2a: Gengar|Fire Punch|p1a: Regice
|-supereffective|p1a: Regice
|-damage|p1a: Regice|38/100
|
|-heal|p2a: Gengar|43/100|[from] item: Leftovers
|-heal|p1a: Regice|44/100|[from] item: Leftovers
|upkeep
|turn|63
|inactive|herold_man has 270 seconds left.
|inactive|herold_man has 240 seconds left.
|
|t:|1728868917
|move|p2a: Gengar|Explosion|p1a: Regice
|-damage|p1a: Regice|0 fnt
|faint|p2a: Gengar
|faint|p1a: Regice
|inactive|OneWhoRants has 210 seconds left.
|inactive|herold_man has 210 seconds left.
|inactive|OneWhoRants has 180 seconds left.
|
|t:|1728868979
|switch|p2a: Regice|Regice|100/100 par
|switch|p1a: Skarmory|Skarmory, M|24/100 brn
|
|-heal|p1a: Skarmory|30/100 brn|[from] item: Leftovers
|-damage|p1a: Skarmory|17/100 brn|[from] brn
|upkeep
|turn|64
|
|t:|1728868987
|move|p1a: Skarmory|Spikes|p2a: Regice
|-sidestart|p2: herold_man|Spikes
|move|p2a: Regice|Thunderbolt|p1a: Skarmory
|-supereffective|p1a: Skarmory
|-damage|p1a: Skarmory|0 fnt
|faint|p1a: Skarmory
|
|t:|1728868991
|switch|p1a: Metagross|Metagross|77/100 par
|-damage|p1a: Metagross|64/100 par|[from] Spikes
|
|-heal|p1a: Metagross|70/100 par|[from] item: Leftovers
|upkeep
|turn|65
|
|t:|1728868996
|switch|p2a: Skarmory|Skarmory, F|43/100
|move|p1a: Metagross|Meteor Mash|p2a: Skarmory
|-resisted|p2a: Skarmory
|-damage|p2a: Skarmory|21/100
|
|-heal|p2a: Skarmory|27/100|[from] item: Leftovers
|-heal|p1a: Metagross|77/100 par|[from] item: Leftovers
|upkeep
|turn|66
|inactive|OneWhoRants has 210 seconds left.
|
|t:|1728869005
|switch|p1a: Claydol|Claydol|48/100
|move|p2a: Skarmory|Protect||[still]
|-fail|p2a: Skarmory
|
|-heal|p1a: Claydol|54/100|[from] item: Leftovers
|-heal|p2a: Skarmory|33/100|[from] item: Leftovers
|upkeep
|turn|67
|inactive|herold_man has 240 seconds left.
|
|t:|1728869015
|switch|p2a: Suicune|Suicune|94/100
|-damage|p2a: Suicune|82/100|[from] Spikes
|move|p1a: Claydol|Psychic|p2a: Suicune
|-damage|p2a: Suicune|66/100
|
|-heal|p1a: Claydol|60/100|[from] item: Leftovers
|-heal|p2a: Suicune|73/100|[from] item: Leftovers
|upkeep
|turn|68
|inactive|OneWhoRants has 210 seconds left.
|inactive|OneWhoRants has 180 seconds left.
|
|t:|1728869072
|move|p1a: Claydol|Explosion|p2a: Suicune
|-damage|p2a: Suicune|0 fnt
|faint|p1a: Claydol
|faint|p2a: Suicune
|
|t:|1728869087
|switch|p1a: Metagross|Metagross|77/100 par
|switch|p2a: Claydol|Claydol|8/100
|-damage|p1a: Metagross|64/100 par|[from] Spikes
|
|-heal|p2a: Claydol|14/100|[from] item: Leftovers
|-heal|p1a: Metagross|70/100 par|[from] item: Leftovers
|upkeep
|turn|69
|
|t:|1728869107
|switch|p1a: Gengar|Gengar, F|100/100
|move|p2a: Claydol|Rapid Spin|p1a: Gengar
|-immune|p1a: Gengar
|
|-heal|p2a: Claydol|20/100|[from] item: Leftovers
|upkeep
|turn|70
|
|t:|1728869116
|switch|p2a: Regice|Regice|100/100 par
|-damage|p2a: Regice|88/100 par|[from] Spikes
|move|p1a: Gengar|Fire Punch|p2a: Regice
|-supereffective|p2a: Regice
|-damage|p2a: Regice|61/100 par
|
|-heal|p2a: Regice|67/100 par|[from] item: Leftovers
|upkeep
|turn|71
|inactive|OneWhoRants has 150 seconds left.
|
|t:|1728869163
|move|p1a: Gengar|Fire Punch|p2a: Regice
|-supereffective|p2a: Regice
|-damage|p2a: Regice|40/100 par
|move|p2a: Regice|Thunderbolt|p1a: Gengar
|-damage|p1a: Gengar|52/100
|
|-heal|p1a: Gengar|58/100|[from] item: Leftovers
|-heal|p2a: Regice|46/100 par|[from] item: Leftovers
|upkeep
|turn|72
|
|t:|1728869194
|switch|p1a: Metagross|Metagross|70/100 par
|-damage|p1a: Metagross|58/100 par|[from] Spikes
|move|p2a: Regice|Ice Beam|p1a: Metagross
|-resisted|p1a: Metagross
|-damage|p1a: Metagross|35/100 par
|
|-heal|p1a: Metagross|41/100 par|[from] item: Leftovers
|-heal|p2a: Regice|52/100 par|[from] item: Leftovers
|upkeep
|turn|73
|
|t:|1728869212
|switch|p2a: Metagross|Metagross|100/100
|-damage|p2a: Metagross|88/100|[from] Spikes
|move|p1a: Metagross|Meteor Mash|p2a: Metagross
|-resisted|p2a: Metagross
|-damage|p2a: Metagross|63/100
|-boost|p1a: Metagross|atk|1
|
|-heal|p2a: Metagross|69/100|[from] item: Leftovers
|-heal|p1a: Metagross|47/100 par|[from] item: Leftovers
|upkeep
|turn|74
|
|t:|1728869217
|move|p2a: Metagross|Earthquake|p1a: Metagross
|-supereffective|p1a: Metagross
|-damage|p1a: Metagross|0 fnt
|faint|p1a: Metagross
|
|t:|1728869224
|switch|p1a: Gengar|Gengar, F|58/100
|
|-heal|p1a: Gengar|65/100|[from] item: Leftovers
|-heal|p2a: Metagross|75/100|[from] item: Leftovers
|upkeep
|turn|75
|
|t:|1728869236
|move|p1a: Gengar|Fire Punch|p2a: Metagross
|-supereffective|p2a: Metagross
|-damage|p2a: Metagross|19/100
|move|p2a: Metagross|Meteor Mash|p1a: Gengar|[miss]
|-miss|p2a: Metagross|p1a: Gengar
|
|-heal|p1a: Gengar|71/100|[from] item: Leftovers
|-heal|p2a: Metagross|25/100|[from] item: Leftovers
|upkeep
|turn|76
|inactive|herold_man has 270 seconds left.
|
|t:|1728869247
|move|p1a: Gengar|Fire Punch|p2a: Metagross
|-supereffective|p2a: Metagross
|-damage|p2a: Metagross|0 fnt
|faint|p2a: Metagross
|
|t:|1728869264
|switch|p2a: Regice|Regice|52/100 par
|-damage|p2a: Regice|39/100 par|[from] Spikes
|
|-heal|p1a: Gengar|77/100|[from] item: Leftovers
|-heal|p2a: Regice|45/100 par|[from] item: Leftovers
|upkeep
|turn|77
|inactive|OneWhoRants has 150 seconds left.
|
|t:|1728869277
|move|p1a: Gengar|Fire Punch|p2a: Regice
|-supereffective|p2a: Regice
|-damage|p2a: Regice|20/100 par
|move|p2a: Regice|Thunder Wave|p1a: Gengar
|-status|p1a: Gengar|par
|
|-heal|p1a: Gengar|83/100 par|[from] item: Leftovers
|-heal|p2a: Regice|26/100 par|[from] item: Leftovers
|upkeep
|turn|78
|
|t:|1728869286
|switch|p2a: Skarmory|Skarmory, F|33/100
|move|p1a: Gengar|Explosion|p2a: Skarmory
|-resisted|p2a: Skarmory
|-damage|p2a: Skarmory|6/100
|faint|p1a: Gengar
|
|t:|1728869288
|switch|p1a: Suicune|Suicune|100/100
|-damage|p1a: Suicune|88/100|[from] Spikes
|
|-heal|p1a: Suicune|94/100|[from] item: Leftovers
|-heal|p2a: Skarmory|12/100|[from] item: Leftovers
|upkeep
|turn|79
|
|t:|1728869308
|switch|p2a: Claydol|Claydol|20/100
|move|p1a: Suicune|Surf|p2a: Claydol
|-supereffective|p2a: Claydol
|-damage|p2a: Claydol|0 fnt
|faint|p2a: Claydol
|inactive|herold_man has 270 seconds left.
|
|t:|1728869323
|switch|p2a: Regice|Regice|26/100 par
|-damage|p2a: Regice|13/100 par|[from] Spikes
|
|-heal|p1a: Suicune|100/100|[from] item: Leftovers
|-heal|p2a: Regice|19/100 par|[from] item: Leftovers
|upkeep
|turn|80
|
|t:|1728869326
|move|p1a: Suicune|Surf|p2a: Regice
|-damage|p2a: Regice|0 fnt
|faint|p2a: Regice
|
|t:|1728869328
|switch|p2a: Skarmory|Skarmory, F|12/100
|
|-heal|p2a: Skarmory|18/100|[from] item: Leftovers
|upkeep
|turn|81
|
|t:|1728869330
|move|p1a: Suicune|Surf|p2a: Skarmory
|-damage|p2a: Skarmory|0 fnt
|faint|p2a: Skarmory
|
|win|OneWhoRants
|player|p2|
|player|p1|
|player|p2|herold_man|266|

</script>
<script type="application/json" class="data" id="replaydata-smogtours-gen3ou-798562">
{"id":"smogtours-gen3ou-798562","format":"[Gen 3] OU","players":["OneWhoRants","herold_man"],"uploadtime":1728869330,"views":81,"formatid":"gen3ou","rating":null,"private":0,"password":null}
</script>

<script defer src="js/replays.js?9d40a366"></script>
