<!DOCTYPE html>
<meta charset="utf-8" />
<meta name="viewport" content="width=device-width" />

<title>[Gen 3] OU: DarthTyros vs. stuckkkk - Replays - Pok&eacute;mon Showdown!</title>

<meta name="description" content="Watch a replay of a Pok&eacute;mon battle between DarthTyros and stuckkkk! Format: [Gen 3] OU; Date: Oct 25, 2024" />
<!--

Hey, you! Looking in the source for the replay log?

You can find them in JSON format, just add `.json` at the end of a replay URL.

https://replay.pokemonshowdown.com/gen7randomdoublesbattle-865046831.json

Or, if you only need the log itself, add `.log` instead:

https://replay.pokemonshowdown.com/gen7randomdoublesbattle-865046831.log

-->

<link rel="stylesheet" href="//pokemonshowdown.com/style/global.css?0.023195364461161105" />
<link rel="stylesheet" href="//play.pokemonshowdown.com/style/font-awesome.css?0.13261647063804238" />
<link rel="stylesheet" href="//play.pokemonshowdown.com/style/battle.css?0.8753245789963631" />
<link rel="stylesheet" href="//play.pokemonshowdown.com/style/utilichart.css?0.8627959624976733" />

<!-- Global site tag (gtag.js) - Google Analytics -->
<script async src="https://www.googletagmanager.com/gtag/js?id=UA-26211653-1"></script>
<script>
  window.dataLayer = window.dataLayer || [];
  function gtag(){dataLayer.push(arguments);}
  gtag('js', new Date());

  gtag('config', 'UA-26211653-1');
</script>
<!-- End Google Analytics -->
<!-- Venatus Ad Manager - Install in <HEAD> of page -->
	<script src="https://hb.vntsm.com/v3/live/ad-manager.min.js" type="text/javascript" data-site-id="642aba63ec9a7b11c3c9c1be" data-mode="scan" async></script>
<!-- / Venatus Ad Manager -->

<style>
	@media (max-width:820px) {
		.battle {
			margin: 0 auto;
		}
		.battle-log {
			margin: 7px auto 0;
			max-width: 640px;
			height: 300px;
			position: static;
		}
	}
	.optgroup {
		display: inline-block;
		line-height: 22px;
		font-size: 10pt;
	}
	.optgroup .button {
		height: 25px;
		padding-top: 0;
		padding-bottom: 0;
	}
	.optgroup button.button {
		padding-left: 12px;
		padding-right: 12px;
	}
	.linklist {
		list-style: none;
		margin: 0.5em 0;
		padding: 0;
	}
	.linklist li {
		padding: 2px 0;
	}
	.sidebar {
		float: left;
		width: 320px;
	}
	.bar-wrapper {
		max-width: 1100px;
		margin: 0 auto;
	}
	.bar-wrapper.has-sidebar {
		max-width: 1430px;
	}
	.mainbar {
		margin: 0;
		padding-right: 1px;
	}
	.mainbar.has-sidebar {
		margin-left: 330px;
	}
	@media (min-width: 1511px) {
		.sidebar {
			width: 400px;
		}
		.bar-wrapper.has-sidebar {
			max-width: 1510px;
		}
		.mainbar.has-sidebar {
			margin-left: 410px;
		}
	}
	.section.first-section {
		margin-top: 9px;
	}
	.blocklink small {
		white-space: normal;
	}
	.button {
		vertical-align: middle;
	}
	.replay-controls {
		padding-top: 10px;
	}
	.replay-controls h1 {
		font-size: 16pt;
		font-weight: normal;
		color: #CCC;
	}
	.pagelink {
		text-align: center;
	}
	.pagelink a {
		width: 150px;
	}
	.textbox, .button {
		font-size: 11pt;
		vertical-align: middle;
	}
	@media (max-width: 450px) {
		.button {
			font-size: 9pt;
		}
	}
</style>

<div>

	<header>
		<div class="nav-wrapper"><ul class="nav">
			<li><a class="button nav-first" href="//pokemonshowdown.com/"><img src="//pokemonshowdown.com/images/pokemonshowdownbeta.png" srcset="//pokemonshowdown.com/images/pokemonshowdownbeta.png 1x, //pokemonshowdown.com/images/pokemonshowdownbeta@2x.png 2x" alt="Pok&eacute;mon Showdown" width="146" height="44" /> Home</a></li>
			<li><a class="button" href="//pokemonshowdown.com/dex/">Pok&eacute;dex</a></li>
			<li><a class="button cur" href="/">Replays</a></li>
			<li><a class="button" href="//pokemonshowdown.com/ladder/">Ladder</a></li>
			<li><a class="button nav-last" href="//pokemonshowdown.com/forums/">Forum</a></li>
			<li><a class="button greenbutton nav-first nav-last" href="//play.pokemonshowdown.com/">Play</a></li>
		</ul></div>
	</header>

	<div class="main" id="main">

		<noscript><section class="section">You need to enable JavaScript to use this page; sorry!</section></noscript>

	</div>

</div>

<script defer nomodule src="//play.pokemonshowdown.com/js/lib/ps-polyfill.js"></script>
<script defer src="//play.pokemonshowdown.com/js/lib/preact.min.js"></script>

<script defer src="//play.pokemonshowdown.com/config/config.js?2bddbc15"></script>
<script defer src="//play.pokemonshowdown.com/js/lib/jquery-1.11.0.min.js"></script>
<script defer src="//play.pokemonshowdown.com/js/lib/html-sanitizer-minified.js"></script>
<script defer src="//play.pokemonshowdown.com/js/battle-sound.js"></script>
<script defer src="//play.pokemonshowdown.com/js/battledata.js?0.7209276989879541"></script>
<script defer src="//play.pokemonshowdown.com/data/pokedex-mini.js?0.6111056340867951"></script>
<script defer src="//play.pokemonshowdown.com/data/pokedex-mini-bw.js?0.3532142036491459"></script>
<script defer src="//play.pokemonshowdown.com/data/graphics.js?0.24223875632456182"></script>
<script defer src="//play.pokemonshowdown.com/data/pokedex.js?0.38839984266356864"></script>
<script defer src="//play.pokemonshowdown.com/data/moves.js?0.21866028504024015"></script>
<script defer src="//play.pokemonshowdown.com/data/abilities.js?0.2005157953846628"></script>
<script defer src="//play.pokemonshowdown.com/data/items.js?0.9894211263848525"></script>
<script defer src="//play.pokemonshowdown.com/data/teambuilder-tables.js?0.6008791140282215"></script>
<script defer src="//play.pokemonshowdown.com/js/battle-tooltips.js?0.7580118955022959"></script>
<script defer src="//play.pokemonshowdown.com/js/battle.js?0.6057722274234274"></script>

<script defer src="js/utils.js?e31f9a17"></script>
<script defer src="js/replays-battle.js?7008c182"></script>

<!-- don't scrape this data! just add .json or .log after the URL!
Full API docs: https://github.com/smogon/pokemon-showdown-client/blob/master/WEB-API.md -->
<script type="text/plain" class="log" id="replaylog-smogtours-gen3ou-801942">
|inactive|Battle timer is ON: inactive players will automatically lose when time's up.
|t:|1729892310
|gametype|singles
|player|p1|DarthTyros|#advpliv|
|player|p2|stuckkkk|swimmer|
|teamsize|p1|6
|teamsize|p2|6
|gen|3
|tier|[Gen 3] OU
|rule|Sleep Clause Mod: Limit one foe put to sleep
|rule|Switch Priority Clause Mod: Faster Pokémon switch first
|rule|Species Clause: Limit one of each Pokémon
|rule|OHKO Clause: OHKO moves are banned
|rule|Evasion Items Clause: Evasion items are banned
|rule|Evasion Moves Clause: Evasion moves are banned
|rule|Endless Battle Clause: Forcing endless battles is banned
|rule|HP Percentage Mod: HP is shown in percentages
|rule|One Boost Passer Clause: Limit one Baton Passer that has a way to boost its stats
|rule|Freeze Clause Mod: Limit one foe frozen
|
|t:|1729892310
|start
|switch|p1a: SEA|Vaporeon, F, shiny|100/100
|switch|p2a: Transitional Bird|Skarmory, M|100/100
|turn|1
|c|☆stuckkkk|hf, gl homie
|c|☆DarthTyros|u3
|c|☆stuckkkk|<3
|inactive|stuckkkk has 270 seconds left.
|
|t:|1729892341
|move|p1a: SEA|Hydro Pump|p2a: Transitional Bird
|-damage|p2a: Transitional Bird|47/100
|move|p2a: Transitional Bird|Roar|p1a: SEA
|drag|p1a: DeadEnd|Zapdos|100/100
|
|-heal|p2a: Transitional Bird|53/100|[from] item: Leftovers
|upkeep
|turn|2
|
|t:|1729892349
|switch|p2a: Fell in Love|Blissey, F|100/100
|move|p1a: DeadEnd|Baton Pass|p1a: DeadEnd
|
|t:|1729892351
|switch|p1a: Demolisher|Dugtrio, M|100/100|[from] Baton Pass
|
|upkeep
|turn|3
|
|t:|1729892366
|move|p1a: Demolisher|Beat Up|p2a: Fell in Love
|-damage|p2a: Fell in Love|91/100
|-damage|p2a: Fell in Love|83/100
|-crit|p2a: Fell in Love
|-damage|p2a: Fell in Love|48/100
|-crit|p2a: Fell in Love
|-damage|p2a: Fell in Love|28/100
|-damage|p2a: Fell in Love|20/100
|-damage|p2a: Fell in Love|9/100
|-hitcount|p2a: Fell in Love|6
|move|p2a: Fell in Love|Ice Beam|p1a: Demolisher
|-supereffective|p1a: Demolisher
|-damage|p1a: Demolisher|23/100
|
|-heal|p2a: Fell in Love|16/100|[from] item: Leftovers
|upkeep
|turn|4
|c|☆DarthTyros|And now you will feel the full power of the force!
|
|t:|1729892378
|move|p1a: Demolisher|Beat Up|p2a: Fell in Love
|-damage|p2a: Fell in Love|5/100
|-damage|p2a: Fell in Love|0 fnt
|-hitcount|p2a: Fell in Love|2
|faint|p2a: Fell in Love
|
|t:|1729892385
|switch|p2a: Transitional Bird|Skarmory, M|53/100
|
|-heal|p2a: Transitional Bird|59/100|[from] item: Leftovers
|upkeep
|turn|5
|c|+ojr|Goob
|c|☆stuckkkk|ahaha
|c|☆stuckkkk|u2 man
|
|t:|1729892395
|switch|p1a: DeadEnd|Zapdos|100/100
|move|p2a: Transitional Bird|Spikes|p1a: DeadEnd
|-sidestart|p1: DarthTyros|Spikes
|
|-heal|p2a: Transitional Bird|65/100|[from] item: Leftovers
|upkeep
|turn|6
|
|t:|1729892400
|move|p2a: Transitional Bird|Protect|p2a: Transitional Bird
|-singleturn|p2a: Transitional Bird|Protect
|move|p1a: DeadEnd|Thunderbolt|p2a: Transitional Bird
|-activate|p2a: Transitional Bird|Protect
|
|-heal|p2a: Transitional Bird|71/100|[from] item: Leftovers
|upkeep
|turn|7
|c|+xtina xendrix|yooooo candy claws names
|
|t:|1729892414
|switch|p2a: Pangaea Girls|Flygon, M|100/100
|move|p1a: DeadEnd|Thunderbolt|p2a: Pangaea Girls
|-immune|p2a: Pangaea Girls
|
|upkeep
|turn|8
|c|☆stuckkkk|best band
|
|t:|1729892426
|move|p1a: DeadEnd|Baton Pass|p1a: DeadEnd
|
|t:|1729892432
|switch|p1a: SEA|Vaporeon, F, shiny|100/100|[from] Baton Pass
|-damage|p1a: SEA|88/100|[from] Spikes
|move|p2a: Pangaea Girls|Toxic|p1a: SEA|[miss]
|-miss|p2a: Pangaea Girls|p1a: SEA
|
|upkeep
|turn|9
|
|t:|1729892458
|switch|p2a: Into the Deep Time|Gengar, M|100/100
|move|p1a: SEA|Ice Beam|p2a: Into the Deep Time
|-damage|p2a: Into the Deep Time|64/100
|
|-heal|p2a: Into the Deep Time|70/100|[from] item: Leftovers
|upkeep
|turn|10
|c|☆DarthTyros|Let this be the final chapter in the story of rebellion..
|
|t:|1729892474
|move|p2a: Into the Deep Time|Giga Drain|p1a: SEA
|-supereffective|p1a: SEA
|-crit|p1a: SEA
|-damage|p1a: SEA|24/100
|-heal|p2a: Into the Deep Time|100/100|[from] drain|[of] p1a: SEA
|move|p1a: SEA|Hydro Pump|p2a: Into the Deep Time
|-damage|p2a: Into the Deep Time|35/100
|
|-heal|p2a: Into the Deep Time|41/100|[from] item: Leftovers
|-enditem|p1a: SEA|Salac Berry|[eat]
|-boost|p1a: SEA|spe|1|[from] item: Salac Berry
|upkeep
|turn|11
|c|☆stuckkkk|mb
|
|t:|1729892488
|switch|p2a: New Forest|Zapdos|100/100
|move|p1a: SEA|Hydro Pump|p2a: New Forest
|-damage|p2a: New Forest|54/100
|
|-heal|p2a: New Forest|61/100|[from] item: Leftovers
|upkeep
|turn|12
|
|t:|1729892495
|move|p1a: SEA|Ice Beam|p2a: New Forest
|-supereffective|p2a: New Forest
|-damage|p2a: New Forest|16/100
|move|p2a: New Forest|Thunderbolt|p1a: SEA
|-supereffective|p1a: SEA
|-damage|p1a: SEA|0 fnt
|faint|p1a: SEA
|
|t:|1729892498
|switch|p1a: D.T.E|Jolteon, M|100/100
|-damage|p1a: D.T.E|88/100|[from] Spikes
|
|-heal|p1a: D.T.E|94/100|[from] item: Leftovers
|-heal|p2a: New Forest|22/100|[from] item: Leftovers
|upkeep
|turn|13
|
|t:|1729892520
|switch|p2a: White Seal|Tyranitar, F|100/100
|-weather|Sandstorm|[from] ability: Sand Stream|[of] p2a: White Seal
|move|p1a: D.T.E|Thunderbolt|p2a: White Seal
|-damage|p2a: White Seal|60/100
|
|-weather|Sandstorm|[upkeep]
|-damage|p1a: D.T.E|88/100|[from] Sandstorm
|-heal|p1a: D.T.E|94/100|[from] item: Leftovers
|-heal|p2a: White Seal|67/100|[from] item: Leftovers
|upkeep
|turn|14
|
|t:|1729892537
|switch|p2a: Pangaea Girls|Flygon, M|100/100
|move|p1a: D.T.E|Thunderbolt|p2a: Pangaea Girls
|-immune|p2a: Pangaea Girls
|
|-weather|Sandstorm|[upkeep]
|-damage|p1a: D.T.E|88/100|[from] Sandstorm
|-heal|p1a: D.T.E|94/100|[from] item: Leftovers
|upkeep
|turn|15
|
|t:|1729892542
|move|p2a: Pangaea Girls|Protect|p2a: Pangaea Girls
|-singleturn|p2a: Pangaea Girls|Protect
|move|p1a: D.T.E|Baton Pass|p1a: D.T.E
|
|t:|1729892544
|switch|p1a: Waterworks|Suicune|100/100|[from] Baton Pass
|-damage|p1a: Waterworks|88/100|[from] Spikes
|
|-weather|Sandstorm|[upkeep]
|-damage|p1a: Waterworks|82/100|[from] Sandstorm
|-heal|p1a: Waterworks|88/100|[from] item: Leftovers
|upkeep
|turn|16
|inactive|stuckkkk has 270 seconds left.
|
|t:|1729892577
|switch|p2a: Transitional Bird|Skarmory, M|71/100
|move|p1a: Waterworks|Ice Beam|p2a: Transitional Bird
|-damage|p2a: Transitional Bird|44/100
|
|-weather|Sandstorm|[upkeep]
|-damage|p1a: Waterworks|82/100|[from] Sandstorm
|-heal|p1a: Waterworks|88/100|[from] item: Leftovers
|-heal|p2a: Transitional Bird|50/100|[from] item: Leftovers
|upkeep
|turn|17
|
|t:|1729892585
|move|p2a: Transitional Bird|Protect|p2a: Transitional Bird
|-singleturn|p2a: Transitional Bird|Protect
|move|p1a: Waterworks|Hydro Pump|p2a: Transitional Bird
|-activate|p2a: Transitional Bird|Protect
|
|-weather|Sandstorm|[upkeep]
|-damage|p1a: Waterworks|82/100|[from] Sandstorm
|-heal|p1a: Waterworks|88/100|[from] item: Leftovers
|-heal|p2a: Transitional Bird|56/100|[from] item: Leftovers
|upkeep
|turn|18
|inactive|stuckkkk has 270 seconds left.
|
|t:|1729892604
|switch|p1a: Demolisher|Dugtrio, M|23/100
|-damage|p1a: Demolisher|11/100|[from] Spikes
|move|p2a: Transitional Bird|Toxic|p1a: Demolisher
|-status|p1a: Demolisher|tox
|
|-weather|Sandstorm|[upkeep]
|-damage|p1a: Demolisher|5/100 tox|[from] psn
|-heal|p2a: Transitional Bird|62/100|[from] item: Leftovers
|upkeep
|turn|19
|
|t:|1729892614
|switch|p1a: D.T.E|Jolteon, M|94/100
|-damage|p1a: D.T.E|82/100|[from] Spikes
|move|p2a: Transitional Bird|Protect||[still]
|-fail|p2a: Transitional Bird
|
|-weather|Sandstorm|[upkeep]
|-damage|p1a: D.T.E|75/100|[from] Sandstorm
|-heal|p1a: D.T.E|82/100|[from] item: Leftovers
|-heal|p2a: Transitional Bird|68/100|[from] item: Leftovers
|upkeep
|turn|20
|
|t:|1729892619
|move|p2a: Transitional Bird|Protect|p2a: Transitional Bird
|-singleturn|p2a: Transitional Bird|Protect
|move|p1a: D.T.E|Substitute|p1a: D.T.E
|-start|p1a: D.T.E|Substitute
|-damage|p1a: D.T.E|57/100
|
|-weather|Sandstorm|[upkeep]
|-damage|p1a: D.T.E|50/100|[from] Sandstorm
|-heal|p1a: D.T.E|57/100|[from] item: Leftovers
|-heal|p2a: Transitional Bird|74/100|[from] item: Leftovers
|upkeep
|turn|21
|
|t:|1729892639
|switch|p2a: Pangaea Girls|Flygon, M|100/100
|move|p1a: D.T.E|Thunderbolt|p2a: Pangaea Girls
|-immune|p2a: Pangaea Girls
|
|-weather|Sandstorm|[upkeep]
|-damage|p1a: D.T.E|50/100|[from] Sandstorm
|-heal|p1a: D.T.E|57/100|[from] item: Leftovers
|upkeep
|turn|22
|
|t:|1729892649
|move|p1a: D.T.E|Baton Pass|p1a: D.T.E
|
|t:|1729892651
|switch|p1a: Waterworks|Suicune|88/100|[from] Baton Pass
|-damage|p1a: Waterworks|76/100|[from] Spikes
|move|p2a: Pangaea Girls|Earthquake|p1a: Waterworks
|-end|p1a: Waterworks|Substitute
|
|-weather|Sandstorm|[upkeep]
|-damage|p1a: Waterworks|70/100|[from] Sandstorm
|-heal|p1a: Waterworks|76/100|[from] item: Leftovers
|upkeep
|turn|23
|inactive|stuckkkk has 270 seconds left.
|
|t:|1729892683
|switch|p2a: White Seal|Tyranitar, F|67/100
|move|p1a: Waterworks|Ice Beam|p2a: White Seal
|-damage|p2a: White Seal|44/100
|-status|p2a: White Seal|frz
|
|-weather|Sandstorm|[upkeep]
|-damage|p1a: Waterworks|70/100|[from] Sandstorm
|-heal|p1a: Waterworks|76/100|[from] item: Leftovers
|-heal|p2a: White Seal|51/100 frz|[from] item: Leftovers
|upkeep
|turn|24
|
|t:|1729892715
|switch|p2a: Transitional Bird|Skarmory, M|74/100
|move|p1a: Waterworks|Calm Mind|p1a: Waterworks
|-boost|p1a: Waterworks|spa|1
|-boost|p1a: Waterworks|spd|1
|
|-weather|Sandstorm|[upkeep]
|-damage|p1a: Waterworks|70/100|[from] Sandstorm
|-heal|p1a: Waterworks|76/100|[from] item: Leftovers
|-heal|p2a: Transitional Bird|80/100|[from] item: Leftovers
|upkeep
|turn|25
|
|t:|1729892724
|move|p1a: Waterworks|Hydro Pump|p2a: Transitional Bird|[miss]
|-miss|p1a: Waterworks|p2a: Transitional Bird
|move|p2a: Transitional Bird|Roar|p1a: Waterworks
|drag|p1a: SCP-079|Metagross|100/100
|-damage|p1a: SCP-079|88/100|[from] Spikes
|
|-weather|Sandstorm|[upkeep]
|-heal|p2a: Transitional Bird|86/100|[from] item: Leftovers
|upkeep
|turn|26
|inactive|stuckkkk has 240 seconds left.
|
|t:|1729892745
|move|p2a: Transitional Bird|Protect|p2a: Transitional Bird
|-singleturn|p2a: Transitional Bird|Protect
|move|p1a: SCP-079|Meteor Mash|p2a: Transitional Bird
|-activate|p2a: Transitional Bird|Protect
|
|-weather|Sandstorm|[upkeep]
|-heal|p2a: Transitional Bird|92/100|[from] item: Leftovers
|upkeep
|turn|27
|
|t:|1729892754
|move|p2a: Transitional Bird|Spikes|p1a: SCP-079
|-sidestart|p1: DarthTyros|Spikes
|move|p1a: SCP-079|Meteor Mash|p2a: Transitional Bird
|-resisted|p2a: Transitional Bird
|-damage|p2a: Transitional Bird|63/100
|
|-weather|Sandstorm|[upkeep]
|-heal|p2a: Transitional Bird|69/100|[from] item: Leftovers
|upkeep
|turn|28
|
|t:|1729892762
|move|p2a: Transitional Bird|Protect|p2a: Transitional Bird
|-singleturn|p2a: Transitional Bird|Protect
|move|p1a: SCP-079|Meteor Mash|p2a: Transitional Bird|[miss]
|-miss|p1a: SCP-079|p2a: Transitional Bird
|
|-weather|Sandstorm|[upkeep]
|-heal|p2a: Transitional Bird|75/100|[from] item: Leftovers
|upkeep
|turn|29
|
|t:|1729892765
|move|p2a: Transitional Bird|Spikes|p1a: SCP-079
|-sidestart|p1: DarthTyros|Spikes
|move|p1a: SCP-079|Meteor Mash|p2a: Transitional Bird
|-resisted|p2a: Transitional Bird
|-damage|p2a: Transitional Bird|45/100
|-boost|p1a: SCP-079|atk|1
|
|-weather|Sandstorm|[upkeep]
|-heal|p2a: Transitional Bird|51/100|[from] item: Leftovers
|upkeep
|turn|30
|
|t:|1729892769
|move|p2a: Transitional Bird|Protect|p2a: Transitional Bird
|-singleturn|p2a: Transitional Bird|Protect
|move|p1a: SCP-079|Meteor Mash|p2a: Transitional Bird
|-activate|p2a: Transitional Bird|Protect
|
|-weather|Sandstorm|[upkeep]
|-heal|p2a: Transitional Bird|57/100|[from] item: Leftovers
|upkeep
|turn|31
|inactive|stuckkkk has 270 seconds left.
|
|t:|1729892783
|switch|p2a: White Seal|Tyranitar, F|51/100 frz
|move|p1a: SCP-079|Meteor Mash|p2a: White Seal
|-supereffective|p2a: White Seal
|-damage|p2a: White Seal|0 fnt
|faint|p2a: White Seal
|
|t:|1729892785
|switch|p2a: Transitional Bird|Skarmory, M|57/100
|
|-weather|Sandstorm|[upkeep]
|-heal|p2a: Transitional Bird|63/100|[from] item: Leftovers
|upkeep
|turn|32
|
|t:|1729892789
|move|p2a: Transitional Bird|Protect|p2a: Transitional Bird
|-singleturn|p2a: Transitional Bird|Protect
|move|p1a: SCP-079|Meteor Mash|p2a: Transitional Bird
|-activate|p2a: Transitional Bird|Protect
|
|-weather|Sandstorm|[upkeep]
|-heal|p2a: Transitional Bird|69/100|[from] item: Leftovers
|upkeep
|turn|33
|
|t:|1729892792
|move|p1a: SCP-079|Meteor Mash|p2a: Transitional Bird
|-resisted|p2a: Transitional Bird
|-damage|p2a: Transitional Bird|26/100
|move|p2a: Transitional Bird|Roar|p1a: SCP-079
|drag|p1a: D.T.E|Jolteon, M|57/100
|-damage|p1a: D.T.E|32/100|[from] Spikes
|
|-weather|Sandstorm|[upkeep]
|-damage|p1a: D.T.E|25/100|[from] Sandstorm
|-heal|p1a: D.T.E|32/100|[from] item: Leftovers
|-heal|p2a: Transitional Bird|32/100|[from] item: Leftovers
|upkeep
|turn|34
|
|t:|1729892800
|move|p2a: Transitional Bird|Protect|p2a: Transitional Bird
|-singleturn|p2a: Transitional Bird|Protect
|move|p1a: D.T.E|Thunderbolt|p2a: Transitional Bird
|-activate|p2a: Transitional Bird|Protect
|
|-weather|Sandstorm|[upkeep]
|-damage|p1a: D.T.E|25/100|[from] Sandstorm
|-heal|p1a: D.T.E|32/100|[from] item: Leftovers
|-heal|p2a: Transitional Bird|38/100|[from] item: Leftovers
|upkeep
|turn|35
|
|t:|1729892809
|switch|p2a: Pangaea Girls|Flygon, M|100/100
|move|p1a: D.T.E|Thunderbolt|p2a: Pangaea Girls
|-immune|p2a: Pangaea Girls
|
|-weather|Sandstorm|[upkeep]
|-damage|p1a: D.T.E|25/100|[from] Sandstorm
|-heal|p1a: D.T.E|32/100|[from] item: Leftovers
|upkeep
|turn|36
|
|t:|1729892821
|move|p1a: D.T.E|Baton Pass|p1a: D.T.E
|
|t:|1729892825
|switch|p1a: Demolisher|Dugtrio, M|5/100 tox|[from] Baton Pass
|-damage|p1a: Demolisher|0 fnt|[from] Spikes
|faint|p1a: Demolisher
|
|t:|1729892826
|switch|p1a: Waterworks|Suicune|76/100
|-damage|p1a: Waterworks|51/100|[from] Spikes
|
|-weather|Sandstorm|[upkeep]
|-damage|p1a: Waterworks|45/100|[from] Sandstorm
|-heal|p1a: Waterworks|51/100|[from] item: Leftovers
|upkeep
|turn|37
|inactive|stuckkkk has 270 seconds left.
|inactive|stuckkkk has 240 seconds left.
|
|t:|1729892902
|switch|p2a: Into the Deep Time|Gengar, M|41/100
|move|p1a: Waterworks|Ice Beam|p2a: Into the Deep Time
|-damage|p2a: Into the Deep Time|8/100
|
|-weather|Sandstorm|[upkeep]
|-damage|p2a: Into the Deep Time|2/100|[from] Sandstorm
|-damage|p1a: Waterworks|45/100|[from] Sandstorm
|-heal|p2a: Into the Deep Time|8/100|[from] item: Leftovers
|-heal|p1a: Waterworks|51/100|[from] item: Leftovers
|upkeep
|turn|38
|inactive|stuckkkk has 210 seconds left.
|
|t:|1729892931
|move|p2a: Into the Deep Time|Explosion|p1a: Waterworks
|-damage|p1a: Waterworks|0 fnt
|faint|p2a: Into the Deep Time
|faint|p1a: Waterworks
|inactive|stuckkkk has 210 seconds left.
|inactive|stuckkkk has 180 seconds left.
|
|t:|1729892973
|switch|p2a: Pangaea Girls|Flygon, M|100/100
|switch|p1a: SCP-079|Metagross|88/100
|-damage|p1a: SCP-079|63/100|[from] Spikes
|
|-weather|Sandstorm|[upkeep]
|upkeep
|turn|39
|inactive|stuckkkk has 180 seconds left.
|
|t:|1729892993
|move|p2a: Pangaea Girls|Protect|p2a: Pangaea Girls
|-singleturn|p2a: Pangaea Girls|Protect
|move|p1a: SCP-079|Meteor Mash|p2a: Pangaea Girls
|-activate|p2a: Pangaea Girls|Protect
|
|-weather|Sandstorm|[upkeep]
|upkeep
|turn|40
|
|t:|1729892999
|move|p2a: Pangaea Girls|Earthquake|p1a: SCP-079
|-supereffective|p1a: SCP-079
|-damage|p1a: SCP-079|21/100
|move|p1a: SCP-079|Meteor Mash|p2a: Pangaea Girls|[miss]
|-miss|p1a: SCP-079|p2a: Pangaea Girls
|
|-weather|Sandstorm|[upkeep]
|upkeep
|turn|41
|inactive|stuckkkk has 180 seconds left.
|c|☆DarthTyros|gg
|-message|DarthTyros forfeited.
|
|win|stuckkkk
|c|☆stuckkkk|gg

</script>
<script type="application/json" class="data" id="replaydata-smogtours-gen3ou-801942">
{"id":"smogtours-gen3ou-801942","format":"[Gen 3] OU","players":["DarthTyros","stuckkkk"],"uploadtime":1729893006,"views":156,"formatid":"gen3ou","rating":null,"private":0,"password":null}
</script>

<script defer src="js/replays.js?9d40a366"></script>
