<!DOCTYPE html>
<meta charset="utf-8" />
<meta name="viewport" content="width=device-width" />

<title>[Gen 3] OU: Stockings vs. RetiredBohrier - Replays - Pok&eacute;mon Showdown!</title>

<meta name="description" content="Watch a replay of a Pok&eacute;mon battle between Stockings and RetiredBohrier! Format: [Gen 3] OU; Date: Oct 24, 2024" />
<!--

Hey, you! Looking in the source for the replay log?

You can find them in JSON format, just add `.json` at the end of a replay URL.

https://replay.pokemonshowdown.com/gen7randomdoublesbattle-865046831.json

Or, if you only need the log itself, add `.log` instead:

https://replay.pokemonshowdown.com/gen7randomdoublesbattle-865046831.log

-->

<link rel="stylesheet" href="//pokemonshowdown.com/style/global.css?0.023195364461161105" />
<link rel="stylesheet" href="//play.pokemonshowdown.com/style/font-awesome.css?0.13261647063804238" />
<link rel="stylesheet" href="//play.pokemonshowdown.com/style/battle.css?0.8753245789963631" />
<link rel="stylesheet" href="//play.pokemonshowdown.com/style/utilichart.css?0.8627959624976733" />

<!-- Global site tag (gtag.js) - Google Analytics -->
<script async src="https://www.googletagmanager.com/gtag/js?id=UA-26211653-1"></script>
<script>
  window.dataLayer = window.dataLayer || [];
  function gtag(){dataLayer.push(arguments);}
  gtag('js', new Date());

  gtag('config', 'UA-26211653-1');
</script>
<!-- End Google Analytics -->
<!-- Venatus Ad Manager - Install in <HEAD> of page -->
	<script src="https://hb.vntsm.com/v3/live/ad-manager.min.js" type="text/javascript" data-site-id="642aba63ec9a7b11c3c9c1be" data-mode="scan" async></script>
<!-- / Venatus Ad Manager -->

<style>
	@media (max-width:820px) {
		.battle {
			margin: 0 auto;
		}
		.battle-log {
			margin: 7px auto 0;
			max-width: 640px;
			height: 300px;
			position: static;
		}
	}
	.optgroup {
		display: inline-block;
		line-height: 22px;
		font-size: 10pt;
	}
	.optgroup .button {
		height: 25px;
		padding-top: 0;
		padding-bottom: 0;
	}
	.optgroup button.button {
		padding-left: 12px;
		padding-right: 12px;
	}
	.linklist {
		list-style: none;
		margin: 0.5em 0;
		padding: 0;
	}
	.linklist li {
		padding: 2px 0;
	}
	.sidebar {
		float: left;
		width: 320px;
	}
	.bar-wrapper {
		max-width: 1100px;
		margin: 0 auto;
	}
	.bar-wrapper.has-sidebar {
		max-width: 1430px;
	}
	.mainbar {
		margin: 0;
		padding-right: 1px;
	}
	.mainbar.has-sidebar {
		margin-left: 330px;
	}
	@media (min-width: 1511px) {
		.sidebar {
			width: 400px;
		}
		.bar-wrapper.has-sidebar {
			max-width: 1510px;
		}
		.mainbar.has-sidebar {
			margin-left: 410px;
		}
	}
	.section.first-section {
		margin-top: 9px;
	}
	.blocklink small {
		white-space: normal;
	}
	.button {
		vertical-align: middle;
	}
	.replay-controls {
		padding-top: 10px;
	}
	.replay-controls h1 {
		font-size: 16pt;
		font-weight: normal;
		color: #CCC;
	}
	.pagelink {
		text-align: center;
	}
	.pagelink a {
		width: 150px;
	}
	.textbox, .button {
		font-size: 11pt;
		vertical-align: middle;
	}
	@media (max-width: 450px) {
		.button {
			font-size: 9pt;
		}
	}
</style>

<div>

	<header>
		<div class="nav-wrapper"><ul class="nav">
			<li><a class="button nav-first" href="//pokemonshowdown.com/"><img src="//pokemonshowdown.com/images/pokemonshowdownbeta.png" srcset="//pokemonshowdown.com/images/pokemonshowdownbeta.png 1x, //pokemonshowdown.com/images/pokemonshowdownbeta@2x.png 2x" alt="Pok&eacute;mon Showdown" width="146" height="44" /> Home</a></li>
			<li><a class="button" href="//pokemonshowdown.com/dex/">Pok&eacute;dex</a></li>
			<li><a class="button cur" href="/">Replays</a></li>
			<li><a class="button" href="//pokemonshowdown.com/ladder/">Ladder</a></li>
			<li><a class="button nav-last" href="//pokemonshowdown.com/forums/">Forum</a></li>
			<li><a class="button greenbutton nav-first nav-last" href="//play.pokemonshowdown.com/">Play</a></li>
		</ul></div>
	</header>

	<div class="main" id="main">

		<noscript><section class="section">You need to enable JavaScript to use this page; sorry!</section></noscript>

	</div>

</div>

<script defer nomodule src="//play.pokemonshowdown.com/js/lib/ps-polyfill.js"></script>
<script defer src="//play.pokemonshowdown.com/js/lib/preact.min.js"></script>

<script defer src="//play.pokemonshowdown.com/config/config.js?2bddbc15"></script>
<script defer src="//play.pokemonshowdown.com/js/lib/jquery-1.11.0.min.js"></script>
<script defer src="//play.pokemonshowdown.com/js/lib/html-sanitizer-minified.js"></script>
<script defer src="//play.pokemonshowdown.com/js/battle-sound.js"></script>
<script defer src="//play.pokemonshowdown.com/js/battledata.js?0.7209276989879541"></script>
<script defer src="//play.pokemonshowdown.com/data/pokedex-mini.js?0.6111056340867951"></script>
<script defer src="//play.pokemonshowdown.com/data/pokedex-mini-bw.js?0.3532142036491459"></script>
<script defer src="//play.pokemonshowdown.com/data/graphics.js?0.24223875632456182"></script>
<script defer src="//play.pokemonshowdown.com/data/pokedex.js?0.38839984266356864"></script>
<script defer src="//play.pokemonshowdown.com/data/moves.js?0.21866028504024015"></script>
<script defer src="//play.pokemonshowdown.com/data/abilities.js?0.2005157953846628"></script>
<script defer src="//play.pokemonshowdown.com/data/items.js?0.9894211263848525"></script>
<script defer src="//play.pokemonshowdown.com/data/teambuilder-tables.js?0.6008791140282215"></script>
<script defer src="//play.pokemonshowdown.com/js/battle-tooltips.js?0.7580118955022959"></script>
<script defer src="//play.pokemonshowdown.com/js/battle.js?0.6057722274234274"></script>

<script defer src="js/utils.js?e31f9a17"></script>
<script defer src="js/replays-battle.js?7008c182"></script>

<!-- don't scrape this data! just add .json or .log after the URL!
Full API docs: https://github.com/smogon/pokemon-showdown-client/blob/master/WEB-API.md -->
<script type="text/plain" class="log" id="replaylog-smogtours-gen3ou-801547">
|inactive|Battle timer is ON: inactive players will automatically lose when time's up.
|t:|1729783360
|gametype|singles
|player|p1|Stockings|#advpliii|
|player|p2|RetiredBohrier|102|
|teamsize|p1|6
|teamsize|p2|6
|gen|3
|tier|[Gen 3] OU
|rule|Sleep Clause Mod: Limit one foe put to sleep
|rule|Switch Priority Clause Mod: Faster Pokémon switch first
|rule|Species Clause: Limit one of each Pokémon
|rule|OHKO Clause: OHKO moves are banned
|rule|Evasion Items Clause: Evasion items are banned
|rule|Evasion Moves Clause: Evasion moves are banned
|rule|Endless Battle Clause: Forcing endless battles is banned
|rule|HP Percentage Mod: HP is shown in percentages
|rule|One Boost Passer Clause: Limit one Baton Passer that has a way to boost its stats
|rule|Freeze Clause Mod: Limit one foe frozen
|
|t:|1729783360
|start
|switch|p1a: Major Distribution|Zapdos|100/100
|switch|p2a: Jirachi|Jirachi|100/100
|turn|1
|
|t:|1729783386
|switch|p2a: Blissey|Blissey, F|100/100
|move|p1a: Major Distribution|Thunderbolt|p2a: Blissey
|-damage|p2a: Blissey|79/100
|
|-heal|p2a: Blissey|85/100|[from] item: Leftovers
|upkeep
|turn|2
|
|t:|1729783408
|switch|p1a: More M's|Metagross|100/100
|move|p2a: Blissey|Seismic Toss|p1a: More M's
|-damage|p1a: More M's|73/100
|
|-heal|p1a: More M's|79/100|[from] item: Leftovers
|-heal|p2a: Blissey|92/100|[from] item: Leftovers
|upkeep
|turn|3
|
|t:|1729783416
|switch|p1a: Major Distribution|Zapdos|100/100
|switch|p2a: Skarmory|Skarmory, F|100/100
|
|upkeep
|turn|4
|
|t:|1729783427
|switch|p2a: Claydol|Claydol|100/100
|move|p1a: Major Distribution|Baton Pass|p1a: Major Distribution
|
|t:|1729783431
|switch|p1a: Spin Bout U|Suicune|100/100|[from] Baton Pass
|
|upkeep
|turn|5
|c|☆RetiredBohrier|Ooh cune 
|
|t:|1729783445
|switch|p1a: Treacherous Twins|Dugtrio, M|100/100
|switch|p2a: Suicune|Suicune|100/100
|
|upkeep
|turn|6
|c|☆Stockings|ooh cune
|c|☆RetiredBohrier|Lmao 
|inactive|RetiredBohrier disconnected and has 300 seconds to reconnect!
|player|p2|
|inactive|Stockings has 270 seconds left.
|inactive|RetiredBohrier reconnected.
|player|p2|RetiredBohrier|102|
|
|t:|1729783494
|switch|p1a: Major Distribution|Zapdos|100/100
|move|p2a: Suicune|Surf|p1a: Major Distribution
|-damage|p1a: Major Distribution|65/100
|
|-heal|p1a: Major Distribution|71/100|[from] item: Leftovers
|upkeep
|turn|7
|
|t:|1729783508
|switch|p2a: Claydol|Claydol|100/100
|move|p1a: Major Distribution|Hidden Power|p2a: Claydol
|-supereffective|p2a: Claydol
|-damage|p2a: Claydol|48/100
|
|-heal|p1a: Major Distribution|78/100|[from] item: Leftovers
|-heal|p2a: Claydol|54/100|[from] item: Leftovers
|upkeep
|turn|8
|
|t:|1729783520
|switch|p1a: More M's|Metagross|79/100
|switch|p2a: Blissey|Blissey, F|92/100
|
|-heal|p1a: More M's|85/100|[from] item: Leftovers
|-heal|p2a: Blissey|98/100|[from] item: Leftovers
|upkeep
|turn|9
|inactive|Stockings has 240 seconds left.
|
|t:|1729783546
|switch|p1a: Major Distribution|Zapdos|78/100
|switch|p2a: Jirachi|Jirachi|100/100
|
|-heal|p1a: Major Distribution|84/100|[from] item: Leftovers
|upkeep
|turn|10
|inactive|Stockings has 240 seconds left.
|
|t:|1729783567
|move|p1a: Major Distribution|Thunderbolt|p2a: Jirachi
|-damage|p2a: Jirachi|58/100
|move|p2a: Jirachi|Toxic|p1a: Major Distribution
|-status|p1a: Major Distribution|tox
|
|-heal|p1a: Major Distribution|90/100 tox|[from] item: Leftovers
|-damage|p1a: Major Distribution|84/100 tox|[from] psn
|-heal|p2a: Jirachi|64/100|[from] item: Leftovers
|upkeep
|turn|11
|
|t:|1729783575
|move|p1a: Major Distribution|Baton Pass|p1a: Major Distribution
|
|t:|1729783584
|switch|p1a: Treacherous Twins|Dugtrio, M|100/100|[from] Baton Pass
|move|p2a: Jirachi|Wish|p2a: Jirachi
|
|-heal|p2a: Jirachi|70/100|[from] item: Leftovers
|upkeep
|turn|12
|inactive|Stockings has 240 seconds left.
|
|t:|1729783601
|move|p1a: Treacherous Twins|Earthquake|p2a: Jirachi
|-supereffective|p2a: Jirachi
|-crit|p2a: Jirachi
|-damage|p2a: Jirachi|0 fnt
|faint|p2a: Jirachi
|c|☆RetiredBohrier|BRO 
|c|☆RetiredBohrier|HOW DO U CRIT ON T1 
|c|☆RetiredBohrier|I'M SO MAD RN 
|c|☆RetiredBohrier|OK 
|c|☆RetiredBohrier|calm down
|
|t:|1729783620
|switch|p2a: Skarmory|Skarmory, F|100/100
|
|upkeep
|turn|13
|
|t:|1729783628
|switch|p1a: Rich Flex|Raikou|100/100
|move|p2a: Skarmory|Spikes|p1a: Rich Flex
|-sidestart|p1: Stockings|Spikes
|
|upkeep
|turn|14
|
|t:|1729783637
|move|p1a: Rich Flex|Substitute|p1a: Rich Flex
|-start|p1a: Rich Flex|Substitute
|-damage|p1a: Rich Flex|76/100
|move|p2a: Skarmory|Roar|p1a: Rich Flex
|drag|p1a: 3AM On Glenwood|Kingdra, M|100/100
|-damage|p1a: 3AM On Glenwood|88/100|[from] Spikes
|
|upkeep
|turn|15
|
|t:|1729783651
|switch|p1a: Major Distribution|Zapdos|84/100 tox
|switch|p2a: Suicune|Suicune|100/100
|
|-heal|p1a: Major Distribution|90/100 tox|[from] item: Leftovers
|-damage|p1a: Major Distribution|84/100 tox|[from] psn
|upkeep
|turn|16
|inactive|RetiredBohrier disconnected and has 300 seconds to reconnect!
|player|p2|
|inactive|RetiredBohrier reconnected and has 300 seconds left.
|player|p2|RetiredBohrier|102|
|
|t:|1729783677
|switch|p2a: Blissey|Blissey, F|98/100
|move|p1a: Major Distribution|Baton Pass|p1a: Major Distribution
|
|t:|1729783681
|switch|p1a: Treacherous Twins|Dugtrio, M|100/100|[from] Baton Pass
|-damage|p1a: Treacherous Twins|88/100|[from] Spikes
|
|-heal|p2a: Blissey|100/100|[from] item: Leftovers
|upkeep
|turn|17
|
|t:|1729783683
|move|p1a: Treacherous Twins|Beat Up|p2a: Blissey
|-damage|p2a: Blissey|90/100
|-damage|p2a: Blissey|79/100
|-damage|p2a: Blissey|67/100
|-damage|p2a: Blissey|51/100
|-damage|p2a: Blissey|42/100
|-hitcount|p2a: Blissey|5
|move|p2a: Blissey|Ice Beam|p1a: Treacherous Twins
|-supereffective|p1a: Treacherous Twins
|-damage|p1a: Treacherous Twins|14/100
|
|-heal|p2a: Blissey|49/100|[from] item: Leftovers
|upkeep
|turn|18
|
|t:|1729783694
|move|p1a: Treacherous Twins|Beat Up|p2a: Blissey
|-damage|p2a: Blissey|40/100
|-damage|p2a: Blissey|29/100
|-damage|p2a: Blissey|17/100
|-damage|p2a: Blissey|1/100
|-damage|p2a: Blissey|0 fnt
|-hitcount|p2a: Blissey|5
|faint|p2a: Blissey
|c|☆RetiredBohrier|Gg
|
|t:|1729783705
|switch|p2a: Suicune|Suicune|100/100
|
|upkeep
|turn|19
|
|t:|1729783717
|switch|p1a: Major Distribution|Zapdos|84/100 tox
|move|p2a: Suicune|Calm Mind|p2a: Suicune
|-boost|p2a: Suicune|spa|1
|-boost|p2a: Suicune|spd|1
|
|-heal|p1a: Major Distribution|90/100 tox|[from] item: Leftovers
|-damage|p1a: Major Distribution|84/100 tox|[from] psn
|upkeep
|turn|20
|
|t:|1729783722
|move|p1a: Major Distribution|Thunderbolt|p2a: Suicune
|-supereffective|p2a: Suicune
|-damage|p2a: Suicune|46/100
|move|p2a: Suicune|Surf|p1a: Major Distribution
|-damage|p1a: Major Distribution|33/100 tox
|
|-heal|p1a: Major Distribution|39/100 tox|[from] item: Leftovers
|-damage|p1a: Major Distribution|27/100 tox|[from] psn
|-heal|p2a: Suicune|52/100|[from] item: Leftovers
|upkeep
|turn|21
|
|t:|1729783728
|switch|p2a: Dugtrio|Dugtrio, M|100/100
|move|p1a: Major Distribution|Thunderbolt|p2a: Dugtrio
|-immune|p2a: Dugtrio
|
|-heal|p1a: Major Distribution|33/100 tox|[from] item: Leftovers
|-damage|p1a: Major Distribution|14/100 tox|[from] psn
|upkeep
|turn|22
|
|t:|1729783741
|switch|p2a: Skarmory|Skarmory, F|100/100
|move|p1a: Major Distribution|Hidden Power|p2a: Skarmory
|-damage|p2a: Skarmory|78/100
|
|-heal|p1a: Major Distribution|20/100 tox|[from] item: Leftovers
|-damage|p1a: Major Distribution|0 fnt|[from] psn
|faint|p1a: Major Distribution
|-heal|p2a: Skarmory|84/100|[from] item: Leftovers
|upkeep
|
|t:|1729783756
|switch|p1a: 3AM On Glenwood|Kingdra, M|88/100
|-damage|p1a: 3AM On Glenwood|76/100|[from] Spikes
|turn|23
|
|t:|1729783769
|move|p1a: 3AM On Glenwood|Hydro Pump|p2a: Skarmory
|-damage|p2a: Skarmory|31/100
|move|p2a: Skarmory|Roar|p1a: 3AM On Glenwood
|drag|p1a: More M's|Metagross|85/100
|-damage|p1a: More M's|73/100|[from] Spikes
|
|-heal|p2a: Skarmory|37/100|[from] item: Leftovers
|-heal|p1a: More M's|79/100|[from] item: Leftovers
|upkeep
|turn|24
|
|t:|1729783790
|move|p2a: Skarmory|Spikes|p1a: More M's
|-sidestart|p1: Stockings|Spikes
|move|p1a: More M's|Meteor Mash|p2a: Skarmory
|-resisted|p2a: Skarmory
|-damage|p2a: Skarmory|16/100
|
|-heal|p2a: Skarmory|22/100|[from] item: Leftovers
|-heal|p1a: More M's|85/100|[from] item: Leftovers
|upkeep
|turn|25
|
|t:|1729783797
|move|p2a: Skarmory|Spikes|p1a: More M's
|-sidestart|p1: Stockings|Spikes
|move|p1a: More M's|Meteor Mash|p2a: Skarmory
|-resisted|p2a: Skarmory
|-damage|p2a: Skarmory|2/100
|
|-heal|p2a: Skarmory|8/100|[from] item: Leftovers
|-heal|p1a: More M's|91/100|[from] item: Leftovers
|upkeep
|turn|26
|
|t:|1729783807
|move|p2a: Skarmory|Drill Peck|p1a: More M's
|-resisted|p1a: More M's
|-damage|p1a: More M's|83/100
|move|p1a: More M's|Meteor Mash|p2a: Skarmory
|-resisted|p2a: Skarmory
|-crit|p2a: Skarmory
|-damage|p2a: Skarmory|0 fnt
|faint|p2a: Skarmory
|
|t:|1729783809
|switch|p2a: Claydol|Claydol|54/100
|
|-heal|p2a: Claydol|60/100|[from] item: Leftovers
|-heal|p1a: More M's|89/100|[from] item: Leftovers
|upkeep
|turn|27
|
|t:|1729783815
|switch|p1a: Treacherous Twins|Dugtrio, M|14/100
|-damage|p1a: Treacherous Twins|0 fnt|[from] Spikes
|faint|p1a: Treacherous Twins
|
|t:|1729783831
|switch|p1a: 3AM On Glenwood|Kingdra, M|76/100
|-damage|p1a: 3AM On Glenwood|51/100|[from] Spikes
|
|-heal|p2a: Claydol|66/100|[from] item: Leftovers
|upkeep
|turn|28
|
|t:|1729783847
|switch|p2a: Suicune|Suicune|52/100
|move|p1a: 3AM On Glenwood|Rain Dance|p1a: 3AM On Glenwood
|-weather|RainDance
|
|-weather|RainDance|[upkeep]
|-heal|p2a: Suicune|59/100|[from] item: Leftovers
|upkeep
|turn|29
|
|t:|1729783859
|move|p1a: 3AM On Glenwood|Hidden Power|p2a: Suicune
|-supereffective|p2a: Suicune
|-damage|p2a: Suicune|28/100
|move|p2a: Suicune|Calm Mind|p2a: Suicune
|-boost|p2a: Suicune|spa|1
|-boost|p2a: Suicune|spd|1
|
|-weather|RainDance|[upkeep]
|-heal|p2a: Suicune|34/100|[from] item: Leftovers
|upkeep
|turn|30
|c|☆RetiredBohrier|Just gotta wait till I crit again 
|
|t:|1729783882
|switch|p1a: More M's|Metagross|89/100
|-damage|p1a: More M's|64/100|[from] Spikes
|move|p2a: Suicune|Rest|p2a: Suicune
|-status|p2a: Suicune|slp|[from] move: Rest
|-heal|p2a: Suicune|100/100 slp|[silent]
|
|-weather|RainDance|[upkeep]
|-heal|p1a: More M's|70/100|[from] item: Leftovers
|upkeep
|turn|31
|c|☆RetiredBohrier|Get crit*
|
|t:|1729783892
|switch|p2a: Claydol|Claydol|66/100
|move|p1a: More M's|Meteor Mash|p2a: Claydol
|-damage|p2a: Claydol|5/100
|
|-weather|RainDance|[upkeep]
|-heal|p2a: Claydol|11/100|[from] item: Leftovers
|-heal|p1a: More M's|76/100|[from] item: Leftovers
|upkeep
|turn|32
|
|t:|1729783907
|switch|p1a: 3AM On Glenwood|Kingdra, M|51/100
|-damage|p1a: 3AM On Glenwood|26/100|[from] Spikes
|move|p2a: Claydol|Earthquake|p1a: 3AM On Glenwood
|-crit|p1a: 3AM On Glenwood
|-damage|p1a: 3AM On Glenwood|0 fnt
|faint|p1a: 3AM On Glenwood
|
|t:|1729783916
|switch|p1a: Spin Bout U|Suicune|100/100
|-damage|p1a: Spin Bout U|76/100|[from] Spikes
|
|-weather|none
|-heal|p1a: Spin Bout U|82/100|[from] item: Leftovers
|-heal|p2a: Claydol|17/100|[from] item: Leftovers
|upkeep
|turn|33
|
|t:|1729783923
|move|p1a: Spin Bout U|Hidden Power|p2a: Claydol
|-supereffective|p2a: Claydol
|-damage|p2a: Claydol|0 fnt
|faint|p2a: Claydol
|
|t:|1729783924
|switch|p2a: Dugtrio|Dugtrio, M|100/100
|
|-heal|p1a: Spin Bout U|88/100|[from] item: Leftovers
|upkeep
|turn|34
|c|☆RetiredBohrier|Misclicks into losses
|
|t:|1729783939
|switch|p2a: Suicune|Suicune|100/100 slp
|move|p1a: Spin Bout U|Ice Beam|p2a: Suicune
|-resisted|p2a: Suicune
|-damage|p2a: Suicune|90/100 slp
|
|-heal|p1a: Spin Bout U|94/100|[from] item: Leftovers
|-heal|p2a: Suicune|97/100 slp|[from] item: Leftovers
|upkeep
|turn|35
|
|t:|1729783959
|move|p1a: Spin Bout U|Calm Mind|p1a: Spin Bout U
|-boost|p1a: Spin Bout U|spa|1
|-boost|p1a: Spin Bout U|spd|1
|cant|p2a: Suicune|slp
|
|-heal|p1a: Spin Bout U|99/100|[from] item: Leftovers
|-heal|p2a: Suicune|100/100 slp|[from] item: Leftovers
|upkeep
|turn|36
|
|t:|1729783965
|move|p1a: Spin Bout U|Calm Mind|p1a: Spin Bout U
|-boost|p1a: Spin Bout U|spa|1
|-boost|p1a: Spin Bout U|spd|1
|cant|p2a: Suicune|slp
|
|-heal|p1a: Spin Bout U|100/100|[from] item: Leftovers
|upkeep
|turn|37
|inactive|RetiredBohrier has 270 seconds left.
|
|t:|1729783996
|move|p1a: Spin Bout U|Hidden Power|p2a: Suicune
|-supereffective|p2a: Suicune
|-damage|p2a: Suicune|43/100 slp
|-curestatus|p2a: Suicune|slp|[msg]
|move|p2a: Suicune|Calm Mind|p2a: Suicune
|-boost|p2a: Suicune|spa|1
|-boost|p2a: Suicune|spd|1
|
|-heal|p2a: Suicune|50/100|[from] item: Leftovers
|upkeep
|turn|38
|inactive|RetiredBohrier has 270 seconds left.
|
|t:|1729784026
|move|p1a: Spin Bout U|Hidden Power|p2a: Suicune
|-supereffective|p2a: Suicune
|-damage|p2a: Suicune|10/100
|move|p2a: Suicune|Roar|p1a: Spin Bout U
|drag|p1a: More M's|Metagross|76/100
|-damage|p1a: More M's|51/100|[from] Spikes
|
|-heal|p2a: Suicune|17/100|[from] item: Leftovers
|-heal|p1a: More M's|57/100|[from] item: Leftovers
|upkeep
|turn|39
|
|t:|1729784051
|move|p2a: Suicune|Surf|p1a: More M's
|-damage|p1a: More M's|14/100
|move|p1a: More M's|Earthquake|p2a: Suicune
|-damage|p2a: Suicune|0 fnt
|faint|p2a: Suicune
|
|t:|1729784062
|switch|p2a: Dugtrio|Dugtrio, M|100/100
|
|-heal|p1a: More M's|20/100|[from] item: Leftovers
|upkeep
|turn|40
|c|☆RetiredBohrier|Gg
|
|t:|1729784066
|move|p2a: Dugtrio|Earthquake|p1a: More M's
|-supereffective|p1a: More M's
|-damage|p1a: More M's|0 fnt
|faint|p1a: More M's
|c|☆Stockings|gg
|c|☆Stockings|ggs
|
|t:|1729784071
|switch|p1a: Spin Bout U|Suicune|100/100
|-damage|p1a: Spin Bout U|76/100|[from] Spikes
|
|-heal|p1a: Spin Bout U|82/100|[from] item: Leftovers
|upkeep
|turn|41
|c|☆RetiredBohrier|Yeah ggs
|
|t:|1729784074
|move|p2a: Dugtrio|Earthquake|p1a: Spin Bout U
|-damage|p1a: Spin Bout U|34/100
|move|p1a: Spin Bout U|Ice Beam|p2a: Dugtrio
|-supereffective|p2a: Dugtrio
|-damage|p2a: Dugtrio|0 fnt
|faint|p2a: Dugtrio
|
|win|Stockings
|c|☆RetiredBohrier|I could have gotten one crit
|c|☆RetiredBohrier|after being crit 10 times
|c|☆RetiredBohrier|but no 
|c|☆RetiredBohrier|rip 
|c|☆RetiredBohrier|gg
|c|☆RetiredBohrier|I deserved this 

</script>
<script type="application/json" class="data" id="replaydata-smogtours-gen3ou-801547">
{"id":"smogtours-gen3ou-801547","format":"[Gen 3] OU","players":["Stockings","RetiredBohrier"],"uploadtime":1729784074,"views":96,"formatid":"gen3ou","rating":null,"private":0,"password":null}
</script>

<script defer src="js/replays.js?9d40a366"></script>
