<!DOCTYPE html>
<meta charset="utf-8" />
<meta name="viewport" content="width=device-width" />

<title>[Gen 3] OU: A Plague Doc vs. Stuckkkk - Replays - Pok&eacute;mon Showdown!</title>

<meta name="description" content="Watch a replay of a Pok&eacute;mon battle between A Plague Doc and Stuckkkk! Format: [Gen 3] OU; Date: Oct 3, 2024" />
<!--

Hey, you! Looking in the source for the replay log?

You can find them in JSON format, just add `.json` at the end of a replay URL.

https://replay.pokemonshowdown.com/gen7randomdoublesbattle-865046831.json

Or, if you only need the log itself, add `.log` instead:

https://replay.pokemonshowdown.com/gen7randomdoublesbattle-865046831.log

-->

<link rel="stylesheet" href="//pokemonshowdown.com/style/global.css?0.023195364461161105" />
<link rel="stylesheet" href="//play.pokemonshowdown.com/style/font-awesome.css?0.13261647063804238" />
<link rel="stylesheet" href="//play.pokemonshowdown.com/style/battle.css?0.8753245789963631" />
<link rel="stylesheet" href="//play.pokemonshowdown.com/style/utilichart.css?0.8627959624976733" />

<!-- Global site tag (gtag.js) - Google Analytics -->
<script async src="https://www.googletagmanager.com/gtag/js?id=UA-26211653-1"></script>
<script>
  window.dataLayer = window.dataLayer || [];
  function gtag(){dataLayer.push(arguments);}
  gtag('js', new Date());

  gtag('config', 'UA-26211653-1');
</script>
<!-- End Google Analytics -->
<!-- Venatus Ad Manager - Install in <HEAD> of page -->
	<script src="https://hb.vntsm.com/v3/live/ad-manager.min.js" type="text/javascript" data-site-id="642aba63ec9a7b11c3c9c1be" data-mode="scan" async></script>
<!-- / Venatus Ad Manager -->

<style>
	@media (max-width:820px) {
		.battle {
			margin: 0 auto;
		}
		.battle-log {
			margin: 7px auto 0;
			max-width: 640px;
			height: 300px;
			position: static;
		}
	}
	.optgroup {
		display: inline-block;
		line-height: 22px;
		font-size: 10pt;
	}
	.optgroup .button {
		height: 25px;
		padding-top: 0;
		padding-bottom: 0;
	}
	.optgroup button.button {
		padding-left: 12px;
		padding-right: 12px;
	}
	.linklist {
		list-style: none;
		margin: 0.5em 0;
		padding: 0;
	}
	.linklist li {
		padding: 2px 0;
	}
	.sidebar {
		float: left;
		width: 320px;
	}
	.bar-wrapper {
		max-width: 1100px;
		margin: 0 auto;
	}
	.bar-wrapper.has-sidebar {
		max-width: 1430px;
	}
	.mainbar {
		margin: 0;
		padding-right: 1px;
	}
	.mainbar.has-sidebar {
		margin-left: 330px;
	}
	@media (min-width: 1511px) {
		.sidebar {
			width: 400px;
		}
		.bar-wrapper.has-sidebar {
			max-width: 1510px;
		}
		.mainbar.has-sidebar {
			margin-left: 410px;
		}
	}
	.section.first-section {
		margin-top: 9px;
	}
	.blocklink small {
		white-space: normal;
	}
	.button {
		vertical-align: middle;
	}
	.replay-controls {
		padding-top: 10px;
	}
	.replay-controls h1 {
		font-size: 16pt;
		font-weight: normal;
		color: #CCC;
	}
	.pagelink {
		text-align: center;
	}
	.pagelink a {
		width: 150px;
	}
	.textbox, .button {
		font-size: 11pt;
		vertical-align: middle;
	}
	@media (max-width: 450px) {
		.button {
			font-size: 9pt;
		}
	}
</style>

<div>

	<header>
		<div class="nav-wrapper"><ul class="nav">
			<li><a class="button nav-first" href="//pokemonshowdown.com/"><img src="//pokemonshowdown.com/images/pokemonshowdownbeta.png" srcset="//pokemonshowdown.com/images/pokemonshowdownbeta.png 1x, //pokemonshowdown.com/images/pokemonshowdownbeta@2x.png 2x" alt="Pok&eacute;mon Showdown" width="146" height="44" /> Home</a></li>
			<li><a class="button" href="//pokemonshowdown.com/dex/">Pok&eacute;dex</a></li>
			<li><a class="button cur" href="/">Replays</a></li>
			<li><a class="button" href="//pokemonshowdown.com/ladder/">Ladder</a></li>
			<li><a class="button nav-last" href="//pokemonshowdown.com/forums/">Forum</a></li>
			<li><a class="button greenbutton nav-first nav-last" href="//play.pokemonshowdown.com/">Play</a></li>
		</ul></div>
	</header>

	<div class="main" id="main">

		<noscript><section class="section">You need to enable JavaScript to use this page; sorry!</section></noscript>

	</div>

</div>

<script defer nomodule src="//play.pokemonshowdown.com/js/lib/ps-polyfill.js"></script>
<script defer src="//play.pokemonshowdown.com/js/lib/preact.min.js"></script>

<script defer src="//play.pokemonshowdown.com/config/config.js?2bddbc15"></script>
<script defer src="//play.pokemonshowdown.com/js/lib/jquery-1.11.0.min.js"></script>
<script defer src="//play.pokemonshowdown.com/js/lib/html-sanitizer-minified.js"></script>
<script defer src="//play.pokemonshowdown.com/js/battle-sound.js"></script>
<script defer src="//play.pokemonshowdown.com/js/battledata.js?0.7209276989879541"></script>
<script defer src="//play.pokemonshowdown.com/data/pokedex-mini.js?0.6111056340867951"></script>
<script defer src="//play.pokemonshowdown.com/data/pokedex-mini-bw.js?0.3532142036491459"></script>
<script defer src="//play.pokemonshowdown.com/data/graphics.js?0.24223875632456182"></script>
<script defer src="//play.pokemonshowdown.com/data/pokedex.js?0.38839984266356864"></script>
<script defer src="//play.pokemonshowdown.com/data/moves.js?0.21866028504024015"></script>
<script defer src="//play.pokemonshowdown.com/data/abilities.js?0.2005157953846628"></script>
<script defer src="//play.pokemonshowdown.com/data/items.js?0.9894211263848525"></script>
<script defer src="//play.pokemonshowdown.com/data/teambuilder-tables.js?0.6008791140282215"></script>
<script defer src="//play.pokemonshowdown.com/js/battle-tooltips.js?0.7580118955022959"></script>
<script defer src="//play.pokemonshowdown.com/js/battle.js?0.6057722274234274"></script>

<script defer src="js/utils.js?e31f9a17"></script>
<script defer src="js/replays-battle.js?7008c182"></script>

<!-- don't scrape this data! just add .json or .log after the URL!
Full API docs: https://github.com/smogon/pokemon-showdown-client/blob/master/WEB-API.md -->
<script type="text/plain" class="log" id="replaylog-gen3ou-2215373921-ybgb4qxzk30tgn4m7yvqs4sqnoba5xlpw">
|j|☆A Plague Doc
|j|☆Stuckkkk
|t:|1727994068
|gametype|singles
|player|p1|A Plague Doc|#scl4shoguns2|
|player|p2|Stuckkkk|swimmer|
|teamsize|p1|6
|teamsize|p2|6
|gen|3
|tier|[Gen 3] OU
|rule|Sleep Clause Mod: Limit one foe put to sleep
|rule|Switch Priority Clause Mod: Faster Pokémon switch first
|rule|Species Clause: Limit one of each Pokémon
|rule|OHKO Clause: OHKO moves are banned
|rule|Evasion Items Clause: Evasion items are banned
|rule|Evasion Moves Clause: Evasion moves are banned
|rule|Endless Battle Clause: Forcing endless battles is banned
|rule|HP Percentage Mod: HP is shown in percentages
|rule|One Boost Passer Clause: Limit one Baton Passer that has a way to boost its stats
|rule|Freeze Clause Mod: Limit one foe frozen
|
|t:|1727994068
|start
|switch|p1a: Tyranitar|Tyranitar, M|100/100
|switch|p2a: Wants Wind to Blow|Skarmory, F|100/100
|-weather|Sandstorm|[from] ability: Sand Stream|[of] p1a: Tyranitar
|turn|1
|c|☆Stuckkkk|whats good
|c|☆Stuckkkk|gl, hf
|c|☆A Plague Doc|U2
|
|t:|1727994088
|-singleturn|p1a: Tyranitar|move: Focus Punch
|move|p1a: Tyranitar|Focus Punch|p2a: Wants Wind to Blow
|-damage|p2a: Wants Wind to Blow|52/100
|move|p2a: Wants Wind to Blow|Roar|p1a: Tyranitar
|drag|p1a: Swampert|Swampert, M|100/100
|
|-weather|Sandstorm|[upkeep]
|-heal|p2a: Wants Wind to Blow|58/100|[from] item: Leftovers
|upkeep
|turn|2
|
|t:|1727994115
|switch|p1a: Moltres|Moltres|100/100
|move|p2a: Wants Wind to Blow|Spikes|p1a: Moltres
|-sidestart|p1: A Plague Doc|Spikes
|
|-weather|Sandstorm|[upkeep]
|-damage|p1a: Moltres|94/100|[from] Sandstorm
|-heal|p1a: Moltres|100/100|[from] item: Leftovers
|-heal|p2a: Wants Wind to Blow|64/100|[from] item: Leftovers
|upkeep
|turn|3
|
|t:|1727994121
|move|p2a: Wants Wind to Blow|Protect|p2a: Wants Wind to Blow
|-singleturn|p2a: Wants Wind to Blow|Protect
|move|p1a: Moltres|Will-O-Wisp|p2a: Wants Wind to Blow|[miss]
|-miss|p1a: Moltres|p2a: Wants Wind to Blow
|
|-weather|Sandstorm|[upkeep]
|-damage|p1a: Moltres|94/100|[from] Sandstorm
|-heal|p1a: Moltres|100/100|[from] item: Leftovers
|-heal|p2a: Wants Wind to Blow|70/100|[from] item: Leftovers
|upkeep
|turn|4
|
|t:|1727994139
|switch|p2a: I Felt My Size|Blissey, F|100/100
|move|p1a: Moltres|Will-O-Wisp|p2a: I Felt My Size
|-status|p2a: I Felt My Size|brn
|
|-weather|Sandstorm|[upkeep]
|-damage|p1a: Moltres|94/100|[from] Sandstorm
|-damage|p2a: I Felt My Size|94/100 brn|[from] Sandstorm
|-heal|p1a: Moltres|100/100|[from] item: Leftovers
|-heal|p2a: I Felt My Size|100/100 brn|[from] item: Leftovers
|-damage|p2a: I Felt My Size|88/100 brn|[from] brn
|upkeep
|turn|5
|
|t:|1727994160
|switch|p1a: Tyranitar|Tyranitar, M|100/100
|-damage|p1a: Tyranitar|88/100|[from] Spikes
|move|p2a: I Felt My Size|Toxic|p1a: Tyranitar
|-status|p1a: Tyranitar|tox
|
|-weather|Sandstorm|[upkeep]
|-damage|p2a: I Felt My Size|82/100 brn|[from] Sandstorm
|-damage|p1a: Tyranitar|82/100 tox|[from] psn
|-heal|p2a: I Felt My Size|88/100 brn|[from] item: Leftovers
|-damage|p2a: I Felt My Size|76/100 brn|[from] brn
|upkeep
|turn|6
|
|t:|1727994175
|-singleturn|p1a: Tyranitar|move: Focus Punch
|move|p2a: I Felt My Size|Seismic Toss|p1a: Tyranitar
|-damage|p1a: Tyranitar|54/100 tox
|move|p1a: Tyranitar|Focus Punch||[still]
|cant|p1a: Tyranitar|Focus Punch|Focus Punch
|
|-weather|Sandstorm|[upkeep]
|-damage|p2a: I Felt My Size|69/100 brn|[from] Sandstorm
|-damage|p1a: Tyranitar|42/100 tox|[from] psn
|-heal|p2a: I Felt My Size|76/100 brn|[from] item: Leftovers
|-damage|p2a: I Felt My Size|63/100 brn|[from] brn
|upkeep
|turn|7
|
|t:|1727994186
|move|p1a: Tyranitar|Brick Break|p2a: I Felt My Size
|-supereffective|p2a: I Felt My Size
|-damage|p2a: I Felt My Size|1/100 brn
|move|p2a: I Felt My Size|Seismic Toss|p1a: Tyranitar
|-damage|p1a: Tyranitar|14/100 tox
|
|-weather|Sandstorm|[upkeep]
|-damage|p2a: I Felt My Size|0 fnt|[from] Sandstorm
|faint|p2a: I Felt My Size
|-damage|p1a: Tyranitar|0 fnt|[from] psn
|faint|p1a: Tyranitar
|upkeep
|
|t:|1727994206
|switch|p1a: Cloyster|Cloyster, M|100/100
|switch|p2a: Wants Wind to Blow|Skarmory, F|70/100
|-damage|p1a: Cloyster|88/100|[from] Spikes
|turn|8
|
|t:|1727994216
|move|p1a: Cloyster|Spikes|p2a: Wants Wind to Blow
|-sidestart|p2: Stuckkkk|Spikes
|move|p2a: Wants Wind to Blow|Spikes|p1a: Cloyster
|-sidestart|p1: A Plague Doc|Spikes
|
|-weather|Sandstorm|[upkeep]
|-damage|p1a: Cloyster|82/100|[from] Sandstorm
|-heal|p1a: Cloyster|88/100|[from] item: Leftovers
|-heal|p2a: Wants Wind to Blow|76/100|[from] item: Leftovers
|upkeep
|turn|9
|
|t:|1727994220
|move|p1a: Cloyster|Rapid Spin|p2a: Wants Wind to Blow
|-resisted|p2a: Wants Wind to Blow
|-damage|p2a: Wants Wind to Blow|74/100
|-sideend|p1: A Plague Doc|Spikes|[from] move: Rapid Spin|[of] p1a: Cloyster
|move|p2a: Wants Wind to Blow|Spikes|p1a: Cloyster
|-sidestart|p1: A Plague Doc|Spikes
|
|-weather|Sandstorm|[upkeep]
|-damage|p1a: Cloyster|82/100|[from] Sandstorm
|-heal|p1a: Cloyster|88/100|[from] item: Leftovers
|-heal|p2a: Wants Wind to Blow|80/100|[from] item: Leftovers
|upkeep
|turn|10
|
|t:|1727994225
|move|p1a: Cloyster|Spikes|p2a: Wants Wind to Blow
|-sidestart|p2: Stuckkkk|Spikes
|move|p2a: Wants Wind to Blow|Roar|p1a: Cloyster
|drag|p1a: Jolteon|Jolteon, M|100/100
|-damage|p1a: Jolteon|88/100|[from] Spikes
|
|-weather|Sandstorm|[upkeep]
|-damage|p1a: Jolteon|82/100|[from] Sandstorm
|-heal|p1a: Jolteon|88/100|[from] item: Leftovers
|-heal|p2a: Wants Wind to Blow|86/100|[from] item: Leftovers
|upkeep
|turn|11
|
|t:|1727994235
|move|p2a: Wants Wind to Blow|Protect|p2a: Wants Wind to Blow
|-singleturn|p2a: Wants Wind to Blow|Protect
|move|p1a: Jolteon|Thunderbolt|p2a: Wants Wind to Blow
|-activate|p2a: Wants Wind to Blow|Protect
|
|-weather|Sandstorm|[upkeep]
|-damage|p1a: Jolteon|82/100|[from] Sandstorm
|-heal|p1a: Jolteon|88/100|[from] item: Leftovers
|-heal|p2a: Wants Wind to Blow|92/100|[from] item: Leftovers
|upkeep
|turn|12
|
|t:|1727994252
|switch|p2a: The Moon|Flygon, M|100/100
|move|p1a: Jolteon|Thunderbolt|p2a: The Moon
|-immune|p2a: The Moon
|
|-weather|Sandstorm|[upkeep]
|-damage|p1a: Jolteon|82/100|[from] Sandstorm
|-heal|p1a: Jolteon|88/100|[from] item: Leftovers
|upkeep
|turn|13
|
|t:|1727994262
|move|p2a: The Moon|Protect|p2a: The Moon
|-singleturn|p2a: The Moon|Protect
|move|p1a: Jolteon|Hidden Power|p2a: The Moon
|-activate|p2a: The Moon|Protect
|
|-weather|Sandstorm|[upkeep]
|-damage|p1a: Jolteon|82/100|[from] Sandstorm
|-heal|p1a: Jolteon|88/100|[from] item: Leftovers
|upkeep
|turn|14
|
|t:|1727994274
|switch|p2a: Wants Wind to Blow|Skarmory, F|92/100
|move|p1a: Jolteon|Hidden Power|p2a: Wants Wind to Blow
|-damage|p2a: Wants Wind to Blow|72/100
|
|-weather|Sandstorm|[upkeep]
|-damage|p1a: Jolteon|82/100|[from] Sandstorm
|-heal|p1a: Jolteon|88/100|[from] item: Leftovers
|-heal|p2a: Wants Wind to Blow|78/100|[from] item: Leftovers
|upkeep
|turn|15
|
|t:|1727994280
|move|p2a: Wants Wind to Blow|Protect|p2a: Wants Wind to Blow
|-singleturn|p2a: Wants Wind to Blow|Protect
|move|p1a: Jolteon|Thunderbolt|p2a: Wants Wind to Blow
|-activate|p2a: Wants Wind to Blow|Protect
|
|-weather|Sandstorm|[upkeep]
|-damage|p1a: Jolteon|82/100|[from] Sandstorm
|-heal|p1a: Jolteon|88/100|[from] item: Leftovers
|-heal|p2a: Wants Wind to Blow|84/100|[from] item: Leftovers
|upkeep
|turn|16
|
|t:|1727994282
|move|p1a: Jolteon|Thunderbolt|p2a: Wants Wind to Blow
|-supereffective|p2a: Wants Wind to Blow
|-damage|p2a: Wants Wind to Blow|9/100
|move|p2a: Wants Wind to Blow|Toxic|p1a: Jolteon|[miss]
|-miss|p2a: Wants Wind to Blow|p1a: Jolteon
|
|-weather|Sandstorm|[upkeep]
|-damage|p1a: Jolteon|82/100|[from] Sandstorm
|-heal|p1a: Jolteon|88/100|[from] item: Leftovers
|-heal|p2a: Wants Wind to Blow|15/100|[from] item: Leftovers
|upkeep
|turn|17
|
|t:|1727994287
|move|p2a: Wants Wind to Blow|Protect|p2a: Wants Wind to Blow
|-singleturn|p2a: Wants Wind to Blow|Protect
|move|p1a: Jolteon|Thunderbolt|p2a: Wants Wind to Blow
|-activate|p2a: Wants Wind to Blow|Protect
|
|-weather|Sandstorm|[upkeep]
|-damage|p1a: Jolteon|82/100|[from] Sandstorm
|-heal|p1a: Jolteon|88/100|[from] item: Leftovers
|-heal|p2a: Wants Wind to Blow|21/100|[from] item: Leftovers
|upkeep
|turn|18
|
|t:|1727994298
|switch|p2a: The Glow|Zapdos|100/100
|move|p1a: Jolteon|Thunderbolt|p2a: The Glow
|-damage|p2a: The Glow|70/100
|
|-weather|Sandstorm|[upkeep]
|-damage|p1a: Jolteon|82/100|[from] Sandstorm
|-damage|p2a: The Glow|64/100|[from] Sandstorm
|-heal|p1a: Jolteon|88/100|[from] item: Leftovers
|-heal|p2a: The Glow|70/100|[from] item: Leftovers
|upkeep
|turn|19
|
|t:|1727994308
|move|p1a: Jolteon|Hidden Power|p2a: The Glow
|-supereffective|p2a: The Glow
|-damage|p2a: The Glow|40/100
|move|p2a: The Glow|Roar|p1a: Jolteon
|drag|p1a: Moltres|Moltres|100/100
|
|-weather|Sandstorm|[upkeep]
|-damage|p1a: Moltres|94/100|[from] Sandstorm
|-damage|p2a: The Glow|34/100|[from] Sandstorm
|-heal|p1a: Moltres|100/100|[from] item: Leftovers
|-heal|p2a: The Glow|40/100|[from] item: Leftovers
|upkeep
|turn|20
|
|t:|1727994330
|move|p1a: Moltres|Flamethrower|p2a: The Glow
|-damage|p2a: The Glow|4/100
|move|p2a: The Glow|Rest|p2a: The Glow
|-status|p2a: The Glow|slp|[from] move: Rest
|-heal|p2a: The Glow|100/100 slp|[silent]
|
|-weather|Sandstorm|[upkeep]
|-damage|p1a: Moltres|94/100|[from] Sandstorm
|-damage|p2a: The Glow|94/100 slp|[from] Sandstorm
|-heal|p1a: Moltres|100/100|[from] item: Leftovers
|-heal|p2a: The Glow|100/100 slp|[from] item: Leftovers
|upkeep
|turn|21
|
|t:|1727994342
|switch|p1a: Swampert|Swampert, M|100/100
|-damage|p1a: Swampert|88/100|[from] Spikes
|cant|p2a: The Glow|slp
|move|p2a: The Glow|Sleep Talk|p2a: The Glow
|move|p2a: The Glow|Roar|p1a: Swampert|[from]Sleep Talk
|drag|p1a: Jolteon|Jolteon, M|88/100
|-damage|p1a: Jolteon|76/100|[from] Spikes
|
|-weather|Sandstorm|[upkeep]
|-damage|p1a: Jolteon|70/100|[from] Sandstorm
|-damage|p2a: The Glow|94/100 slp|[from] Sandstorm
|-heal|p1a: Jolteon|76/100|[from] item: Leftovers
|-heal|p2a: The Glow|100/100 slp|[from] item: Leftovers
|upkeep
|turn|22
|
|t:|1727994359
|move|p1a: Jolteon|Hidden Power|p2a: The Glow
|-supereffective|p2a: The Glow
|-damage|p2a: The Glow|72/100 slp
|cant|p2a: The Glow|slp
|move|p2a: The Glow|Sleep Talk|p2a: The Glow
|move|p2a: The Glow|Thunderbolt|p1a: Jolteon|[from]Sleep Talk
|-heal|p1a: Jolteon|100/100|[from] ability: Volt Absorb|[of] p2a: The Glow
|
|-weather|Sandstorm|[upkeep]
|-damage|p1a: Jolteon|95/100|[from] Sandstorm
|-damage|p2a: The Glow|66/100 slp|[from] Sandstorm
|-heal|p1a: Jolteon|100/100|[from] item: Leftovers
|-heal|p2a: The Glow|72/100 slp|[from] item: Leftovers
|upkeep
|turn|23
|
|t:|1727994386
|move|p1a: Jolteon|Thunderbolt|p2a: The Glow
|-damage|p2a: The Glow|39/100 slp
|-curestatus|p2a: The Glow|slp|[msg]
|move|p2a: The Glow|Roar|p1a: Jolteon
|drag|p1a: Gengar|Gengar, F|100/100
|
|-weather|Sandstorm|[upkeep]
|-damage|p1a: Gengar|94/100|[from] Sandstorm
|-damage|p2a: The Glow|33/100|[from] Sandstorm
|-heal|p1a: Gengar|100/100|[from] item: Leftovers
|-heal|p2a: The Glow|39/100|[from] item: Leftovers
|upkeep
|turn|24
|
|t:|1727994409
|switch|p2a: Samurai Sword|Tyranitar, M|100/100
|-damage|p2a: Samurai Sword|84/100|[from] Spikes
|move|p1a: Gengar|Will-O-Wisp|p2a: Samurai Sword
|-status|p2a: Samurai Sword|brn
|
|-weather|Sandstorm|[upkeep]
|-damage|p1a: Gengar|94/100|[from] Sandstorm
|-heal|p1a: Gengar|100/100|[from] item: Leftovers
|-heal|p2a: Samurai Sword|90/100 brn|[from] item: Leftovers
|-damage|p2a: Samurai Sword|78/100 brn|[from] brn
|upkeep
|turn|25
|
|t:|1727994419
|move|p1a: Gengar|Giga Drain|p2a: Samurai Sword
|-supereffective|p2a: Samurai Sword
|-damage|p2a: Samurai Sword|46/100 brn
|move|p2a: Samurai Sword|Crunch|p1a: Gengar
|-supereffective|p1a: Gengar
|-crit|p1a: Gengar
|-damage|p1a: Gengar|0 fnt
|faint|p1a: Gengar
|c|☆Stuckkkk|sorry
|
|t:|1727994446
|switch|p1a: Cloyster|Cloyster, M|88/100
|-damage|p1a: Cloyster|76/100|[from] Spikes
|
|-weather|Sandstorm|[upkeep]
|-damage|p1a: Cloyster|70/100|[from] Sandstorm
|-heal|p1a: Cloyster|76/100|[from] item: Leftovers
|-heal|p2a: Samurai Sword|52/100 brn|[from] item: Leftovers
|-damage|p2a: Samurai Sword|40/100 brn|[from] brn
|upkeep
|turn|26
|
|t:|1727994453
|switch|p2a: Headless Horseman|Gengar, M|100/100
|move|p1a: Cloyster|Rapid Spin|p2a: Headless Horseman
|-immune|p2a: Headless Horseman
|
|-weather|Sandstorm|[upkeep]
|-damage|p2a: Headless Horseman|95/100|[from] Sandstorm
|-damage|p1a: Cloyster|70/100|[from] Sandstorm
|-heal|p2a: Headless Horseman|100/100|[from] item: Leftovers
|-heal|p1a: Cloyster|76/100|[from] item: Leftovers
|upkeep
|turn|27
|
|t:|1727994470
|switch|p1a: Jolteon|Jolteon, M|100/100
|-damage|p1a: Jolteon|88/100|[from] Spikes
|move|p2a: Headless Horseman|Will-O-Wisp|p1a: Jolteon
|-status|p1a: Jolteon|brn
|
|-weather|Sandstorm|[upkeep]
|-damage|p1a: Jolteon|82/100 brn|[from] Sandstorm
|-damage|p2a: Headless Horseman|95/100|[from] Sandstorm
|-heal|p1a: Jolteon|88/100 brn|[from] item: Leftovers
|-damage|p1a: Jolteon|76/100 brn|[from] brn
|-heal|p2a: Headless Horseman|100/100|[from] item: Leftovers
|upkeep
|turn|28
|
|t:|1727994488
|move|p1a: Jolteon|Thunderbolt|p2a: Headless Horseman
|-damage|p2a: Headless Horseman|52/100
|move|p2a: Headless Horseman|Giga Drain|p1a: Jolteon
|-damage|p1a: Jolteon|53/100 brn
|-heal|p2a: Headless Horseman|62/100|[from] drain|[of] p1a: Jolteon
|
|-weather|Sandstorm|[upkeep]
|-damage|p1a: Jolteon|47/100 brn|[from] Sandstorm
|-damage|p2a: Headless Horseman|56/100|[from] Sandstorm
|-heal|p1a: Jolteon|53/100 brn|[from] item: Leftovers
|-damage|p1a: Jolteon|41/100 brn|[from] brn
|-heal|p2a: Headless Horseman|62/100|[from] item: Leftovers
|upkeep
|turn|29
|
|t:|1727994503
|move|p1a: Jolteon|Thunderbolt|p2a: Headless Horseman
|-damage|p2a: Headless Horseman|10/100
|move|p2a: Headless Horseman|Giga Drain|p1a: Jolteon
|-damage|p1a: Jolteon|18/100 brn
|-heal|p2a: Headless Horseman|21/100|[from] drain|[of] p1a: Jolteon
|
|-weather|Sandstorm|[upkeep]
|-damage|p1a: Jolteon|12/100 brn|[from] Sandstorm
|-damage|p2a: Headless Horseman|15/100|[from] Sandstorm
|-heal|p1a: Jolteon|18/100 brn|[from] item: Leftovers
|-damage|p1a: Jolteon|6/100 brn|[from] brn
|-heal|p2a: Headless Horseman|21/100|[from] item: Leftovers
|upkeep
|turn|30
|
|t:|1727994527
|switch|p2a: The Glow|Zapdos|39/100
|move|p1a: Jolteon|Hidden Power|p2a: The Glow
|-supereffective|p2a: The Glow
|-damage|p2a: The Glow|6/100
|
|-weather|Sandstorm|[upkeep]
|-damage|p1a: Jolteon|0 fnt|[from] Sandstorm
|-damage|p2a: The Glow|0 fnt|[from] Sandstorm
|faint|p1a: Jolteon
|faint|p2a: The Glow
|upkeep
|
|t:|1727994544
|switch|p1a: Moltres|Moltres|100/100
|switch|p2a: Headless Horseman|Gengar, M|21/100
|turn|31
|
|t:|1727994567
|move|p2a: Headless Horseman|Explosion|p1a: Moltres
|-damage|p1a: Moltres|0 fnt
|faint|p2a: Headless Horseman
|faint|p1a: Moltres
|
|t:|1727994597
|switch|p2a: Samurai Sword|Tyranitar, M|40/100 brn
|switch|p1a: Cloyster|Cloyster, M|76/100
|-damage|p1a: Cloyster|64/100|[from] Spikes
|-damage|p2a: Samurai Sword|23/100 brn|[from] Spikes
|
|-weather|Sandstorm|[upkeep]
|-damage|p1a: Cloyster|58/100|[from] Sandstorm
|-heal|p1a: Cloyster|64/100|[from] item: Leftovers
|-heal|p2a: Samurai Sword|29/100 brn|[from] item: Leftovers
|-damage|p2a: Samurai Sword|17/100 brn|[from] brn
|upkeep
|turn|32
|
|t:|1727994610
|move|p1a: Cloyster|Rapid Spin|p2a: Samurai Sword
|-resisted|p2a: Samurai Sword
|-damage|p2a: Samurai Sword|15/100 brn
|-sideend|p1: A Plague Doc|Spikes|[from] move: Rapid Spin|[of] p1a: Cloyster
|move|p2a: Samurai Sword|Brick Break|p1a: Cloyster
|-supereffective|p1a: Cloyster
|-damage|p1a: Cloyster|50/100
|
|-weather|Sandstorm|[upkeep]
|-damage|p1a: Cloyster|45/100|[from] Sandstorm
|-heal|p1a: Cloyster|50/100|[from] item: Leftovers
|-heal|p2a: Samurai Sword|22/100 brn|[from] item: Leftovers
|-damage|p2a: Samurai Sword|9/100 brn|[from] brn
|upkeep
|turn|33
|
|t:|1727994617
|move|p1a: Cloyster|Surf|p2a: Samurai Sword
|-supereffective|p2a: Samurai Sword
|-damage|p2a: Samurai Sword|0 fnt
|faint|p2a: Samurai Sword
|
|t:|1727994624
|switch|p2a: Wants Wind to Blow|Skarmory, F|21/100
|
|-weather|Sandstorm|[upkeep]
|-damage|p1a: Cloyster|45/100|[from] Sandstorm
|-heal|p1a: Cloyster|50/100|[from] item: Leftovers
|-heal|p2a: Wants Wind to Blow|27/100|[from] item: Leftovers
|upkeep
|turn|34
|
|t:|1727994628
|move|p2a: Wants Wind to Blow|Protect|p2a: Wants Wind to Blow
|-singleturn|p2a: Wants Wind to Blow|Protect
|move|p1a: Cloyster|Surf|p2a: Wants Wind to Blow
|-activate|p2a: Wants Wind to Blow|Protect
|
|-weather|Sandstorm|[upkeep]
|-damage|p1a: Cloyster|45/100|[from] Sandstorm
|-heal|p1a: Cloyster|50/100|[from] item: Leftovers
|-heal|p2a: Wants Wind to Blow|33/100|[from] item: Leftovers
|upkeep
|turn|35
|
|t:|1727994641
|move|p1a: Cloyster|Surf|p2a: Wants Wind to Blow
|-damage|p2a: Wants Wind to Blow|7/100
|move|p2a: Wants Wind to Blow|Toxic|p1a: Cloyster
|-status|p1a: Cloyster|tox
|
|-weather|Sandstorm|[upkeep]
|-damage|p1a: Cloyster|45/100 tox|[from] Sandstorm
|-heal|p1a: Cloyster|50/100 tox|[from] item: Leftovers
|-damage|p1a: Cloyster|45/100 tox|[from] psn
|-heal|p2a: Wants Wind to Blow|13/100|[from] item: Leftovers
|upkeep
|turn|36
|
|t:|1727994646
|move|p2a: Wants Wind to Blow|Protect|p2a: Wants Wind to Blow
|-singleturn|p2a: Wants Wind to Blow|Protect
|move|p1a: Cloyster|Surf|p2a: Wants Wind to Blow
|-activate|p2a: Wants Wind to Blow|Protect
|
|-weather|Sandstorm|[upkeep]
|-damage|p1a: Cloyster|39/100 tox|[from] Sandstorm
|-heal|p1a: Cloyster|45/100 tox|[from] item: Leftovers
|-damage|p1a: Cloyster|33/100 tox|[from] psn
|-heal|p2a: Wants Wind to Blow|19/100|[from] item: Leftovers
|upkeep
|turn|37
|
|t:|1727994664
|move|p2a: Wants Wind to Blow|Protect|p2a: Wants Wind to Blow
|-singleturn|p2a: Wants Wind to Blow|Protect
|move|p1a: Cloyster|Surf|p2a: Wants Wind to Blow
|-activate|p2a: Wants Wind to Blow|Protect
|
|-weather|Sandstorm|[upkeep]
|-damage|p1a: Cloyster|27/100 tox|[from] Sandstorm
|-heal|p1a: Cloyster|33/100 tox|[from] item: Leftovers
|-damage|p1a: Cloyster|15/100 tox|[from] psn
|-heal|p2a: Wants Wind to Blow|25/100|[from] item: Leftovers
|upkeep
|turn|38
|
|t:|1727994682
|switch|p2a: The Moon|Flygon, M|100/100
|move|p1a: Cloyster|Surf|p2a: The Moon
|-damage|p2a: The Moon|67/100
|
|-weather|Sandstorm|[upkeep]
|-damage|p1a: Cloyster|9/100 tox|[from] Sandstorm
|-heal|p2a: The Moon|73/100|[from] item: Leftovers
|-heal|p1a: Cloyster|15/100 tox|[from] item: Leftovers
|-damage|p1a: Cloyster|0 fnt|[from] psn
|faint|p1a: Cloyster
|upkeep
|
|t:|1727994686
|switch|p1a: Swampert|Swampert, M|88/100
|turn|39
|
|t:|1727994691
|move|p2a: The Moon|Protect|p2a: The Moon
|-singleturn|p2a: The Moon|Protect
|move|p1a: Swampert|Ice Beam|p2a: The Moon
|-activate|p2a: The Moon|Protect
|
|-weather|Sandstorm|[upkeep]
|-heal|p2a: The Moon|79/100|[from] item: Leftovers
|-heal|p1a: Swampert|94/100|[from] item: Leftovers
|upkeep
|turn|40
|
|t:|1727994706
|move|p2a: The Moon|Toxic|p1a: Swampert
|-status|p1a: Swampert|tox
|move|p1a: Swampert|Ice Beam|p2a: The Moon
|-supereffective|p2a: The Moon
|-damage|p2a: The Moon|0 fnt
|faint|p2a: The Moon
|
|t:|1727994709
|switch|p2a: Wants Wind to Blow|Skarmory, F|25/100
|
|-weather|Sandstorm|[upkeep]
|-heal|p2a: Wants Wind to Blow|31/100|[from] item: Leftovers
|-heal|p1a: Swampert|100/100 tox|[from] item: Leftovers
|-damage|p1a: Swampert|94/100 tox|[from] psn
|upkeep
|turn|41
|
|t:|1727994718
|move|p2a: Wants Wind to Blow|Protect|p2a: Wants Wind to Blow
|-singleturn|p2a: Wants Wind to Blow|Protect
|move|p1a: Swampert|Hydro Pump|p2a: Wants Wind to Blow
|-activate|p2a: Wants Wind to Blow|Protect
|
|-weather|Sandstorm|[upkeep]
|-heal|p2a: Wants Wind to Blow|37/100|[from] item: Leftovers
|-heal|p1a: Swampert|100/100 tox|[from] item: Leftovers
|-damage|p1a: Swampert|88/100 tox|[from] psn
|upkeep
|turn|42
|
|t:|1727994725
|move|p2a: Wants Wind to Blow|Protect||[still]
|-fail|p2a: Wants Wind to Blow
|move|p1a: Swampert|Hydro Pump|p2a: Wants Wind to Blow
|-damage|p2a: Wants Wind to Blow|5/100
|
|-weather|Sandstorm|[upkeep]
|-heal|p2a: Wants Wind to Blow|11/100|[from] item: Leftovers
|-heal|p1a: Swampert|94/100 tox|[from] item: Leftovers
|-damage|p1a: Swampert|76/100 tox|[from] psn
|upkeep
|turn|43
|c|☆Stuckkkk|ggwp
|
|t:|1727994742
|-singleturn|p1a: Swampert|move: Focus Punch
|move|p2a: Wants Wind to Blow|Protect|p2a: Wants Wind to Blow
|-singleturn|p2a: Wants Wind to Blow|Protect
|move|p1a: Swampert|Focus Punch|p2a: Wants Wind to Blow
|-activate|p2a: Wants Wind to Blow|Protect
|
|-weather|Sandstorm|[upkeep]
|-heal|p2a: Wants Wind to Blow|17/100|[from] item: Leftovers
|-heal|p1a: Swampert|82/100 tox|[from] item: Leftovers
|-damage|p1a: Swampert|57/100 tox|[from] psn
|upkeep
|turn|44
|
|t:|1727994750
|-singleturn|p1a: Swampert|move: Focus Punch
|move|p2a: Wants Wind to Blow|Protect|p2a: Wants Wind to Blow
|-singleturn|p2a: Wants Wind to Blow|Protect
|move|p1a: Swampert|Focus Punch|p2a: Wants Wind to Blow
|-activate|p2a: Wants Wind to Blow|Protect
|
|-weather|Sandstorm|[upkeep]
|-heal|p2a: Wants Wind to Blow|23/100|[from] item: Leftovers
|-heal|p1a: Swampert|63/100 tox|[from] item: Leftovers
|-damage|p1a: Swampert|32/100 tox|[from] psn
|upkeep
|turn|45
|c|☆Stuckkkk|all good?
|
|t:|1727994842
|-singleturn|p1a: Swampert|move: Focus Punch
|move|p2a: Wants Wind to Blow|Protect||[still]
|-fail|p2a: Wants Wind to Blow
|move|p1a: Swampert|Focus Punch|p2a: Wants Wind to Blow
|-damage|p2a: Wants Wind to Blow|0 fnt
|faint|p2a: Wants Wind to Blow
|
|win|A Plague Doc
|c|☆A Plague Doc|GG
|c|☆A Plague Doc|Yeah i was calcinha
|c|☆A Plague Doc|Calcing
|c|☆A Plague Doc|Whether Punch killed
|c|☆Stuckkkk|ahh nw
|c|☆A Plague Doc|😂
|c|☆A Plague Doc|GG
|c|☆Stuckkkk|you too
|c|☆Stuckkkk|good for game 2 right away?
|c|☆A Plague Doc|Ye

</script>
<script type="application/json" class="data" id="replaydata-gen3ou-2215373921-ybgb4qxzk30tgn4m7yvqs4sqnoba5xlpw">
{"id":"gen3ou-2215373921","format":"[Gen 3] OU","players":["A Plague Doc","Stuckkkk"],"uploadtime":1727994867,"views":114,"formatid":"gen3ou","rating":null,"private":1,"password":"ybgb4qxzk30tgn4m7yvqs4sqnoba5xl"}
</script>

<script defer src="js/replays.js?9d40a366"></script>
