<!DOCTYPE html>
<meta charset="utf-8" />
<meta name="viewport" content="width=device-width" />

<title>[Gen 3] OU: EatYourToast vs. NeverX - Replays - Pok&eacute;mon Showdown!</title>

<meta name="description" content="Watch a replay of a Pok&eacute;mon battle between EatYourToast and NeverX! Format: [Gen 3] OU; Date: Oct 4, 2024" />
<!--

Hey, you! Looking in the source for the replay log?

You can find them in JSON format, just add `.json` at the end of a replay URL.

https://replay.pokemonshowdown.com/gen7randomdoublesbattle-865046831.json

Or, if you only need the log itself, add `.log` instead:

https://replay.pokemonshowdown.com/gen7randomdoublesbattle-865046831.log

-->

<link rel="stylesheet" href="//pokemonshowdown.com/style/global.css?0.023195364461161105" />
<link rel="stylesheet" href="//play.pokemonshowdown.com/style/font-awesome.css?0.13261647063804238" />
<link rel="stylesheet" href="//play.pokemonshowdown.com/style/battle.css?0.8753245789963631" />
<link rel="stylesheet" href="//play.pokemonshowdown.com/style/utilichart.css?0.8627959624976733" />

<!-- Global site tag (gtag.js) - Google Analytics -->
<script async src="https://www.googletagmanager.com/gtag/js?id=UA-26211653-1"></script>
<script>
  window.dataLayer = window.dataLayer || [];
  function gtag(){dataLayer.push(arguments);}
  gtag('js', new Date());

  gtag('config', 'UA-26211653-1');
</script>
<!-- End Google Analytics -->
<!-- Venatus Ad Manager - Install in <HEAD> of page -->
	<script src="https://hb.vntsm.com/v3/live/ad-manager.min.js" type="text/javascript" data-site-id="642aba63ec9a7b11c3c9c1be" data-mode="scan" async></script>
<!-- / Venatus Ad Manager -->

<style>
	@media (max-width:820px) {
		.battle {
			margin: 0 auto;
		}
		.battle-log {
			margin: 7px auto 0;
			max-width: 640px;
			height: 300px;
			position: static;
		}
	}
	.optgroup {
		display: inline-block;
		line-height: 22px;
		font-size: 10pt;
	}
	.optgroup .button {
		height: 25px;
		padding-top: 0;
		padding-bottom: 0;
	}
	.optgroup button.button {
		padding-left: 12px;
		padding-right: 12px;
	}
	.linklist {
		list-style: none;
		margin: 0.5em 0;
		padding: 0;
	}
	.linklist li {
		padding: 2px 0;
	}
	.sidebar {
		float: left;
		width: 320px;
	}
	.bar-wrapper {
		max-width: 1100px;
		margin: 0 auto;
	}
	.bar-wrapper.has-sidebar {
		max-width: 1430px;
	}
	.mainbar {
		margin: 0;
		padding-right: 1px;
	}
	.mainbar.has-sidebar {
		margin-left: 330px;
	}
	@media (min-width: 1511px) {
		.sidebar {
			width: 400px;
		}
		.bar-wrapper.has-sidebar {
			max-width: 1510px;
		}
		.mainbar.has-sidebar {
			margin-left: 410px;
		}
	}
	.section.first-section {
		margin-top: 9px;
	}
	.blocklink small {
		white-space: normal;
	}
	.button {
		vertical-align: middle;
	}
	.replay-controls {
		padding-top: 10px;
	}
	.replay-controls h1 {
		font-size: 16pt;
		font-weight: normal;
		color: #CCC;
	}
	.pagelink {
		text-align: center;
	}
	.pagelink a {
		width: 150px;
	}
	.textbox, .button {
		font-size: 11pt;
		vertical-align: middle;
	}
	@media (max-width: 450px) {
		.button {
			font-size: 9pt;
		}
	}
</style>

<div>

	<header>
		<div class="nav-wrapper"><ul class="nav">
			<li><a class="button nav-first" href="//pokemonshowdown.com/"><img src="//pokemonshowdown.com/images/pokemonshowdownbeta.png" srcset="//pokemonshowdown.com/images/pokemonshowdownbeta.png 1x, //pokemonshowdown.com/images/pokemonshowdownbeta@2x.png 2x" alt="Pok&eacute;mon Showdown" width="146" height="44" /> Home</a></li>
			<li><a class="button" href="//pokemonshowdown.com/dex/">Pok&eacute;dex</a></li>
			<li><a class="button cur" href="/">Replays</a></li>
			<li><a class="button" href="//pokemonshowdown.com/ladder/">Ladder</a></li>
			<li><a class="button nav-last" href="//pokemonshowdown.com/forums/">Forum</a></li>
			<li><a class="button greenbutton nav-first nav-last" href="//play.pokemonshowdown.com/">Play</a></li>
		</ul></div>
	</header>

	<div class="main" id="main">

		<noscript><section class="section">You need to enable JavaScript to use this page; sorry!</section></noscript>

	</div>

</div>

<script defer nomodule src="//play.pokemonshowdown.com/js/lib/ps-polyfill.js"></script>
<script defer src="//play.pokemonshowdown.com/js/lib/preact.min.js"></script>

<script defer src="//play.pokemonshowdown.com/config/config.js?2bddbc15"></script>
<script defer src="//play.pokemonshowdown.com/js/lib/jquery-1.11.0.min.js"></script>
<script defer src="//play.pokemonshowdown.com/js/lib/html-sanitizer-minified.js"></script>
<script defer src="//play.pokemonshowdown.com/js/battle-sound.js"></script>
<script defer src="//play.pokemonshowdown.com/js/battledata.js?0.7209276989879541"></script>
<script defer src="//play.pokemonshowdown.com/data/pokedex-mini.js?0.6111056340867951"></script>
<script defer src="//play.pokemonshowdown.com/data/pokedex-mini-bw.js?0.3532142036491459"></script>
<script defer src="//play.pokemonshowdown.com/data/graphics.js?0.24223875632456182"></script>
<script defer src="//play.pokemonshowdown.com/data/pokedex.js?0.38839984266356864"></script>
<script defer src="//play.pokemonshowdown.com/data/moves.js?0.21866028504024015"></script>
<script defer src="//play.pokemonshowdown.com/data/abilities.js?0.2005157953846628"></script>
<script defer src="//play.pokemonshowdown.com/data/items.js?0.9894211263848525"></script>
<script defer src="//play.pokemonshowdown.com/data/teambuilder-tables.js?0.6008791140282215"></script>
<script defer src="//play.pokemonshowdown.com/js/battle-tooltips.js?0.7580118955022959"></script>
<script defer src="//play.pokemonshowdown.com/js/battle.js?0.6057722274234274"></script>

<script defer src="js/utils.js?e31f9a17"></script>
<script defer src="js/replays-battle.js?7008c182"></script>

<!-- don't scrape this data! just add .json or .log after the URL!
Full API docs: https://github.com/smogon/pokemon-showdown-client/blob/master/WEB-API.md -->
<script type="text/plain" class="log" id="replaylog-gen3ou-2216145981-eb3kp5bkph1jqam5f6fr6ivb1yi7tdwpw">
|j|☆EatYourToast
|j|☆NeverX
|t:|1728085377
|gametype|singles
|player|p1|EatYourToast|clown|
|player|p2|NeverX|steven|
|teamsize|p1|6
|teamsize|p2|6
|gen|3
|tier|[Gen 3] OU
|rule|Sleep Clause Mod: Limit one foe put to sleep
|rule|Switch Priority Clause Mod: Faster Pokémon switch first
|rule|Species Clause: Limit one of each Pokémon
|rule|OHKO Clause: OHKO moves are banned
|rule|Evasion Items Clause: Evasion items are banned
|rule|Evasion Moves Clause: Evasion moves are banned
|rule|Endless Battle Clause: Forcing endless battles is banned
|rule|HP Percentage Mod: HP is shown in percentages
|rule|One Boost Passer Clause: Limit one Baton Passer that has a way to boost its stats
|rule|Freeze Clause Mod: Limit one foe frozen
|
|t:|1728085377
|start
|switch|p1a: Falcon Punch|Metagross|100/100
|switch|p2a: Tyranitar|Tyranitar, F|100/100
|-weather|Sandstorm|[from] ability: Sand Stream|[of] p2a: Tyranitar
|turn|1
|inactive|Battle timer is ON: inactive players will automatically lose when time's up. (requested by NeverX)
|c|☆NeverX|Hf
|c|☆EatYourToast|no u
|
|t:|1728085400
|switch|p2a: Skarmory|Skarmory, M|100/100
|move|p1a: Falcon Punch|Explosion|p2a: Skarmory
|-resisted|p2a: Skarmory
|-damage|p2a: Skarmory|0 fnt
|faint|p1a: Falcon Punch
|faint|p2a: Skarmory
|
|t:|1728085417
|switch|p1a: Zaptwo|Zapdos|100/100
|switch|p2a: Jirachi|Jirachi|100/100
|
|-weather|Sandstorm|[upkeep]
|-damage|p1a: Zaptwo|94/100|[from] Sandstorm
|-heal|p1a: Zaptwo|100/100|[from] item: Leftovers
|upkeep
|turn|2
|
|t:|1728085429
|switch|p2a: Celebi|Celebi|100/100
|move|p1a: Zaptwo|Thunderbolt|p2a: Celebi
|-resisted|p2a: Celebi
|-damage|p2a: Celebi|83/100
|
|-weather|Sandstorm|[upkeep]
|-damage|p2a: Celebi|77/100|[from] Sandstorm
|-damage|p1a: Zaptwo|94/100|[from] Sandstorm
|-heal|p2a: Celebi|83/100|[from] item: Leftovers
|-heal|p1a: Zaptwo|100/100|[from] item: Leftovers
|upkeep
|turn|3
|
|t:|1728085440
|move|p2a: Celebi|Leech Seed|p1a: Zaptwo
|-start|p1a: Zaptwo|move: Leech Seed
|move|p1a: Zaptwo|Roar|p2a: Celebi
|drag|p2a: Swampert|Swampert, M|100/100
|
|-weather|Sandstorm|[upkeep]
|-damage|p1a: Zaptwo|94/100|[from] Sandstorm
|-heal|p1a: Zaptwo|100/100|[from] item: Leftovers
|-damage|p1a: Zaptwo|88/100|[from] Leech Seed|[of] p2a: Swampert
|upkeep
|turn|4
|
|t:|1728085455
|switch|p2a: Celebi|Celebi|83/100
|move|p1a: Zaptwo|Toxic|p2a: Celebi
|-status|p2a: Celebi|tox
|
|-weather|Sandstorm|[upkeep]
|-damage|p2a: Celebi|77/100 tox|[from] Sandstorm
|-damage|p1a: Zaptwo|82/100|[from] Sandstorm
|-heal|p2a: Celebi|83/100 tox|[from] item: Leftovers
|-damage|p2a: Celebi|77/100 tox|[from] psn
|-heal|p1a: Zaptwo|88/100|[from] item: Leftovers
|-damage|p1a: Zaptwo|75/100|[from] Leech Seed|[of] p2a: Celebi
|-heal|p2a: Celebi|89/100 tox|[silent]
|upkeep
|turn|5
|
|t:|1728085476
|switch|p1a: The Big|Tyranitar, M|100/100
|move|p2a: Celebi|Leech Seed|p1a: The Big|[miss]
|-miss|p2a: Celebi|p1a: The Big
|
|-weather|Sandstorm|[upkeep]
|-damage|p2a: Celebi|83/100 tox|[from] Sandstorm
|-heal|p2a: Celebi|89/100 tox|[from] item: Leftovers
|-damage|p2a: Celebi|77/100 tox|[from] psn
|upkeep
|turn|6
|
|t:|1728085487
|-curestatus|p2a: Celebi|tox|[from] ability: Natural Cure
|switch|p2a: Swampert|Swampert, M|100/100
|switch|p1a: Zaptwo|Zapdos|75/100
|
|-weather|Sandstorm|[upkeep]
|-damage|p1a: Zaptwo|69/100|[from] Sandstorm
|-heal|p1a: Zaptwo|75/100|[from] item: Leftovers
|upkeep
|turn|7
|
|t:|1728085499
|switch|p2a: Celebi|Celebi|77/100
|move|p1a: Zaptwo|Toxic|p2a: Celebi
|-status|p2a: Celebi|tox
|
|-weather|Sandstorm|[upkeep]
|-damage|p2a: Celebi|71/100 tox|[from] Sandstorm
|-damage|p1a: Zaptwo|69/100|[from] Sandstorm
|-heal|p2a: Celebi|77/100 tox|[from] item: Leftovers
|-damage|p2a: Celebi|71/100 tox|[from] psn
|-heal|p1a: Zaptwo|75/100|[from] item: Leftovers
|upkeep
|turn|8
|
|t:|1728085517
|move|p2a: Celebi|Leech Seed|p1a: Zaptwo
|-start|p1a: Zaptwo|move: Leech Seed
|move|p1a: Zaptwo|Roar|p2a: Celebi
|-curestatus|p2a: Celebi|tox|[from] ability: Natural Cure
|drag|p2a: Swampert|Swampert, M|100/100
|
|-weather|Sandstorm|[upkeep]
|-damage|p1a: Zaptwo|69/100|[from] Sandstorm
|-heal|p1a: Zaptwo|75/100|[from] item: Leftovers
|-damage|p1a: Zaptwo|63/100|[from] Leech Seed|[of] p2a: Swampert
|upkeep
|turn|9
|
|t:|1728085528
|switch|p1a: Portable Spoon|Swampert, F|100/100
|switch|p2a: Celebi|Celebi|71/100
|
|-weather|Sandstorm|[upkeep]
|-damage|p2a: Celebi|65/100|[from] Sandstorm
|-heal|p2a: Celebi|71/100|[from] item: Leftovers
|upkeep
|turn|10
|
|t:|1728085536
|move|p1a: Portable Spoon|Protect|p1a: Portable Spoon
|-singleturn|p1a: Portable Spoon|Protect
|move|p2a: Celebi|Giga Drain|p1a: Portable Spoon
|-activate|p1a: Portable Spoon|Protect
|
|-weather|Sandstorm|[upkeep]
|-damage|p2a: Celebi|65/100|[from] Sandstorm
|-heal|p2a: Celebi|71/100|[from] item: Leftovers
|upkeep
|turn|11
|
|t:|1728085547
|switch|p1a: Zaptwo|Zapdos|63/100
|move|p2a: Celebi|Giga Drain|p1a: Zaptwo
|-resisted|p1a: Zaptwo
|-damage|p1a: Zaptwo|54/100
|-heal|p2a: Celebi|75/100|[from] drain|[of] p1a: Zaptwo
|
|-weather|Sandstorm|[upkeep]
|-damage|p2a: Celebi|69/100|[from] Sandstorm
|-damage|p1a: Zaptwo|48/100|[from] Sandstorm
|-heal|p2a: Celebi|75/100|[from] item: Leftovers
|-heal|p1a: Zaptwo|54/100|[from] item: Leftovers
|upkeep
|turn|12
|inactive|EatYourToast has 270 seconds left.
|
|t:|1728085580
|move|p2a: Celebi|Leech Seed|p1a: Zaptwo
|-start|p1a: Zaptwo|move: Leech Seed
|move|p1a: Zaptwo|Toxic|p2a: Celebi
|-status|p2a: Celebi|tox
|
|-weather|Sandstorm|[upkeep]
|-damage|p2a: Celebi|69/100 tox|[from] Sandstorm
|-damage|p1a: Zaptwo|48/100|[from] Sandstorm
|-heal|p2a: Celebi|75/100 tox|[from] item: Leftovers
|-damage|p2a: Celebi|69/100 tox|[from] psn
|-heal|p1a: Zaptwo|54/100|[from] item: Leftovers
|-damage|p1a: Zaptwo|41/100|[from] Leech Seed|[of] p2a: Celebi
|-heal|p2a: Celebi|81/100 tox|[silent]
|upkeep
|turn|13
|
|t:|1728085596
|switch|p1a: The Big|Tyranitar, M|100/100
|move|p2a: Celebi|Psychic|p1a: The Big
|-immune|p1a: The Big
|
|-weather|Sandstorm|[upkeep]
|-damage|p2a: Celebi|75/100 tox|[from] Sandstorm
|-heal|p2a: Celebi|81/100 tox|[from] item: Leftovers
|-damage|p2a: Celebi|69/100 tox|[from] psn
|upkeep
|turn|14
|
|t:|1728085606
|-singleturn|p1a: The Big|move: Focus Punch
|-curestatus|p2a: Celebi|tox|[from] ability: Natural Cure
|switch|p2a: Swampert|Swampert, M|100/100
|move|p1a: The Big|Focus Punch|p2a: Swampert
|-crit|p2a: Swampert
|-damage|p2a: Swampert|0 fnt
|faint|p2a: Swampert
|inactive|NeverX has 270 seconds left.
|
|t:|1728085663
|switch|p2a: Celebi|Celebi|69/100
|
|-weather|Sandstorm|[upkeep]
|-damage|p2a: Celebi|63/100|[from] Sandstorm
|-heal|p2a: Celebi|69/100|[from] item: Leftovers
|upkeep
|turn|15
|inactive|EatYourToast has 270 seconds left.
|
|t:|1728085669
|switch|p1a: Mhm|Aerodactyl, F|100/100
|move|p2a: Celebi|Leech Seed|p1a: Mhm
|-start|p1a: Mhm|move: Leech Seed
|
|-weather|Sandstorm|[upkeep]
|-damage|p2a: Celebi|63/100|[from] Sandstorm
|-damage|p1a: Mhm|88/100|[from] Leech Seed|[of] p2a: Celebi
|-heal|p2a: Celebi|72/100|[silent]
|-heal|p2a: Celebi|79/100|[from] item: Leftovers
|upkeep
|turn|16
|inactive|EatYourToast has 270 seconds left.
|inactive|NeverX has 240 seconds left.
|
|t:|1728085706
|switch|p1a: The Big|Tyranitar, M|100/100
|switch|p2a: Jirachi|Jirachi|100/100
|
|-weather|Sandstorm|[upkeep]
|upkeep
|turn|17
|inactive|NeverX has 240 seconds left.
|
|t:|1728085717
|switch|p2a: Aerodactyl|Aerodactyl, F|100/100
|move|p1a: The Big|Earthquake|p2a: Aerodactyl
|-immune|p2a: Aerodactyl
|
|-weather|Sandstorm|[upkeep]
|upkeep
|turn|18
|inactive|NeverX has 240 seconds left.
|
|t:|1728085723
|switch|p2a: Celebi|Celebi|79/100
|switch|p1a: Portable Spoon|Swampert, F|100/100
|
|-weather|Sandstorm|[upkeep]
|-damage|p2a: Celebi|72/100|[from] Sandstorm
|-heal|p2a: Celebi|79/100|[from] item: Leftovers
|upkeep
|turn|19
|
|t:|1728085731
|move|p1a: Portable Spoon|Protect|p1a: Portable Spoon
|-singleturn|p1a: Portable Spoon|Protect
|move|p2a: Celebi|Psychic|p1a: Portable Spoon
|-activate|p1a: Portable Spoon|Protect
|
|-weather|Sandstorm|[upkeep]
|-damage|p2a: Celebi|72/100|[from] Sandstorm
|-heal|p2a: Celebi|79/100|[from] item: Leftovers
|upkeep
|turn|20
|inactive|NeverX has 240 seconds left.
|
|t:|1728085755
|switch|p1a: Zaptwo|Zapdos|41/100
|move|p2a: Celebi|Giga Drain|p1a: Zaptwo
|-resisted|p1a: Zaptwo
|-damage|p1a: Zaptwo|31/100
|-heal|p2a: Celebi|83/100|[from] drain|[of] p1a: Zaptwo
|
|-weather|Sandstorm|[upkeep]
|-damage|p2a: Celebi|77/100|[from] Sandstorm
|-damage|p1a: Zaptwo|25/100|[from] Sandstorm
|-heal|p2a: Celebi|83/100|[from] item: Leftovers
|-heal|p1a: Zaptwo|31/100|[from] item: Leftovers
|upkeep
|turn|21
|
|t:|1728085766
|move|p2a: Celebi|Leech Seed|p1a: Zaptwo
|-start|p1a: Zaptwo|move: Leech Seed
|move|p1a: Zaptwo|Toxic|p2a: Celebi
|-status|p2a: Celebi|tox
|
|-weather|Sandstorm|[upkeep]
|-damage|p2a: Celebi|77/100 tox|[from] Sandstorm
|-damage|p1a: Zaptwo|25/100|[from] Sandstorm
|-heal|p2a: Celebi|83/100 tox|[from] item: Leftovers
|-damage|p2a: Celebi|77/100 tox|[from] psn
|-heal|p1a: Zaptwo|31/100|[from] item: Leftovers
|-damage|p1a: Zaptwo|19/100|[from] Leech Seed|[of] p2a: Celebi
|-heal|p2a: Celebi|89/100 tox|[silent]
|upkeep
|turn|22
|inactive|NeverX has 240 seconds left.
|inactive|EatYourToast has 240 seconds left.
|
|t:|1728085796
|move|p2a: Celebi|Leech Seed||[still]
|-fail|p2a: Celebi
|move|p1a: Zaptwo|Thunderbolt|p2a: Celebi
|-resisted|p2a: Celebi
|-damage|p2a: Celebi|73/100 tox
|
|-weather|Sandstorm|[upkeep]
|-damage|p2a: Celebi|67/100 tox|[from] Sandstorm
|-damage|p1a: Zaptwo|13/100|[from] Sandstorm
|-heal|p2a: Celebi|73/100 tox|[from] item: Leftovers
|-damage|p2a: Celebi|61/100 tox|[from] psn
|-heal|p1a: Zaptwo|19/100|[from] item: Leftovers
|-damage|p1a: Zaptwo|6/100|[from] Leech Seed|[of] p2a: Celebi
|-heal|p2a: Celebi|73/100 tox|[silent]
|upkeep
|turn|23
|inactive|EatYourToast has 240 seconds left.
|
|t:|1728085812
|move|p2a: Celebi|Hidden Power|p1a: Zaptwo
|-damage|p1a: Zaptwo|0 fnt
|faint|p1a: Zaptwo
|
|t:|1728085818
|switch|p1a: Hello|Dugtrio, F|100/100
|
|-weather|Sandstorm|[upkeep]
|-damage|p2a: Celebi|67/100 tox|[from] Sandstorm
|-heal|p2a: Celebi|73/100 tox|[from] item: Leftovers
|-damage|p2a: Celebi|55/100 tox|[from] psn
|upkeep
|turn|24
|inactive|EatYourToast has 240 seconds left.
|
|t:|1728085827
|move|p1a: Hello|Hidden Power|p2a: Celebi
|-supereffective|p2a: Celebi
|-damage|p2a: Celebi|0 fnt
|faint|p2a: Celebi
|
|t:|1728085832
|switch|p2a: Jirachi|Jirachi|100/100
|
|-weather|Sandstorm|[upkeep]
|upkeep
|turn|25
|inactive|EatYourToast has 240 seconds left.
|
|t:|1728085849
|switch|p1a: Portable Spoon|Swampert, F|100/100
|move|p2a: Jirachi|Hidden Power|p1a: Portable Spoon
|-supereffective|p1a: Portable Spoon
|-damage|p1a: Portable Spoon|27/100
|
|-weather|Sandstorm|[upkeep]
|-heal|p1a: Portable Spoon|34/100|[from] item: Leftovers
|upkeep
|turn|26
|inactive|EatYourToast has 240 seconds left.
|inactive|NeverX has 240 seconds left.
|
|t:|1728085891
|move|p2a: Jirachi|Hidden Power|p1a: Portable Spoon
|-supereffective|p1a: Portable Spoon
|-damage|p1a: Portable Spoon|0 fnt
|faint|p1a: Portable Spoon
|
|t:|1728085896
|switch|p1a: Hello|Dugtrio, F|100/100
|
|-weather|Sandstorm|[upkeep]
|upkeep
|turn|27
|inactive|NeverX has 210 seconds left.
|inactive|NeverX has 180 seconds left.
|
|t:|1728085967
|move|p1a: Hello|Earthquake|p2a: Jirachi
|-supereffective|p2a: Jirachi
|-damage|p2a: Jirachi|0 fnt
|faint|p2a: Jirachi
|
|t:|1728085970
|switch|p2a: Aerodactyl|Aerodactyl, F|100/100
|
|-weather|Sandstorm|[upkeep]
|upkeep
|turn|28
|inactive|NeverX has 180 seconds left.
|
|t:|1728085996
|move|p2a: Aerodactyl|Earthquake|p1a: Hello
|-damage|p1a: Hello|0 fnt
|faint|p1a: Hello
|
|t:|1728086000
|switch|p1a: Mhm|Aerodactyl, F|88/100
|
|-weather|Sandstorm|[upkeep]
|upkeep
|turn|29
|inactive|EatYourToast has 270 seconds left.
|
|t:|1728086006
|switch|p2a: Tyranitar|Tyranitar, F|100/100
|move|p1a: Mhm|Rock Slide|p2a: Tyranitar
|-damage|p2a: Tyranitar|59/100
|
|-weather|Sandstorm|[upkeep]
|-heal|p2a: Tyranitar|65/100|[from] item: Leftovers
|upkeep
|turn|30
|inactive|NeverX has 180 seconds left.
|
|t:|1728086022
|move|p1a: Mhm|Rock Slide|p2a: Tyranitar
|-damage|p2a: Tyranitar|29/100
|cant|p2a: Tyranitar|flinch
|
|-weather|Sandstorm|[upkeep]
|-heal|p2a: Tyranitar|36/100|[from] item: Leftovers
|upkeep
|turn|31
|
|t:|1728086029
|move|p1a: Mhm|Rock Slide|p2a: Tyranitar
|-damage|p2a: Tyranitar|0 fnt
|faint|p2a: Tyranitar
|
|t:|1728086032
|switch|p2a: Aerodactyl|Aerodactyl, F|100/100
|
|-weather|Sandstorm|[upkeep]
|upkeep
|turn|32
|
|t:|1728086035
|move|p1a: Mhm|Rock Slide|p2a: Aerodactyl
|-supereffective|p2a: Aerodactyl
|-damage|p2a: Aerodactyl|0 fnt
|faint|p2a: Aerodactyl
|
|win|EatYourToast
|c|☆EatYourToast|gg
|c|☆NeverX|well then
|c|☆NeverX|gg

</script>
<script type="application/json" class="data" id="replaydata-gen3ou-2216145981-eb3kp5bkph1jqam5f6fr6ivb1yi7tdwpw">
{"id":"gen3ou-2216145981","format":"[Gen 3] OU","players":["EatYourToast","NeverX"],"uploadtime":1728086045,"views":100,"formatid":"gen3ou","rating":null,"private":1,"password":"eb3kp5bkph1jqam5f6fr6ivb1yi7tdw"}
</script>

<script defer src="js/replays.js?9d40a366"></script>
