<!DOCTYPE html>
<meta charset="utf-8" />
<meta name="viewport" content="width=device-width" />

<title>[Gen 3] OU: vbncvx vs. RaskaPork - Replays - Pok&eacute;mon Showdown!</title>

<meta name="description" content="Watch a replay of a Pok&eacute;mon battle between vbncvx and RaskaPork! Format: [Gen 3] OU; Date: Oct 11, 2024" />
<!--

Hey, you! Looking in the source for the replay log?

You can find them in JSON format, just add `.json` at the end of a replay URL.

https://replay.pokemonshowdown.com/gen7randomdoublesbattle-865046831.json

Or, if you only need the log itself, add `.log` instead:

https://replay.pokemonshowdown.com/gen7randomdoublesbattle-865046831.log

-->

<link rel="stylesheet" href="//pokemonshowdown.com/style/global.css?0.023195364461161105" />
<link rel="stylesheet" href="//play.pokemonshowdown.com/style/font-awesome.css?0.13261647063804238" />
<link rel="stylesheet" href="//play.pokemonshowdown.com/style/battle.css?0.8753245789963631" />
<link rel="stylesheet" href="//play.pokemonshowdown.com/style/utilichart.css?0.8627959624976733" />

<!-- Global site tag (gtag.js) - Google Analytics -->
<script async src="https://www.googletagmanager.com/gtag/js?id=UA-26211653-1"></script>
<script>
  window.dataLayer = window.dataLayer || [];
  function gtag(){dataLayer.push(arguments);}
  gtag('js', new Date());

  gtag('config', 'UA-26211653-1');
</script>
<!-- End Google Analytics -->
<!-- Venatus Ad Manager - Install in <HEAD> of page -->
	<script src="https://hb.vntsm.com/v3/live/ad-manager.min.js" type="text/javascript" data-site-id="642aba63ec9a7b11c3c9c1be" data-mode="scan" async></script>
<!-- / Venatus Ad Manager -->

<style>
	@media (max-width:820px) {
		.battle {
			margin: 0 auto;
		}
		.battle-log {
			margin: 7px auto 0;
			max-width: 640px;
			height: 300px;
			position: static;
		}
	}
	.optgroup {
		display: inline-block;
		line-height: 22px;
		font-size: 10pt;
	}
	.optgroup .button {
		height: 25px;
		padding-top: 0;
		padding-bottom: 0;
	}
	.optgroup button.button {
		padding-left: 12px;
		padding-right: 12px;
	}
	.linklist {
		list-style: none;
		margin: 0.5em 0;
		padding: 0;
	}
	.linklist li {
		padding: 2px 0;
	}
	.sidebar {
		float: left;
		width: 320px;
	}
	.bar-wrapper {
		max-width: 1100px;
		margin: 0 auto;
	}
	.bar-wrapper.has-sidebar {
		max-width: 1430px;
	}
	.mainbar {
		margin: 0;
		padding-right: 1px;
	}
	.mainbar.has-sidebar {
		margin-left: 330px;
	}
	@media (min-width: 1511px) {
		.sidebar {
			width: 400px;
		}
		.bar-wrapper.has-sidebar {
			max-width: 1510px;
		}
		.mainbar.has-sidebar {
			margin-left: 410px;
		}
	}
	.section.first-section {
		margin-top: 9px;
	}
	.blocklink small {
		white-space: normal;
	}
	.button {
		vertical-align: middle;
	}
	.replay-controls {
		padding-top: 10px;
	}
	.replay-controls h1 {
		font-size: 16pt;
		font-weight: normal;
		color: #CCC;
	}
	.pagelink {
		text-align: center;
	}
	.pagelink a {
		width: 150px;
	}
	.textbox, .button {
		font-size: 11pt;
		vertical-align: middle;
	}
	@media (max-width: 450px) {
		.button {
			font-size: 9pt;
		}
	}
</style>

<div>

	<header>
		<div class="nav-wrapper"><ul class="nav">
			<li><a class="button nav-first" href="//pokemonshowdown.com/"><img src="//pokemonshowdown.com/images/pokemonshowdownbeta.png" srcset="//pokemonshowdown.com/images/pokemonshowdownbeta.png 1x, //pokemonshowdown.com/images/pokemonshowdownbeta@2x.png 2x" alt="Pok&eacute;mon Showdown" width="146" height="44" /> Home</a></li>
			<li><a class="button" href="//pokemonshowdown.com/dex/">Pok&eacute;dex</a></li>
			<li><a class="button cur" href="/">Replays</a></li>
			<li><a class="button" href="//pokemonshowdown.com/ladder/">Ladder</a></li>
			<li><a class="button nav-last" href="//pokemonshowdown.com/forums/">Forum</a></li>
			<li><a class="button greenbutton nav-first nav-last" href="//play.pokemonshowdown.com/">Play</a></li>
		</ul></div>
	</header>

	<div class="main" id="main">

		<noscript><section class="section">You need to enable JavaScript to use this page; sorry!</section></noscript>

	</div>

</div>

<script defer nomodule src="//play.pokemonshowdown.com/js/lib/ps-polyfill.js"></script>
<script defer src="//play.pokemonshowdown.com/js/lib/preact.min.js"></script>

<script defer src="//play.pokemonshowdown.com/config/config.js?2bddbc15"></script>
<script defer src="//play.pokemonshowdown.com/js/lib/jquery-1.11.0.min.js"></script>
<script defer src="//play.pokemonshowdown.com/js/lib/html-sanitizer-minified.js"></script>
<script defer src="//play.pokemonshowdown.com/js/battle-sound.js"></script>
<script defer src="//play.pokemonshowdown.com/js/battledata.js?0.7209276989879541"></script>
<script defer src="//play.pokemonshowdown.com/data/pokedex-mini.js?0.6111056340867951"></script>
<script defer src="//play.pokemonshowdown.com/data/pokedex-mini-bw.js?0.3532142036491459"></script>
<script defer src="//play.pokemonshowdown.com/data/graphics.js?0.24223875632456182"></script>
<script defer src="//play.pokemonshowdown.com/data/pokedex.js?0.38839984266356864"></script>
<script defer src="//play.pokemonshowdown.com/data/moves.js?0.21866028504024015"></script>
<script defer src="//play.pokemonshowdown.com/data/abilities.js?0.2005157953846628"></script>
<script defer src="//play.pokemonshowdown.com/data/items.js?0.9894211263848525"></script>
<script defer src="//play.pokemonshowdown.com/data/teambuilder-tables.js?0.6008791140282215"></script>
<script defer src="//play.pokemonshowdown.com/js/battle-tooltips.js?0.7580118955022959"></script>
<script defer src="//play.pokemonshowdown.com/js/battle.js?0.6057722274234274"></script>

<script defer src="js/utils.js?e31f9a17"></script>
<script defer src="js/replays-battle.js?7008c182"></script>

<!-- don't scrape this data! just add .json or .log after the URL!
Full API docs: https://github.com/smogon/pokemon-showdown-client/blob/master/WEB-API.md -->
<script type="text/plain" class="log" id="replaylog-smogtours-gen3ou-797102">
|inactive|Battle timer is ON: inactive players will automatically lose when time's up.
|t:|1728608087
|gametype|singles
|player|p1|vbncvx|2|
|player|p2|RaskaPork|ingo|
|teamsize|p1|6
|teamsize|p2|6
|gen|3
|tier|[Gen 3] OU
|rule|Sleep Clause Mod: Limit one foe put to sleep
|rule|Switch Priority Clause Mod: Faster Pokémon switch first
|rule|Species Clause: Limit one of each Pokémon
|rule|OHKO Clause: OHKO moves are banned
|rule|Evasion Items Clause: Evasion items are banned
|rule|Evasion Moves Clause: Evasion moves are banned
|rule|Endless Battle Clause: Forcing endless battles is banned
|rule|HP Percentage Mod: HP is shown in percentages
|rule|One Boost Passer Clause: Limit one Baton Passer that has a way to boost its stats
|rule|Freeze Clause Mod: Limit one foe frozen
|
|t:|1728608087
|start
|switch|p1a: Zapdos|Zapdos|100/100
|switch|p2a: Tyranitar|Tyranitar, F|100/100
|-weather|Sandstorm|[from] ability: Sand Stream|[of] p2a: Tyranitar
|turn|1
|
|t:|1728608106
|-singleturn|p2a: Tyranitar|move: Focus Punch
|switch|p1a: Swampert|Swampert, F|100/100
|move|p2a: Tyranitar|Focus Punch|p1a: Swampert
|-damage|p1a: Swampert|43/100
|
|-weather|Sandstorm|[upkeep]
|-heal|p1a: Swampert|49/100|[from] item: Leftovers
|upkeep
|turn|2
|
|t:|1728608120
|switch|p2a: Skarmory|Skarmory, F|100/100
|move|p1a: Swampert|Hydro Pump|p2a: Skarmory
|-damage|p2a: Skarmory|55/100
|
|-weather|Sandstorm|[upkeep]
|-heal|p1a: Swampert|56/100|[from] item: Leftovers
|-heal|p2a: Skarmory|61/100|[from] item: Leftovers
|upkeep
|turn|3
|
|t:|1728608129
|move|p1a: Swampert|Hydro Pump|p2a: Skarmory
|-damage|p2a: Skarmory|12/100
|move|p2a: Skarmory|Spikes|p1a: Swampert
|-sidestart|p1: vbncvx|Spikes
|
|-weather|Sandstorm|[upkeep]
|-heal|p1a: Swampert|62/100|[from] item: Leftovers
|-heal|p2a: Skarmory|18/100|[from] item: Leftovers
|upkeep
|turn|4
|
|t:|1728608137
|switch|p2a: Blissey|Blissey, F|100/100
|move|p1a: Swampert|Ice Beam|p2a: Blissey
|-damage|p2a: Blissey|89/100
|
|-weather|Sandstorm|[upkeep]
|-damage|p2a: Blissey|83/100|[from] Sandstorm
|-heal|p1a: Swampert|68/100|[from] item: Leftovers
|-heal|p2a: Blissey|89/100|[from] item: Leftovers
|upkeep
|turn|5
|
|t:|1728608147
|move|p1a: Swampert|Earthquake|p2a: Blissey
|-damage|p2a: Blissey|48/100
|move|p2a: Blissey|Ice Beam|p1a: Swampert
|-damage|p1a: Swampert|36/100
|
|-weather|Sandstorm|[upkeep]
|-damage|p2a: Blissey|42/100|[from] Sandstorm
|-heal|p1a: Swampert|42/100|[from] item: Leftovers
|-heal|p2a: Blissey|48/100|[from] item: Leftovers
|upkeep
|turn|6
|
|t:|1728608153
|-singleturn|p1a: Swampert|move: Focus Punch
|switch|p2a: Skarmory|Skarmory, F|18/100
|move|p1a: Swampert|Focus Punch|p2a: Skarmory
|-damage|p2a: Skarmory|0 fnt
|faint|p2a: Skarmory
|
|t:|1728608155
|switch|p2a: Charizard|Charizard, M, shiny|100/100
|
|-weather|Sandstorm|[upkeep]
|-damage|p2a: Charizard|94/100|[from] Sandstorm
|-heal|p2a: Charizard|100/100|[from] item: Leftovers
|-heal|p1a: Swampert|48/100|[from] item: Leftovers
|upkeep
|turn|7
|
|t:|1728608162
|switch|p1a: Zapdos|Zapdos|100/100
|move|p2a: Charizard|Substitute|p2a: Charizard
|-start|p2a: Charizard|Substitute
|-damage|p2a: Charizard|76/100
|
|-weather|Sandstorm|[upkeep]
|-damage|p1a: Zapdos|94/100|[from] Sandstorm
|-damage|p2a: Charizard|70/100|[from] Sandstorm
|-heal|p1a: Zapdos|100/100|[from] item: Leftovers
|-heal|p2a: Charizard|76/100|[from] item: Leftovers
|upkeep
|turn|8
|
|t:|1728608168
|switch|p1a: Charizard|Charizard, M|100/100
|move|p2a: Charizard|Fire Blast|p1a: Charizard|[miss]
|-miss|p2a: Charizard|p1a: Charizard
|
|-weather|Sandstorm|[upkeep]
|-damage|p1a: Charizard|94/100|[from] Sandstorm
|-damage|p2a: Charizard|70/100|[from] Sandstorm
|-heal|p1a: Charizard|100/100|[from] item: Leftovers
|-heal|p2a: Charizard|76/100|[from] item: Leftovers
|upkeep
|turn|9
|
|t:|1728608174
|move|p1a: Charizard|Dragon Claw|p2a: Charizard
|-end|p2a: Charizard|Substitute
|move|p2a: Charizard|Fire Blast|p1a: Charizard
|-resisted|p1a: Charizard
|-damage|p1a: Charizard|59/100
|
|-weather|Sandstorm|[upkeep]
|-damage|p1a: Charizard|53/100|[from] Sandstorm
|-damage|p2a: Charizard|70/100|[from] Sandstorm
|-heal|p1a: Charizard|59/100|[from] item: Leftovers
|-heal|p2a: Charizard|76/100|[from] item: Leftovers
|upkeep
|turn|10
|
|t:|1728608196
|switch|p2a: Tyranitar|Tyranitar, F|100/100
|move|p1a: Charizard|Fire Blast|p2a: Tyranitar
|-resisted|p2a: Tyranitar
|-crit|p2a: Tyranitar
|-damage|p2a: Tyranitar|54/100
|
|-weather|Sandstorm|[upkeep]
|-damage|p1a: Charizard|53/100|[from] Sandstorm
|-heal|p1a: Charizard|59/100|[from] item: Leftovers
|-heal|p2a: Tyranitar|60/100|[from] item: Leftovers
|upkeep
|turn|11
|
|t:|1728608206
|switch|p1a: Breloom|Breloom, F|100/100
|-damage|p1a: Breloom|88/100|[from] Spikes
|move|p2a: Tyranitar|Rock Slide|p1a: Breloom
|-resisted|p1a: Breloom
|-damage|p1a: Breloom|54/100
|
|-weather|Sandstorm|[upkeep]
|-damage|p1a: Breloom|48/100|[from] Sandstorm
|-heal|p1a: Breloom|54/100|[from] item: Leftovers
|-heal|p2a: Tyranitar|67/100|[from] item: Leftovers
|upkeep
|turn|12
|
|t:|1728608212
|switch|p2a: Claydol|Claydol|100/100
|move|p1a: Breloom|Spore|p2a: Claydol
|-status|p2a: Claydol|slp|[from] move: Spore
|
|-weather|Sandstorm|[upkeep]
|-damage|p1a: Breloom|48/100|[from] Sandstorm
|-heal|p1a: Breloom|54/100|[from] item: Leftovers
|upkeep
|turn|13
|
|t:|1728608222
|-singleturn|p1a: Breloom|move: Focus Punch
|cant|p2a: Claydol|slp
|move|p1a: Breloom|Focus Punch|p2a: Claydol
|-resisted|p2a: Claydol
|-damage|p2a: Claydol|63/100 slp
|
|-weather|Sandstorm|[upkeep]
|-damage|p1a: Breloom|48/100|[from] Sandstorm
|-heal|p1a: Breloom|54/100|[from] item: Leftovers
|-heal|p2a: Claydol|69/100 slp|[from] item: Leftovers
|upkeep
|turn|14
|
|t:|1728608233
|switch|p1a: Tyranitar|Tyranitar, M|100/100
|-damage|p1a: Tyranitar|88/100|[from] Spikes
|cant|p2a: Claydol|slp
|
|-weather|Sandstorm|[upkeep]
|-heal|p2a: Claydol|75/100 slp|[from] item: Leftovers
|-heal|p1a: Tyranitar|94/100|[from] item: Leftovers
|upkeep
|turn|15
|
|t:|1728608241
|cant|p2a: Claydol|slp
|move|p1a: Tyranitar|Pursuit|p2a: Claydol
|-supereffective|p2a: Claydol
|-damage|p2a: Claydol|44/100 slp
|
|-weather|Sandstorm|[upkeep]
|-heal|p2a: Claydol|50/100 slp|[from] item: Leftovers
|-heal|p1a: Tyranitar|100/100|[from] item: Leftovers
|upkeep
|turn|16
|
|t:|1728608246
|cant|p2a: Claydol|slp
|move|p1a: Tyranitar|Crunch|p2a: Claydol
|-supereffective|p2a: Claydol
|-crit|p2a: Claydol
|-damage|p2a: Claydol|0 fnt
|faint|p2a: Claydol
|
|t:|1728608250
|switch|p2a: Metagross|Metagross, shiny|100/100
|
|-weather|Sandstorm|[upkeep]
|upkeep
|turn|17
|
|t:|1728608257
|switch|p1a: Zapdos|Zapdos|100/100
|move|p2a: Metagross|Meteor Mash|p1a: Zapdos|[miss]
|-miss|p2a: Metagross|p1a: Zapdos
|
|-weather|Sandstorm|[upkeep]
|-damage|p1a: Zapdos|94/100|[from] Sandstorm
|-heal|p1a: Zapdos|100/100|[from] item: Leftovers
|upkeep
|turn|18
|
|t:|1728608278
|switch|p2a: Blissey|Blissey, F|48/100
|move|p1a: Zapdos|Baton Pass|p1a: Zapdos
|
|t:|1728608282
|switch|p1a: Breloom|Breloom, F|54/100|[from] Baton Pass
|-damage|p1a: Breloom|42/100|[from] Spikes
|
|-weather|Sandstorm|[upkeep]
|-damage|p1a: Breloom|36/100|[from] Sandstorm
|-damage|p2a: Blissey|42/100|[from] Sandstorm
|-heal|p1a: Breloom|42/100|[from] item: Leftovers
|-heal|p2a: Blissey|48/100|[from] item: Leftovers
|upkeep
|turn|19
|
|t:|1728608286
|switch|p2a: Tyranitar|Tyranitar, F|67/100
|move|p1a: Breloom|Spore|p2a: Tyranitar
|-status|p2a: Tyranitar|slp|[from] move: Spore
|
|-weather|Sandstorm|[upkeep]
|-damage|p1a: Breloom|36/100|[from] Sandstorm
|-heal|p1a: Breloom|42/100|[from] item: Leftovers
|-heal|p2a: Tyranitar|73/100 slp|[from] item: Leftovers
|upkeep
|turn|20
|
|t:|1728608289
|-singleturn|p1a: Breloom|move: Focus Punch
|switch|p2a: Metagross|Metagross, shiny|100/100
|move|p1a: Breloom|Focus Punch|p2a: Metagross
|-damage|p2a: Metagross|49/100
|
|-weather|Sandstorm|[upkeep]
|-damage|p1a: Breloom|36/100|[from] Sandstorm
|-heal|p1a: Breloom|42/100|[from] item: Leftovers
|-heal|p2a: Metagross|55/100|[from] item: Leftovers
|upkeep
|turn|21
|
|t:|1728608303
|switch|p1a: Charizard|Charizard, M|59/100
|move|p2a: Metagross|Meteor Mash|p1a: Charizard
|-resisted|p1a: Charizard
|-damage|p1a: Charizard|20/100
|-boost|p2a: Metagross|atk|1
|
|-weather|Sandstorm|[upkeep]
|-damage|p1a: Charizard|14/100|[from] Sandstorm
|-heal|p1a: Charizard|20/100|[from] item: Leftovers
|-heal|p2a: Metagross|61/100|[from] item: Leftovers
|upkeep
|turn|22
|
|t:|1728608314
|switch|p2a: Charizard|Charizard, M, shiny|76/100
|move|p1a: Charizard|Fire Blast|p2a: Charizard|[miss]
|-miss|p1a: Charizard|p2a: Charizard
|
|-weather|Sandstorm|[upkeep]
|-damage|p1a: Charizard|14/100|[from] Sandstorm
|-damage|p2a: Charizard|70/100|[from] Sandstorm
|-heal|p1a: Charizard|20/100|[from] item: Leftovers
|-heal|p2a: Charizard|76/100|[from] item: Leftovers
|upkeep
|turn|23
|
|t:|1728608338
|switch|p1a: Tyranitar|Tyranitar, M|100/100
|-damage|p1a: Tyranitar|88/100|[from] Spikes
|move|p2a: Charizard|Fire Blast|p1a: Tyranitar
|-resisted|p1a: Tyranitar
|-crit|p1a: Tyranitar
|-damage|p1a: Tyranitar|37/100
|
|-weather|Sandstorm|[upkeep]
|-damage|p2a: Charizard|70/100|[from] Sandstorm
|-heal|p2a: Charizard|76/100|[from] item: Leftovers
|-heal|p1a: Tyranitar|43/100|[from] item: Leftovers
|upkeep
|turn|24
|inactive|RaskaPork has 270 seconds left.
|
|t:|1728608367
|move|p2a: Charizard|Hidden Power|p1a: Tyranitar
|-supereffective|p1a: Tyranitar
|-damage|p1a: Tyranitar|4/100
|move|p1a: Tyranitar|Fire Blast|p2a: Charizard|[miss]
|-miss|p1a: Tyranitar|p2a: Charizard
|
|-weather|Sandstorm|[upkeep]
|-damage|p2a: Charizard|70/100|[from] Sandstorm
|-heal|p2a: Charizard|76/100|[from] item: Leftovers
|-heal|p1a: Tyranitar|10/100|[from] item: Leftovers
|upkeep
|turn|25
|inactive|RaskaPork has 270 seconds left.
|
|t:|1728608373
|move|p2a: Charizard|Hidden Power|p1a: Tyranitar
|-supereffective|p1a: Tyranitar
|-damage|p1a: Tyranitar|0 fnt
|faint|p1a: Tyranitar
|
|t:|1728608376
|switch|p1a: Zapdos|Zapdos|100/100
|
|-weather|Sandstorm|[upkeep]
|-damage|p1a: Zapdos|94/100|[from] Sandstorm
|-damage|p2a: Charizard|70/100|[from] Sandstorm
|-heal|p1a: Zapdos|100/100|[from] item: Leftovers
|-heal|p2a: Charizard|76/100|[from] item: Leftovers
|upkeep
|turn|26
|
|t:|1728608379
|switch|p2a: Blissey|Blissey, F|48/100
|move|p1a: Zapdos|Baton Pass|p1a: Zapdos
|
|t:|1728608382
|switch|p1a: Breloom|Breloom, F|42/100|[from] Baton Pass
|-damage|p1a: Breloom|30/100|[from] Spikes
|
|-weather|Sandstorm|[upkeep]
|-damage|p1a: Breloom|23/100|[from] Sandstorm
|-damage|p2a: Blissey|42/100|[from] Sandstorm
|-heal|p1a: Breloom|30/100|[from] item: Leftovers
|-heal|p2a: Blissey|48/100|[from] item: Leftovers
|upkeep
|turn|27
|
|t:|1728608387
|switch|p2a: Tyranitar|Tyranitar, F|73/100 slp
|move|p1a: Breloom|Sky Uppercut|p2a: Tyranitar
|-supereffective|p2a: Tyranitar
|-damage|p2a: Tyranitar|0 fnt
|faint|p2a: Tyranitar
|
|t:|1728608390
|switch|p2a: Charizard|Charizard, M, shiny|76/100
|
|-weather|Sandstorm|[upkeep]
|-damage|p2a: Charizard|70/100|[from] Sandstorm
|-damage|p1a: Breloom|23/100|[from] Sandstorm
|-heal|p2a: Charizard|76/100|[from] item: Leftovers
|-heal|p1a: Breloom|30/100|[from] item: Leftovers
|upkeep
|turn|28
|
|t:|1728608395
|switch|p1a: Snorlax|Snorlax, M|100/100
|-damage|p1a: Snorlax|88/100|[from] Spikes
|move|p2a: Charizard|Substitute|p2a: Charizard
|-start|p2a: Charizard|Substitute
|-damage|p2a: Charizard|51/100
|
|-weather|Sandstorm|[upkeep]
|-damage|p2a: Charizard|45/100|[from] Sandstorm
|-damage|p1a: Snorlax|82/100|[from] Sandstorm
|-heal|p2a: Charizard|51/100|[from] item: Leftovers
|-heal|p1a: Snorlax|88/100|[from] item: Leftovers
|upkeep
|turn|29
|
|t:|1728608401
|-singleturn|p2a: Charizard|move: Focus Punch
|move|p1a: Snorlax|Body Slam|p2a: Charizard
|-end|p2a: Charizard|Substitute
|move|p2a: Charizard|Focus Punch|p1a: Snorlax
|-supereffective|p1a: Snorlax
|-damage|p1a: Snorlax|36/100
|
|-weather|Sandstorm|[upkeep]
|-damage|p2a: Charizard|45/100|[from] Sandstorm
|-damage|p1a: Snorlax|30/100|[from] Sandstorm
|-heal|p2a: Charizard|51/100|[from] item: Leftovers
|-heal|p1a: Snorlax|36/100|[from] item: Leftovers
|upkeep
|turn|30
|
|t:|1728608417
|move|p2a: Charizard|Substitute|p2a: Charizard
|-start|p2a: Charizard|Substitute
|-damage|p2a: Charizard|26/100
|move|p1a: Snorlax|Body Slam|p2a: Charizard
|-end|p2a: Charizard|Substitute
|
|-weather|Sandstorm|[upkeep]
|-damage|p2a: Charizard|20/100|[from] Sandstorm
|-damage|p1a: Snorlax|30/100|[from] Sandstorm
|-heal|p2a: Charizard|26/100|[from] item: Leftovers
|-heal|p1a: Snorlax|36/100|[from] item: Leftovers
|upkeep
|turn|31
|
|t:|1728608430
|move|p2a: Charizard|Fire Blast|p1a: Snorlax|[miss]
|-miss|p2a: Charizard|p1a: Snorlax
|move|p1a: Snorlax|Body Slam|p2a: Charizard
|-damage|p2a: Charizard|0 fnt
|faint|p2a: Charizard
|
|t:|1728608432
|switch|p2a: Metagross|Metagross, shiny|61/100
|
|-weather|Sandstorm|[upkeep]
|-damage|p1a: Snorlax|30/100|[from] Sandstorm
|-heal|p2a: Metagross|67/100|[from] item: Leftovers
|-heal|p1a: Snorlax|36/100|[from] item: Leftovers
|upkeep
|turn|32
|
|t:|1728608438
|move|p2a: Metagross|Meteor Mash|p1a: Snorlax
|-damage|p1a: Snorlax|0 fnt
|faint|p1a: Snorlax
|
|t:|1728608443
|switch|p1a: Swampert|Swampert, F|48/100
|-damage|p1a: Swampert|36/100|[from] Spikes
|
|-weather|Sandstorm|[upkeep]
|-heal|p1a: Swampert|42/100|[from] item: Leftovers
|-heal|p2a: Metagross|73/100|[from] item: Leftovers
|upkeep
|turn|33
|
|t:|1728608451
|move|p1a: Swampert|Earthquake|p2a: Metagross
|-supereffective|p2a: Metagross
|-damage|p2a: Metagross|22/100
|move|p2a: Metagross|Meteor Mash|p1a: Swampert
|-resisted|p1a: Swampert
|-damage|p1a: Swampert|11/100
|
|-weather|Sandstorm|[upkeep]
|-heal|p1a: Swampert|18/100|[from] item: Leftovers
|-heal|p2a: Metagross|28/100|[from] item: Leftovers
|upkeep
|turn|34
|
|t:|1728608457
|move|p2a: Metagross|Protect|p2a: Metagross
|-singleturn|p2a: Metagross|Protect
|move|p1a: Swampert|Earthquake|p2a: Metagross
|-activate|p2a: Metagross|Protect
|
|-weather|Sandstorm|[upkeep]
|-heal|p1a: Swampert|24/100|[from] item: Leftovers
|-heal|p2a: Metagross|34/100|[from] item: Leftovers
|upkeep
|turn|35
|
|t:|1728608458
|move|p2a: Metagross|Protect||[still]
|-fail|p2a: Metagross
|move|p1a: Swampert|Earthquake|p2a: Metagross
|-supereffective|p2a: Metagross
|-damage|p2a: Metagross|0 fnt
|faint|p2a: Metagross
|
|t:|1728608460
|switch|p2a: Blissey|Blissey, F|48/100
|
|-weather|Sandstorm|[upkeep]
|-damage|p2a: Blissey|42/100|[from] Sandstorm
|-heal|p1a: Swampert|30/100|[from] item: Leftovers
|-heal|p2a: Blissey|48/100|[from] item: Leftovers
|upkeep
|turn|36
|
|t:|1728608462
|move|p1a: Swampert|Earthquake|p2a: Blissey
|-damage|p2a: Blissey|8/100
|move|p2a: Blissey|Soft-Boiled|p2a: Blissey
|-heal|p2a: Blissey|58/100
|
|-weather|Sandstorm|[upkeep]
|-damage|p2a: Blissey|52/100|[from] Sandstorm
|-heal|p1a: Swampert|36/100|[from] item: Leftovers
|-heal|p2a: Blissey|58/100|[from] item: Leftovers
|upkeep
|turn|37
|c|☆vbncvx|gg
|
|t:|1728608468
|move|p1a: Swampert|Earthquake|p2a: Blissey
|-crit|p2a: Blissey
|-damage|p2a: Blissey|0 fnt
|faint|p2a: Blissey
|
|win|vbncvx
|c|☆RaskaPork|gg
|player|p2|

</script>
<script type="application/json" class="data" id="replaydata-smogtours-gen3ou-797102">
{"id":"smogtours-gen3ou-797102","format":"[Gen 3] OU","players":["vbncvx","RaskaPork"],"uploadtime":1728608468,"views":96,"formatid":"gen3ou","rating":null,"private":0,"password":null}
</script>

<script defer src="js/replays.js?9d40a366"></script>
