<!DOCTYPE html>
<meta charset="utf-8" />
<meta name="viewport" content="width=device-width" />

<title>[Gen 3] OU: butter dk vs. TyCarter - Replays - Pok&eacute;mon Showdown!</title>

<meta name="description" content="Watch a replay of a Pok&eacute;mon battle between butter dk and TyCarter! Format: [Gen 3] OU; Date: Nov 8, 2024" />
<!--

Hey, you! Looking in the source for the replay log?

You can find them in JSON format, just add `.json` at the end of a replay URL.

https://replay.pokemonshowdown.com/gen7randomdoublesbattle-865046831.json

Or, if you only need the log itself, add `.log` instead:

https://replay.pokemonshowdown.com/gen7randomdoublesbattle-865046831.log

-->

<link rel="stylesheet" href="//pokemonshowdown.com/style/global.css?0.023195364461161105" />
<link rel="stylesheet" href="//play.pokemonshowdown.com/style/font-awesome.css?0.13261647063804238" />
<link rel="stylesheet" href="//play.pokemonshowdown.com/style/battle.css?0.8753245789963631" />
<link rel="stylesheet" href="//play.pokemonshowdown.com/style/utilichart.css?0.8627959624976733" />

<!-- Global site tag (gtag.js) - Google Analytics -->
<script async src="https://www.googletagmanager.com/gtag/js?id=UA-26211653-1"></script>
<script>
  window.dataLayer = window.dataLayer || [];
  function gtag(){dataLayer.push(arguments);}
  gtag('js', new Date());

  gtag('config', 'UA-26211653-1');
</script>
<!-- End Google Analytics -->
<!-- Venatus Ad Manager - Install in <HEAD> of page -->
	<script src="https://hb.vntsm.com/v3/live/ad-manager.min.js" type="text/javascript" data-site-id="642aba63ec9a7b11c3c9c1be" data-mode="scan" async></script>
<!-- / Venatus Ad Manager -->

<style>
	@media (max-width:820px) {
		.battle {
			margin: 0 auto;
		}
		.battle-log {
			margin: 7px auto 0;
			max-width: 640px;
			height: 300px;
			position: static;
		}
	}
	.optgroup {
		display: inline-block;
		line-height: 22px;
		font-size: 10pt;
	}
	.optgroup .button {
		height: 25px;
		padding-top: 0;
		padding-bottom: 0;
	}
	.optgroup button.button {
		padding-left: 12px;
		padding-right: 12px;
	}
	.linklist {
		list-style: none;
		margin: 0.5em 0;
		padding: 0;
	}
	.linklist li {
		padding: 2px 0;
	}
	.sidebar {
		float: left;
		width: 320px;
	}
	.bar-wrapper {
		max-width: 1100px;
		margin: 0 auto;
	}
	.bar-wrapper.has-sidebar {
		max-width: 1430px;
	}
	.mainbar {
		margin: 0;
		padding-right: 1px;
	}
	.mainbar.has-sidebar {
		margin-left: 330px;
	}
	@media (min-width: 1511px) {
		.sidebar {
			width: 400px;
		}
		.bar-wrapper.has-sidebar {
			max-width: 1510px;
		}
		.mainbar.has-sidebar {
			margin-left: 410px;
		}
	}
	.section.first-section {
		margin-top: 9px;
	}
	.blocklink small {
		white-space: normal;
	}
	.button {
		vertical-align: middle;
	}
	.replay-controls {
		padding-top: 10px;
	}
	.replay-controls h1 {
		font-size: 16pt;
		font-weight: normal;
		color: #CCC;
	}
	.pagelink {
		text-align: center;
	}
	.pagelink a {
		width: 150px;
	}
	.textbox, .button {
		font-size: 11pt;
		vertical-align: middle;
	}
	@media (max-width: 450px) {
		.button {
			font-size: 9pt;
		}
	}
</style>

<div>

	<header>
		<div class="nav-wrapper"><ul class="nav">
			<li><a class="button nav-first" href="//pokemonshowdown.com/"><img src="//pokemonshowdown.com/images/pokemonshowdownbeta.png" srcset="//pokemonshowdown.com/images/pokemonshowdownbeta.png 1x, //pokemonshowdown.com/images/pokemonshowdownbeta@2x.png 2x" alt="Pok&eacute;mon Showdown" width="146" height="44" /> Home</a></li>
			<li><a class="button" href="//pokemonshowdown.com/dex/">Pok&eacute;dex</a></li>
			<li><a class="button cur" href="/">Replays</a></li>
			<li><a class="button" href="//pokemonshowdown.com/ladder/">Ladder</a></li>
			<li><a class="button nav-last" href="//pokemonshowdown.com/forums/">Forum</a></li>
			<li><a class="button greenbutton nav-first nav-last" href="//play.pokemonshowdown.com/">Play</a></li>
		</ul></div>
	</header>

	<div class="main" id="main">

		<noscript><section class="section">You need to enable JavaScript to use this page; sorry!</section></noscript>

	</div>

</div>

<script defer nomodule src="//play.pokemonshowdown.com/js/lib/ps-polyfill.js"></script>
<script defer src="//play.pokemonshowdown.com/js/lib/preact.min.js"></script>

<script defer src="//play.pokemonshowdown.com/config/config.js?2bddbc15"></script>
<script defer src="//play.pokemonshowdown.com/js/lib/jquery-1.11.0.min.js"></script>
<script defer src="//play.pokemonshowdown.com/js/lib/html-sanitizer-minified.js"></script>
<script defer src="//play.pokemonshowdown.com/js/battle-sound.js"></script>
<script defer src="//play.pokemonshowdown.com/js/battledata.js?0.7209276989879541"></script>
<script defer src="//play.pokemonshowdown.com/data/pokedex-mini.js?0.6111056340867951"></script>
<script defer src="//play.pokemonshowdown.com/data/pokedex-mini-bw.js?0.3532142036491459"></script>
<script defer src="//play.pokemonshowdown.com/data/graphics.js?0.24223875632456182"></script>
<script defer src="//play.pokemonshowdown.com/data/pokedex.js?0.38839984266356864"></script>
<script defer src="//play.pokemonshowdown.com/data/moves.js?0.21866028504024015"></script>
<script defer src="//play.pokemonshowdown.com/data/abilities.js?0.2005157953846628"></script>
<script defer src="//play.pokemonshowdown.com/data/items.js?0.9894211263848525"></script>
<script defer src="//play.pokemonshowdown.com/data/teambuilder-tables.js?0.6008791140282215"></script>
<script defer src="//play.pokemonshowdown.com/js/battle-tooltips.js?0.7580118955022959"></script>
<script defer src="//play.pokemonshowdown.com/js/battle.js?0.6057722274234274"></script>

<script defer src="js/utils.js?e31f9a17"></script>
<script defer src="js/replays-battle.js?7008c182"></script>

<!-- don't scrape this data! just add .json or .log after the URL!
Full API docs: https://github.com/smogon/pokemon-showdown-client/blob/master/WEB-API.md -->
<script type="text/plain" class="log" id="replaylog-smogtours-gen3ou-805256">
|inactive|Battle timer is ON: inactive players will automatically lose when time's up.
|t:|1731092096
|gametype|singles
|player|p1|butter dk|proton|
|player|p2|TyCarter|#ptplvjirachis|
|teamsize|p1|6
|teamsize|p2|6
|gen|3
|tier|[Gen 3] OU
|rule|Sleep Clause Mod: Limit one foe put to sleep
|rule|Switch Priority Clause Mod: Faster Pokémon switch first
|rule|Species Clause: Limit one of each Pokémon
|rule|OHKO Clause: OHKO moves are banned
|rule|Evasion Items Clause: Evasion items are banned
|rule|Evasion Moves Clause: Evasion moves are banned
|rule|Endless Battle Clause: Forcing endless battles is banned
|rule|HP Percentage Mod: HP is shown in percentages
|rule|One Boost Passer Clause: Limit one Baton Passer that has a way to boost its stats
|rule|Freeze Clause Mod: Limit one foe frozen
|
|t:|1731092096
|start
|switch|p1a: Skarmory|Skarmory, M|100/100
|switch|p2a: Blaziken|Blaziken, M|100/100
|turn|1
|c|☆TyCarter|hf
|c|☆TyCarter|/log TyCarter made the replay of this battle unlisted.
|
|t:|1731092117
|switch|p1a: Suicune|Suicune|100/100
|move|p2a: Blaziken|Fire Blast|p1a: Suicune
|-resisted|p1a: Suicune
|-damage|p1a: Suicune|76/100
|
|-heal|p1a: Suicune|82/100|[from] item: Leftovers
|upkeep
|turn|2
|
|t:|1731092136
|move|p2a: Blaziken|Thunder Punch|p1a: Suicune
|-supereffective|p1a: Suicune
|-damage|p1a: Suicune|42/100
|move|p1a: Suicune|Surf|p2a: Blaziken
|-supereffective|p2a: Blaziken
|-damage|p2a: Blaziken|0 fnt
|faint|p2a: Blaziken
|
|t:|1731092142
|switch|p2a: Zapdos|Zapdos|100/100
|
|-heal|p1a: Suicune|49/100|[from] item: Leftovers
|upkeep
|turn|3
|
|t:|1731092148
|switch|p1a: Regice|Regice|100/100
|move|p2a: Zapdos|Baton Pass|p2a: Zapdos
|
|t:|1731092150
|switch|p2a: Metagross|Metagross|100/100|[from] Baton Pass
|
|upkeep
|turn|4
|
|t:|1731092165
|switch|p1a: Skarmory|Skarmory, M|100/100
|move|p2a: Metagross|Meteor Mash|p1a: Skarmory
|-resisted|p1a: Skarmory
|-damage|p1a: Skarmory|77/100
|-boost|p2a: Metagross|atk|1
|
|-heal|p1a: Skarmory|83/100|[from] item: Leftovers
|upkeep
|turn|5
|
|t:|1731092171
|move|p2a: Metagross|Meteor Mash|p1a: Skarmory
|-resisted|p1a: Skarmory
|-damage|p1a: Skarmory|51/100
|move|p1a: Skarmory|Spikes|p2a: Metagross
|-sidestart|p2: TyCarter|Spikes
|
|-heal|p1a: Skarmory|57/100|[from] item: Leftovers
|upkeep
|turn|6
|
|t:|1731092175
|move|p1a: Skarmory|Protect|p1a: Skarmory
|-singleturn|p1a: Skarmory|Protect
|move|p2a: Metagross|Meteor Mash|p1a: Skarmory
|-activate|p1a: Skarmory|Protect
|
|-heal|p1a: Skarmory|63/100|[from] item: Leftovers
|upkeep
|turn|7
|
|t:|1731092180
|move|p2a: Metagross|Meteor Mash|p1a: Skarmory
|-resisted|p1a: Skarmory
|-damage|p1a: Skarmory|32/100
|-boost|p2a: Metagross|atk|1
|move|p1a: Skarmory|Roar|p2a: Metagross
|drag|p2a: Celebi|Celebi|100/100
|-damage|p2a: Celebi|88/100|[from] Spikes
|
|-heal|p2a: Celebi|94/100|[from] item: Leftovers
|-heal|p1a: Skarmory|38/100|[from] item: Leftovers
|upkeep
|turn|8
|
|t:|1731092196
|move|p2a: Celebi|Hidden Power|p1a: Skarmory
|-supereffective|p1a: Skarmory
|-damage|p1a: Skarmory|0 fnt
|faint|p1a: Skarmory
|
|t:|1731092206
|switch|p1a: Regice|Regice|100/100
|
|-heal|p2a: Celebi|100/100|[from] item: Leftovers
|upkeep
|turn|9
|
|t:|1731092209
|switch|p2a: Metagross|Metagross|100/100
|-damage|p2a: Metagross|88/100|[from] Spikes
|move|p1a: Regice|Thunder Wave|p2a: Metagross
|-status|p2a: Metagross|par
|
|-heal|p2a: Metagross|94/100 par|[from] item: Leftovers
|upkeep
|turn|10
|
|t:|1731092217
|switch|p1a: Metagross|Metagross|100/100
|cant|p2a: Metagross|par
|
|-heal|p2a: Metagross|99/100 par|[from] item: Leftovers
|upkeep
|turn|11
|
|t:|1731092221
|switch|p2a: Zapdos|Zapdos|100/100
|move|p1a: Metagross|Agility|p1a: Metagross
|-boost|p1a: Metagross|spe|2
|
|upkeep
|turn|12
|
|t:|1731092229
|switch|p2a: Suicune|Suicune|100/100
|-damage|p2a: Suicune|88/100|[from] Spikes
|move|p1a: Metagross|Rock Slide|p2a: Suicune
|-damage|p2a: Suicune|67/100
|
|-heal|p2a: Suicune|73/100|[from] item: Leftovers
|upkeep
|turn|13
|
|t:|1731092249
|switch|p1a: Regice|Regice|100/100
|move|p2a: Suicune|Surf|p1a: Regice
|-damage|p1a: Regice|78/100
|
|-heal|p2a: Suicune|79/100|[from] item: Leftovers
|-heal|p1a: Regice|84/100|[from] item: Leftovers
|upkeep
|turn|14
|
|t:|1731092258
|move|p2a: Suicune|Calm Mind|p2a: Suicune
|-boost|p2a: Suicune|spa|1
|-boost|p2a: Suicune|spd|1
|move|p1a: Regice|Thunderbolt|p2a: Suicune
|-supereffective|p2a: Suicune
|-damage|p2a: Suicune|50/100
|
|-heal|p2a: Suicune|56/100|[from] item: Leftovers
|-heal|p1a: Regice|90/100|[from] item: Leftovers
|upkeep
|turn|15
|
|t:|1731092264
|move|p2a: Suicune|Calm Mind|p2a: Suicune
|-boost|p2a: Suicune|spa|1
|-boost|p2a: Suicune|spd|1
|move|p1a: Regice|Thunder Wave|p2a: Suicune
|-status|p2a: Suicune|par
|
|-heal|p1a: Regice|96/100|[from] item: Leftovers
|-heal|p2a: Suicune|62/100 par|[from] item: Leftovers
|upkeep
|turn|16
|
|t:|1731092271
|move|p1a: Regice|Thunderbolt|p2a: Suicune
|-supereffective|p2a: Suicune
|-damage|p2a: Suicune|38/100 par
|move|p2a: Suicune|Rest|p2a: Suicune
|-status|p2a: Suicune|slp|[from] move: Rest
|-heal|p2a: Suicune|100/100 slp|[silent]
|
|-heal|p1a: Regice|100/100|[from] item: Leftovers
|upkeep
|turn|17
|
|t:|1731092284
|cant|p2a: Suicune|slp
|move|p2a: Suicune|Sleep Talk|p2a: Suicune
|move|p2a: Suicune|Surf|p1a: Regice|[from]Sleep Talk
|-damage|p1a: Regice|61/100
|move|p1a: Regice|Thunderbolt|p2a: Suicune
|-supereffective|p2a: Suicune
|-damage|p2a: Suicune|76/100 slp
|
|-heal|p2a: Suicune|82/100 slp|[from] item: Leftovers
|-heal|p1a: Regice|67/100|[from] item: Leftovers
|upkeep
|turn|18
|
|t:|1731092299
|cant|p2a: Suicune|slp
|move|p2a: Suicune|Sleep Talk|p2a: Suicune
|move|p2a: Suicune|Rest|p2a: Suicune|[from]Sleep Talk
|move|p1a: Regice|Thunderbolt|p2a: Suicune
|-supereffective|p2a: Suicune
|-damage|p2a: Suicune|59/100 slp
|
|-heal|p2a: Suicune|66/100 slp|[from] item: Leftovers
|-heal|p1a: Regice|73/100|[from] item: Leftovers
|upkeep
|turn|19
|
|t:|1731092305
|-curestatus|p2a: Suicune|slp|[msg]
|move|p2a: Suicune|Calm Mind|p2a: Suicune
|-boost|p2a: Suicune|spa|1
|-boost|p2a: Suicune|spd|1
|move|p1a: Regice|Explosion|p2a: Suicune
|-damage|p2a: Suicune|12/100
|faint|p1a: Regice
|
|t:|1731092309
|switch|p1a: Gengar|Gengar, F|100/100
|
|-heal|p2a: Suicune|18/100|[from] item: Leftovers
|upkeep
|turn|20
|
|t:|1731092343
|move|p1a: Gengar|Ice Punch|p2a: Suicune
|-resisted|p2a: Suicune
|-damage|p2a: Suicune|14/100
|move|p2a: Suicune|Rest|p2a: Suicune
|-status|p2a: Suicune|slp|[from] move: Rest
|-heal|p2a: Suicune|100/100 slp|[silent]
|
|upkeep
|turn|21
|
|t:|1731092349
|switch|p1a: Suicune|Suicune|49/100
|cant|p2a: Suicune|slp
|move|p2a: Suicune|Sleep Talk|p2a: Suicune
|move|p2a: Suicune|Rest|p2a: Suicune|[from]Sleep Talk
|
|-heal|p1a: Suicune|55/100|[from] item: Leftovers
|upkeep
|turn|22
|
|t:|1731092353
|cant|p2a: Suicune|slp
|move|p2a: Suicune|Sleep Talk|p2a: Suicune
|move|p2a: Suicune|Rest|p2a: Suicune|[from]Sleep Talk
|move|p1a: Suicune|Calm Mind|p1a: Suicune
|-boost|p1a: Suicune|spa|1
|-boost|p1a: Suicune|spd|1
|
|-heal|p1a: Suicune|61/100|[from] item: Leftovers
|upkeep
|turn|23
|
|t:|1731092360
|switch|p2a: Celebi|Celebi|100/100
|-damage|p2a: Celebi|88/100|[from] Spikes
|move|p1a: Suicune|Calm Mind|p1a: Suicune
|-boost|p1a: Suicune|spa|1
|-boost|p1a: Suicune|spd|1
|
|-heal|p2a: Celebi|94/100|[from] item: Leftovers
|-heal|p1a: Suicune|67/100|[from] item: Leftovers
|upkeep
|turn|24
|
|t:|1731092376
|move|p2a: Celebi|Calm Mind|p2a: Celebi
|-boost|p2a: Celebi|spa|1
|-boost|p2a: Celebi|spd|1
|move|p1a: Suicune|Calm Mind|p1a: Suicune
|-boost|p1a: Suicune|spa|1
|-boost|p1a: Suicune|spd|1
|
|-heal|p2a: Celebi|100/100|[from] item: Leftovers
|-heal|p1a: Suicune|74/100|[from] item: Leftovers
|upkeep
|turn|25
|
|t:|1731092383
|move|p2a: Celebi|Calm Mind|p2a: Celebi
|-boost|p2a: Celebi|spa|1
|-boost|p2a: Celebi|spd|1
|move|p1a: Suicune|Surf|p2a: Celebi
|-resisted|p2a: Celebi
|-damage|p2a: Celebi|76/100
|
|-heal|p2a: Celebi|82/100|[from] item: Leftovers
|-heal|p1a: Suicune|80/100|[from] item: Leftovers
|upkeep
|turn|26
|
|t:|1731092394
|move|p2a: Celebi|Calm Mind|p2a: Celebi
|-boost|p2a: Celebi|spa|1
|-boost|p2a: Celebi|spd|1
|move|p1a: Suicune|Calm Mind|p1a: Suicune
|-boost|p1a: Suicune|spa|1
|-boost|p1a: Suicune|spd|1
|
|-heal|p2a: Celebi|89/100|[from] item: Leftovers
|-heal|p1a: Suicune|86/100|[from] item: Leftovers
|upkeep
|turn|27
|
|t:|1731092396
|move|p2a: Celebi|Calm Mind|p2a: Celebi
|-boost|p2a: Celebi|spa|1
|-boost|p2a: Celebi|spd|1
|move|p1a: Suicune|Calm Mind|p1a: Suicune
|-boost|p1a: Suicune|spa|1
|-boost|p1a: Suicune|spd|1
|
|-heal|p2a: Celebi|95/100|[from] item: Leftovers
|-heal|p1a: Suicune|92/100|[from] item: Leftovers
|upkeep
|turn|28
|
|t:|1731092399
|move|p2a: Celebi|Calm Mind|p2a: Celebi
|-boost|p2a: Celebi|spa|1
|-boost|p2a: Celebi|spd|1
|move|p1a: Suicune|Calm Mind|p1a: Suicune
|-boost|p1a: Suicune|spa|1
|-boost|p1a: Suicune|spd|1
|
|-heal|p2a: Celebi|100/100|[from] item: Leftovers
|-heal|p1a: Suicune|99/100|[from] item: Leftovers
|upkeep
|turn|29
|
|t:|1731092404
|move|p2a: Celebi|Calm Mind|p2a: Celebi
|-boost|p2a: Celebi|spa|1
|-boost|p2a: Celebi|spd|1
|move|p1a: Suicune|Surf|p2a: Celebi
|-resisted|p2a: Celebi
|-damage|p2a: Celebi|82/100
|
|-heal|p2a: Celebi|88/100|[from] item: Leftovers
|-heal|p1a: Suicune|100/100|[from] item: Leftovers
|upkeep
|turn|30
|
|t:|1731092407
|move|p2a: Celebi|Psychic|p1a: Suicune
|-damage|p1a: Suicune|66/100
|move|p1a: Suicune|Surf|p2a: Celebi
|-resisted|p2a: Celebi
|-damage|p2a: Celebi|67/100
|
|-heal|p2a: Celebi|73/100|[from] item: Leftovers
|-heal|p1a: Suicune|72/100|[from] item: Leftovers
|upkeep
|turn|31
|
|t:|1731092411
|move|p2a: Celebi|Giga Drain|p1a: Suicune
|-supereffective|p1a: Suicune
|-damage|p1a: Suicune|29/100
|-heal|p2a: Celebi|97/100|[from] drain|[of] p1a: Suicune
|move|p1a: Suicune|Surf|p2a: Celebi
|-resisted|p2a: Celebi
|-damage|p2a: Celebi|77/100
|
|-heal|p2a: Celebi|83/100|[from] item: Leftovers
|-heal|p1a: Suicune|36/100|[from] item: Leftovers
|upkeep
|turn|32
|
|t:|1731092424
|move|p2a: Celebi|Giga Drain|p1a: Suicune
|-supereffective|p1a: Suicune
|-damage|p1a: Suicune|0 fnt
|-heal|p2a: Celebi|100/100|[from] drain|[of] p1a: Suicune
|faint|p1a: Suicune
|
|t:|1731092428
|switch|p1a: Metagross|Metagross|100/100
|
|upkeep
|turn|33
|
|t:|1731092432
|move|p2a: Celebi|Hidden Power|p1a: Metagross
|-supereffective|p1a: Metagross
|-damage|p1a: Metagross|0 fnt
|faint|p1a: Metagross
|
|t:|1731092438
|switch|p1a: Gengar|Gengar, F|100/100
|
|upkeep
|turn|34
|
|t:|1731092441
|move|p1a: Gengar|Ice Punch|p2a: Celebi
|-supereffective|p2a: Celebi
|-damage|p2a: Celebi|88/100
|move|p2a: Celebi|Psychic|p1a: Gengar
|-supereffective|p1a: Gengar
|-damage|p1a: Gengar|0 fnt
|faint|p1a: Gengar
|
|t:|1731092443
|switch|p1a: Claydol|Claydol|100/100
|
|-heal|p2a: Celebi|94/100|[from] item: Leftovers
|upkeep
|turn|35
|
|t:|1731092445
|move|p2a: Celebi|Giga Drain|p1a: Claydol
|-supereffective|p1a: Claydol
|-damage|p1a: Claydol|0 fnt
|-heal|p2a: Celebi|100/100|[from] drain|[of] p1a: Claydol
|faint|p1a: Claydol
|
|win|TyCarter
|c|☆TyCarter|gg
|c|☆butter dk|gg
|player|p1|

</script>
<script type="application/json" class="data" id="replaydata-smogtours-gen3ou-805256">
{"id":"smogtours-gen3ou-805256","format":"[Gen 3] OU","players":["butter dk","TyCarter"],"uploadtime":1731092445,"views":29,"formatid":"gen3ou","rating":null,"private":1,"password":null}
</script>

<script defer src="js/replays.js?9d40a366"></script>
