<!DOCTYPE html>
<meta charset="utf-8" />
<meta name="viewport" content="width=device-width" />

<title>[Gen 3] OU: Apostic vs. LTG - Replays - Pok&eacute;mon Showdown!</title>

<meta name="description" content="Watch a replay of a Pok&eacute;mon battle between Apostic and LTG! Format: [Gen 3] OU; Date: Oct 9, 2024" />
<!--

Hey, you! Looking in the source for the replay log?

You can find them in JSON format, just add `.json` at the end of a replay URL.

https://replay.pokemonshowdown.com/gen7randomdoublesbattle-865046831.json

Or, if you only need the log itself, add `.log` instead:

https://replay.pokemonshowdown.com/gen7randomdoublesbattle-865046831.log

-->

<link rel="stylesheet" href="//pokemonshowdown.com/style/global.css?0.767286132409787" />
<link rel="stylesheet" href="//play.pokemonshowdown.com/style/font-awesome.css?0.9266228007934947" />
<link rel="stylesheet" href="//play.pokemonshowdown.com/style/battle.css?0.7924700842790926" />
<link rel="stylesheet" href="//play.pokemonshowdown.com/style/utilichart.css?0.8777417872839479" />

<!-- Global site tag (gtag.js) - Google Analytics -->
<script async src="https://www.googletagmanager.com/gtag/js?id=UA-26211653-1"></script>
<script>
  window.dataLayer = window.dataLayer || [];
  function gtag(){dataLayer.push(arguments);}
  gtag('js', new Date());

  gtag('config', 'UA-26211653-1');
</script>
<!-- End Google Analytics -->
<!-- Venatus Ad Manager - Install in <HEAD> of page -->
	<script src="https://hb.vntsm.com/v3/live/ad-manager.min.js" type="text/javascript" data-site-id="642aba63ec9a7b11c3c9c1be" data-mode="scan" async></script>
<!-- / Venatus Ad Manager -->

<style>
	@media (max-width:820px) {
		.battle {
			margin: 0 auto;
		}
		.battle-log {
			margin: 7px auto 0;
			max-width: 640px;
			height: 300px;
			position: static;
		}
	}
	.optgroup {
		display: inline-block;
		line-height: 22px;
		font-size: 10pt;
	}
	.optgroup .button {
		height: 25px;
		padding-top: 0;
		padding-bottom: 0;
	}
	.optgroup button.button {
		padding-left: 12px;
		padding-right: 12px;
	}
	.linklist {
		list-style: none;
		margin: 0.5em 0;
		padding: 0;
	}
	.linklist li {
		padding: 2px 0;
	}
	.sidebar {
		float: left;
		width: 320px;
	}
	.bar-wrapper {
		max-width: 1100px;
		margin: 0 auto;
	}
	.bar-wrapper.has-sidebar {
		max-width: 1430px;
	}
	.mainbar {
		margin: 0;
		padding-right: 1px;
	}
	.mainbar.has-sidebar {
		margin-left: 330px;
	}
	@media (min-width: 1511px) {
		.sidebar {
			width: 400px;
		}
		.bar-wrapper.has-sidebar {
			max-width: 1510px;
		}
		.mainbar.has-sidebar {
			margin-left: 410px;
		}
	}
	.section.first-section {
		margin-top: 9px;
	}
	.blocklink small {
		white-space: normal;
	}
	.button {
		vertical-align: middle;
	}
	.replay-controls {
		padding-top: 10px;
	}
	.replay-controls h1 {
		font-size: 16pt;
		font-weight: normal;
		color: #CCC;
	}
	.pagelink {
		text-align: center;
	}
	.pagelink a {
		width: 150px;
	}
	.textbox, .button {
		font-size: 11pt;
		vertical-align: middle;
	}
	@media (max-width: 450px) {
		.button {
			font-size: 9pt;
		}
	}
</style>

<div>

	<header>
		<div class="nav-wrapper"><ul class="nav">
			<li><a class="button nav-first" href="//pokemonshowdown.com/"><img src="//pokemonshowdown.com/images/pokemonshowdownbeta.png" srcset="//pokemonshowdown.com/images/pokemonshowdownbeta.png 1x, //pokemonshowdown.com/images/pokemonshowdownbeta@2x.png 2x" alt="Pok&eacute;mon Showdown" width="146" height="44" /> Home</a></li>
			<li><a class="button" href="//pokemonshowdown.com/dex/">Pok&eacute;dex</a></li>
			<li><a class="button cur" href="/">Replays</a></li>
			<li><a class="button" href="//pokemonshowdown.com/ladder/">Ladder</a></li>
			<li><a class="button nav-last" href="//pokemonshowdown.com/forums/">Forum</a></li>
			<li><a class="button greenbutton nav-first nav-last" href="//play.pokemonshowdown.com/">Play</a></li>
		</ul></div>
	</header>

	<div class="main" id="main">

		<noscript><section class="section">You need to enable JavaScript to use this page; sorry!</section></noscript>

	</div>

</div>

<script defer nomodule src="//play.pokemonshowdown.com/js/lib/ps-polyfill.js"></script>
<script defer src="//play.pokemonshowdown.com/js/lib/preact.min.js"></script>

<script defer src="//play.pokemonshowdown.com/config/config.js?6dec07f6"></script>
<script defer src="//play.pokemonshowdown.com/js/lib/jquery-1.11.0.min.js"></script>
<script defer src="//play.pokemonshowdown.com/js/lib/html-sanitizer-minified.js"></script>
<script defer src="//play.pokemonshowdown.com/js/battle-sound.js"></script>
<script defer src="//play.pokemonshowdown.com/js/battledata.js?0.6315294753075389"></script>
<script defer src="//play.pokemonshowdown.com/data/pokedex-mini.js?0.7603743185311358"></script>
<script defer src="//play.pokemonshowdown.com/data/pokedex-mini-bw.js?0.030888842834281283"></script>
<script defer src="//play.pokemonshowdown.com/data/graphics.js?0.05593094747507488"></script>
<script defer src="//play.pokemonshowdown.com/data/pokedex.js?0.47064822249611904"></script>
<script defer src="//play.pokemonshowdown.com/data/moves.js?0.8583693120512459"></script>
<script defer src="//play.pokemonshowdown.com/data/abilities.js?0.16017181182386842"></script>
<script defer src="//play.pokemonshowdown.com/data/items.js?0.4163379185673943"></script>
<script defer src="//play.pokemonshowdown.com/data/teambuilder-tables.js?0.31075597372830477"></script>
<script defer src="//play.pokemonshowdown.com/js/battle-tooltips.js?0.6536193500708172"></script>
<script defer src="//play.pokemonshowdown.com/js/battle.js?0.1916591943277901"></script>

<script defer src="js/utils.js?e31f9a17"></script>
<script defer src="js/replays-battle.js?7008c182"></script>

<!-- don't scrape this data! just add .json or .log after the URL!
Full API docs: https://github.com/smogon/pokemon-showdown-client/blob/master/WEB-API.md -->
<script type="text/plain" class="log" id="replaylog-smogtours-gen3ou-796664">
|inactive|Battle timer is ON: inactive players will automatically lose when time's up.
|t:|1728493592
|gametype|singles
|player|p1|Apostic|101|
|player|p2|LTG|#ltg|
|teamsize|p1|6
|teamsize|p2|6
|gen|3
|tier|[Gen 3] OU
|rule|Sleep Clause Mod: Limit one foe put to sleep
|rule|Switch Priority Clause Mod: Faster Pokémon switch first
|rule|Species Clause: Limit one of each Pokémon
|rule|OHKO Clause: OHKO moves are banned
|rule|Evasion Items Clause: Evasion items are banned
|rule|Evasion Moves Clause: Evasion moves are banned
|rule|Endless Battle Clause: Forcing endless battles is banned
|rule|HP Percentage Mod: HP is shown in percentages
|rule|One Boost Passer Clause: Limit one Baton Passer that has a way to boost its stats
|rule|Freeze Clause Mod: Limit one foe frozen
|
|t:|1728493592
|start
|switch|p1a: Celebi|Celebi|100/100
|switch|p2a: Skarmory|Skarmory, F|100/100
|turn|1
|c|☆LTG|hf!
|inactive|Apostic has 270 seconds left.
|c|☆Apostic|u 2!
|
|t:|1728493643
|switch|p1a: Magneton|Magneton|100/100
|move|p2a: Skarmory|Spikes|p1a: Magneton
|-sidestart|p1: Apostic|Spikes
|
|upkeep
|turn|2
|
|t:|1728493654
|move|p2a: Skarmory|Protect|p2a: Skarmory
|-singleturn|p2a: Skarmory|Protect
|move|p1a: Magneton|Thunderbolt|p2a: Skarmory
|-activate|p2a: Skarmory|Protect
|
|upkeep
|turn|3
|
|t:|1728493661
|move|p1a: Magneton|Thunderbolt|p2a: Skarmory
|-supereffective|p2a: Skarmory
|-damage|p2a: Skarmory|12/100
|move|p2a: Skarmory|Roar|p1a: Magneton
|drag|p1a: Swampert|Swampert, F|100/100
|-damage|p1a: Swampert|88/100|[from] Spikes
|
|-heal|p2a: Skarmory|18/100|[from] item: Leftovers
|-heal|p1a: Swampert|94/100|[from] item: Leftovers
|upkeep
|turn|4
|
|t:|1728493674
|switch|p2a: Zapdos|Zapdos|100/100
|switch|p1a: Magneton|Magneton|100/100
|-damage|p1a: Magneton|88/100|[from] Spikes
|
|-heal|p1a: Magneton|94/100|[from] item: Leftovers
|upkeep
|turn|5
|
|t:|1728493688
|move|p1a: Magneton|Protect|p1a: Magneton
|-singleturn|p1a: Magneton|Protect
|move|p2a: Zapdos|Baton Pass|p2a: Zapdos
|
|t:|1728493690
|switch|p2a: Flygon|Flygon, F|100/100|[from] Baton Pass
|
|-heal|p1a: Magneton|100/100|[from] item: Leftovers
|upkeep
|turn|6
|
|t:|1728493701
|switch|p1a: Skarmory|Skarmory, F|100/100
|move|p2a: Flygon|Earthquake|p1a: Skarmory
|-immune|p1a: Skarmory
|
|upkeep
|turn|7
|
|t:|1728493715
|switch|p2a: Skarmory|Skarmory, F|18/100
|move|p1a: Skarmory|Spikes|p2a: Skarmory
|-sidestart|p2: LTG|Spikes
|
|-heal|p2a: Skarmory|24/100|[from] item: Leftovers
|upkeep
|turn|8
|
|t:|1728493723
|switch|p1a: Magneton|Magneton|100/100
|-damage|p1a: Magneton|88/100|[from] Spikes
|switch|p2a: Zapdos|Zapdos|100/100
|
|-heal|p1a: Magneton|94/100|[from] item: Leftovers
|upkeep
|turn|9
|
|t:|1728493733
|move|p1a: Magneton|Protect|p1a: Magneton
|-singleturn|p1a: Magneton|Protect
|move|p2a: Zapdos|Thunderbolt|p1a: Magneton
|-activate|p1a: Magneton|Protect
|
|-heal|p1a: Magneton|100/100|[from] item: Leftovers
|upkeep
|turn|10
|
|t:|1728493741
|switch|p1a: Swampert|Swampert, F|94/100
|-damage|p1a: Swampert|82/100|[from] Spikes
|move|p2a: Zapdos|Thunderbolt|p1a: Swampert
|-immune|p1a: Swampert
|
|-heal|p1a: Swampert|88/100|[from] item: Leftovers
|upkeep
|turn|11
|
|t:|1728493746
|move|p1a: Swampert|Protect|p1a: Swampert
|-singleturn|p1a: Swampert|Protect
|move|p2a: Zapdos|Hidden Power|p1a: Swampert
|-activate|p1a: Swampert|Protect
|
|-heal|p1a: Swampert|94/100|[from] item: Leftovers
|upkeep
|turn|12
|
|t:|1728493753
|switch|p1a: Celebi|Celebi|100/100
|-damage|p1a: Celebi|88/100|[from] Spikes
|move|p2a: Zapdos|Hidden Power|p1a: Celebi
|-resisted|p1a: Celebi
|-damage|p1a: Celebi|78/100
|
|-heal|p1a: Celebi|85/100|[from] item: Leftovers
|upkeep
|turn|13
|
|t:|1728493758
|move|p2a: Zapdos|Thunder Wave|p1a: Celebi
|-status|p1a: Celebi|par
|move|p1a: Celebi|Leech Seed|p2a: Zapdos
|-start|p2a: Zapdos|move: Leech Seed
|
|-damage|p2a: Zapdos|88/100|[from] Leech Seed|[of] p1a: Celebi
|-heal|p1a: Celebi|95/100 par|[silent]
|-heal|p1a: Celebi|100/100 par|[from] item: Leftovers
|upkeep
|turn|14
|
|t:|1728493766
|switch|p2a: Tyranitar|Tyranitar, F|100/100
|-damage|p2a: Tyranitar|88/100|[from] Spikes
|-weather|Sandstorm|[from] ability: Sand Stream|[of] p2a: Tyranitar
|move|p1a: Celebi|Light Screen|p1a: Celebi
|-sidestart|p1: Apostic|Light Screen
|
|-weather|Sandstorm|[upkeep]
|-damage|p1a: Celebi|94/100 par|[from] Sandstorm
|-heal|p2a: Tyranitar|94/100|[from] item: Leftovers
|-heal|p1a: Celebi|100/100 par|[from] item: Leftovers
|upkeep
|turn|15
|
|t:|1728493773
|move|p2a: Tyranitar|Crunch|p1a: Celebi
|-supereffective|p1a: Celebi
|-damage|p1a: Celebi|70/100 par
|-unboost|p1a: Celebi|spd|1
|move|p1a: Celebi|Hidden Power|p2a: Tyranitar
|-supereffective|p2a: Tyranitar
|-damage|p2a: Tyranitar|53/100
|
|-weather|Sandstorm|[upkeep]
|-damage|p1a: Celebi|63/100 par|[from] Sandstorm
|-heal|p2a: Tyranitar|60/100|[from] item: Leftovers
|-heal|p1a: Celebi|70/100 par|[from] item: Leftovers
|upkeep
|turn|16
|
|t:|1728493791
|-activate|p1a: Celebi|move: Pursuit
|move|p2a: Tyranitar|Pursuit|p1a: Celebi|[from]Pursuit
|-supereffective|p1a: Celebi
|-damage|p1a: Celebi|25/100 par
|-curestatus|p1a: Celebi|par|[from] ability: Natural Cure
|switch|p1a: Skarmory|Skarmory, F|100/100
|
|-weather|Sandstorm|[upkeep]
|-heal|p2a: Tyranitar|66/100|[from] item: Leftovers
|upkeep
|turn|17
|
|t:|1728493801
|move|p1a: Skarmory|Spikes|p2a: Tyranitar
|-sidestart|p2: LTG|Spikes
|move|p2a: Tyranitar|Fire Blast|p1a: Skarmory
|-supereffective|p1a: Skarmory
|-damage|p1a: Skarmory|66/100
|
|-weather|Sandstorm|[upkeep]
|-heal|p1a: Skarmory|72/100|[from] item: Leftovers
|-heal|p2a: Tyranitar|72/100|[from] item: Leftovers
|upkeep
|turn|18
|
|t:|1728493806
|move|p1a: Skarmory|Toxic|p2a: Tyranitar
|-status|p2a: Tyranitar|tox
|move|p2a: Tyranitar|Fire Blast|p1a: Skarmory
|-supereffective|p1a: Skarmory
|-damage|p1a: Skarmory|37/100
|
|-sideend|p1: Apostic|Light Screen
|-weather|Sandstorm|[upkeep]
|-heal|p1a: Skarmory|43/100|[from] item: Leftovers
|-heal|p2a: Tyranitar|78/100 tox|[from] item: Leftovers
|-damage|p2a: Tyranitar|72/100 tox|[from] psn
|upkeep
|turn|19
|
|t:|1728493817
|switch|p2a: Gengar|Gengar, M|100/100
|move|p1a: Skarmory|Protect||[still]
|-fail|p1a: Skarmory
|
|-weather|Sandstorm|[upkeep]
|-damage|p2a: Gengar|94/100|[from] Sandstorm
|-heal|p2a: Gengar|100/100|[from] item: Leftovers
|-heal|p1a: Skarmory|49/100|[from] item: Leftovers
|upkeep
|turn|20
|
|t:|1728493823
|move|p1a: Skarmory|Protect|p1a: Skarmory
|-singleturn|p1a: Skarmory|Protect
|move|p2a: Gengar|Thunderbolt|p1a: Skarmory
|-activate|p1a: Skarmory|Protect
|
|-weather|Sandstorm|[upkeep]
|-damage|p2a: Gengar|94/100|[from] Sandstorm
|-heal|p2a: Gengar|100/100|[from] item: Leftovers
|-heal|p1a: Skarmory|55/100|[from] item: Leftovers
|upkeep
|turn|21
|
|t:|1728493833
|switch|p1a: Swampert|Swampert, F|94/100
|-damage|p1a: Swampert|82/100|[from] Spikes
|move|p2a: Gengar|Thunderbolt|p1a: Swampert
|-immune|p1a: Swampert
|
|-weather|Sandstorm|[upkeep]
|-damage|p2a: Gengar|94/100|[from] Sandstorm
|-heal|p2a: Gengar|100/100|[from] item: Leftovers
|-heal|p1a: Swampert|88/100|[from] item: Leftovers
|upkeep
|turn|22
|
|t:|1728493838
|move|p1a: Swampert|Protect|p1a: Swampert
|-singleturn|p1a: Swampert|Protect
|move|p2a: Gengar|Ice Punch|p1a: Swampert
|-activate|p1a: Swampert|Protect
|
|-weather|Sandstorm|[upkeep]
|-damage|p2a: Gengar|94/100|[from] Sandstorm
|-heal|p2a: Gengar|100/100|[from] item: Leftovers
|-heal|p1a: Swampert|94/100|[from] item: Leftovers
|upkeep
|turn|23
|
|t:|1728493847
|move|p2a: Gengar|Hidden Power|p1a: Swampert
|-supereffective|p1a: Swampert
|-damage|p1a: Swampert|2/100
|move|p1a: Swampert|Surf|p2a: Gengar
|-damage|p2a: Gengar|28/100
|
|-weather|Sandstorm|[upkeep]
|-damage|p2a: Gengar|22/100|[from] Sandstorm
|-heal|p2a: Gengar|28/100|[from] item: Leftovers
|-heal|p1a: Swampert|9/100|[from] item: Leftovers
|upkeep
|turn|24
|
|t:|1728493853
|move|p1a: Swampert|Protect|p1a: Swampert
|-singleturn|p1a: Swampert|Protect
|move|p2a: Gengar|Hidden Power|p1a: Swampert
|-activate|p1a: Swampert|Protect
|
|-weather|Sandstorm|[upkeep]
|-damage|p2a: Gengar|22/100|[from] Sandstorm
|-heal|p2a: Gengar|28/100|[from] item: Leftovers
|-heal|p1a: Swampert|15/100|[from] item: Leftovers
|upkeep
|turn|25
|
|t:|1728493858
|switch|p1a: Tyranitar|Tyranitar, M|100/100
|-damage|p1a: Tyranitar|88/100|[from] Spikes
|move|p2a: Gengar|Hidden Power|p1a: Tyranitar
|-supereffective|p1a: Tyranitar
|-damage|p1a: Tyranitar|52/100
|
|-weather|Sandstorm|[upkeep]
|-damage|p2a: Gengar|22/100|[from] Sandstorm
|-heal|p2a: Gengar|28/100|[from] item: Leftovers
|-heal|p1a: Tyranitar|58/100|[from] item: Leftovers
|upkeep
|turn|26
|
|t:|1728493871
|-activate|p2a: Gengar|move: Pursuit
|move|p1a: Tyranitar|Pursuit|p2a: Gengar|[from]Pursuit
|-supereffective|p2a: Gengar
|-damage|p2a: Gengar|0 fnt
|faint|p2a: Gengar
|-hint|Previously chosen switches continue in Gen 2-4 after a Pursuit target faints.
|switch|p2a: Flygon|Flygon, F|100/100
|
|-weather|Sandstorm|[upkeep]
|-heal|p1a: Tyranitar|64/100|[from] item: Leftovers
|upkeep
|turn|27
|
|t:|1728493882
|switch|p1a: Skarmory|Skarmory, F|55/100
|move|p2a: Flygon|Rock Slide|p1a: Skarmory
|-damage|p1a: Skarmory|42/100
|
|-weather|Sandstorm|[upkeep]
|-heal|p1a: Skarmory|48/100|[from] item: Leftovers
|upkeep
|turn|28
|
|t:|1728493889
|switch|p2a: Zapdos|Zapdos|88/100
|move|p1a: Skarmory|Toxic|p2a: Zapdos
|-status|p2a: Zapdos|tox
|
|-weather|Sandstorm|[upkeep]
|-damage|p2a: Zapdos|82/100 tox|[from] Sandstorm
|-heal|p2a: Zapdos|88/100 tox|[from] item: Leftovers
|-damage|p2a: Zapdos|82/100 tox|[from] psn
|-heal|p1a: Skarmory|54/100|[from] item: Leftovers
|upkeep
|turn|29
|
|t:|1728493897
|move|p1a: Skarmory|Protect|p1a: Skarmory
|-singleturn|p1a: Skarmory|Protect
|move|p2a: Zapdos|Baton Pass|p2a: Zapdos
|
|t:|1728493902
|switch|p2a: Tyranitar|Tyranitar, F|72/100 tox|[from] Baton Pass
|-damage|p2a: Tyranitar|55/100 tox|[from] Spikes
|
|-weather|Sandstorm|[upkeep]
|-heal|p1a: Skarmory|60/100|[from] item: Leftovers
|-heal|p2a: Tyranitar|62/100 tox|[from] item: Leftovers
|-damage|p2a: Tyranitar|55/100 tox|[from] psn
|upkeep
|turn|30
|
|t:|1728493912
|move|p1a: Skarmory|Protect|p1a: Skarmory
|-singleturn|p1a: Skarmory|Protect
|move|p2a: Tyranitar|Fire Blast|p1a: Skarmory
|-activate|p1a: Skarmory|Protect
|
|-weather|Sandstorm|[upkeep]
|-heal|p1a: Skarmory|66/100|[from] item: Leftovers
|-heal|p2a: Tyranitar|62/100 tox|[from] item: Leftovers
|-damage|p2a: Tyranitar|49/100 tox|[from] psn
|upkeep
|turn|31
|
|t:|1728493926
|switch|p1a: Tyranitar|Tyranitar, M|64/100
|-damage|p1a: Tyranitar|52/100|[from] Spikes
|move|p2a: Tyranitar|Fire Blast|p1a: Tyranitar
|-resisted|p1a: Tyranitar
|-damage|p1a: Tyranitar|35/100
|-status|p1a: Tyranitar|brn
|
|-weather|Sandstorm|[upkeep]
|-heal|p2a: Tyranitar|55/100 tox|[from] item: Leftovers
|-damage|p2a: Tyranitar|37/100 tox|[from] psn
|-heal|p1a: Tyranitar|42/100 brn|[from] item: Leftovers
|-damage|p1a: Tyranitar|29/100 brn|[from] brn
|upkeep
|turn|32
|
|t:|1728493936
|switch|p2a: Flygon|Flygon, F|100/100
|move|p1a: Tyranitar|Hidden Power|p2a: Flygon
|-damage|p2a: Flygon|78/100
|
|-weather|Sandstorm|[upkeep]
|-heal|p2a: Flygon|84/100|[from] item: Leftovers
|-heal|p1a: Tyranitar|35/100 brn|[from] item: Leftovers
|-damage|p1a: Tyranitar|23/100 brn|[from] brn
|upkeep
|turn|33
|
|t:|1728493953
|-activate|p2a: Flygon|move: Pursuit
|move|p1a: Tyranitar|Pursuit|p2a: Flygon|[from]Pursuit
|-damage|p2a: Flygon|46/100
|switch|p2a: Aerodactyl|Aerodactyl, F|100/100
|
|-weather|Sandstorm|[upkeep]
|-heal|p1a: Tyranitar|29/100 brn|[from] item: Leftovers
|-damage|p1a: Tyranitar|17/100 brn|[from] brn
|upkeep
|turn|34
|
|t:|1728493963
|move|p2a: Aerodactyl|Rock Slide|p1a: Tyranitar
|-damage|p1a: Tyranitar|0 fnt
|faint|p1a: Tyranitar
|
|t:|1728493969
|switch|p1a: Magneton|Magneton|100/100
|-damage|p1a: Magneton|88/100|[from] Spikes
|
|-weather|Sandstorm|[upkeep]
|-heal|p1a: Magneton|94/100|[from] item: Leftovers
|upkeep
|turn|35
|
|t:|1728493980
|switch|p2a: Flygon|Flygon, F|46/100
|move|p1a: Magneton|Toxic|p2a: Flygon|[miss]
|-miss|p1a: Magneton|p2a: Flygon
|
|-weather|Sandstorm|[upkeep]
|-heal|p2a: Flygon|52/100|[from] item: Leftovers
|-heal|p1a: Magneton|100/100|[from] item: Leftovers
|upkeep
|turn|36
|
|t:|1728493987
|switch|p1a: Skarmory|Skarmory, F|66/100
|move|p2a: Flygon|Earthquake|p1a: Skarmory
|-immune|p1a: Skarmory
|
|-weather|Sandstorm|[upkeep]
|-heal|p2a: Flygon|58/100|[from] item: Leftovers
|-heal|p1a: Skarmory|72/100|[from] item: Leftovers
|upkeep
|turn|37
|
|t:|1728494004
|move|p2a: Flygon|Protect|p2a: Flygon
|-singleturn|p2a: Flygon|Protect
|move|p1a: Skarmory|Spikes|p2a: Flygon
|-sidestart|p2: LTG|Spikes
|
|-weather|Sandstorm|[upkeep]
|-heal|p2a: Flygon|64/100|[from] item: Leftovers
|-heal|p1a: Skarmory|78/100|[from] item: Leftovers
|upkeep
|turn|38
|
|t:|1728494014
|switch|p2a: Skarmory|Skarmory, F|24/100
|move|p1a: Skarmory|Toxic|p2a: Skarmory
|-immune|p2a: Skarmory
|
|-weather|Sandstorm|[upkeep]
|-heal|p1a: Skarmory|84/100|[from] item: Leftovers
|-heal|p2a: Skarmory|30/100|[from] item: Leftovers
|upkeep
|turn|39
|
|t:|1728494022
|switch|p1a: Magneton|Magneton|100/100
|-damage|p1a: Magneton|88/100|[from] Spikes
|switch|p2a: Flygon|Flygon, F|64/100
|
|-weather|Sandstorm|[upkeep]
|-heal|p2a: Flygon|70/100|[from] item: Leftovers
|-heal|p1a: Magneton|94/100|[from] item: Leftovers
|upkeep
|turn|40
|
|t:|1728494029
|move|p2a: Flygon|Earthquake|p1a: Magneton
|-supereffective|p1a: Magneton
|-damage|p1a: Magneton|0 fnt
|faint|p1a: Magneton
|
|t:|1728494034
|switch|p1a: Celebi|Celebi|25/100
|-damage|p1a: Celebi|13/100|[from] Spikes
|
|-weather|Sandstorm|[upkeep]
|-damage|p1a: Celebi|7/100|[from] Sandstorm
|-heal|p1a: Celebi|13/100|[from] item: Leftovers
|-heal|p2a: Flygon|76/100|[from] item: Leftovers
|upkeep
|turn|41
|
|t:|1728494040
|move|p1a: Celebi|Recover|p1a: Celebi
|-heal|p1a: Celebi|63/100
|move|p2a: Flygon|Rock Slide|p1a: Celebi
|-damage|p1a: Celebi|49/100
|
|-weather|Sandstorm|[upkeep]
|-damage|p1a: Celebi|42/100|[from] Sandstorm
|-heal|p1a: Celebi|49/100|[from] item: Leftovers
|-heal|p2a: Flygon|82/100|[from] item: Leftovers
|upkeep
|turn|42
|
|t:|1728494046
|move|p1a: Celebi|Light Screen|p1a: Celebi
|-sidestart|p1: Apostic|Light Screen
|move|p2a: Flygon|Toxic|p1a: Celebi
|-status|p1a: Celebi|tox
|
|-weather|Sandstorm|[upkeep]
|-damage|p1a: Celebi|42/100 tox|[from] Sandstorm
|-heal|p1a: Celebi|49/100 tox|[from] item: Leftovers
|-damage|p1a: Celebi|42/100 tox|[from] psn
|-heal|p2a: Flygon|88/100|[from] item: Leftovers
|upkeep
|turn|43
|
|t:|1728494057
|move|p2a: Flygon|Protect|p2a: Flygon
|-singleturn|p2a: Flygon|Protect
|move|p1a: Celebi|Leech Seed|p2a: Flygon
|-activate|p2a: Flygon|Protect
|
|-weather|Sandstorm|[upkeep]
|-damage|p1a: Celebi|36/100 tox|[from] Sandstorm
|-heal|p1a: Celebi|42/100 tox|[from] item: Leftovers
|-damage|p1a: Celebi|30/100 tox|[from] psn
|-heal|p2a: Flygon|94/100|[from] item: Leftovers
|upkeep
|turn|44
|
|t:|1728494066
|move|p1a: Celebi|Recover|p1a: Celebi
|-heal|p1a: Celebi|80/100 tox
|move|p2a: Flygon|Rock Slide|p1a: Celebi
|-damage|p1a: Celebi|66/100 tox
|
|-weather|Sandstorm|[upkeep]
|-damage|p1a: Celebi|60/100 tox|[from] Sandstorm
|-heal|p1a: Celebi|66/100 tox|[from] item: Leftovers
|-damage|p1a: Celebi|48/100 tox|[from] psn
|-heal|p2a: Flygon|100/100|[from] item: Leftovers
|upkeep
|turn|45
|
|t:|1728494071
|-curestatus|p1a: Celebi|tox|[from] ability: Natural Cure
|switch|p1a: Swampert|Swampert, F|15/100
|-damage|p1a: Swampert|2/100|[from] Spikes
|move|p2a: Flygon|Rock Slide|p1a: Swampert
|-resisted|p1a: Swampert
|-damage|p1a: Swampert|0 fnt
|faint|p1a: Swampert
|
|t:|1728494077
|switch|p1a: Celebi|Celebi|48/100
|-damage|p1a: Celebi|35/100|[from] Spikes
|
|-weather|Sandstorm|[upkeep]
|-damage|p1a: Celebi|29/100|[from] Sandstorm
|-heal|p1a: Celebi|35/100|[from] item: Leftovers
|upkeep
|turn|46
|
|t:|1728494081
|move|p1a: Celebi|Leech Seed|p2a: Flygon
|-start|p2a: Flygon|move: Leech Seed
|move|p2a: Flygon|Toxic|p1a: Celebi
|-status|p1a: Celebi|tox
|
|-sideend|p1: Apostic|Light Screen
|-weather|Sandstorm|[upkeep]
|-damage|p1a: Celebi|29/100 tox|[from] Sandstorm
|-heal|p1a: Celebi|35/100 tox|[from] item: Leftovers
|-damage|p1a: Celebi|29/100 tox|[from] psn
|-damage|p2a: Flygon|88/100|[from] Leech Seed|[of] p1a: Celebi
|-heal|p1a: Celebi|40/100 tox|[silent]
|upkeep
|turn|47
|
|t:|1728494086
|switch|p2a: Aerodactyl|Aerodactyl, F|100/100
|move|p1a: Celebi|Recover|p1a: Celebi
|-heal|p1a: Celebi|90/100 tox
|
|-weather|Sandstorm|[upkeep]
|-damage|p1a: Celebi|84/100 tox|[from] Sandstorm
|-heal|p1a: Celebi|90/100 tox|[from] item: Leftovers
|-damage|p1a: Celebi|78/100 tox|[from] psn
|upkeep
|turn|48
|
|t:|1728494094
|-curestatus|p1a: Celebi|tox|[from] ability: Natural Cure
|switch|p1a: Skarmory|Skarmory, F|84/100
|move|p2a: Aerodactyl|Rock Slide|p1a: Skarmory
|-damage|p1a: Skarmory|48/100
|
|-weather|Sandstorm|[upkeep]
|-heal|p1a: Skarmory|54/100|[from] item: Leftovers
|upkeep
|turn|49
|
|t:|1728494108
|switch|p2a: Skarmory|Skarmory, F|30/100
|move|p1a: Skarmory|Toxic|p2a: Skarmory
|-immune|p2a: Skarmory
|
|-weather|Sandstorm|[upkeep]
|-heal|p1a: Skarmory|60/100|[from] item: Leftovers
|-heal|p2a: Skarmory|36/100|[from] item: Leftovers
|upkeep
|turn|50
|
|t:|1728494112
|move|p2a: Skarmory|Spikes|p1a: Skarmory
|-sidestart|p1: Apostic|Spikes
|move|p1a: Skarmory|Whirlwind|p2a: Skarmory
|drag|p2a: Aerodactyl|Aerodactyl, F|100/100
|
|-weather|Sandstorm|[upkeep]
|-heal|p1a: Skarmory|66/100|[from] item: Leftovers
|upkeep
|turn|51
|
|t:|1728494120
|switch|p2a: Skarmory|Skarmory, F|36/100
|switch|p1a: Celebi|Celebi|78/100
|-damage|p1a: Celebi|61/100|[from] Spikes
|
|-weather|Sandstorm|[upkeep]
|-damage|p1a: Celebi|55/100|[from] Sandstorm
|-heal|p1a: Celebi|61/100|[from] item: Leftovers
|-heal|p2a: Skarmory|42/100|[from] item: Leftovers
|upkeep
|turn|52
|
|t:|1728494125
|move|p1a: Celebi|Leech Seed|p2a: Skarmory
|-start|p2a: Skarmory|move: Leech Seed
|move|p2a: Skarmory|Toxic|p1a: Celebi
|-status|p1a: Celebi|tox
|
|-weather|Sandstorm|[upkeep]
|-damage|p1a: Celebi|55/100 tox|[from] Sandstorm
|-heal|p1a: Celebi|61/100 tox|[from] item: Leftovers
|-damage|p1a: Celebi|55/100 tox|[from] psn
|-heal|p2a: Skarmory|48/100|[from] item: Leftovers
|-damage|p2a: Skarmory|36/100|[from] Leech Seed|[of] p1a: Celebi
|-heal|p1a: Celebi|65/100 tox|[silent]
|upkeep
|turn|53
|
|t:|1728494132
|switch|p2a: Aerodactyl|Aerodactyl, F|100/100
|move|p1a: Celebi|Hidden Power|p2a: Aerodactyl
|-damage|p2a: Aerodactyl|66/100
|
|-weather|Sandstorm|[upkeep]
|-damage|p1a: Celebi|59/100 tox|[from] Sandstorm
|-heal|p1a: Celebi|65/100 tox|[from] item: Leftovers
|-damage|p1a: Celebi|53/100 tox|[from] psn
|upkeep
|turn|54
|
|t:|1728494137
|move|p2a: Aerodactyl|Rock Slide|p1a: Celebi
|-damage|p1a: Celebi|13/100 tox
|move|p1a: Celebi|Hidden Power|p2a: Aerodactyl
|-damage|p2a: Aerodactyl|28/100
|
|-weather|Sandstorm|[upkeep]
|-damage|p1a: Celebi|7/100 tox|[from] Sandstorm
|-heal|p1a: Celebi|13/100 tox|[from] item: Leftovers
|-damage|p1a: Celebi|0 fnt|[from] psn
|faint|p1a: Celebi
|upkeep
|
|t:|1728494142
|switch|p1a: Skarmory|Skarmory, F|66/100
|turn|55
|
|t:|1728494148
|switch|p2a: Skarmory|Skarmory, F|36/100
|move|p1a: Skarmory|Toxic|p2a: Skarmory|[miss]
|-miss|p1a: Skarmory|p2a: Skarmory
|
|-weather|Sandstorm|[upkeep]
|-heal|p1a: Skarmory|72/100|[from] item: Leftovers
|-heal|p2a: Skarmory|42/100|[from] item: Leftovers
|upkeep
|turn|56
|c|☆Apostic|gg
|c|☆LTG|gg
|-message|Apostic forfeited.
|
|win|LTG

</script>
<script type="application/json" class="data" id="replaydata-smogtours-gen3ou-796664">
{"id":"smogtours-gen3ou-796664","format":"[Gen 3] OU","players":["Apostic","LTG"],"uploadtime":1728494156,"views":142,"formatid":"gen3ou","rating":null,"private":0,"password":null}
</script>

<script defer src="js/replays.js?9d40a366"></script>
