<!DOCTYPE html>
<meta charset="utf-8" />
<meta name="viewport" content="width=device-width" />

<title>[Gen 3] OU: smokingrocks vs. 4lowrey - Replays - Pok&eacute;mon Showdown!</title>

<meta name="description" content="Watch a replay of a Pok&eacute;mon battle between smokingrocks and 4lowrey! Format: [Gen 3] OU; Date: Oct 9, 2024" />
<!--

Hey, you! Looking in the source for the replay log?

You can find them in JSON format, just add `.json` at the end of a replay URL.

https://replay.pokemonshowdown.com/gen7randomdoublesbattle-865046831.json

Or, if you only need the log itself, add `.log` instead:

https://replay.pokemonshowdown.com/gen7randomdoublesbattle-865046831.log

-->

<link rel="stylesheet" href="//pokemonshowdown.com/style/global.css?0.023195364461161105" />
<link rel="stylesheet" href="//play.pokemonshowdown.com/style/font-awesome.css?0.13261647063804238" />
<link rel="stylesheet" href="//play.pokemonshowdown.com/style/battle.css?0.8753245789963631" />
<link rel="stylesheet" href="//play.pokemonshowdown.com/style/utilichart.css?0.8627959624976733" />

<!-- Global site tag (gtag.js) - Google Analytics -->
<script async src="https://www.googletagmanager.com/gtag/js?id=UA-26211653-1"></script>
<script>
  window.dataLayer = window.dataLayer || [];
  function gtag(){dataLayer.push(arguments);}
  gtag('js', new Date());

  gtag('config', 'UA-26211653-1');
</script>
<!-- End Google Analytics -->
<!-- Venatus Ad Manager - Install in <HEAD> of page -->
	<script src="https://hb.vntsm.com/v3/live/ad-manager.min.js" type="text/javascript" data-site-id="642aba63ec9a7b11c3c9c1be" data-mode="scan" async></script>
<!-- / Venatus Ad Manager -->

<style>
	@media (max-width:820px) {
		.battle {
			margin: 0 auto;
		}
		.battle-log {
			margin: 7px auto 0;
			max-width: 640px;
			height: 300px;
			position: static;
		}
	}
	.optgroup {
		display: inline-block;
		line-height: 22px;
		font-size: 10pt;
	}
	.optgroup .button {
		height: 25px;
		padding-top: 0;
		padding-bottom: 0;
	}
	.optgroup button.button {
		padding-left: 12px;
		padding-right: 12px;
	}
	.linklist {
		list-style: none;
		margin: 0.5em 0;
		padding: 0;
	}
	.linklist li {
		padding: 2px 0;
	}
	.sidebar {
		float: left;
		width: 320px;
	}
	.bar-wrapper {
		max-width: 1100px;
		margin: 0 auto;
	}
	.bar-wrapper.has-sidebar {
		max-width: 1430px;
	}
	.mainbar {
		margin: 0;
		padding-right: 1px;
	}
	.mainbar.has-sidebar {
		margin-left: 330px;
	}
	@media (min-width: 1511px) {
		.sidebar {
			width: 400px;
		}
		.bar-wrapper.has-sidebar {
			max-width: 1510px;
		}
		.mainbar.has-sidebar {
			margin-left: 410px;
		}
	}
	.section.first-section {
		margin-top: 9px;
	}
	.blocklink small {
		white-space: normal;
	}
	.button {
		vertical-align: middle;
	}
	.replay-controls {
		padding-top: 10px;
	}
	.replay-controls h1 {
		font-size: 16pt;
		font-weight: normal;
		color: #CCC;
	}
	.pagelink {
		text-align: center;
	}
	.pagelink a {
		width: 150px;
	}
	.textbox, .button {
		font-size: 11pt;
		vertical-align: middle;
	}
	@media (max-width: 450px) {
		.button {
			font-size: 9pt;
		}
	}
</style>

<div>

	<header>
		<div class="nav-wrapper"><ul class="nav">
			<li><a class="button nav-first" href="//pokemonshowdown.com/"><img src="//pokemonshowdown.com/images/pokemonshowdownbeta.png" srcset="//pokemonshowdown.com/images/pokemonshowdownbeta.png 1x, //pokemonshowdown.com/images/pokemonshowdownbeta@2x.png 2x" alt="Pok&eacute;mon Showdown" width="146" height="44" /> Home</a></li>
			<li><a class="button" href="//pokemonshowdown.com/dex/">Pok&eacute;dex</a></li>
			<li><a class="button cur" href="/">Replays</a></li>
			<li><a class="button" href="//pokemonshowdown.com/ladder/">Ladder</a></li>
			<li><a class="button nav-last" href="//pokemonshowdown.com/forums/">Forum</a></li>
			<li><a class="button greenbutton nav-first nav-last" href="//play.pokemonshowdown.com/">Play</a></li>
		</ul></div>
	</header>

	<div class="main" id="main">

		<noscript><section class="section">You need to enable JavaScript to use this page; sorry!</section></noscript>

	</div>

</div>

<script defer nomodule src="//play.pokemonshowdown.com/js/lib/ps-polyfill.js"></script>
<script defer src="//play.pokemonshowdown.com/js/lib/preact.min.js"></script>

<script defer src="//play.pokemonshowdown.com/config/config.js?2bddbc15"></script>
<script defer src="//play.pokemonshowdown.com/js/lib/jquery-1.11.0.min.js"></script>
<script defer src="//play.pokemonshowdown.com/js/lib/html-sanitizer-minified.js"></script>
<script defer src="//play.pokemonshowdown.com/js/battle-sound.js"></script>
<script defer src="//play.pokemonshowdown.com/js/battledata.js?0.7209276989879541"></script>
<script defer src="//play.pokemonshowdown.com/data/pokedex-mini.js?0.6111056340867951"></script>
<script defer src="//play.pokemonshowdown.com/data/pokedex-mini-bw.js?0.3532142036491459"></script>
<script defer src="//play.pokemonshowdown.com/data/graphics.js?0.24223875632456182"></script>
<script defer src="//play.pokemonshowdown.com/data/pokedex.js?0.38839984266356864"></script>
<script defer src="//play.pokemonshowdown.com/data/moves.js?0.21866028504024015"></script>
<script defer src="//play.pokemonshowdown.com/data/abilities.js?0.2005157953846628"></script>
<script defer src="//play.pokemonshowdown.com/data/items.js?0.9894211263848525"></script>
<script defer src="//play.pokemonshowdown.com/data/teambuilder-tables.js?0.6008791140282215"></script>
<script defer src="//play.pokemonshowdown.com/js/battle-tooltips.js?0.7580118955022959"></script>
<script defer src="//play.pokemonshowdown.com/js/battle.js?0.6057722274234274"></script>

<script defer src="js/utils.js?e31f9a17"></script>
<script defer src="js/replays-battle.js?7008c182"></script>

<!-- don't scrape this data! just add .json or .log after the URL!
Full API docs: https://github.com/smogon/pokemon-showdown-client/blob/master/WEB-API.md -->
<script type="text/plain" class="log" id="replaylog-smogtours-gen3ou-796642">
|inactive|Battle timer is ON: inactive players will automatically lose when time's up.
|t:|1728489836
|gametype|singles
|player|p1|smokingrocks|youngster|
|player|p2|4lowrey|veteranf|
|teamsize|p1|6
|teamsize|p2|6
|gen|3
|tier|[Gen 3] OU
|rule|Sleep Clause Mod: Limit one foe put to sleep
|rule|Switch Priority Clause Mod: Faster Pokémon switch first
|rule|Species Clause: Limit one of each Pokémon
|rule|OHKO Clause: OHKO moves are banned
|rule|Evasion Items Clause: Evasion items are banned
|rule|Evasion Moves Clause: Evasion moves are banned
|rule|Endless Battle Clause: Forcing endless battles is banned
|rule|HP Percentage Mod: HP is shown in percentages
|rule|One Boost Passer Clause: Limit one Baton Passer that has a way to boost its stats
|rule|Freeze Clause Mod: Limit one foe frozen
|
|t:|1728489836
|start
|switch|p1a: Registeel|Registeel|100/100
|switch|p2a: Tyranitar|Tyranitar, M|100/100
|-weather|Sandstorm|[from] ability: Sand Stream|[of] p2a: Tyranitar
|turn|1
|c|☆smokingrocks|gl hf
|c|☆4lowrey|u 2!
|inactive|4lowrey has 270 seconds left.
|
|t:|1728489871
|switch|p2a: Skarmory|Skarmory, F|100/100
|move|p1a: Registeel|Superpower|p2a: Skarmory
|-damage|p2a: Skarmory|76/100
|-unboost|p1a: Registeel|atk|1
|-unboost|p1a: Registeel|def|1
|
|-weather|Sandstorm|[upkeep]
|-heal|p2a: Skarmory|82/100|[from] item: Leftovers
|upkeep
|turn|2
|
|t:|1728489876
|move|p2a: Skarmory|Spikes|p1a: Registeel
|-sidestart|p1: smokingrocks|Spikes
|move|p1a: Registeel|Thunderbolt|p2a: Skarmory
|-supereffective|p2a: Skarmory
|-damage|p2a: Skarmory|41/100
|
|-weather|Sandstorm|[upkeep]
|-heal|p2a: Skarmory|47/100|[from] item: Leftovers
|upkeep
|turn|3
|
|t:|1728489883
|move|p2a: Skarmory|Protect|p2a: Skarmory
|-singleturn|p2a: Skarmory|Protect
|move|p1a: Registeel|Thunderbolt|p2a: Skarmory
|-activate|p2a: Skarmory|Protect
|
|-weather|Sandstorm|[upkeep]
|-heal|p2a: Skarmory|53/100|[from] item: Leftovers
|upkeep
|turn|4
|
|t:|1728489892
|switch|p2a: Swampert|Swampert, M|100/100
|switch|p1a: Claydol|Claydol|100/100
|
|-weather|Sandstorm|[upkeep]
|upkeep
|turn|5
|
|t:|1728489901
|move|p1a: Claydol|Rapid Spin|p2a: Swampert
|-damage|p2a: Swampert|96/100
|-sideend|p1: smokingrocks|Spikes|[from] move: Rapid Spin|[of] p1a: Claydol
|move|p2a: Swampert|Hydro Pump|p1a: Claydol
|-supereffective|p1a: Claydol
|-damage|p1a: Claydol|18/100
|
|-weather|Sandstorm|[upkeep]
|-heal|p1a: Claydol|25/100|[from] item: Leftovers
|-heal|p2a: Swampert|100/100|[from] item: Leftovers
|upkeep
|turn|6
|
|t:|1728489923
|switch|p1a: Zapdos|Zapdos|100/100
|switch|p2a: Tyranitar|Tyranitar, M|100/100
|
|-weather|Sandstorm|[upkeep]
|-damage|p1a: Zapdos|94/100|[from] Sandstorm
|-heal|p1a: Zapdos|100/100|[from] item: Leftovers
|upkeep
|turn|7
|inactive|4lowrey has 270 seconds left.
|
|t:|1728489944
|switch|p1a: Poliwrath|Poliwrath, F|100/100
|switch|p2a: Blissey|Blissey, F|100/100
|
|-weather|Sandstorm|[upkeep]
|-damage|p1a: Poliwrath|94/100|[from] Sandstorm
|-damage|p2a: Blissey|94/100|[from] Sandstorm
|-heal|p1a: Poliwrath|100/100|[from] item: Leftovers
|-heal|p2a: Blissey|100/100|[from] item: Leftovers
|upkeep
|turn|8
|
|t:|1728489950
|switch|p2a: Gengar|Gengar, F|100/100
|move|p1a: Poliwrath|Brick Break|p2a: Gengar
|-immune|p2a: Gengar
|
|-weather|Sandstorm|[upkeep]
|-damage|p2a: Gengar|95/100|[from] Sandstorm
|-damage|p1a: Poliwrath|94/100|[from] Sandstorm
|-heal|p2a: Gengar|100/100|[from] item: Leftovers
|-heal|p1a: Poliwrath|100/100|[from] item: Leftovers
|upkeep
|turn|9
|
|t:|1728489960
|switch|p1a: Tyranitar|Tyranitar, F|100/100
|move|p2a: Gengar|Thunderbolt|p1a: Tyranitar
|-damage|p1a: Tyranitar|76/100
|
|-weather|Sandstorm|[upkeep]
|-damage|p2a: Gengar|95/100|[from] Sandstorm
|-heal|p2a: Gengar|100/100|[from] item: Leftovers
|-heal|p1a: Tyranitar|82/100|[from] item: Leftovers
|upkeep
|turn|10
|
|t:|1728489971
|-activate|p2a: Gengar|move: Pursuit
|move|p1a: Tyranitar|Pursuit|p2a: Gengar|[from]Pursuit
|-supereffective|p2a: Gengar
|-damage|p2a: Gengar|15/100
|switch|p2a: Swampert|Swampert, M|100/100
|
|-weather|Sandstorm|[upkeep]
|-heal|p1a: Tyranitar|89/100|[from] item: Leftovers
|upkeep
|turn|11
|
|t:|1728489995
|switch|p1a: Poliwrath|Poliwrath, F|100/100
|move|p2a: Swampert|Hydro Pump|p1a: Poliwrath|[miss]
|-miss|p2a: Swampert|p1a: Poliwrath
|
|-weather|Sandstorm|[upkeep]
|-damage|p1a: Poliwrath|94/100|[from] Sandstorm
|-heal|p1a: Poliwrath|100/100|[from] item: Leftovers
|upkeep
|turn|12
|
|t:|1728490004
|switch|p1a: Zapdos|Zapdos|100/100
|switch|p2a: Zapdos|Zapdos|100/100
|
|-weather|Sandstorm|[upkeep]
|-damage|p2a: Zapdos|94/100|[from] Sandstorm
|-damage|p1a: Zapdos|94/100|[from] Sandstorm
|-heal|p2a: Zapdos|100/100|[from] item: Leftovers
|-heal|p1a: Zapdos|100/100|[from] item: Leftovers
|upkeep
|turn|13
|
|t:|1728490013
|switch|p1a: Camerupt|Camerupt, M|100/100
|move|p2a: Zapdos|Toxic|p1a: Camerupt|[miss]
|-miss|p2a: Zapdos|p1a: Camerupt
|
|-weather|Sandstorm|[upkeep]
|-damage|p2a: Zapdos|94/100|[from] Sandstorm
|-heal|p2a: Zapdos|100/100|[from] item: Leftovers
|upkeep
|turn|14
|
|t:|1728490026
|move|p2a: Zapdos|Protect|p2a: Zapdos
|-singleturn|p2a: Zapdos|Protect
|move|p1a: Camerupt|Toxic|p2a: Zapdos
|-activate|p2a: Zapdos|Protect
|
|-weather|Sandstorm|[upkeep]
|-damage|p2a: Zapdos|94/100|[from] Sandstorm
|-heal|p2a: Zapdos|100/100|[from] item: Leftovers
|upkeep
|turn|15
|
|t:|1728490056
|switch|p2a: Swampert|Swampert, M|100/100
|move|p1a: Camerupt|Toxic|p2a: Swampert|[miss]
|-miss|p1a: Camerupt|p2a: Swampert
|
|-weather|Sandstorm|[upkeep]
|upkeep
|turn|16
|
|t:|1728490069
|switch|p1a: Poliwrath|Poliwrath, F|100/100
|move|p2a: Swampert|Hydro Pump|p1a: Poliwrath
|-immune|p1a: Poliwrath|[from] ability: Water Absorb
|
|-weather|Sandstorm|[upkeep]
|-damage|p1a: Poliwrath|94/100|[from] Sandstorm
|-heal|p1a: Poliwrath|100/100|[from] item: Leftovers
|upkeep
|turn|17
|
|t:|1728490080
|switch|p1a: Zapdos|Zapdos|100/100
|switch|p2a: Zapdos|Zapdos|100/100
|
|-weather|Sandstorm|[upkeep]
|-damage|p2a: Zapdos|94/100|[from] Sandstorm
|-damage|p1a: Zapdos|94/100|[from] Sandstorm
|-heal|p2a: Zapdos|100/100|[from] item: Leftovers
|-heal|p1a: Zapdos|100/100|[from] item: Leftovers
|upkeep
|turn|18
|
|t:|1728490089
|switch|p1a: Registeel|Registeel|100/100
|move|p2a: Zapdos|Toxic|p1a: Registeel
|-immune|p1a: Registeel
|
|-weather|Sandstorm|[upkeep]
|-damage|p2a: Zapdos|94/100|[from] Sandstorm
|-heal|p2a: Zapdos|100/100|[from] item: Leftovers
|upkeep
|turn|19
|
|t:|1728490096
|move|p2a: Zapdos|Protect|p2a: Zapdos
|-singleturn|p2a: Zapdos|Protect
|move|p1a: Registeel|Ice Punch|p2a: Zapdos
|-activate|p2a: Zapdos|Protect
|
|-weather|Sandstorm|[upkeep]
|-damage|p2a: Zapdos|94/100|[from] Sandstorm
|-heal|p2a: Zapdos|100/100|[from] item: Leftovers
|upkeep
|turn|20
|
|t:|1728490116
|switch|p2a: Swampert|Swampert, M|100/100
|move|p1a: Registeel|Ice Punch|p2a: Swampert
|-damage|p2a: Swampert|84/100
|
|-weather|Sandstorm|[upkeep]
|-heal|p2a: Swampert|90/100|[from] item: Leftovers
|upkeep
|turn|21
|
|t:|1728490135
|move|p2a: Swampert|Earthquake|p1a: Registeel
|-supereffective|p1a: Registeel
|-damage|p1a: Registeel|43/100
|move|p1a: Registeel|Counter|p2a: Swampert
|-damage|p2a: Swampert|1/100
|
|-weather|Sandstorm|[upkeep]
|-heal|p2a: Swampert|7/100|[from] item: Leftovers
|-heal|p1a: Registeel|49/100|[from] item: Leftovers
|upkeep
|turn|22
|inactive|smokingrocks has 270 seconds left.
|
|t:|1728490161
|switch|p1a: Zapdos|Zapdos|100/100
|move|p2a: Swampert|Earthquake|p1a: Zapdos
|-immune|p1a: Zapdos
|
|-weather|Sandstorm|[upkeep]
|-damage|p1a: Zapdos|94/100|[from] Sandstorm
|-heal|p1a: Zapdos|100/100|[from] item: Leftovers
|-heal|p2a: Swampert|14/100|[from] item: Leftovers
|upkeep
|turn|23
|inactive|smokingrocks has 270 seconds left.
|
|t:|1728490172
|switch|p2a: Blissey|Blissey, F|100/100
|move|p1a: Zapdos|Drill Peck|p2a: Blissey
|-damage|p2a: Blissey|69/100
|
|-weather|Sandstorm|[upkeep]
|-damage|p1a: Zapdos|94/100|[from] Sandstorm
|-damage|p2a: Blissey|63/100|[from] Sandstorm
|-heal|p1a: Zapdos|100/100|[from] item: Leftovers
|-heal|p2a: Blissey|69/100|[from] item: Leftovers
|upkeep
|turn|24
|inactive|smokingrocks has 270 seconds left.
|
|t:|1728490196
|switch|p1a: Poliwrath|Poliwrath, F|100/100
|switch|p2a: Zapdos|Zapdos|100/100
|
|-weather|Sandstorm|[upkeep]
|-damage|p2a: Zapdos|94/100|[from] Sandstorm
|-damage|p1a: Poliwrath|94/100|[from] Sandstorm
|-heal|p2a: Zapdos|100/100|[from] item: Leftovers
|-heal|p1a: Poliwrath|100/100|[from] item: Leftovers
|upkeep
|turn|25
|
|t:|1728490205
|switch|p1a: Camerupt|Camerupt, M|100/100
|move|p2a: Zapdos|Toxic|p1a: Camerupt
|-status|p1a: Camerupt|tox
|
|-weather|Sandstorm|[upkeep]
|-damage|p2a: Zapdos|94/100|[from] Sandstorm
|-heal|p2a: Zapdos|100/100|[from] item: Leftovers
|-damage|p1a: Camerupt|94/100 tox|[from] psn
|upkeep
|turn|26
|inactive|smokingrocks has 270 seconds left.
|
|t:|1728490229
|switch|p1a: Registeel|Registeel|49/100
|move|p2a: Zapdos|Protect||[still]
|-fail|p2a: Zapdos
|
|-weather|Sandstorm|[upkeep]
|-damage|p2a: Zapdos|94/100|[from] Sandstorm
|-heal|p2a: Zapdos|100/100|[from] item: Leftovers
|-heal|p1a: Registeel|55/100|[from] item: Leftovers
|upkeep
|turn|27
|
|t:|1728490235
|move|p2a: Zapdos|Thunderbolt|p1a: Registeel
|-damage|p1a: Registeel|13/100
|move|p1a: Registeel|Ice Punch|p2a: Zapdos
|-supereffective|p2a: Zapdos
|-damage|p2a: Zapdos|56/100
|
|-weather|Sandstorm|[upkeep]
|-damage|p2a: Zapdos|50/100|[from] Sandstorm
|-heal|p2a: Zapdos|56/100|[from] item: Leftovers
|-heal|p1a: Registeel|19/100|[from] item: Leftovers
|upkeep
|turn|28
|
|t:|1728490260
|move|p2a: Zapdos|Thunderbolt|p1a: Registeel
|-damage|p1a: Registeel|0 fnt
|faint|p1a: Registeel
|
|t:|1728490267
|switch|p1a: Tyranitar|Tyranitar, F|89/100
|
|-weather|Sandstorm|[upkeep]
|-damage|p2a: Zapdos|50/100|[from] Sandstorm
|-heal|p2a: Zapdos|56/100|[from] item: Leftovers
|-heal|p1a: Tyranitar|95/100|[from] item: Leftovers
|upkeep
|turn|29
|
|t:|1728490287
|switch|p2a: Tyranitar|Tyranitar, M|100/100
|move|p1a: Tyranitar|Ice Beam|p2a: Tyranitar
|-damage|p2a: Tyranitar|75/100
|
|-weather|Sandstorm|[upkeep]
|-heal|p2a: Tyranitar|81/100|[from] item: Leftovers
|-heal|p1a: Tyranitar|100/100|[from] item: Leftovers
|upkeep
|turn|30
|inactive|4lowrey has 270 seconds left.
|
|t:|1728490316
|switch|p2a: Skarmory|Skarmory, F|53/100
|switch|p1a: Poliwrath|Poliwrath, F|100/100
|
|-weather|Sandstorm|[upkeep]
|-damage|p1a: Poliwrath|94/100|[from] Sandstorm
|-heal|p2a: Skarmory|59/100|[from] item: Leftovers
|-heal|p1a: Poliwrath|100/100|[from] item: Leftovers
|upkeep
|turn|31
|
|t:|1728490333
|move|p2a: Skarmory|Spikes|p1a: Poliwrath
|-sidestart|p1: smokingrocks|Spikes
|move|p1a: Poliwrath|Hydro Pump|p2a: Skarmory
|-damage|p2a: Skarmory|24/100
|
|-weather|Sandstorm|[upkeep]
|-damage|p1a: Poliwrath|94/100|[from] Sandstorm
|-heal|p2a: Skarmory|30/100|[from] item: Leftovers
|-heal|p1a: Poliwrath|100/100|[from] item: Leftovers
|upkeep
|turn|32
|
|t:|1728490356
|move|p2a: Skarmory|Protect|p2a: Skarmory
|-singleturn|p2a: Skarmory|Protect
|move|p1a: Poliwrath|Brick Break|p2a: Skarmory
|-activate|p2a: Skarmory|Protect
|
|-weather|Sandstorm|[upkeep]
|-damage|p1a: Poliwrath|94/100|[from] Sandstorm
|-heal|p2a: Skarmory|36/100|[from] item: Leftovers
|-heal|p1a: Poliwrath|100/100|[from] item: Leftovers
|upkeep
|turn|33
|inactive|4lowrey has 270 seconds left.
|
|t:|1728490382
|move|p2a: Skarmory|Toxic|p1a: Poliwrath|[miss]
|-miss|p2a: Skarmory|p1a: Poliwrath
|move|p1a: Poliwrath|Hydro Pump|p2a: Skarmory
|-crit|p2a: Skarmory
|-damage|p2a: Skarmory|0 fnt
|faint|p2a: Skarmory
|
|t:|1728490388
|switch|p2a: Zapdos|Zapdos|56/100
|
|-weather|Sandstorm|[upkeep]
|-damage|p2a: Zapdos|50/100|[from] Sandstorm
|-damage|p1a: Poliwrath|94/100|[from] Sandstorm
|-heal|p2a: Zapdos|56/100|[from] item: Leftovers
|-heal|p1a: Poliwrath|100/100|[from] item: Leftovers
|upkeep
|turn|34
|
|t:|1728490404
|switch|p1a: Camerupt|Camerupt, M|94/100 tox
|-damage|p1a: Camerupt|82/100 tox|[from] Spikes
|move|p2a: Zapdos|Thunderbolt|p1a: Camerupt
|-immune|p1a: Camerupt
|
|-weather|Sandstorm|[upkeep]
|-damage|p2a: Zapdos|50/100|[from] Sandstorm
|-heal|p2a: Zapdos|56/100|[from] item: Leftovers
|-heal|p1a: Camerupt|88/100 tox|[from] item: Leftovers
|-damage|p1a: Camerupt|82/100 tox|[from] psn
|upkeep
|turn|35
|
|t:|1728490424
|move|p2a: Zapdos|Protect|p2a: Zapdos
|-singleturn|p2a: Zapdos|Protect
|move|p1a: Camerupt|Fire Blast|p2a: Zapdos|[miss]
|-miss|p1a: Camerupt|p2a: Zapdos
|
|-weather|Sandstorm|[upkeep]
|-damage|p2a: Zapdos|50/100|[from] Sandstorm
|-heal|p2a: Zapdos|56/100|[from] item: Leftovers
|-heal|p1a: Camerupt|88/100 tox|[from] item: Leftovers
|-damage|p1a: Camerupt|75/100 tox|[from] psn
|upkeep
|turn|36
|inactive|4lowrey has 270 seconds left.
|
|t:|1728490449
|switch|p2a: Swampert|Swampert, M|14/100
|move|p1a: Camerupt|Earthquake|p2a: Swampert
|-damage|p2a: Swampert|0 fnt
|faint|p2a: Swampert
|inactive|4lowrey has 270 seconds left.
|
|t:|1728490458
|switch|p2a: Gengar|Gengar, F|15/100
|
|-weather|Sandstorm|[upkeep]
|-damage|p2a: Gengar|9/100|[from] Sandstorm
|-heal|p2a: Gengar|15/100|[from] item: Leftovers
|-heal|p1a: Camerupt|82/100 tox|[from] item: Leftovers
|-damage|p1a: Camerupt|63/100 tox|[from] psn
|upkeep
|turn|37
|inactive|4lowrey has 270 seconds left.
|
|t:|1728490476
|move|p2a: Gengar|Ice Punch|p1a: Camerupt
|-damage|p1a: Camerupt|36/100 tox
|move|p1a: Camerupt|Fire Blast|p2a: Gengar
|-damage|p2a: Gengar|0 fnt
|faint|p2a: Gengar
|
|t:|1728490482
|switch|p2a: Zapdos|Zapdos|56/100
|
|-weather|Sandstorm|[upkeep]
|-damage|p2a: Zapdos|50/100|[from] Sandstorm
|-heal|p2a: Zapdos|56/100|[from] item: Leftovers
|-heal|p1a: Camerupt|42/100 tox|[from] item: Leftovers
|-damage|p1a: Camerupt|17/100 tox|[from] psn
|upkeep
|turn|38
|
|t:|1728490487
|move|p2a: Zapdos|Hidden Power|p1a: Camerupt
|-damage|p1a: Camerupt|0 fnt
|faint|p1a: Camerupt
|
|t:|1728490493
|switch|p1a: Tyranitar|Tyranitar, F|100/100
|-damage|p1a: Tyranitar|88/100|[from] Spikes
|
|-weather|Sandstorm|[upkeep]
|-damage|p2a: Zapdos|50/100|[from] Sandstorm
|-heal|p2a: Zapdos|56/100|[from] item: Leftovers
|-heal|p1a: Tyranitar|94/100|[from] item: Leftovers
|upkeep
|turn|39
|inactive|smokingrocks has 270 seconds left.
|
|t:|1728490500
|-singleturn|p1a: Tyranitar|move: Focus Punch
|switch|p2a: Tyranitar|Tyranitar, M|81/100
|move|p1a: Tyranitar|Focus Punch|p2a: Tyranitar
|-supereffective|p2a: Tyranitar
|-damage|p2a: Tyranitar|0 fnt
|faint|p2a: Tyranitar
|
|t:|1728490511
|switch|p2a: Blissey|Blissey, F|69/100
|
|-weather|Sandstorm|[upkeep]
|-damage|p2a: Blissey|63/100|[from] Sandstorm
|-heal|p2a: Blissey|69/100|[from] item: Leftovers
|-heal|p1a: Tyranitar|100/100|[from] item: Leftovers
|upkeep
|turn|40
|inactive|smokingrocks has 270 seconds left.
|
|t:|1728490531
|switch|p2a: Zapdos|Zapdos|56/100
|switch|p1a: Poliwrath|Poliwrath, F|100/100
|-damage|p1a: Poliwrath|88/100|[from] Spikes
|
|-weather|Sandstorm|[upkeep]
|-damage|p2a: Zapdos|50/100|[from] Sandstorm
|-damage|p1a: Poliwrath|82/100|[from] Sandstorm
|-heal|p2a: Zapdos|56/100|[from] item: Leftovers
|-heal|p1a: Poliwrath|88/100|[from] item: Leftovers
|upkeep
|turn|41
|inactive|smokingrocks has 270 seconds left.
|
|t:|1728490546
|switch|p1a: Tyranitar|Tyranitar, F|100/100
|-damage|p1a: Tyranitar|88/100|[from] Spikes
|move|p2a: Zapdos|Thunderbolt|p1a: Tyranitar
|-damage|p1a: Tyranitar|44/100
|
|-weather|Sandstorm|[upkeep]
|-damage|p2a: Zapdos|50/100|[from] Sandstorm
|-heal|p2a: Zapdos|56/100|[from] item: Leftovers
|-heal|p1a: Tyranitar|50/100|[from] item: Leftovers
|upkeep
|turn|42
|inactive|smokingrocks has 270 seconds left.
|
|t:|1728490569
|move|p2a: Zapdos|Protect|p2a: Zapdos
|-singleturn|p2a: Zapdos|Protect
|move|p1a: Tyranitar|Ice Beam|p2a: Zapdos
|-activate|p2a: Zapdos|Protect
|
|-weather|Sandstorm|[upkeep]
|-damage|p2a: Zapdos|50/100|[from] Sandstorm
|-heal|p2a: Zapdos|56/100|[from] item: Leftovers
|-heal|p1a: Tyranitar|56/100|[from] item: Leftovers
|upkeep
|turn|43
|inactive|smokingrocks has 270 seconds left.
|
|t:|1728490580
|move|p2a: Zapdos|Thunderbolt|p1a: Tyranitar
|-damage|p1a: Tyranitar|12/100
|move|p1a: Tyranitar|Ice Beam|p2a: Zapdos
|-supereffective|p2a: Zapdos
|-damage|p2a: Zapdos|0 fnt
|faint|p2a: Zapdos
|
|t:|1728490584
|switch|p2a: Blissey|Blissey, F|69/100
|
|-weather|Sandstorm|[upkeep]
|-damage|p2a: Blissey|63/100|[from] Sandstorm
|-heal|p2a: Blissey|69/100|[from] item: Leftovers
|-heal|p1a: Tyranitar|18/100|[from] item: Leftovers
|upkeep
|turn|44
|
|t:|1728490594
|-singleturn|p1a: Tyranitar|move: Focus Punch
|move|p2a: Blissey|Fire Blast|p1a: Tyranitar
|-resisted|p1a: Tyranitar
|-damage|p1a: Tyranitar|6/100
|-status|p1a: Tyranitar|brn
|move|p1a: Tyranitar|Focus Punch||[still]
|cant|p1a: Tyranitar|Focus Punch|Focus Punch
|
|-weather|Sandstorm|[upkeep]
|-damage|p2a: Blissey|63/100|[from] Sandstorm
|-heal|p2a: Blissey|69/100|[from] item: Leftovers
|-heal|p1a: Tyranitar|12/100 brn|[from] item: Leftovers
|-damage|p1a: Tyranitar|0 fnt|[from] brn
|faint|p1a: Tyranitar
|upkeep
|inactive|smokingrocks has 270 seconds left.
|
|t:|1728490605
|switch|p1a: Zapdos|Zapdos|100/100
|turn|45
|
|t:|1728490608
|move|p1a: Zapdos|Thunder Wave|p2a: Blissey
|-status|p2a: Blissey|par
|move|p2a: Blissey|Soft-Boiled|p2a: Blissey
|-heal|p2a: Blissey|100/100 par
|
|-weather|Sandstorm|[upkeep]
|-damage|p1a: Zapdos|94/100|[from] Sandstorm
|-damage|p2a: Blissey|94/100 par|[from] Sandstorm
|-heal|p1a: Zapdos|100/100|[from] item: Leftovers
|-heal|p2a: Blissey|100/100 par|[from] item: Leftovers
|upkeep
|turn|46
|
|t:|1728490618
|switch|p1a: Poliwrath|Poliwrath, F|88/100
|-damage|p1a: Poliwrath|76/100|[from] Spikes
|move|p2a: Blissey|Ice Beam|p1a: Poliwrath
|-resisted|p1a: Poliwrath
|-damage|p1a: Poliwrath|62/100
|-status|p1a: Poliwrath|frz
|
|-weather|Sandstorm|[upkeep]
|-damage|p1a: Poliwrath|56/100 frz|[from] Sandstorm
|-damage|p2a: Blissey|94/100 par|[from] Sandstorm
|-heal|p1a: Poliwrath|62/100 frz|[from] item: Leftovers
|-heal|p2a: Blissey|100/100 par|[from] item: Leftovers
|upkeep
|turn|47
|
|t:|1728490630
|switch|p1a: Zapdos|Zapdos|100/100
|cant|p2a: Blissey|par
|
|-weather|Sandstorm|[upkeep]
|-damage|p1a: Zapdos|94/100|[from] Sandstorm
|-damage|p2a: Blissey|94/100 par|[from] Sandstorm
|-heal|p1a: Zapdos|100/100|[from] item: Leftovers
|-heal|p2a: Blissey|100/100 par|[from] item: Leftovers
|upkeep
|turn|48
|
|t:|1728490635
|move|p1a: Zapdos|Drill Peck|p2a: Blissey
|-damage|p2a: Blissey|68/100 par
|cant|p2a: Blissey|par
|
|-weather|Sandstorm|[upkeep]
|-damage|p1a: Zapdos|94/100|[from] Sandstorm
|-damage|p2a: Blissey|62/100 par|[from] Sandstorm
|-heal|p1a: Zapdos|100/100|[from] item: Leftovers
|-heal|p2a: Blissey|68/100 par|[from] item: Leftovers
|upkeep
|turn|49
|
|t:|1728490638
|move|p1a: Zapdos|Drill Peck|p2a: Blissey
|-damage|p2a: Blissey|38/100 par
|move|p2a: Blissey|Soft-Boiled|p2a: Blissey
|-heal|p2a: Blissey|88/100 par
|
|-weather|Sandstorm|[upkeep]
|-damage|p1a: Zapdos|94/100|[from] Sandstorm
|-damage|p2a: Blissey|82/100 par|[from] Sandstorm
|-heal|p1a: Zapdos|100/100|[from] item: Leftovers
|-heal|p2a: Blissey|88/100 par|[from] item: Leftovers
|upkeep
|turn|50
|
|t:|1728490641
|move|p1a: Zapdos|Drill Peck|p2a: Blissey
|-damage|p2a: Blissey|58/100 par
|move|p2a: Blissey|Ice Beam|p1a: Zapdos
|-supereffective|p1a: Zapdos
|-damage|p1a: Zapdos|45/100
|
|-weather|Sandstorm|[upkeep]
|-damage|p1a: Zapdos|39/100|[from] Sandstorm
|-damage|p2a: Blissey|52/100 par|[from] Sandstorm
|-heal|p1a: Zapdos|45/100|[from] item: Leftovers
|-heal|p2a: Blissey|58/100 par|[from] item: Leftovers
|upkeep
|turn|51
|
|t:|1728490643
|move|p1a: Zapdos|Drill Peck|p2a: Blissey
|-damage|p2a: Blissey|28/100 par
|move|p2a: Blissey|Soft-Boiled|p2a: Blissey
|-heal|p2a: Blissey|78/100 par
|
|-weather|Sandstorm|[upkeep]
|-damage|p1a: Zapdos|39/100|[from] Sandstorm
|-damage|p2a: Blissey|71/100 par|[from] Sandstorm
|-heal|p1a: Zapdos|45/100|[from] item: Leftovers
|-heal|p2a: Blissey|78/100 par|[from] item: Leftovers
|upkeep
|turn|52
|
|t:|1728490646
|move|p1a: Zapdos|Drill Peck|p2a: Blissey
|-damage|p2a: Blissey|46/100 par
|move|p2a: Blissey|Soft-Boiled|p2a: Blissey
|-heal|p2a: Blissey|96/100 par
|
|-weather|Sandstorm|[upkeep]
|-damage|p1a: Zapdos|39/100|[from] Sandstorm
|-damage|p2a: Blissey|90/100 par|[from] Sandstorm
|-heal|p1a: Zapdos|45/100|[from] item: Leftovers
|-heal|p2a: Blissey|96/100 par|[from] item: Leftovers
|upkeep
|turn|53
|
|t:|1728490648
|move|p1a: Zapdos|Drill Peck|p2a: Blissey
|-crit|p2a: Blissey
|-damage|p2a: Blissey|32/100 par
|move|p2a: Blissey|Ice Beam|p1a: Zapdos
|-supereffective|p1a: Zapdos
|-damage|p1a: Zapdos|0 fnt
|faint|p1a: Zapdos
|
|t:|1728490650
|switch|p1a: Claydol|Claydol|25/100
|
|-weather|Sandstorm|[upkeep]
|-damage|p2a: Blissey|26/100 par|[from] Sandstorm
|-heal|p1a: Claydol|31/100|[from] item: Leftovers
|-heal|p2a: Blissey|32/100 par|[from] item: Leftovers
|upkeep
|turn|54
|
|t:|1728490653
|move|p1a: Claydol|Explosion|p2a: Blissey
|-damage|p2a: Blissey|0 fnt
|faint|p1a: Claydol
|faint|p2a: Blissey
|
|win|smokingrocks
|c|☆4lowrey|gg wp
|c|☆smokingrocks|gg
|player|p2|
|player|p1|
|player|p2|4lowrey|veteranf|

</script>
<script type="application/json" class="data" id="replaydata-smogtours-gen3ou-796642">
{"id":"smogtours-gen3ou-796642","format":"[Gen 3] OU","players":["smokingrocks","4lowrey"],"uploadtime":1728490653,"views":95,"formatid":"gen3ou","rating":null,"private":0,"password":null}
</script>

<script defer src="js/replays.js?9d40a366"></script>
