<!DOCTYPE html>
<meta charset="utf-8" />
<meta name="viewport" content="width=device-width" />

<title>[Gen 3] OU: GoldThe1andOnly vs. Usbreon - Replays - Pok&eacute;mon Showdown!</title>

<meta name="description" content="Watch a replay of a Pok&eacute;mon battle between GoldThe1andOnly and Usbreon! Format: [Gen 3] OU; Date: Oct 24, 2024" />
<!--

Hey, you! Looking in the source for the replay log?

You can find them in JSON format, just add `.json` at the end of a replay URL.

https://replay.pokemonshowdown.com/gen7randomdoublesbattle-865046831.json

Or, if you only need the log itself, add `.log` instead:

https://replay.pokemonshowdown.com/gen7randomdoublesbattle-865046831.log

-->

<link rel="stylesheet" href="//pokemonshowdown.com/style/global.css?0.023195364461161105" />
<link rel="stylesheet" href="//play.pokemonshowdown.com/style/font-awesome.css?0.13261647063804238" />
<link rel="stylesheet" href="//play.pokemonshowdown.com/style/battle.css?0.8753245789963631" />
<link rel="stylesheet" href="//play.pokemonshowdown.com/style/utilichart.css?0.8627959624976733" />

<!-- Global site tag (gtag.js) - Google Analytics -->
<script async src="https://www.googletagmanager.com/gtag/js?id=UA-26211653-1"></script>
<script>
  window.dataLayer = window.dataLayer || [];
  function gtag(){dataLayer.push(arguments);}
  gtag('js', new Date());

  gtag('config', 'UA-26211653-1');
</script>
<!-- End Google Analytics -->
<!-- Venatus Ad Manager - Install in <HEAD> of page -->
	<script src="https://hb.vntsm.com/v3/live/ad-manager.min.js" type="text/javascript" data-site-id="642aba63ec9a7b11c3c9c1be" data-mode="scan" async></script>
<!-- / Venatus Ad Manager -->

<style>
	@media (max-width:820px) {
		.battle {
			margin: 0 auto;
		}
		.battle-log {
			margin: 7px auto 0;
			max-width: 640px;
			height: 300px;
			position: static;
		}
	}
	.optgroup {
		display: inline-block;
		line-height: 22px;
		font-size: 10pt;
	}
	.optgroup .button {
		height: 25px;
		padding-top: 0;
		padding-bottom: 0;
	}
	.optgroup button.button {
		padding-left: 12px;
		padding-right: 12px;
	}
	.linklist {
		list-style: none;
		margin: 0.5em 0;
		padding: 0;
	}
	.linklist li {
		padding: 2px 0;
	}
	.sidebar {
		float: left;
		width: 320px;
	}
	.bar-wrapper {
		max-width: 1100px;
		margin: 0 auto;
	}
	.bar-wrapper.has-sidebar {
		max-width: 1430px;
	}
	.mainbar {
		margin: 0;
		padding-right: 1px;
	}
	.mainbar.has-sidebar {
		margin-left: 330px;
	}
	@media (min-width: 1511px) {
		.sidebar {
			width: 400px;
		}
		.bar-wrapper.has-sidebar {
			max-width: 1510px;
		}
		.mainbar.has-sidebar {
			margin-left: 410px;
		}
	}
	.section.first-section {
		margin-top: 9px;
	}
	.blocklink small {
		white-space: normal;
	}
	.button {
		vertical-align: middle;
	}
	.replay-controls {
		padding-top: 10px;
	}
	.replay-controls h1 {
		font-size: 16pt;
		font-weight: normal;
		color: #CCC;
	}
	.pagelink {
		text-align: center;
	}
	.pagelink a {
		width: 150px;
	}
	.textbox, .button {
		font-size: 11pt;
		vertical-align: middle;
	}
	@media (max-width: 450px) {
		.button {
			font-size: 9pt;
		}
	}
</style>

<div>

	<header>
		<div class="nav-wrapper"><ul class="nav">
			<li><a class="button nav-first" href="//pokemonshowdown.com/"><img src="//pokemonshowdown.com/images/pokemonshowdownbeta.png" srcset="//pokemonshowdown.com/images/pokemonshowdownbeta.png 1x, //pokemonshowdown.com/images/pokemonshowdownbeta@2x.png 2x" alt="Pok&eacute;mon Showdown" width="146" height="44" /> Home</a></li>
			<li><a class="button" href="//pokemonshowdown.com/dex/">Pok&eacute;dex</a></li>
			<li><a class="button cur" href="/">Replays</a></li>
			<li><a class="button" href="//pokemonshowdown.com/ladder/">Ladder</a></li>
			<li><a class="button nav-last" href="//pokemonshowdown.com/forums/">Forum</a></li>
			<li><a class="button greenbutton nav-first nav-last" href="//play.pokemonshowdown.com/">Play</a></li>
		</ul></div>
	</header>

	<div class="main" id="main">

		<noscript><section class="section">You need to enable JavaScript to use this page; sorry!</section></noscript>

	</div>

</div>

<script defer nomodule src="//play.pokemonshowdown.com/js/lib/ps-polyfill.js"></script>
<script defer src="//play.pokemonshowdown.com/js/lib/preact.min.js"></script>

<script defer src="//play.pokemonshowdown.com/config/config.js?2bddbc15"></script>
<script defer src="//play.pokemonshowdown.com/js/lib/jquery-1.11.0.min.js"></script>
<script defer src="//play.pokemonshowdown.com/js/lib/html-sanitizer-minified.js"></script>
<script defer src="//play.pokemonshowdown.com/js/battle-sound.js"></script>
<script defer src="//play.pokemonshowdown.com/js/battledata.js?0.7209276989879541"></script>
<script defer src="//play.pokemonshowdown.com/data/pokedex-mini.js?0.6111056340867951"></script>
<script defer src="//play.pokemonshowdown.com/data/pokedex-mini-bw.js?0.3532142036491459"></script>
<script defer src="//play.pokemonshowdown.com/data/graphics.js?0.24223875632456182"></script>
<script defer src="//play.pokemonshowdown.com/data/pokedex.js?0.38839984266356864"></script>
<script defer src="//play.pokemonshowdown.com/data/moves.js?0.21866028504024015"></script>
<script defer src="//play.pokemonshowdown.com/data/abilities.js?0.2005157953846628"></script>
<script defer src="//play.pokemonshowdown.com/data/items.js?0.9894211263848525"></script>
<script defer src="//play.pokemonshowdown.com/data/teambuilder-tables.js?0.6008791140282215"></script>
<script defer src="//play.pokemonshowdown.com/js/battle-tooltips.js?0.7580118955022959"></script>
<script defer src="//play.pokemonshowdown.com/js/battle.js?0.6057722274234274"></script>

<script defer src="js/utils.js?e31f9a17"></script>
<script defer src="js/replays-battle.js?7008c182"></script>

<!-- don't scrape this data! just add .json or .log after the URL!
Full API docs: https://github.com/smogon/pokemon-showdown-client/blob/master/WEB-API.md -->
<script type="text/plain" class="log" id="replaylog-smogtours-gen3ou-801607">
|inactive|Battle timer is ON: inactive players will automatically lose when time's up.
|t:|1729797621
|gametype|singles
|player|p1|GoldThe1andOnly|elesa-masters|
|player|p2|Usbreon|sailor|
|teamsize|p1|6
|teamsize|p2|6
|gen|3
|tier|[Gen 3] OU
|rule|Sleep Clause Mod: Limit one foe put to sleep
|rule|Switch Priority Clause Mod: Faster Pokémon switch first
|rule|Species Clause: Limit one of each Pokémon
|rule|OHKO Clause: OHKO moves are banned
|rule|Evasion Items Clause: Evasion items are banned
|rule|Evasion Moves Clause: Evasion moves are banned
|rule|Endless Battle Clause: Forcing endless battles is banned
|rule|HP Percentage Mod: HP is shown in percentages
|rule|One Boost Passer Clause: Limit one Baton Passer that has a way to boost its stats
|rule|Freeze Clause Mod: Limit one foe frozen
|
|t:|1729797621
|start
|switch|p1a: Zapdos|Zapdos|100/100
|switch|p2a: Zapdos|Zapdos|100/100
|turn|1
|
|t:|1729797633
|switch|p1a: Celebi|Celebi|100/100
|move|p2a: Zapdos|Thunderbolt|p1a: Celebi
|-resisted|p1a: Celebi
|-damage|p1a: Celebi|79/100
|
|-heal|p1a: Celebi|86/100|[from] item: Leftovers
|upkeep
|turn|2
|
|t:|1729797640
|move|p1a: Celebi|Baton Pass|p1a: Celebi
|
|t:|1729797645
|switch|p1a: Zapdos|Zapdos|100/100|[from] Baton Pass
|move|p2a: Zapdos|Roar|p1a: Zapdos
|drag|p1a: Celebi|Celebi|86/100
|
|-heal|p1a: Celebi|92/100|[from] item: Leftovers
|upkeep
|turn|3
|
|t:|1729797656
|switch|p2a: Celebi|Celebi|100/100
|move|p1a: Celebi|Leech Seed|p2a: Celebi
|-immune|p2a: Celebi
|
|-heal|p1a: Celebi|98/100|[from] item: Leftovers
|upkeep
|turn|4
|
|t:|1729797665
|switch|p1a: Metagross|Metagross|100/100
|move|p2a: Celebi|Calm Mind|p2a: Celebi
|-boost|p2a: Celebi|spa|1
|-boost|p2a: Celebi|spd|1
|
|upkeep
|turn|5
|
|t:|1729797675
|move|p2a: Celebi|Baton Pass|p2a: Celebi
|
|t:|1729797678
|switch|p2a: Zapdos|Zapdos|100/100|[from] Baton Pass
|move|p1a: Metagross|Meteor Mash|p2a: Zapdos
|-resisted|p2a: Zapdos
|-damage|p2a: Zapdos|66/100
|
|-heal|p2a: Zapdos|73/100|[from] item: Leftovers
|upkeep
|turn|6
|
|t:|1729797701
|switch|p1a: Celebi|Celebi|98/100
|move|p2a: Zapdos|Thunderbolt|p1a: Celebi
|-resisted|p1a: Celebi
|-damage|p1a: Celebi|71/100
|
|-heal|p2a: Zapdos|79/100|[from] item: Leftovers
|-heal|p1a: Celebi|77/100|[from] item: Leftovers
|upkeep
|turn|7
|
|t:|1729797720
|move|p2a: Zapdos|Baton Pass|p2a: Zapdos
|
|t:|1729797722
|switch|p2a: Celebi|Celebi|100/100|[from] Baton Pass
|move|p1a: Celebi|Psychic|p2a: Celebi
|-resisted|p2a: Celebi
|-damage|p2a: Celebi|92/100
|
|-heal|p2a: Celebi|98/100|[from] item: Leftovers
|-heal|p1a: Celebi|83/100|[from] item: Leftovers
|upkeep
|turn|8
|
|t:|1729797737
|switch|p1a: Zapdos|Zapdos|100/100
|move|p2a: Celebi|Baton Pass|p2a: Celebi
|
|t:|1729797748
|switch|p2a: Zapdos|Zapdos|79/100|[from] Baton Pass
|
|-heal|p2a: Zapdos|85/100|[from] item: Leftovers
|upkeep
|turn|9
|
|t:|1729797753
|switch|p1a: Celebi|Celebi|83/100
|move|p2a: Zapdos|Thunderbolt|p1a: Celebi
|-resisted|p1a: Celebi
|-damage|p1a: Celebi|56/100
|
|-heal|p2a: Zapdos|91/100|[from] item: Leftovers
|-heal|p1a: Celebi|62/100|[from] item: Leftovers
|upkeep
|turn|10
|
|t:|1729797759
|move|p2a: Zapdos|Thunderbolt|p1a: Celebi
|-resisted|p1a: Celebi
|-damage|p1a: Celebi|31/100
|move|p1a: Celebi|Recover|p1a: Celebi
|-heal|p1a: Celebi|81/100
|
|-heal|p2a: Zapdos|97/100|[from] item: Leftovers
|-heal|p1a: Celebi|88/100|[from] item: Leftovers
|upkeep
|turn|11
|
|t:|1729797764
|move|p2a: Zapdos|Baton Pass|p2a: Zapdos
|
|t:|1729797766
|switch|p2a: Celebi|Celebi|98/100|[from] Baton Pass
|move|p1a: Celebi|Baton Pass|p1a: Celebi
|inactive|GoldThe1andOnly has 270 seconds left.
|
|t:|1729797804
|switch|p1a: Metagross|Metagross|100/100|[from] Baton Pass
|
|-heal|p2a: Celebi|100/100|[from] item: Leftovers
|upkeep
|turn|12
|inactive|GoldThe1andOnly has 270 seconds left.
|
|t:|1729797820
|move|p2a: Celebi|Baton Pass|p2a: Celebi
|
|t:|1729797822
|switch|p2a: Metagross|Metagross|100/100|[from] Baton Pass
|move|p1a: Metagross|Meteor Mash|p2a: Metagross
|-resisted|p2a: Metagross
|-damage|p2a: Metagross|79/100
|
|-heal|p2a: Metagross|85/100|[from] item: Leftovers
|upkeep
|turn|13
|inactive|GoldThe1andOnly has 270 seconds left.
|inactive|GoldThe1andOnly has 240 seconds left.
|inactive|GoldThe1andOnly has 210 seconds left.
|
|t:|1729797890
|switch|p2a: Charizard|Charizard, M|100/100
|move|p1a: Metagross|Earthquake|p2a: Charizard
|-immune|p2a: Charizard
|
|upkeep
|turn|14
|
|t:|1729797896
|switch|p1a: Tyranitar|Tyranitar, M|100/100
|-weather|Sandstorm|[from] ability: Sand Stream|[of] p1a: Tyranitar
|move|p2a: Charizard|Flamethrower|p1a: Tyranitar
|-resisted|p1a: Tyranitar
|-damage|p1a: Tyranitar|82/100
|
|-weather|Sandstorm|[upkeep]
|-damage|p2a: Charizard|94/100|[from] Sandstorm
|-heal|p2a: Charizard|100/100|[from] item: Leftovers
|-heal|p1a: Tyranitar|88/100|[from] item: Leftovers
|upkeep
|turn|15
|inactive|Usbreon has 270 seconds left.
|
|t:|1729797936
|-activate|p2a: Charizard|move: Pursuit
|move|p1a: Tyranitar|Pursuit|p2a: Charizard|[from]Pursuit
|-damage|p2a: Charizard|55/100
|switch|p2a: Metagross|Metagross|85/100
|
|-weather|Sandstorm|[upkeep]
|-heal|p1a: Tyranitar|94/100|[from] item: Leftovers
|-heal|p2a: Metagross|91/100|[from] item: Leftovers
|upkeep
|turn|16
|
|t:|1729797949
|move|p1a: Tyranitar|Fire Blast|p2a: Metagross
|-supereffective|p2a: Metagross
|-damage|p2a: Metagross|9/100
|move|p2a: Metagross|Meteor Mash|p1a: Tyranitar|[miss]
|-miss|p2a: Metagross|p1a: Tyranitar
|
|-weather|Sandstorm|[upkeep]
|-heal|p1a: Tyranitar|99/100|[from] item: Leftovers
|-heal|p2a: Metagross|15/100|[from] item: Leftovers
|upkeep
|turn|17
|
|t:|1729797967
|move|p1a: Tyranitar|Pursuit|p2a: Metagross
|-damage|p2a: Metagross|0 fnt
|faint|p2a: Metagross
|
|t:|1729797985
|switch|p2a: Celebi|Celebi|100/100
|
|-weather|Sandstorm|[upkeep]
|-damage|p2a: Celebi|94/100|[from] Sandstorm
|-heal|p2a: Celebi|100/100|[from] item: Leftovers
|-heal|p1a: Tyranitar|100/100|[from] item: Leftovers
|upkeep
|turn|18
|inactive|GoldThe1andOnly has 240 seconds left.
|
|t:|1729798011
|move|p2a: Celebi|Calm Mind|p2a: Celebi
|-boost|p2a: Celebi|spa|1
|-boost|p2a: Celebi|spd|1
|move|p1a: Tyranitar|Crunch|p2a: Celebi
|-supereffective|p2a: Celebi
|-damage|p2a: Celebi|60/100
|
|-weather|Sandstorm|[upkeep]
|-damage|p2a: Celebi|54/100|[from] Sandstorm
|-heal|p2a: Celebi|60/100|[from] item: Leftovers
|upkeep
|turn|19
|
|t:|1729798027
|move|p2a: Celebi|Calm Mind|p2a: Celebi
|-boost|p2a: Celebi|spa|1
|-boost|p2a: Celebi|spd|1
|move|p1a: Tyranitar|Crunch|p2a: Celebi
|-supereffective|p2a: Celebi
|-damage|p2a: Celebi|29/100
|
|-weather|Sandstorm|[upkeep]
|-damage|p2a: Celebi|23/100|[from] Sandstorm
|-heal|p2a: Celebi|29/100|[from] item: Leftovers
|upkeep
|turn|20
|inactive|GoldThe1andOnly has 240 seconds left.
|
|t:|1729798055
|move|p2a: Celebi|Giga Drain|p1a: Tyranitar
|-supereffective|p1a: Tyranitar
|-damage|p1a: Tyranitar|24/100
|-heal|p2a: Celebi|68/100|[from] drain|[of] p1a: Tyranitar
|move|p1a: Tyranitar|Crunch|p2a: Celebi
|-supereffective|p2a: Celebi
|-damage|p2a: Celebi|37/100
|-unboost|p2a: Celebi|spd|1
|
|-weather|Sandstorm|[upkeep]
|-damage|p2a: Celebi|31/100|[from] Sandstorm
|-heal|p2a: Celebi|37/100|[from] item: Leftovers
|-heal|p1a: Tyranitar|30/100|[from] item: Leftovers
|upkeep
|turn|21
|
|t:|1729798070
|move|p2a: Celebi|Baton Pass|p2a: Celebi
|
|t:|1729798081
|switch|p2a: Charizard|Charizard, M|55/100|[from] Baton Pass
|move|p1a: Tyranitar|Crunch|p2a: Charizard
|-damage|p2a: Charizard|24/100
|
|-weather|Sandstorm|[upkeep]
|-damage|p2a: Charizard|18/100|[from] Sandstorm
|-heal|p2a: Charizard|24/100|[from] item: Leftovers
|-heal|p1a: Tyranitar|36/100|[from] item: Leftovers
|upkeep
|turn|22
|
|t:|1729798092
|move|p2a: Charizard|Flamethrower|p1a: Tyranitar
|-resisted|p1a: Tyranitar
|-damage|p1a: Tyranitar|0 fnt
|faint|p1a: Tyranitar
|
|t:|1729798094
|switch|p1a: Starmie|Starmie|100/100
|
|-weather|Sandstorm|[upkeep]
|-damage|p1a: Starmie|94/100|[from] Sandstorm
|-damage|p2a: Charizard|18/100|[from] Sandstorm
|-heal|p1a: Starmie|100/100|[from] item: Leftovers
|-heal|p2a: Charizard|24/100|[from] item: Leftovers
|upkeep
|turn|23
|inactive|Usbreon has 270 seconds left.
|
|t:|1729798107
|switch|p2a: Celebi|Celebi|37/100
|move|p1a: Starmie|Surf|p2a: Celebi
|-resisted|p2a: Celebi
|-damage|p2a: Celebi|24/100
|
|-weather|Sandstorm|[upkeep]
|-damage|p1a: Starmie|94/100|[from] Sandstorm
|-damage|p2a: Celebi|18/100|[from] Sandstorm
|-heal|p1a: Starmie|100/100|[from] item: Leftovers
|-heal|p2a: Celebi|24/100|[from] item: Leftovers
|upkeep
|turn|24
|inactive|Usbreon has 270 seconds left.
|inactive|GoldThe1andOnly has 240 seconds left.
|
|t:|1729798124
|switch|p1a: Zapdos|Zapdos|100/100
|move|p2a: Celebi|Giga Drain|p1a: Zapdos
|-resisted|p1a: Zapdos
|-damage|p1a: Zapdos|87/100
|-heal|p2a: Celebi|29/100|[from] drain|[of] p1a: Zapdos
|
|-weather|Sandstorm|[upkeep]
|-damage|p2a: Celebi|23/100|[from] Sandstorm
|-damage|p1a: Zapdos|81/100|[from] Sandstorm
|-heal|p2a: Celebi|29/100|[from] item: Leftovers
|-heal|p1a: Zapdos|87/100|[from] item: Leftovers
|upkeep
|turn|25
|inactive|Usbreon has 270 seconds left.
|
|t:|1729798131
|move|p2a: Celebi|Calm Mind|p2a: Celebi
|-boost|p2a: Celebi|spa|1
|-boost|p2a: Celebi|spd|1
|move|p1a: Zapdos|Hidden Power|p2a: Celebi
|-supereffective|p2a: Celebi
|-damage|p2a: Celebi|0 fnt
|faint|p2a: Celebi
|inactive|Usbreon has 270 seconds left.
|
|t:|1729798156
|switch|p2a: Swampert|Swampert, F|100/100
|
|-weather|Sandstorm|[upkeep]
|-damage|p1a: Zapdos|81/100|[from] Sandstorm
|-heal|p1a: Zapdos|87/100|[from] item: Leftovers
|upkeep
|turn|26
|
|t:|1729798165
|move|p1a: Zapdos|Substitute|p1a: Zapdos
|-start|p1a: Zapdos|Substitute
|-damage|p1a: Zapdos|62/100
|move|p2a: Swampert|Ice Beam|p1a: Zapdos
|-supereffective|p1a: Zapdos
|-end|p1a: Zapdos|Substitute
|
|-weather|Sandstorm|[upkeep]
|-damage|p1a: Zapdos|56/100|[from] Sandstorm
|-heal|p1a: Zapdos|62/100|[from] item: Leftovers
|upkeep
|turn|27
|
|t:|1729798184
|move|p1a: Zapdos|Baton Pass|p1a: Zapdos
|inactive|GoldThe1andOnly has 240 seconds left.
|inactive|GoldThe1andOnly has 210 seconds left.
|inactive|GoldThe1andOnly has 180 seconds left.
|
|t:|1729798282
|switch|p1a: Heracross|Heracross, M|100/100|[from] Baton Pass
|move|p2a: Swampert|Ice Beam|p1a: Heracross
|-damage|p1a: Heracross|70/100
|
|-weather|Sandstorm|[upkeep]
|-damage|p1a: Heracross|64/100|[from] Sandstorm
|-heal|p1a: Heracross|70/100|[from] item: Leftovers
|upkeep
|turn|28
|inactive|Usbreon has 270 seconds left.
|
|t:|1729798306
|move|p1a: Heracross|Rock Slide|p2a: Swampert
|-resisted|p2a: Swampert
|-damage|p2a: Swampert|88/100
|move|p2a: Swampert|Surf|p1a: Heracross
|-damage|p1a: Heracross|30/100
|
|-weather|Sandstorm|[upkeep]
|-damage|p1a: Heracross|24/100|[from] Sandstorm
|-heal|p1a: Heracross|30/100|[from] item: Leftovers
|-heal|p2a: Swampert|94/100|[from] item: Leftovers
|upkeep
|turn|29
|inactive|Usbreon has 270 seconds left.
|
|t:|1729798328
|switch|p2a: Zapdos|Zapdos|97/100
|move|p1a: Heracross|Megahorn|p2a: Zapdos
|-resisted|p2a: Zapdos
|-damage|p2a: Zapdos|58/100
|
|-weather|Sandstorm|[upkeep]
|-damage|p2a: Zapdos|52/100|[from] Sandstorm
|-damage|p1a: Heracross|24/100|[from] Sandstorm
|-heal|p2a: Zapdos|58/100|[from] item: Leftovers
|-heal|p1a: Heracross|30/100|[from] item: Leftovers
|upkeep
|turn|30
|
|t:|1729798335
|switch|p1a: Celebi|Celebi|88/100
|move|p2a: Zapdos|Thunderbolt|p1a: Celebi
|-resisted|p1a: Celebi
|-damage|p1a: Celebi|70/100
|
|-weather|Sandstorm|[upkeep]
|-damage|p2a: Zapdos|52/100|[from] Sandstorm
|-damage|p1a: Celebi|63/100|[from] Sandstorm
|-heal|p2a: Zapdos|58/100|[from] item: Leftovers
|-heal|p1a: Celebi|70/100|[from] item: Leftovers
|upkeep
|turn|31
|inactive|Usbreon has 240 seconds left.
|
|t:|1729798365
|move|p2a: Zapdos|Thunderbolt|p1a: Celebi
|-resisted|p1a: Celebi
|-damage|p1a: Celebi|49/100
|move|p1a: Celebi|Leech Seed|p2a: Zapdos
|-start|p2a: Zapdos|move: Leech Seed
|
|-weather|Sandstorm|[upkeep]
|-damage|p2a: Zapdos|52/100|[from] Sandstorm
|-damage|p1a: Celebi|43/100|[from] Sandstorm
|-heal|p2a: Zapdos|58/100|[from] item: Leftovers
|-damage|p2a: Zapdos|45/100|[from] Leech Seed|[of] p1a: Celebi
|-heal|p1a: Celebi|53/100|[silent]
|-heal|p1a: Celebi|59/100|[from] item: Leftovers
|upkeep
|turn|32
|
|t:|1729798372
|switch|p2a: Charizard|Charizard, M|24/100
|move|p1a: Celebi|Leech Seed|p2a: Charizard
|-start|p2a: Charizard|move: Leech Seed
|
|-weather|Sandstorm|[upkeep]
|-damage|p2a: Charizard|18/100|[from] Sandstorm
|-damage|p1a: Celebi|53/100|[from] Sandstorm
|-heal|p2a: Charizard|24/100|[from] item: Leftovers
|-damage|p2a: Charizard|12/100|[from] Leech Seed|[of] p1a: Celebi
|-heal|p1a: Celebi|62/100|[silent]
|-heal|p1a: Celebi|68/100|[from] item: Leftovers
|upkeep
|turn|33
|
|t:|1729798385
|switch|p1a: Starmie|Starmie|100/100
|move|p2a: Charizard|Hidden Power|p1a: Starmie
|-supereffective|p1a: Starmie
|-damage|p1a: Starmie|52/100
|
|-weather|Sandstorm|[upkeep]
|-damage|p1a: Starmie|46/100|[from] Sandstorm
|-damage|p2a: Charizard|6/100|[from] Sandstorm
|-heal|p1a: Starmie|52/100|[from] item: Leftovers
|-heal|p2a: Charizard|12/100|[from] item: Leftovers
|-damage|p2a: Charizard|0 fnt|[from] Leech Seed|[of] p1a: Starmie
|-heal|p1a: Starmie|62/100|[silent]
|faint|p2a: Charizard
|upkeep
|inactive|Usbreon has 240 seconds left.
|inactive|Usbreon has 210 seconds left.
|
|t:|1729798435
|switch|p2a: Zapdos|Zapdos|45/100
|turn|34
|
|t:|1729798443
|switch|p1a: Celebi|Celebi|68/100
|move|p2a: Zapdos|Roar|p1a: Celebi
|drag|p1a: Metagross|Metagross|100/100
|
|-weather|Sandstorm|[upkeep]
|-damage|p2a: Zapdos|39/100|[from] Sandstorm
|-heal|p2a: Zapdos|45/100|[from] item: Leftovers
|upkeep
|turn|35
|inactive|GoldThe1andOnly has 210 seconds left.
|inactive|Usbreon has 210 seconds left.
|inactive|GoldThe1andOnly has 180 seconds left.
|
|t:|1729798488
|move|p1a: Metagross|Meteor Mash|p2a: Zapdos|[miss]
|-miss|p1a: Metagross|p2a: Zapdos
|move|p2a: Zapdos|Roar|p1a: Metagross
|drag|p1a: Celebi|Celebi|68/100
|
|-weather|Sandstorm|[upkeep]
|-damage|p2a: Zapdos|39/100|[from] Sandstorm
|-damage|p1a: Celebi|62/100|[from] Sandstorm
|-heal|p2a: Zapdos|45/100|[from] item: Leftovers
|-heal|p1a: Celebi|68/100|[from] item: Leftovers
|upkeep
|turn|36
|
|t:|1729798492
|move|p1a: Celebi|Leech Seed|p2a: Zapdos
|-start|p2a: Zapdos|move: Leech Seed
|move|p2a: Zapdos|Roar|p1a: Celebi
|drag|p1a: Starmie|Starmie|62/100
|
|-weather|Sandstorm|[upkeep]
|-damage|p1a: Starmie|56/100|[from] Sandstorm
|-damage|p2a: Zapdos|39/100|[from] Sandstorm
|-heal|p1a: Starmie|62/100|[from] item: Leftovers
|-heal|p2a: Zapdos|45/100|[from] item: Leftovers
|-damage|p2a: Zapdos|33/100|[from] Leech Seed|[of] p1a: Starmie
|-heal|p1a: Starmie|75/100|[silent]
|upkeep
|turn|37
|
|t:|1729798497
|switch|p1a: Celebi|Celebi|68/100
|move|p2a: Zapdos|Thunderbolt|p1a: Celebi
|-resisted|p1a: Celebi
|-damage|p1a: Celebi|47/100
|
|-weather|Sandstorm|[upkeep]
|-damage|p2a: Zapdos|27/100|[from] Sandstorm
|-damage|p1a: Celebi|41/100|[from] Sandstorm
|-heal|p2a: Zapdos|33/100|[from] item: Leftovers
|-damage|p2a: Zapdos|21/100|[from] Leech Seed|[of] p1a: Celebi
|-heal|p1a: Celebi|51/100|[silent]
|-heal|p1a: Celebi|57/100|[from] item: Leftovers
|upkeep
|turn|38
|
|t:|1729798501
|switch|p2a: Swampert|Swampert, F|94/100
|move|p1a: Celebi|Recover|p1a: Celebi
|-heal|p1a: Celebi|100/100
|
|-weather|Sandstorm|[upkeep]
|-damage|p1a: Celebi|94/100|[from] Sandstorm
|-heal|p1a: Celebi|100/100|[from] item: Leftovers
|-heal|p2a: Swampert|99/100|[from] item: Leftovers
|upkeep
|turn|39
|
|t:|1729798504
|move|p1a: Celebi|Leech Seed|p2a: Swampert
|-start|p2a: Swampert|move: Leech Seed
|move|p2a: Swampert|Ice Beam|p1a: Celebi
|-supereffective|p1a: Celebi
|-damage|p1a: Celebi|65/100
|
|-weather|Sandstorm|[upkeep]
|-damage|p1a: Celebi|59/100|[from] Sandstorm
|-heal|p1a: Celebi|65/100|[from] item: Leftovers
|-heal|p2a: Swampert|100/100|[from] item: Leftovers
|-damage|p2a: Swampert|88/100|[from] Leech Seed|[of] p1a: Celebi
|-heal|p1a: Celebi|77/100|[silent]
|upkeep
|turn|40
|inactive|Usbreon has 240 seconds left.
|
|t:|1729798512
|switch|p2a: Zapdos|Zapdos|21/100
|move|p1a: Celebi|Psychic|p2a: Zapdos
|-damage|p2a: Zapdos|0 fnt
|faint|p2a: Zapdos
|inactive|Usbreon has 240 seconds left.
|
|t:|1729798518
|switch|p2a: Swampert|Swampert, F|88/100
|
|-weather|Sandstorm|[upkeep]
|-damage|p1a: Celebi|71/100|[from] Sandstorm
|-heal|p1a: Celebi|77/100|[from] item: Leftovers
|-heal|p2a: Swampert|94/100|[from] item: Leftovers
|upkeep
|turn|41
|
|t:|1729798521
|move|p1a: Celebi|Leech Seed|p2a: Swampert
|-start|p2a: Swampert|move: Leech Seed
|move|p2a: Swampert|Ice Beam|p1a: Celebi
|-supereffective|p1a: Celebi
|-damage|p1a: Celebi|40/100
|
|-weather|Sandstorm|[upkeep]
|-damage|p1a: Celebi|34/100|[from] Sandstorm
|-heal|p1a: Celebi|40/100|[from] item: Leftovers
|-heal|p2a: Swampert|100/100|[from] item: Leftovers
|-damage|p2a: Swampert|88/100|[from] Leech Seed|[of] p1a: Celebi
|-heal|p1a: Celebi|53/100|[silent]
|upkeep
|turn|42
|
|t:|1729798525
|move|p1a: Celebi|Baton Pass|p1a: Celebi
|
|t:|1729798529
|switch|p1a: Heracross|Heracross, M|30/100|[from] Baton Pass
|move|p2a: Swampert|Ice Beam|p1a: Heracross
|-damage|p1a: Heracross|0 fnt
|faint|p1a: Heracross
|
|t:|1729798537
|switch|p1a: Celebi|Celebi|53/100
|
|-weather|Sandstorm|[upkeep]
|-damage|p1a: Celebi|47/100|[from] Sandstorm
|-heal|p1a: Celebi|53/100|[from] item: Leftovers
|-heal|p2a: Swampert|94/100|[from] item: Leftovers
|-damage|p2a: Swampert|82/100|[from] Leech Seed|[of] p1a: Celebi
|-heal|p1a: Celebi|65/100|[silent]
|upkeep
|turn|43
|
|t:|1729798544
|move|p1a: Celebi|Baton Pass|p1a: Celebi
|
|t:|1729798546
|switch|p1a: Starmie|Starmie|75/100|[from] Baton Pass
|move|p2a: Swampert|Ice Beam|p1a: Starmie
|-resisted|p1a: Starmie
|-crit|p1a: Starmie
|-damage|p1a: Starmie|44/100
|
|-weather|Sandstorm|[upkeep]
|-damage|p1a: Starmie|38/100|[from] Sandstorm
|-heal|p1a: Starmie|44/100|[from] item: Leftovers
|-heal|p2a: Swampert|88/100|[from] item: Leftovers
|-damage|p2a: Swampert|76/100|[from] Leech Seed|[of] p1a: Starmie
|-heal|p1a: Starmie|59/100|[silent]
|upkeep
|turn|44
|inactive|GoldThe1andOnly has 270 seconds left.
|
|t:|1729798557
|switch|p1a: Celebi|Celebi|65/100
|move|p2a: Swampert|Ice Beam|p1a: Celebi
|-supereffective|p1a: Celebi
|-damage|p1a: Celebi|28/100
|-status|p1a: Celebi|frz
|
|-weather|Sandstorm|[upkeep]
|-damage|p1a: Celebi|22/100 frz|[from] Sandstorm
|-heal|p1a: Celebi|28/100 frz|[from] item: Leftovers
|-heal|p2a: Swampert|82/100|[from] item: Leftovers
|-damage|p2a: Swampert|70/100|[from] Leech Seed|[of] p1a: Celebi
|-heal|p1a: Celebi|40/100 frz|[silent]
|upkeep
|turn|45
|
|t:|1729798567
|-curestatus|p1a: Celebi|frz|[from] ability: Natural Cure
|switch|p1a: Starmie|Starmie|59/100
|move|p2a: Swampert|Earthquake|p1a: Starmie
|-damage|p1a: Starmie|17/100
|
|-weather|Sandstorm|[upkeep]
|-damage|p1a: Starmie|11/100|[from] Sandstorm
|-heal|p1a: Starmie|17/100|[from] item: Leftovers
|-heal|p2a: Swampert|76/100|[from] item: Leftovers
|-damage|p2a: Swampert|63/100|[from] Leech Seed|[of] p1a: Starmie
|-heal|p1a: Starmie|33/100|[silent]
|upkeep
|turn|46
|
|t:|1729798573
|move|p1a: Starmie|Recover|p1a: Starmie
|-heal|p1a: Starmie|83/100
|move|p2a: Swampert|Earthquake|p1a: Starmie
|-damage|p1a: Starmie|36/100
|
|-weather|Sandstorm|[upkeep]
|-damage|p1a: Starmie|30/100|[from] Sandstorm
|-heal|p1a: Starmie|36/100|[from] item: Leftovers
|-heal|p2a: Swampert|70/100|[from] item: Leftovers
|-damage|p2a: Swampert|57/100|[from] Leech Seed|[of] p1a: Starmie
|-heal|p1a: Starmie|52/100|[silent]
|upkeep
|turn|47
|
|t:|1729798578
|switch|p2a: Tyranitar|Tyranitar, F|100/100
|move|p1a: Starmie|Recover|p1a: Starmie
|-heal|p1a: Starmie|100/100
|
|-weather|Sandstorm|[upkeep]
|-damage|p1a: Starmie|94/100|[from] Sandstorm
|-heal|p1a: Starmie|100/100|[from] item: Leftovers
|upkeep
|turn|48
|
|t:|1729798589
|move|p1a: Starmie|Surf|p2a: Tyranitar
|-supereffective|p2a: Tyranitar
|-damage|p2a: Tyranitar|39/100
|move|p2a: Tyranitar|Dragon Dance|p2a: Tyranitar
|-boost|p2a: Tyranitar|atk|1
|-boost|p2a: Tyranitar|spe|1
|
|-weather|Sandstorm|[upkeep]
|-damage|p1a: Starmie|94/100|[from] Sandstorm
|-heal|p1a: Starmie|100/100|[from] item: Leftovers
|upkeep
|turn|49
|
|t:|1729798608
|move|p2a: Tyranitar|Rock Slide|p1a: Starmie
|-damage|p1a: Starmie|29/100
|cant|p1a: Starmie|flinch
|
|-weather|Sandstorm|[upkeep]
|-damage|p1a: Starmie|22/100|[from] Sandstorm
|-heal|p1a: Starmie|29/100|[from] item: Leftovers
|upkeep
|turn|50
|
|t:|1729798633
|move|p2a: Tyranitar|Hidden Power|p1a: Starmie
|-supereffective|p1a: Starmie
|-damage|p1a: Starmie|0 fnt
|faint|p1a: Starmie
|inactive|GoldThe1andOnly has 270 seconds left.
|
|t:|1729798646
|switch|p1a: Metagross|Metagross|100/100
|
|-weather|Sandstorm|[upkeep]
|upkeep
|turn|51
|
|t:|1729798653
|switch|p2a: Swampert|Swampert, F|57/100
|move|p1a: Metagross|Earthquake|p2a: Swampert
|-damage|p2a: Swampert|25/100
|
|-weather|Sandstorm|[upkeep]
|-heal|p2a: Swampert|31/100|[from] item: Leftovers
|upkeep
|turn|52
|
|t:|1729798661
|move|p1a: Metagross|Earthquake|p2a: Swampert
|-damage|p2a: Swampert|0 fnt
|faint|p2a: Swampert
|
|t:|1729798665
|switch|p2a: Tyranitar|Tyranitar, F|39/100
|
|-weather|Sandstorm|[upkeep]
|upkeep
|turn|53
|
|t:|1729798677
|move|p2a: Tyranitar|Earthquake|p1a: Metagross
|-supereffective|p1a: Metagross
|-damage|p1a: Metagross|41/100
|move|p1a: Metagross|Earthquake|p2a: Tyranitar
|-supereffective|p2a: Tyranitar
|-damage|p2a: Tyranitar|0 fnt
|faint|p2a: Tyranitar
|
|win|GoldThe1andOnly
|c|☆Usbreon|gg
|c|☆GoldThe1andOnly|gg

</script>
<script type="application/json" class="data" id="replaydata-smogtours-gen3ou-801607">
{"id":"smogtours-gen3ou-801607","format":"[Gen 3] OU","players":["GoldThe1andOnly","Usbreon"],"uploadtime":1729798677,"views":77,"formatid":"gen3ou","rating":null,"private":0,"password":null}
</script>

<script defer src="js/replays.js?9d40a366"></script>
