<!DOCTYPE html>
<meta charset="utf-8" />
<meta name="viewport" content="width=device-width" />

<title>[Gen 3] OU: DimmyJean vs. 1998 Mercedes-Benz - Replays - Pok&eacute;mon Showdown!</title>

<meta name="description" content="Watch a replay of a Pok&eacute;mon battle between DimmyJean and 1998 Mercedes-Benz! Format: [Gen 3] OU; Date: Oct 9, 2024" />
<!--

Hey, you! Looking in the source for the replay log?

You can find them in JSON format, just add `.json` at the end of a replay URL.

https://replay.pokemonshowdown.com/gen7randomdoublesbattle-865046831.json

Or, if you only need the log itself, add `.log` instead:

https://replay.pokemonshowdown.com/gen7randomdoublesbattle-865046831.log

-->

<link rel="stylesheet" href="//pokemonshowdown.com/style/global.css?0.767286132409787" />
<link rel="stylesheet" href="//play.pokemonshowdown.com/style/font-awesome.css?0.9266228007934947" />
<link rel="stylesheet" href="//play.pokemonshowdown.com/style/battle.css?0.7924700842790926" />
<link rel="stylesheet" href="//play.pokemonshowdown.com/style/utilichart.css?0.8777417872839479" />

<!-- Global site tag (gtag.js) - Google Analytics -->
<script async src="https://www.googletagmanager.com/gtag/js?id=UA-26211653-1"></script>
<script>
  window.dataLayer = window.dataLayer || [];
  function gtag(){dataLayer.push(arguments);}
  gtag('js', new Date());

  gtag('config', 'UA-26211653-1');
</script>
<!-- End Google Analytics -->
<!-- Venatus Ad Manager - Install in <HEAD> of page -->
	<script src="https://hb.vntsm.com/v3/live/ad-manager.min.js" type="text/javascript" data-site-id="642aba63ec9a7b11c3c9c1be" data-mode="scan" async></script>
<!-- / Venatus Ad Manager -->

<style>
	@media (max-width:820px) {
		.battle {
			margin: 0 auto;
		}
		.battle-log {
			margin: 7px auto 0;
			max-width: 640px;
			height: 300px;
			position: static;
		}
	}
	.optgroup {
		display: inline-block;
		line-height: 22px;
		font-size: 10pt;
	}
	.optgroup .button {
		height: 25px;
		padding-top: 0;
		padding-bottom: 0;
	}
	.optgroup button.button {
		padding-left: 12px;
		padding-right: 12px;
	}
	.linklist {
		list-style: none;
		margin: 0.5em 0;
		padding: 0;
	}
	.linklist li {
		padding: 2px 0;
	}
	.sidebar {
		float: left;
		width: 320px;
	}
	.bar-wrapper {
		max-width: 1100px;
		margin: 0 auto;
	}
	.bar-wrapper.has-sidebar {
		max-width: 1430px;
	}
	.mainbar {
		margin: 0;
		padding-right: 1px;
	}
	.mainbar.has-sidebar {
		margin-left: 330px;
	}
	@media (min-width: 1511px) {
		.sidebar {
			width: 400px;
		}
		.bar-wrapper.has-sidebar {
			max-width: 1510px;
		}
		.mainbar.has-sidebar {
			margin-left: 410px;
		}
	}
	.section.first-section {
		margin-top: 9px;
	}
	.blocklink small {
		white-space: normal;
	}
	.button {
		vertical-align: middle;
	}
	.replay-controls {
		padding-top: 10px;
	}
	.replay-controls h1 {
		font-size: 16pt;
		font-weight: normal;
		color: #CCC;
	}
	.pagelink {
		text-align: center;
	}
	.pagelink a {
		width: 150px;
	}
	.textbox, .button {
		font-size: 11pt;
		vertical-align: middle;
	}
	@media (max-width: 450px) {
		.button {
			font-size: 9pt;
		}
	}
</style>

<div>

	<header>
		<div class="nav-wrapper"><ul class="nav">
			<li><a class="button nav-first" href="//pokemonshowdown.com/"><img src="//pokemonshowdown.com/images/pokemonshowdownbeta.png" srcset="//pokemonshowdown.com/images/pokemonshowdownbeta.png 1x, //pokemonshowdown.com/images/pokemonshowdownbeta@2x.png 2x" alt="Pok&eacute;mon Showdown" width="146" height="44" /> Home</a></li>
			<li><a class="button" href="//pokemonshowdown.com/dex/">Pok&eacute;dex</a></li>
			<li><a class="button cur" href="/">Replays</a></li>
			<li><a class="button" href="//pokemonshowdown.com/ladder/">Ladder</a></li>
			<li><a class="button nav-last" href="//pokemonshowdown.com/forums/">Forum</a></li>
			<li><a class="button greenbutton nav-first nav-last" href="//play.pokemonshowdown.com/">Play</a></li>
		</ul></div>
	</header>

	<div class="main" id="main">

		<noscript><section class="section">You need to enable JavaScript to use this page; sorry!</section></noscript>

	</div>

</div>

<script defer nomodule src="//play.pokemonshowdown.com/js/lib/ps-polyfill.js"></script>
<script defer src="//play.pokemonshowdown.com/js/lib/preact.min.js"></script>

<script defer src="//play.pokemonshowdown.com/config/config.js?6dec07f6"></script>
<script defer src="//play.pokemonshowdown.com/js/lib/jquery-1.11.0.min.js"></script>
<script defer src="//play.pokemonshowdown.com/js/lib/html-sanitizer-minified.js"></script>
<script defer src="//play.pokemonshowdown.com/js/battle-sound.js"></script>
<script defer src="//play.pokemonshowdown.com/js/battledata.js?0.6315294753075389"></script>
<script defer src="//play.pokemonshowdown.com/data/pokedex-mini.js?0.7603743185311358"></script>
<script defer src="//play.pokemonshowdown.com/data/pokedex-mini-bw.js?0.030888842834281283"></script>
<script defer src="//play.pokemonshowdown.com/data/graphics.js?0.05593094747507488"></script>
<script defer src="//play.pokemonshowdown.com/data/pokedex.js?0.47064822249611904"></script>
<script defer src="//play.pokemonshowdown.com/data/moves.js?0.8583693120512459"></script>
<script defer src="//play.pokemonshowdown.com/data/abilities.js?0.16017181182386842"></script>
<script defer src="//play.pokemonshowdown.com/data/items.js?0.4163379185673943"></script>
<script defer src="//play.pokemonshowdown.com/data/teambuilder-tables.js?0.31075597372830477"></script>
<script defer src="//play.pokemonshowdown.com/js/battle-tooltips.js?0.6536193500708172"></script>
<script defer src="//play.pokemonshowdown.com/js/battle.js?0.1916591943277901"></script>

<script defer src="js/utils.js?e31f9a17"></script>
<script defer src="js/replays-battle.js?7008c182"></script>

<!-- don't scrape this data! just add .json or .log after the URL!
Full API docs: https://github.com/smogon/pokemon-showdown-client/blob/master/WEB-API.md -->
<script type="text/plain" class="log" id="replaylog-smogtours-gen3ou-796609">
|inactive|Battle timer is ON: inactive players will automatically lose when time's up.
|t:|1728476788
|gametype|singles
|player|p1|DimmyJean|101|
|player|p2|1998 Mercedes-Benz|emma|
|teamsize|p1|6
|teamsize|p2|6
|gen|3
|tier|[Gen 3] OU
|rule|Sleep Clause Mod: Limit one foe put to sleep
|rule|Switch Priority Clause Mod: Faster Pokémon switch first
|rule|Species Clause: Limit one of each Pokémon
|rule|OHKO Clause: OHKO moves are banned
|rule|Evasion Items Clause: Evasion items are banned
|rule|Evasion Moves Clause: Evasion moves are banned
|rule|Endless Battle Clause: Forcing endless battles is banned
|rule|HP Percentage Mod: HP is shown in percentages
|rule|One Boost Passer Clause: Limit one Baton Passer that has a way to boost its stats
|rule|Freeze Clause Mod: Limit one foe frozen
|
|t:|1728476788
|start
|switch|p1a: Zapdos|Zapdos|100/100
|switch|p2a: adv ou dlc|Hariyama, M|100/100
|turn|1
|c|☆1998 Mercedes-Benz|glhf
|
|t:|1728476809
|move|p1a: Zapdos|Thunder Wave|p2a: adv ou dlc
|-status|p2a: adv ou dlc|par
|move|p2a: adv ou dlc|Knock Off|p1a: Zapdos
|-damage|p1a: Zapdos|99/100
|-enditem|p1a: Zapdos|Leftovers|[from] move: Knock Off|[of] p2a: adv ou dlc
|-hint|In Gens 3-4, Knock Off only makes the target's item unusable; it cannot obtain a new item.
|
|upkeep
|turn|2
|c|☆DimmyJean|glhf
|
|t:|1728476820
|move|p1a: Zapdos|Thunderbolt|p2a: adv ou dlc
|-damage|p2a: adv ou dlc|68/100 par
|cant|p2a: adv ou dlc|par
|
|-heal|p2a: adv ou dlc|74/100 par|[from] item: Leftovers
|upkeep
|turn|3
|
|t:|1728476831
|move|p1a: Zapdos|Thunderbolt|p2a: adv ou dlc
|-damage|p2a: adv ou dlc|38/100 par
|move|p2a: adv ou dlc|Refresh|p2a: adv ou dlc
|-curestatus|p2a: adv ou dlc|par|[msg]
|
|-heal|p2a: adv ou dlc|44/100|[from] item: Leftovers
|upkeep
|turn|4
|
|t:|1728476839
|switch|p2a: fat fk|Blissey, F|100/100
|move|p1a: Zapdos|Thunderbolt|p2a: fat fk
|-damage|p2a: fat fk|84/100
|
|-heal|p2a: fat fk|90/100|[from] item: Leftovers
|upkeep
|turn|5
|
|t:|1728476850
|switch|p1a: Tyranitar|Tyranitar, M|100/100
|-weather|Sandstorm|[from] ability: Sand Stream|[of] p1a: Tyranitar
|switch|p2a: kanyes jet|Skarmory, F|100/100
|
|-weather|Sandstorm|[upkeep]
|upkeep
|turn|6
|
|t:|1728476860
|switch|p1a: Skarmory|Skarmory, F|100/100
|move|p2a: kanyes jet|Spikes|p1a: Skarmory
|-sidestart|p1: DimmyJean|Spikes
|
|-weather|Sandstorm|[upkeep]
|upkeep
|turn|7
|
|t:|1728476865
|move|p1a: Skarmory|Spikes|p2a: kanyes jet
|-sidestart|p2: 1998 Mercedes-Benz|Spikes
|move|p2a: kanyes jet|Roar|p1a: Skarmory
|drag|p1a: Jirachi|Jirachi|100/100
|-damage|p1a: Jirachi|88/100|[from] Spikes
|
|-weather|Sandstorm|[upkeep]
|-heal|p1a: Jirachi|94/100|[from] item: Leftovers
|upkeep
|turn|8
|inactive|1998 Mercedes-Benz has 270 seconds left.
|inactive|1998 Mercedes-Benz has 240 seconds left.
|
|t:|1728476940
|switch|p2a: fat fk|Blissey, F|90/100
|-damage|p2a: fat fk|78/100|[from] Spikes
|move|p1a: Jirachi|Fire Punch|p2a: fat fk
|-damage|p2a: fat fk|70/100
|
|-weather|Sandstorm|[upkeep]
|-damage|p2a: fat fk|64/100|[from] Sandstorm
|-heal|p1a: Jirachi|100/100|[from] item: Leftovers
|-heal|p2a: fat fk|70/100|[from] item: Leftovers
|upkeep
|turn|9
|
|t:|1728476961
|move|p1a: Jirachi|Protect|p1a: Jirachi
|-singleturn|p1a: Jirachi|Protect
|move|p2a: fat fk|Wish|p2a: fat fk
|
|-weather|Sandstorm|[upkeep]
|-damage|p2a: fat fk|64/100|[from] Sandstorm
|-heal|p2a: fat fk|70/100|[from] item: Leftovers
|upkeep
|turn|10
|
|t:|1728476974
|switch|p1a: Aerodactyl|Aerodactyl, F|100/100
|move|p2a: fat fk|Seismic Toss|p1a: Aerodactyl
|-damage|p1a: Aerodactyl|67/100
|
|-heal|p2a: fat fk|100/100|[from] move: Wish|[wisher] fat fk
|-weather|Sandstorm|[upkeep]
|-damage|p2a: fat fk|94/100|[from] Sandstorm
|-heal|p2a: fat fk|100/100|[from] item: Leftovers
|upkeep
|turn|11
|inactive|DimmyJean has 270 seconds left.
|
|t:|1728477001
|switch|p1a: Tyranitar|Tyranitar, M|100/100
|-damage|p1a: Tyranitar|88/100|[from] Spikes
|switch|p2a: six eyes mf|Claydol|100/100
|
|-weather|Sandstorm|[upkeep]
|upkeep
|turn|12
|inactive|DimmyJean has 270 seconds left.
|
|t:|1728477014
|switch|p1a: Flygon|Flygon, F|100/100
|move|p2a: six eyes mf|Rapid Spin|p1a: Flygon
|-crit|p1a: Flygon
|-damage|p1a: Flygon|93/100
|-sideend|p2: 1998 Mercedes-Benz|Spikes|[from] move: Rapid Spin|[of] p2a: six eyes mf
|
|-weather|Sandstorm|[upkeep]
|-heal|p1a: Flygon|99/100|[from] item: Leftovers
|upkeep
|turn|13
|inactive|DimmyJean has 270 seconds left.
|
|t:|1728477030
|switch|p2a: kanyes jet|Skarmory, F|100/100
|move|p1a: Flygon|Toxic|p2a: kanyes jet
|-immune|p2a: kanyes jet
|
|-weather|Sandstorm|[upkeep]
|-heal|p1a: Flygon|100/100|[from] item: Leftovers
|upkeep
|turn|14
|inactive|DimmyJean has 270 seconds left.
|
|t:|1728477054
|switch|p1a: Skarmory|Skarmory, F|100/100
|move|p2a: kanyes jet|Spikes|p1a: Skarmory
|-sidestart|p1: DimmyJean|Spikes
|
|-weather|Sandstorm|[upkeep]
|upkeep
|turn|15
|
|t:|1728477061
|move|p1a: Skarmory|Spikes|p2a: kanyes jet
|-sidestart|p2: 1998 Mercedes-Benz|Spikes
|move|p2a: kanyes jet|Spikes|p1a: Skarmory
|-sidestart|p1: DimmyJean|Spikes
|
|-weather|Sandstorm|[upkeep]
|upkeep
|turn|16
|
|t:|1728477064
|move|p1a: Skarmory|Spikes|p2a: kanyes jet
|-sidestart|p2: 1998 Mercedes-Benz|Spikes
|move|p2a: kanyes jet|Roar|p1a: Skarmory
|drag|p1a: Jirachi|Jirachi|100/100
|-damage|p1a: Jirachi|75/100|[from] Spikes
|
|-weather|Sandstorm|[upkeep]
|-heal|p1a: Jirachi|82/100|[from] item: Leftovers
|upkeep
|turn|17
|
|t:|1728477073
|move|p1a: Jirachi|Wish|p1a: Jirachi
|move|p2a: kanyes jet|Roar|p1a: Jirachi
|drag|p1a: Skarmory|Skarmory, F|100/100
|
|-weather|Sandstorm|[upkeep]
|upkeep
|turn|18
|
|t:|1728477081
|switch|p2a: six eyes mf|Claydol|100/100
|move|p1a: Skarmory|Spikes|p2a: six eyes mf
|-sidestart|p2: 1998 Mercedes-Benz|Spikes
|
|-weather|Sandstorm|[upkeep]
|upkeep
|turn|19
|
|t:|1728477084
|move|p2a: six eyes mf|Rapid Spin|p1a: Skarmory
|-resisted|p1a: Skarmory
|-damage|p1a: Skarmory|99/100
|-sideend|p2: 1998 Mercedes-Benz|Spikes|[from] move: Rapid Spin|[of] p2a: six eyes mf
|move|p1a: Skarmory|Toxic|p2a: six eyes mf
|-status|p2a: six eyes mf|tox
|
|-weather|Sandstorm|[upkeep]
|-damage|p2a: six eyes mf|94/100 tox|[from] psn
|-heal|p1a: Skarmory|100/100|[from] item: Leftovers
|upkeep
|turn|20
|c|☆1998 Mercedes-Benz|the task is set
|
|t:|1728477095
|move|p2a: six eyes mf|Refresh|p2a: six eyes mf
|-curestatus|p2a: six eyes mf|tox|[msg]
|move|p1a: Skarmory|Spikes|p2a: six eyes mf
|-sidestart|p2: 1998 Mercedes-Benz|Spikes
|
|-weather|Sandstorm|[upkeep]
|-heal|p2a: six eyes mf|100/100|[from] item: Leftovers
|upkeep
|turn|21
|
|t:|1728477120
|switch|p2a: fat fk|Blissey, F|100/100
|-damage|p2a: fat fk|88/100|[from] Spikes
|switch|p1a: Flygon|Flygon, F|100/100
|
|-weather|Sandstorm|[upkeep]
|-damage|p2a: fat fk|82/100|[from] Sandstorm
|-heal|p2a: fat fk|88/100|[from] item: Leftovers
|upkeep
|turn|22
|
|t:|1728477133
|switch|p1a: Jirachi|Jirachi|82/100
|-damage|p1a: Jirachi|57/100|[from] Spikes
|move|p2a: fat fk|Wish|p2a: fat fk
|
|-weather|Sandstorm|[upkeep]
|-damage|p2a: fat fk|82/100|[from] Sandstorm
|-heal|p1a: Jirachi|63/100|[from] item: Leftovers
|-heal|p2a: fat fk|88/100|[from] item: Leftovers
|upkeep
|turn|23
|
|t:|1728477144
|switch|p2a: adv ou dlc|Hariyama, M|44/100
|-damage|p2a: adv ou dlc|31/100|[from] Spikes
|move|p1a: Jirachi|Wish|p1a: Jirachi
|
|-heal|p2a: adv ou dlc|81/100|[from] move: Wish|[wisher] fat fk
|-weather|Sandstorm|[upkeep]
|-damage|p2a: adv ou dlc|75/100|[from] Sandstorm
|-heal|p1a: Jirachi|69/100|[from] item: Leftovers
|-heal|p2a: adv ou dlc|81/100|[from] item: Leftovers
|upkeep
|turn|24
|
|t:|1728477169
|move|p1a: Jirachi|Protect|p1a: Jirachi
|-singleturn|p1a: Jirachi|Protect
|move|p2a: adv ou dlc|Knock Off|p1a: Jirachi
|-activate|p1a: Jirachi|Protect
|
|-heal|p1a: Jirachi|100/100|[from] move: Wish|[wisher] Jirachi
|-weather|Sandstorm|[upkeep]
|-damage|p2a: adv ou dlc|75/100|[from] Sandstorm
|-heal|p2a: adv ou dlc|81/100|[from] item: Leftovers
|upkeep
|turn|25
|
|t:|1728477176
|switch|p1a: Zapdos|Zapdos|99/100
|move|p2a: adv ou dlc|Whirlwind|p1a: Zapdos
|drag|p1a: Skarmory|Skarmory, F|100/100
|
|-weather|Sandstorm|[upkeep]
|-damage|p2a: adv ou dlc|75/100|[from] Sandstorm
|-heal|p2a: adv ou dlc|81/100|[from] item: Leftovers
|upkeep
|turn|26
|
|t:|1728477191
|switch|p1a: Zapdos|Zapdos|99/100
|move|p2a: adv ou dlc|Knock Off|p1a: Zapdos
|-damage|p1a: Zapdos|97/100
|
|-weather|Sandstorm|[upkeep]
|-damage|p1a: Zapdos|91/100|[from] Sandstorm
|-damage|p2a: adv ou dlc|75/100|[from] Sandstorm
|-heal|p2a: adv ou dlc|81/100|[from] item: Leftovers
|upkeep
|turn|27
|
|t:|1728477200
|switch|p2a: fat fk|Blissey, F|88/100
|-damage|p2a: fat fk|76/100|[from] Spikes
|move|p1a: Zapdos|Roar|p2a: fat fk
|drag|p2a: adv ou dlc|Hariyama, M|81/100
|-damage|p2a: adv ou dlc|69/100|[from] Spikes
|
|-weather|Sandstorm|[upkeep]
|-damage|p1a: Zapdos|85/100|[from] Sandstorm
|-damage|p2a: adv ou dlc|63/100|[from] Sandstorm
|-heal|p2a: adv ou dlc|69/100|[from] item: Leftovers
|upkeep
|turn|28
|
|t:|1728477210
|switch|p1a: Tyranitar|Tyranitar, M|88/100
|-damage|p1a: Tyranitar|63/100|[from] Spikes
|switch|p2a: fat fk|Blissey, F|76/100
|-damage|p2a: fat fk|63/100|[from] Spikes
|
|-weather|Sandstorm|[upkeep]
|-damage|p2a: fat fk|57/100|[from] Sandstorm
|-heal|p2a: fat fk|63/100|[from] item: Leftovers
|upkeep
|turn|29
|
|t:|1728477224
|switch|p2a: kanyes jet|Skarmory, F|100/100
|move|p1a: Tyranitar|Taunt|p2a: kanyes jet
|-start|p2a: kanyes jet|move: Taunt
|
|-weather|Sandstorm|[upkeep]
|upkeep
|turn|30
|
|t:|1728477230
|switch|p2a: six eyes mf|Claydol|100/100
|move|p1a: Tyranitar|Dragon Dance|p1a: Tyranitar
|-boost|p1a: Tyranitar|atk|1
|-boost|p1a: Tyranitar|spe|1
|
|-weather|Sandstorm|[upkeep]
|upkeep
|turn|31
|
|t:|1728477246
|switch|p1a: Aerodactyl|Aerodactyl, F|67/100
|move|p2a: six eyes mf|Earthquake|p1a: Aerodactyl
|-immune|p1a: Aerodactyl
|
|-weather|Sandstorm|[upkeep]
|upkeep
|turn|32
|
|t:|1728477260
|switch|p2a: cb threat|Salamence, M|100/100
|-ability|p2a: cb threat|Intimidate|boost
|-unboost|p1a: Aerodactyl|atk|1
|move|p1a: Aerodactyl|Hidden Power|p2a: cb threat
|-damage|p2a: cb threat|76/100
|
|-weather|Sandstorm|[upkeep]
|-damage|p2a: cb threat|70/100|[from] Sandstorm
|-heal|p2a: cb threat|76/100|[from] item: Leftovers
|upkeep
|turn|33
|
|t:|1728477274
|switch|p1a: Flygon|Flygon, F|100/100
|move|p2a: cb threat|Toxic|p1a: Flygon|[miss]
|-miss|p2a: cb threat|p1a: Flygon
|
|-weather|Sandstorm|[upkeep]
|-damage|p2a: cb threat|70/100|[from] Sandstorm
|-heal|p2a: cb threat|76/100|[from] item: Leftovers
|upkeep
|turn|34
|c|☆1998 Mercedes-Benz|dudeee
|inactive|1998 Mercedes-Benz has 270 seconds left.
|inactive|1998 Mercedes-Benz has 240 seconds left.
|inactive|1998 Mercedes-Benz has 210 seconds left.
|
|t:|1728477375
|move|p2a: cb threat|Protect|p2a: cb threat
|-singleturn|p2a: cb threat|Protect
|move|p1a: Flygon|Rock Slide|p2a: cb threat
|-activate|p2a: cb threat|Protect
|
|-weather|Sandstorm|[upkeep]
|-damage|p2a: cb threat|70/100|[from] Sandstorm
|-heal|p2a: cb threat|76/100|[from] item: Leftovers
|upkeep
|turn|35
|
|t:|1728477382
|move|p2a: cb threat|Toxic|p1a: Flygon
|-status|p1a: Flygon|tox
|move|p1a: Flygon|Toxic|p2a: cb threat
|-status|p2a: cb threat|tox
|
|-weather|Sandstorm|[upkeep]
|-damage|p2a: cb threat|70/100 tox|[from] Sandstorm
|-heal|p2a: cb threat|76/100 tox|[from] item: Leftovers
|-damage|p2a: cb threat|70/100 tox|[from] psn
|-damage|p1a: Flygon|94/100 tox|[from] psn
|upkeep
|turn|36
|
|t:|1728477392
|switch|p2a: kanyes jet|Skarmory, F|100/100
|move|p1a: Flygon|Rock Slide|p2a: kanyes jet
|-damage|p2a: kanyes jet|86/100
|
|-weather|Sandstorm|[upkeep]
|-heal|p1a: Flygon|100/100 tox|[from] item: Leftovers
|-damage|p1a: Flygon|88/100 tox|[from] psn
|-heal|p2a: kanyes jet|92/100|[from] item: Leftovers
|upkeep
|turn|37
|inactive|1998 Mercedes-Benz has 210 seconds left.
|inactive|1998 Mercedes-Benz has 180 seconds left.
|inactive|DimmyJean has 270 seconds left.
|inactive|1998 Mercedes-Benz has 150 seconds left.
|inactive|1998 Mercedes-Benz has 120 seconds left.
|
|t:|1728477506
|switch|p1a: Jirachi|Jirachi|100/100
|-damage|p1a: Jirachi|75/100|[from] Spikes
|move|p2a: kanyes jet|Roar|p1a: Jirachi
|drag|p1a: Aerodactyl|Aerodactyl, F|67/100
|
|-weather|Sandstorm|[upkeep]
|-heal|p2a: kanyes jet|98/100|[from] item: Leftovers
|upkeep
|turn|38
|
|t:|1728477516
|switch|p1a: Skarmory|Skarmory, F|100/100
|move|p2a: kanyes jet|Roar|p1a: Skarmory
|drag|p1a: Aerodactyl|Aerodactyl, F|67/100
|
|-weather|Sandstorm|[upkeep]
|-heal|p2a: kanyes jet|100/100|[from] item: Leftovers
|upkeep
|turn|39
|
|t:|1728477523
|move|p1a: Aerodactyl|Rock Slide|p2a: kanyes jet
|-crit|p2a: kanyes jet
|-damage|p2a: kanyes jet|28/100
|move|p2a: kanyes jet|Roar|p1a: Aerodactyl
|drag|p1a: Skarmory|Skarmory, F|100/100
|
|-weather|Sandstorm|[upkeep]
|-heal|p2a: kanyes jet|34/100|[from] item: Leftovers
|upkeep
|turn|40
|
|t:|1728477530
|move|p1a: Skarmory|Spikes|p2a: kanyes jet
|-sidestart|p2: 1998 Mercedes-Benz|Spikes
|move|p2a: kanyes jet|Roar|p1a: Skarmory
|drag|p1a: Flygon|Flygon, F|88/100 tox
|
|-weather|Sandstorm|[upkeep]
|-heal|p1a: Flygon|94/100 tox|[from] item: Leftovers
|-damage|p1a: Flygon|88/100 tox|[from] psn
|-heal|p2a: kanyes jet|40/100|[from] item: Leftovers
|upkeep
|turn|41
|inactive|DimmyJean has 270 seconds left.
|
|t:|1728477536
|move|p2a: kanyes jet|Protect|p2a: kanyes jet
|-singleturn|p2a: kanyes jet|Protect
|move|p1a: Flygon|Rock Slide|p2a: kanyes jet
|-activate|p2a: kanyes jet|Protect
|
|-weather|Sandstorm|[upkeep]
|-heal|p1a: Flygon|94/100 tox|[from] item: Leftovers
|-damage|p1a: Flygon|82/100 tox|[from] psn
|-heal|p2a: kanyes jet|46/100|[from] item: Leftovers
|upkeep
|turn|42
|
|t:|1728477548
|move|p1a: Flygon|Rock Slide|p2a: kanyes jet
|-damage|p2a: kanyes jet|33/100
|cant|p2a: kanyes jet|flinch
|
|-weather|Sandstorm|[upkeep]
|-heal|p1a: Flygon|88/100 tox|[from] item: Leftovers
|-damage|p1a: Flygon|70/100 tox|[from] psn
|-heal|p2a: kanyes jet|39/100|[from] item: Leftovers
|upkeep
|turn|43
|
|t:|1728477554
|switch|p1a: Zapdos|Zapdos|85/100
|move|p2a: kanyes jet|Protect||[still]
|-fail|p2a: kanyes jet
|
|-weather|Sandstorm|[upkeep]
|-damage|p1a: Zapdos|79/100|[from] Sandstorm
|-heal|p2a: kanyes jet|45/100|[from] item: Leftovers
|upkeep
|turn|44
|
|t:|1728477564
|switch|p2a: six eyes mf|Claydol|100/100
|move|p1a: Zapdos|Roar|p2a: six eyes mf
|drag|p2a: adv ou dlc|Hariyama, M|69/100
|-damage|p2a: adv ou dlc|53/100|[from] Spikes
|
|-weather|Sandstorm|[upkeep]
|-damage|p1a: Zapdos|72/100|[from] Sandstorm
|-damage|p2a: adv ou dlc|47/100|[from] Sandstorm
|-heal|p2a: adv ou dlc|53/100|[from] item: Leftovers
|upkeep
|turn|45
|
|t:|1728477571
|switch|p2a: six eyes mf|Claydol|100/100
|move|p1a: Zapdos|Thunderbolt|p2a: six eyes mf
|-immune|p2a: six eyes mf
|
|-weather|Sandstorm|[upkeep]
|-damage|p1a: Zapdos|66/100|[from] Sandstorm
|upkeep
|turn|46
|
|t:|1728477577
|move|p1a: Zapdos|Hidden Power|p2a: six eyes mf
|-supereffective|p2a: six eyes mf
|-crit|p2a: six eyes mf
|-damage|p2a: six eyes mf|28/100
|move|p2a: six eyes mf|Rapid Spin|p1a: Zapdos
|-damage|p1a: Zapdos|61/100
|-sideend|p2: 1998 Mercedes-Benz|Spikes|[from] move: Rapid Spin|[of] p2a: six eyes mf
|
|-weather|Sandstorm|[upkeep]
|-damage|p1a: Zapdos|55/100|[from] Sandstorm
|-heal|p2a: six eyes mf|34/100|[from] item: Leftovers
|upkeep
|turn|47
|c|☆DimmyJean|jeez
|inactive|1998 Mercedes-Benz has 180 seconds left.
|inactive|DimmyJean has 270 seconds left.
|inactive|1998 Mercedes-Benz has 150 seconds left.
|inactive|1998 Mercedes-Benz has 120 seconds left.
|
|t:|1728477653
|switch|p1a: Flygon|Flygon, F|70/100 tox
|switch|p2a: fat fk|Blissey, F|63/100
|
|-weather|Sandstorm|[upkeep]
|-damage|p2a: fat fk|57/100|[from] Sandstorm
|-heal|p1a: Flygon|76/100 tox|[from] item: Leftovers
|-damage|p1a: Flygon|70/100 tox|[from] psn
|-heal|p2a: fat fk|63/100|[from] item: Leftovers
|upkeep
|turn|48
|inactive|DimmyJean has 270 seconds left.
|
|t:|1728477666
|move|p1a: Flygon|Earthquake|p2a: fat fk
|-crit|p2a: fat fk
|-damage|p2a: fat fk|0 fnt
|faint|p2a: fat fk
|c|☆1998 Mercedes-Benz|dude
|inactive|1998 Mercedes-Benz has 120 seconds left.
|c|☆1998 Mercedes-Benz|what the fuck
|inactive|1998 Mercedes-Benz has 90 seconds left.
|inactive|1998 Mercedes-Benz has 60 seconds left.
|
|t:|1728477744
|switch|p2a: cb threat|Salamence, M|70/100 tox
|-ability|p2a: cb threat|Intimidate|boost
|-unboost|p1a: Flygon|atk|1
|
|-weather|Sandstorm|[upkeep]
|-damage|p2a: cb threat|64/100 tox|[from] Sandstorm
|-heal|p2a: cb threat|70/100 tox|[from] item: Leftovers
|-damage|p2a: cb threat|64/100 tox|[from] psn
|-heal|p1a: Flygon|76/100 tox|[from] item: Leftovers
|-damage|p1a: Flygon|64/100 tox|[from] psn
|upkeep
|turn|49
|inactive|DimmyJean has 270 seconds left.
|inactive|1998 Mercedes-Benz has 60 seconds left.
|
|t:|1728477762
|switch|p2a: kanyes jet|Skarmory, F|45/100
|move|p1a: Flygon|Rock Slide|p2a: kanyes jet
|-damage|p2a: kanyes jet|36/100
|
|-weather|Sandstorm|[upkeep]
|-heal|p1a: Flygon|70/100 tox|[from] item: Leftovers
|-damage|p1a: Flygon|52/100 tox|[from] psn
|-heal|p2a: kanyes jet|42/100|[from] item: Leftovers
|upkeep
|turn|50
|inactive|DimmyJean has 270 seconds left.
|inactive|1998 Mercedes-Benz has 60 seconds left.
|inactive|1998 Mercedes-Benz has 30 seconds left.
|inactive|1998 Mercedes-Benz has 20 seconds left.
|
|t:|1728477817
|switch|p1a: Skarmory|Skarmory, F|100/100
|move|p2a: kanyes jet|Protect||[still]
|-fail|p2a: kanyes jet
|
|-weather|Sandstorm|[upkeep]
|-heal|p2a: kanyes jet|48/100|[from] item: Leftovers
|upkeep
|turn|51
|inactive|1998 Mercedes-Benz has 30 seconds left this turn.
|inactive|DimmyJean has 270 seconds left.
|
|t:|1728477829
|move|p1a: Skarmory|Spikes|p2a: kanyes jet
|-sidestart|p2: 1998 Mercedes-Benz|Spikes
|move|p2a: kanyes jet|Roar|p1a: Skarmory
|drag|p1a: Tyranitar|Tyranitar, M|63/100
|-damage|p1a: Tyranitar|39/100|[from] Spikes
|
|-weather|Sandstorm|[upkeep]
|-heal|p2a: kanyes jet|54/100|[from] item: Leftovers
|upkeep
|turn|52
|inactive|DimmyJean has 270 seconds left.
|inactive|1998 Mercedes-Benz has 30 seconds left.
|
|t:|1728477841
|move|p1a: Tyranitar|Taunt|p2a: kanyes jet
|-start|p2a: kanyes jet|move: Taunt
|cant|p2a: kanyes jet|move: Taunt|Roar
|
|-weather|Sandstorm|[upkeep]
|-heal|p2a: kanyes jet|60/100|[from] item: Leftovers
|upkeep
|turn|53
|
|t:|1728477849
|switch|p1a: Zapdos|Zapdos|55/100
|switch|p2a: go home suicune|Quagsire, M|100/100
|-damage|p2a: go home suicune|88/100|[from] Spikes
|
|-weather|Sandstorm|[upkeep]
|-damage|p1a: Zapdos|49/100|[from] Sandstorm
|-heal|p2a: go home suicune|94/100|[from] item: Leftovers
|upkeep
|turn|54
|inactive|1998 Mercedes-Benz has 30 seconds left.
|
|t:|1728477876
|switch|p2a: adv ou dlc|Hariyama, M|53/100
|-damage|p2a: adv ou dlc|40/100|[from] Spikes
|move|p1a: Zapdos|Hidden Power|p2a: adv ou dlc
|-damage|p2a: adv ou dlc|23/100
|
|-weather|Sandstorm|[upkeep]
|-damage|p1a: Zapdos|42/100|[from] Sandstorm
|-damage|p2a: adv ou dlc|17/100|[from] Sandstorm
|-heal|p2a: adv ou dlc|23/100|[from] item: Leftovers
|upkeep
|turn|55
|
|t:|1728477882
|move|p1a: Zapdos|Thunderbolt|p2a: adv ou dlc
|-damage|p2a: adv ou dlc|0 fnt
|faint|p2a: adv ou dlc
|inactive|1998 Mercedes-Benz has 30 seconds left.
|inactive|1998 Mercedes-Benz has 20 seconds left.
|inactive|1998 Mercedes-Benz has 15 seconds left.
|c|☆1998 Mercedes-Benz|if only i had bliss rn
|inactive|1998 Mercedes-Benz has 10 seconds left.
|inactive|1998 Mercedes-Benz has 5 seconds left.
|
|t:|1728477917
|switch|p2a: cb threat|Salamence, M|64/100 tox
|-ability|p2a: cb threat|Intimidate|boost
|-unboost|p1a: Zapdos|atk|1
|
|-weather|Sandstorm|[upkeep]
|-damage|p2a: cb threat|58/100 tox|[from] Sandstorm
|-damage|p1a: Zapdos|36/100|[from] Sandstorm
|-heal|p2a: cb threat|64/100 tox|[from] item: Leftovers
|-damage|p2a: cb threat|58/100 tox|[from] psn
|upkeep
|turn|56
|inactive|1998 Mercedes-Benz has 15 seconds left this turn.
|
|t:|1728477925
|switch|p1a: Flygon|Flygon, F|52/100 tox
|move|p2a: cb threat|Flamethrower|p1a: Flygon
|-resisted|p1a: Flygon
|-damage|p1a: Flygon|39/100 tox
|
|-weather|Sandstorm|[upkeep]
|-damage|p2a: cb threat|52/100 tox|[from] Sandstorm
|-heal|p2a: cb threat|58/100 tox|[from] item: Leftovers
|-damage|p2a: cb threat|46/100 tox|[from] psn
|-heal|p1a: Flygon|45/100 tox|[from] item: Leftovers
|-damage|p1a: Flygon|39/100 tox|[from] psn
|upkeep
|turn|57
|inactive|1998 Mercedes-Benz has 25 seconds left this turn.
|
|t:|1728477942
|switch|p2a: kanyes jet|Skarmory, F|60/100
|move|p1a: Flygon|Rock Slide|p2a: kanyes jet
|-damage|p2a: kanyes jet|47/100
|
|-weather|Sandstorm|[upkeep]
|-heal|p1a: Flygon|45/100 tox|[from] item: Leftovers
|-damage|p1a: Flygon|33/100 tox|[from] psn
|-heal|p2a: kanyes jet|53/100|[from] item: Leftovers
|upkeep
|turn|58
|inactive|1998 Mercedes-Benz has 30 seconds left.
|
|t:|1728477956
|move|p1a: Flygon|Rock Slide|p2a: kanyes jet
|-damage|p2a: kanyes jet|38/100
|move|p2a: kanyes jet|Roar|p1a: Flygon
|drag|p1a: Tyranitar|Tyranitar, M|39/100
|-damage|p1a: Tyranitar|14/100|[from] Spikes
|
|-weather|Sandstorm|[upkeep]
|-heal|p2a: kanyes jet|44/100|[from] item: Leftovers
|upkeep
|turn|59
|
|t:|1728477967
|switch|p2a: cb threat|Salamence, M|46/100 tox
|-ability|p2a: cb threat|Intimidate|boost
|-unboost|p1a: Tyranitar|atk|1
|move|p1a: Tyranitar|Dragon Dance|p1a: Tyranitar
|-boost|p1a: Tyranitar|atk|1
|-boost|p1a: Tyranitar|spe|1
|
|-weather|Sandstorm|[upkeep]
|-damage|p2a: cb threat|40/100 tox|[from] Sandstorm
|-heal|p2a: cb threat|46/100 tox|[from] item: Leftovers
|-damage|p2a: cb threat|40/100 tox|[from] psn
|upkeep
|turn|60
|inactive|1998 Mercedes-Benz has 30 seconds left.
|inactive|1998 Mercedes-Benz has 20 seconds left.
|inactive|1998 Mercedes-Benz has 15 seconds left.
|
|t:|1728478001
|switch|p2a: go home suicune|Quagsire, M|94/100
|-damage|p2a: go home suicune|82/100|[from] Spikes
|move|p1a: Tyranitar|Rock Slide|p2a: go home suicune
|-resisted|p2a: go home suicune
|-damage|p2a: go home suicune|69/100
|
|-weather|Sandstorm|[upkeep]
|-heal|p2a: go home suicune|75/100|[from] item: Leftovers
|upkeep
|turn|61
|inactive|1998 Mercedes-Benz has 25 seconds left this turn.
|
|t:|1728478010
|move|p1a: Tyranitar|Earthquake|p2a: go home suicune
|-damage|p2a: go home suicune|51/100
|move|p2a: go home suicune|Earthquake|p1a: Tyranitar
|-supereffective|p1a: Tyranitar
|-damage|p1a: Tyranitar|0 fnt
|faint|p1a: Tyranitar
|inactive|1998 Mercedes-Benz has 30 seconds left this turn.
|
|t:|1728478022
|switch|p1a: Skarmory|Skarmory, F|100/100
|
|-weather|Sandstorm|[upkeep]
|-heal|p2a: go home suicune|57/100|[from] item: Leftovers
|upkeep
|turn|62
|
|t:|1728478030
|switch|p2a: six eyes mf|Claydol|34/100
|move|p1a: Skarmory|Toxic|p2a: six eyes mf
|-status|p2a: six eyes mf|tox
|
|-weather|Sandstorm|[upkeep]
|-heal|p2a: six eyes mf|40/100 tox|[from] item: Leftovers
|-damage|p2a: six eyes mf|34/100 tox|[from] psn
|upkeep
|turn|63
|
|t:|1728478041
|move|p2a: six eyes mf|Refresh|p2a: six eyes mf
|-curestatus|p2a: six eyes mf|tox|[msg]
|move|p1a: Skarmory|Roar|p2a: six eyes mf
|drag|p2a: kanyes jet|Skarmory, F|44/100
|
|-weather|Sandstorm|[upkeep]
|-heal|p2a: kanyes jet|50/100|[from] item: Leftovers
|upkeep
|turn|64
|
|t:|1728478051
|switch|p2a: cb threat|Salamence, M|40/100 tox
|-ability|p2a: cb threat|Intimidate|boost
|-unboost|p1a: Skarmory|atk|1
|move|p1a: Skarmory|Spikes|p2a: cb threat
|-sidestart|p2: 1998 Mercedes-Benz|Spikes
|
|-weather|Sandstorm|[upkeep]
|-damage|p2a: cb threat|33/100 tox|[from] Sandstorm
|-heal|p2a: cb threat|40/100 tox|[from] item: Leftovers
|-damage|p2a: cb threat|33/100 tox|[from] psn
|upkeep
|turn|65
|
|t:|1728478055
|move|p1a: Skarmory|Protect|p1a: Skarmory
|-singleturn|p1a: Skarmory|Protect
|move|p2a: cb threat|Wish|p2a: cb threat
|
|-weather|Sandstorm|[upkeep]
|-damage|p2a: cb threat|27/100 tox|[from] Sandstorm
|-heal|p2a: cb threat|33/100 tox|[from] item: Leftovers
|-damage|p2a: cb threat|21/100 tox|[from] psn
|upkeep
|turn|66
|inactive|1998 Mercedes-Benz has 60 seconds left.
|
|t:|1728478076
|switch|p2a: six eyes mf|Claydol|34/100
|switch|p1a: Aerodactyl|Aerodactyl, F|67/100
|
|-heal|p2a: six eyes mf|84/100|[from] move: Wish|[wisher] cb threat
|-weather|Sandstorm|[upkeep]
|-heal|p2a: six eyes mf|90/100|[from] item: Leftovers
|upkeep
|turn|67
|
|t:|1728478085
|move|p1a: Aerodactyl|Double-Edge|p2a: six eyes mf
|-damage|p2a: six eyes mf|36/100
|move|p2a: six eyes mf|Psychic|p1a: Aerodactyl
|-damage|p1a: Aerodactyl|36/100
|
|-weather|Sandstorm|[upkeep]
|-heal|p2a: six eyes mf|42/100|[from] item: Leftovers
|upkeep
|turn|68
|
|t:|1728478101
|switch|p1a: Zapdos|Zapdos|36/100
|switch|p2a: kanyes jet|Skarmory, F|50/100
|
|-weather|Sandstorm|[upkeep]
|-damage|p1a: Zapdos|30/100|[from] Sandstorm
|-heal|p2a: kanyes jet|56/100|[from] item: Leftovers
|upkeep
|turn|69
|
|t:|1728478108
|move|p2a: kanyes jet|Protect|p2a: kanyes jet
|-singleturn|p2a: kanyes jet|Protect
|move|p1a: Zapdos|Thunderbolt|p2a: kanyes jet
|-activate|p2a: kanyes jet|Protect
|
|-weather|Sandstorm|[upkeep]
|-damage|p1a: Zapdos|24/100|[from] Sandstorm
|-heal|p2a: kanyes jet|62/100|[from] item: Leftovers
|upkeep
|turn|70
|
|t:|1728478113
|switch|p2a: six eyes mf|Claydol|42/100
|move|p1a: Zapdos|Hidden Power|p2a: six eyes mf
|-supereffective|p2a: six eyes mf
|-damage|p2a: six eyes mf|9/100
|
|-weather|Sandstorm|[upkeep]
|-damage|p1a: Zapdos|17/100|[from] Sandstorm
|-heal|p2a: six eyes mf|15/100|[from] item: Leftovers
|upkeep
|turn|71
|
|t:|1728478125
|switch|p2a: kanyes jet|Skarmory, F|62/100
|move|p1a: Zapdos|Hidden Power|p2a: kanyes jet
|-resisted|p2a: kanyes jet
|-damage|p2a: kanyes jet|58/100
|
|-weather|Sandstorm|[upkeep]
|-damage|p1a: Zapdos|11/100|[from] Sandstorm
|-heal|p2a: kanyes jet|64/100|[from] item: Leftovers
|upkeep
|turn|72
|
|t:|1728478133
|switch|p1a: Flygon|Flygon, F|33/100 tox
|move|p2a: kanyes jet|Protect||[still]
|-fail|p2a: kanyes jet
|
|-weather|Sandstorm|[upkeep]
|-heal|p1a: Flygon|39/100 tox|[from] item: Leftovers
|-damage|p1a: Flygon|33/100 tox|[from] psn
|-heal|p2a: kanyes jet|70/100|[from] item: Leftovers
|upkeep
|turn|73
|
|t:|1728478138
|move|p2a: kanyes jet|Protect|p2a: kanyes jet
|-singleturn|p2a: kanyes jet|Protect
|move|p1a: Flygon|Rock Slide|p2a: kanyes jet|[miss]
|-miss|p1a: Flygon|p2a: kanyes jet
|
|-weather|Sandstorm|[upkeep]
|-heal|p1a: Flygon|39/100 tox|[from] item: Leftovers
|-damage|p1a: Flygon|27/100 tox|[from] psn
|-heal|p2a: kanyes jet|76/100|[from] item: Leftovers
|upkeep
|turn|74
|
|t:|1728478143
|switch|p1a: Jirachi|Jirachi|75/100
|-damage|p1a: Jirachi|50/100|[from] Spikes
|move|p2a: kanyes jet|Roar|p1a: Jirachi
|drag|p1a: Aerodactyl|Aerodactyl, F|36/100
|
|-weather|Sandstorm|[upkeep]
|-heal|p2a: kanyes jet|82/100|[from] item: Leftovers
|upkeep
|turn|75
|
|t:|1728478164
|switch|p1a: Flygon|Flygon, F|27/100 tox
|move|p2a: kanyes jet|Drill Peck|p1a: Flygon
|-damage|p1a: Flygon|7/100 tox
|
|-weather|Sandstorm|[upkeep]
|-heal|p1a: Flygon|13/100 tox|[from] item: Leftovers
|-damage|p1a: Flygon|7/100 tox|[from] psn
|-heal|p2a: kanyes jet|88/100|[from] item: Leftovers
|upkeep
|turn|76
|
|t:|1728478175
|move|p2a: kanyes jet|Protect|p2a: kanyes jet
|-singleturn|p2a: kanyes jet|Protect
|move|p1a: Flygon|Rock Slide|p2a: kanyes jet
|-activate|p2a: kanyes jet|Protect
|
|-weather|Sandstorm|[upkeep]
|-heal|p1a: Flygon|13/100 tox|[from] item: Leftovers
|-damage|p1a: Flygon|1/100 tox|[from] psn
|-heal|p2a: kanyes jet|94/100|[from] item: Leftovers
|upkeep
|turn|77
|
|t:|1728478180
|move|p1a: Flygon|Rock Slide|p2a: kanyes jet
|-damage|p2a: kanyes jet|82/100
|move|p2a: kanyes jet|Drill Peck|p1a: Flygon
|-damage|p1a: Flygon|0 fnt
|faint|p1a: Flygon
|
|t:|1728478184
|switch|p1a: Jirachi|Jirachi|50/100
|-damage|p1a: Jirachi|25/100|[from] Spikes
|
|-weather|Sandstorm|[upkeep]
|-heal|p1a: Jirachi|32/100|[from] item: Leftovers
|-heal|p2a: kanyes jet|88/100|[from] item: Leftovers
|upkeep
|turn|78
|
|t:|1728478187
|move|p1a: Jirachi|Wish|p1a: Jirachi
|move|p2a: kanyes jet|Roar|p1a: Jirachi
|drag|p1a: Skarmory|Skarmory, F|100/100
|
|-weather|Sandstorm|[upkeep]
|-heal|p2a: kanyes jet|94/100|[from] item: Leftovers
|upkeep
|turn|79
|
|t:|1728478198
|move|p1a: Skarmory|Spikes|p2a: kanyes jet
|-sidestart|p2: 1998 Mercedes-Benz|Spikes
|move|p2a: kanyes jet|Roar|p1a: Skarmory
|drag|p1a: Jirachi|Jirachi|32/100
|-damage|p1a: Jirachi|7/100|[from] Spikes
|
|-heal|p1a: Jirachi|57/100|[from] move: Wish|[wisher] Jirachi
|-weather|Sandstorm|[upkeep]
|-heal|p1a: Jirachi|63/100|[from] item: Leftovers
|-heal|p2a: kanyes jet|99/100|[from] item: Leftovers
|upkeep
|turn|80
|
|t:|1728478209
|switch|p2a: cb threat|Salamence, M|21/100 tox
|-ability|p2a: cb threat|Intimidate|boost
|-unboost|p1a: Jirachi|atk|1
|move|p1a: Jirachi|Wish|p1a: Jirachi
|
|-weather|Sandstorm|[upkeep]
|-damage|p2a: cb threat|15/100 tox|[from] Sandstorm
|-heal|p2a: cb threat|21/100 tox|[from] item: Leftovers
|-damage|p2a: cb threat|15/100 tox|[from] psn
|-heal|p1a: Jirachi|69/100|[from] item: Leftovers
|upkeep
|turn|81
|
|t:|1728478217
|move|p2a: cb threat|Wish|p2a: cb threat
|move|p1a: Jirachi|Body Slam|p2a: cb threat
|-crit|p2a: cb threat
|-damage|p2a: cb threat|0 fnt
|faint|p2a: cb threat
|
|t:|1728478220
|switch|p2a: six eyes mf|Claydol|15/100
|
|-heal|p1a: Jirachi|100/100|[from] move: Wish|[wisher] Jirachi
|-weather|Sandstorm|[upkeep]
|-heal|p2a: six eyes mf|21/100|[from] item: Leftovers
|upkeep
|turn|82
|
|t:|1728478236
|switch|p1a: Aerodactyl|Aerodactyl, F|36/100
|move|p2a: six eyes mf|Earthquake|p1a: Aerodactyl
|-immune|p1a: Aerodactyl
|
|-heal|p2a: six eyes mf|71/100|[from] move: Wish|[wisher] cb threat
|-weather|Sandstorm|[upkeep]
|-heal|p2a: six eyes mf|78/100|[from] item: Leftovers
|upkeep
|turn|83
|
|t:|1728478249
|switch|p2a: kanyes jet|Skarmory, F|99/100
|move|p1a: Aerodactyl|Double-Edge|p2a: kanyes jet
|-resisted|p2a: kanyes jet
|-damage|p2a: kanyes jet|78/100
|
|-weather|Sandstorm|[upkeep]
|-heal|p2a: kanyes jet|84/100|[from] item: Leftovers
|upkeep
|turn|84
|
|t:|1728478257
|switch|p2a: six eyes mf|Claydol|78/100
|move|p1a: Aerodactyl|Double-Edge|p2a: six eyes mf
|-damage|p2a: six eyes mf|21/100
|
|-weather|Sandstorm|[upkeep]
|-heal|p2a: six eyes mf|27/100|[from] item: Leftovers
|upkeep
|turn|85
|
|t:|1728478265
|move|p1a: Aerodactyl|Double-Edge|p2a: six eyes mf
|-damage|p2a: six eyes mf|0 fnt
|faint|p2a: six eyes mf
|-message|1998 Mercedes-Benz forfeited.
|
|win|DimmyJean
|player|p2|
|c|☆DimmyJean|does it matter who challenges for second
|player|p1|
|player|p1|DimmyJean|101|
|player|p1|
|player|p1|DimmyJean|101|
|player|p2|1998 Mercedes-Benz|emma|
|player|p1|

</script>
<script type="application/json" class="data" id="replaydata-smogtours-gen3ou-796609">
{"id":"smogtours-gen3ou-796609","format":"[Gen 3] OU","players":["DimmyJean","1998 Mercedes-Benz"],"uploadtime":1728478269,"views":111,"formatid":"gen3ou","rating":null,"private":0,"password":null}
</script>

<script defer src="js/replays.js?9d40a366"></script>
