<!DOCTYPE html>
<meta charset="utf-8" />
<meta name="viewport" content="width=device-width" />

<title>[Gen 3] OU: Zcarlett vs. ccczzx - Replays - Pok&eacute;mon Showdown!</title>

<meta name="description" content="Watch a replay of a Pok&eacute;mon battle between Zcarlett and ccczzx! Format: [Gen 3] OU; Date: Oct 8, 2024" />
<!--

Hey, you! Looking in the source for the replay log?

You can find them in JSON format, just add `.json` at the end of a replay URL.

https://replay.pokemonshowdown.com/gen7randomdoublesbattle-865046831.json

Or, if you only need the log itself, add `.log` instead:

https://replay.pokemonshowdown.com/gen7randomdoublesbattle-865046831.log

-->

<link rel="stylesheet" href="//pokemonshowdown.com/style/global.css?0.767286132409787" />
<link rel="stylesheet" href="//play.pokemonshowdown.com/style/font-awesome.css?0.9266228007934947" />
<link rel="stylesheet" href="//play.pokemonshowdown.com/style/battle.css?0.7924700842790926" />
<link rel="stylesheet" href="//play.pokemonshowdown.com/style/utilichart.css?0.8777417872839479" />

<!-- Global site tag (gtag.js) - Google Analytics -->
<script async src="https://www.googletagmanager.com/gtag/js?id=UA-26211653-1"></script>
<script>
  window.dataLayer = window.dataLayer || [];
  function gtag(){dataLayer.push(arguments);}
  gtag('js', new Date());

  gtag('config', 'UA-26211653-1');
</script>
<!-- End Google Analytics -->
<!-- Venatus Ad Manager - Install in <HEAD> of page -->
	<script src="https://hb.vntsm.com/v3/live/ad-manager.min.js" type="text/javascript" data-site-id="642aba63ec9a7b11c3c9c1be" data-mode="scan" async></script>
<!-- / Venatus Ad Manager -->

<style>
	@media (max-width:820px) {
		.battle {
			margin: 0 auto;
		}
		.battle-log {
			margin: 7px auto 0;
			max-width: 640px;
			height: 300px;
			position: static;
		}
	}
	.optgroup {
		display: inline-block;
		line-height: 22px;
		font-size: 10pt;
	}
	.optgroup .button {
		height: 25px;
		padding-top: 0;
		padding-bottom: 0;
	}
	.optgroup button.button {
		padding-left: 12px;
		padding-right: 12px;
	}
	.linklist {
		list-style: none;
		margin: 0.5em 0;
		padding: 0;
	}
	.linklist li {
		padding: 2px 0;
	}
	.sidebar {
		float: left;
		width: 320px;
	}
	.bar-wrapper {
		max-width: 1100px;
		margin: 0 auto;
	}
	.bar-wrapper.has-sidebar {
		max-width: 1430px;
	}
	.mainbar {
		margin: 0;
		padding-right: 1px;
	}
	.mainbar.has-sidebar {
		margin-left: 330px;
	}
	@media (min-width: 1511px) {
		.sidebar {
			width: 400px;
		}
		.bar-wrapper.has-sidebar {
			max-width: 1510px;
		}
		.mainbar.has-sidebar {
			margin-left: 410px;
		}
	}
	.section.first-section {
		margin-top: 9px;
	}
	.blocklink small {
		white-space: normal;
	}
	.button {
		vertical-align: middle;
	}
	.replay-controls {
		padding-top: 10px;
	}
	.replay-controls h1 {
		font-size: 16pt;
		font-weight: normal;
		color: #CCC;
	}
	.pagelink {
		text-align: center;
	}
	.pagelink a {
		width: 150px;
	}
	.textbox, .button {
		font-size: 11pt;
		vertical-align: middle;
	}
	@media (max-width: 450px) {
		.button {
			font-size: 9pt;
		}
	}
</style>

<div>

	<header>
		<div class="nav-wrapper"><ul class="nav">
			<li><a class="button nav-first" href="//pokemonshowdown.com/"><img src="//pokemonshowdown.com/images/pokemonshowdownbeta.png" srcset="//pokemonshowdown.com/images/pokemonshowdownbeta.png 1x, //pokemonshowdown.com/images/pokemonshowdownbeta@2x.png 2x" alt="Pok&eacute;mon Showdown" width="146" height="44" /> Home</a></li>
			<li><a class="button" href="//pokemonshowdown.com/dex/">Pok&eacute;dex</a></li>
			<li><a class="button cur" href="/">Replays</a></li>
			<li><a class="button" href="//pokemonshowdown.com/ladder/">Ladder</a></li>
			<li><a class="button nav-last" href="//pokemonshowdown.com/forums/">Forum</a></li>
			<li><a class="button greenbutton nav-first nav-last" href="//play.pokemonshowdown.com/">Play</a></li>
		</ul></div>
	</header>

	<div class="main" id="main">

		<noscript><section class="section">You need to enable JavaScript to use this page; sorry!</section></noscript>

	</div>

</div>

<script defer nomodule src="//play.pokemonshowdown.com/js/lib/ps-polyfill.js"></script>
<script defer src="//play.pokemonshowdown.com/js/lib/preact.min.js"></script>

<script defer src="//play.pokemonshowdown.com/config/config.js?6dec07f6"></script>
<script defer src="//play.pokemonshowdown.com/js/lib/jquery-1.11.0.min.js"></script>
<script defer src="//play.pokemonshowdown.com/js/lib/html-sanitizer-minified.js"></script>
<script defer src="//play.pokemonshowdown.com/js/battle-sound.js"></script>
<script defer src="//play.pokemonshowdown.com/js/battledata.js?0.6315294753075389"></script>
<script defer src="//play.pokemonshowdown.com/data/pokedex-mini.js?0.7603743185311358"></script>
<script defer src="//play.pokemonshowdown.com/data/pokedex-mini-bw.js?0.030888842834281283"></script>
<script defer src="//play.pokemonshowdown.com/data/graphics.js?0.05593094747507488"></script>
<script defer src="//play.pokemonshowdown.com/data/pokedex.js?0.47064822249611904"></script>
<script defer src="//play.pokemonshowdown.com/data/moves.js?0.8583693120512459"></script>
<script defer src="//play.pokemonshowdown.com/data/abilities.js?0.16017181182386842"></script>
<script defer src="//play.pokemonshowdown.com/data/items.js?0.4163379185673943"></script>
<script defer src="//play.pokemonshowdown.com/data/teambuilder-tables.js?0.31075597372830477"></script>
<script defer src="//play.pokemonshowdown.com/js/battle-tooltips.js?0.6536193500708172"></script>
<script defer src="//play.pokemonshowdown.com/js/battle.js?0.1916591943277901"></script>

<script defer src="js/utils.js?e31f9a17"></script>
<script defer src="js/replays-battle.js?7008c182"></script>

<!-- don't scrape this data! just add .json or .log after the URL!
Full API docs: https://github.com/smogon/pokemon-showdown-client/blob/master/WEB-API.md -->
<script type="text/plain" class="log" id="replaylog-smogtours-gen3ou-796511">
|inactive|Battle timer is ON: inactive players will automatically lose when time's up.
|t:|1728424467
|gametype|singles
|player|p1|Zcarlett|miku-flying|
|player|p2|ccczzx|266|
|teamsize|p1|6
|teamsize|p2|6
|gen|3
|tier|[Gen 3] OU
|rule|Sleep Clause Mod: Limit one foe put to sleep
|rule|Switch Priority Clause Mod: Faster Pokémon switch first
|rule|Species Clause: Limit one of each Pokémon
|rule|OHKO Clause: OHKO moves are banned
|rule|Evasion Items Clause: Evasion items are banned
|rule|Evasion Moves Clause: Evasion moves are banned
|rule|Endless Battle Clause: Forcing endless battles is banned
|rule|HP Percentage Mod: HP is shown in percentages
|rule|One Boost Passer Clause: Limit one Baton Passer that has a way to boost its stats
|rule|Freeze Clause Mod: Limit one foe frozen
|
|t:|1728424467
|start
|switch|p1a: Metagross|Metagross|100/100
|switch|p2a: crapbo|Swampert, M|100/100
|turn|1
|c|☆ccczzx|glhf
|c|☆Zcarlett|u2
|
|t:|1728424496
|switch|p1a: Celebi|Celebi|100/100
|move|p2a: crapbo|Curse|p2a: crapbo
|-unboost|p2a: crapbo|spe|1
|-boost|p2a: crapbo|atk|1
|-boost|p2a: crapbo|def|1
|
|upkeep
|turn|2
|
|t:|1728424503
|move|p1a: Celebi|Giga Drain|p2a: crapbo
|-supereffective|p2a: crapbo
|-damage|p2a: crapbo|4/100
|move|p2a: crapbo|Ice Beam|p1a: Celebi
|-supereffective|p1a: Celebi
|-damage|p1a: Celebi|47/100
|
|-heal|p1a: Celebi|53/100|[from] item: Leftovers
|-heal|p2a: crapbo|11/100|[from] item: Leftovers
|upkeep
|turn|3
|
|t:|1728424523
|switch|p2a: menced beef|Salamence, F|100/100
|-ability|p2a: menced beef|Intimidate|boost
|-unboost|p1a: Celebi|atk|1
|move|p1a: Celebi|Psychic|p2a: menced beef
|-damage|p2a: menced beef|57/100
|
|-heal|p1a: Celebi|59/100|[from] item: Leftovers
|-heal|p2a: menced beef|63/100|[from] item: Leftovers
|upkeep
|turn|4
|
|t:|1728424535
|switch|p1a: Swampert|Swampert, F|100/100
|move|p2a: menced beef|Hidden Power|p1a: Swampert
|-damage|p1a: Swampert|65/100
|
|-heal|p2a: menced beef|69/100|[from] item: Leftovers
|-heal|p1a: Swampert|71/100|[from] item: Leftovers
|upkeep
|turn|5
|
|t:|1728424546
|switch|p2a: zugzag|Raikou|100/100
|move|p1a: Swampert|Ice Beam|p2a: zugzag
|-damage|p2a: zugzag|73/100
|
|-heal|p2a: zugzag|79/100|[from] item: Leftovers
|-heal|p1a: Swampert|77/100|[from] item: Leftovers
|upkeep
|turn|6
|
|t:|1728424554
|switch|p1a: Celebi|Celebi|59/100
|move|p2a: zugzag|Hidden Power|p1a: Celebi
|-resisted|p1a: Celebi
|-damage|p1a: Celebi|47/100
|
|-heal|p2a: zugzag|86/100|[from] item: Leftovers
|-heal|p1a: Celebi|53/100|[from] item: Leftovers
|upkeep
|turn|7
|
|t:|1728424565
|move|p2a: zugzag|Calm Mind|p2a: zugzag
|-boost|p2a: zugzag|spa|1
|-boost|p2a: zugzag|spd|1
|move|p1a: Celebi|Calm Mind|p1a: Celebi
|-boost|p1a: Celebi|spa|1
|-boost|p1a: Celebi|spd|1
|
|-heal|p2a: zugzag|92/100|[from] item: Leftovers
|-heal|p1a: Celebi|59/100|[from] item: Leftovers
|upkeep
|turn|8
|
|t:|1728424570
|move|p2a: zugzag|Crunch|p1a: Celebi
|-supereffective|p1a: Celebi
|-damage|p1a: Celebi|1/100
|move|p1a: Celebi|Calm Mind|p1a: Celebi
|-boost|p1a: Celebi|spa|1
|-boost|p1a: Celebi|spd|1
|
|-heal|p2a: zugzag|98/100|[from] item: Leftovers
|-heal|p1a: Celebi|7/100|[from] item: Leftovers
|upkeep
|turn|9
|
|t:|1728424584
|move|p2a: zugzag|Hidden Power|p1a: Celebi
|-resisted|p1a: Celebi
|-damage|p1a: Celebi|0 fnt
|faint|p1a: Celebi
|
|t:|1728424586
|switch|p1a: Aerodactyl|Aerodactyl, M|100/100
|
|-heal|p2a: zugzag|100/100|[from] item: Leftovers
|upkeep
|turn|10
|
|t:|1728424598
|switch|p2a: zagziggy|Zapdos|100/100
|move|p1a: Aerodactyl|Earthquake|p2a: zagziggy
|-immune|p2a: zagziggy
|
|upkeep
|turn|11
|
|t:|1728424603
|switch|p1a: Tyranitar|Tyranitar, M|100/100
|-weather|Sandstorm|[from] ability: Sand Stream|[of] p1a: Tyranitar
|move|p2a: zagziggy|Substitute|p2a: zagziggy
|-start|p2a: zagziggy|Substitute
|-damage|p2a: zagziggy|75/100
|
|-weather|Sandstorm|[upkeep]
|-damage|p2a: zagziggy|69/100|[from] Sandstorm
|-heal|p2a: zagziggy|75/100|[from] item: Leftovers
|upkeep
|turn|12
|
|t:|1728424611
|move|p2a: zagziggy|Baton Pass|p2a: zagziggy
|
|t:|1728424614
|switch|p2a: menced beef|Salamence, F|69/100|[from] Baton Pass
|-ability|p2a: menced beef|Intimidate|boost
|-unboost|p1a: Tyranitar|atk|1
|move|p1a: Tyranitar|Crunch|p2a: menced beef
|-end|p2a: menced beef|Substitute
|
|-weather|Sandstorm|[upkeep]
|-damage|p2a: menced beef|63/100|[from] Sandstorm
|-heal|p2a: menced beef|69/100|[from] item: Leftovers
|upkeep
|turn|13
|
|t:|1728424623
|switch|p1a: Swampert|Swampert, F|77/100
|move|p2a: menced beef|Dragon Dance|p2a: menced beef
|-boost|p2a: menced beef|atk|1
|-boost|p2a: menced beef|spe|1
|
|-weather|Sandstorm|[upkeep]
|-damage|p2a: menced beef|63/100|[from] Sandstorm
|-heal|p2a: menced beef|69/100|[from] item: Leftovers
|-heal|p1a: Swampert|83/100|[from] item: Leftovers
|upkeep
|turn|14
|
|t:|1728424634
|switch|p2a: crapbo|Swampert, M|11/100
|move|p1a: Swampert|Ice Beam|p2a: crapbo
|-damage|p2a: crapbo|0 fnt
|faint|p2a: crapbo
|
|t:|1728424640
|switch|p2a: zugzag|Raikou|100/100
|
|-weather|Sandstorm|[upkeep]
|-damage|p2a: zugzag|94/100|[from] Sandstorm
|-heal|p2a: zugzag|100/100|[from] item: Leftovers
|-heal|p1a: Swampert|90/100|[from] item: Leftovers
|upkeep
|turn|15
|
|t:|1728424647
|switch|p1a: Tyranitar|Tyranitar, M|100/100
|move|p2a: zugzag|Hidden Power|p1a: Tyranitar
|-supereffective|p1a: Tyranitar
|-damage|p1a: Tyranitar|56/100
|
|-weather|Sandstorm|[upkeep]
|-damage|p2a: zugzag|94/100|[from] Sandstorm
|-heal|p2a: zugzag|100/100|[from] item: Leftovers
|upkeep
|turn|16
|
|t:|1728424661
|switch|p2a: menced beef|Salamence, F|69/100
|-ability|p2a: menced beef|Intimidate|boost
|-unboost|p1a: Tyranitar|atk|1
|move|p1a: Tyranitar|Rock Slide|p2a: menced beef
|-supereffective|p2a: menced beef
|-damage|p2a: menced beef|8/100
|
|-weather|Sandstorm|[upkeep]
|-damage|p2a: menced beef|2/100|[from] Sandstorm
|-heal|p2a: menced beef|8/100|[from] item: Leftovers
|upkeep
|turn|17
|
|t:|1728424674
|switch|p1a: Swampert|Swampert, F|90/100
|move|p2a: menced beef|Brick Break|p1a: Swampert
|-damage|p1a: Swampert|63/100
|
|-weather|Sandstorm|[upkeep]
|-damage|p2a: menced beef|2/100|[from] Sandstorm
|-heal|p2a: menced beef|8/100|[from] item: Leftovers
|-heal|p1a: Swampert|70/100|[from] item: Leftovers
|upkeep
|turn|18
|
|t:|1728424688
|switch|p2a: zugzag|Raikou|100/100
|move|p1a: Swampert|Ice Beam|p2a: zugzag
|-crit|p2a: zugzag
|-damage|p2a: zugzag|47/100
|
|-weather|Sandstorm|[upkeep]
|-damage|p2a: zugzag|41/100|[from] Sandstorm
|-heal|p2a: zugzag|47/100|[from] item: Leftovers
|-heal|p1a: Swampert|76/100|[from] item: Leftovers
|upkeep
|turn|19
|
|t:|1728424702
|switch|p1a: Metagross|Metagross|100/100
|move|p2a: zugzag|Hidden Power|p1a: Metagross
|-resisted|p1a: Metagross
|-damage|p1a: Metagross|87/100
|
|-weather|Sandstorm|[upkeep]
|-damage|p2a: zugzag|41/100|[from] Sandstorm
|-heal|p2a: zugzag|47/100|[from] item: Leftovers
|upkeep
|turn|20
|
|t:|1728424709
|switch|p2a: menced beef|Salamence, F|8/100
|-ability|p2a: menced beef|Intimidate|boost
|-fail|p1a: Metagross|unboost|[from] ability: Clear Body|[of] p1a: Metagross
|move|p1a: Metagross|Rock Slide|p2a: menced beef
|-supereffective|p2a: menced beef
|-damage|p2a: menced beef|0 fnt
|faint|p2a: menced beef
|
|t:|1728424716
|switch|p2a: its tyrovercif|Tyranitar, M|100/100
|
|-weather|Sandstorm|[upkeep]
|upkeep
|turn|21
|
|t:|1728424725
|switch|p1a: Swampert|Swampert, F|76/100
|move|p2a: its tyrovercif|Dragon Dance|p2a: its tyrovercif
|-boost|p2a: its tyrovercif|atk|1
|-boost|p2a: its tyrovercif|spe|1
|
|-weather|Sandstorm|[upkeep]
|-heal|p1a: Swampert|82/100|[from] item: Leftovers
|upkeep
|turn|22
|
|t:|1728424738
|switch|p2a: zagziggy|Zapdos|75/100
|move|p1a: Swampert|Hydro Pump|p2a: zagziggy
|-damage|p2a: zagziggy|27/100
|
|-weather|Sandstorm|[upkeep]
|-damage|p2a: zagziggy|21/100|[from] Sandstorm
|-heal|p2a: zagziggy|27/100|[from] item: Leftovers
|-heal|p1a: Swampert|88/100|[from] item: Leftovers
|upkeep
|turn|23
|
|t:|1728424760
|switch|p1a: Aerodactyl|Aerodactyl, M|100/100
|move|p2a: zagziggy|Hidden Power|p1a: Aerodactyl
|-damage|p1a: Aerodactyl|66/100
|
|-weather|Sandstorm|[upkeep]
|-damage|p2a: zagziggy|21/100|[from] Sandstorm
|-heal|p2a: zagziggy|27/100|[from] item: Leftovers
|upkeep
|turn|24
|
|t:|1728424774
|switch|p2a: gymjimrachy|Jirachi|100/100
|move|p1a: Aerodactyl|Rock Slide|p2a: gymjimrachy
|-resisted|p2a: gymjimrachy
|-damage|p2a: gymjimrachy|75/100
|
|-weather|Sandstorm|[upkeep]
|-heal|p2a: gymjimrachy|81/100|[from] item: Leftovers
|upkeep
|turn|25
|
|t:|1728424787
|switch|p1a: Swampert|Swampert, F|88/100
|move|p2a: gymjimrachy|Psychic|p1a: Swampert
|-damage|p1a: Swampert|53/100
|
|-weather|Sandstorm|[upkeep]
|-heal|p2a: gymjimrachy|88/100|[from] item: Leftovers
|-heal|p1a: Swampert|59/100|[from] item: Leftovers
|upkeep
|turn|26
|
|t:|1728424794
|move|p2a: gymjimrachy|Psychic|p1a: Swampert
|-damage|p1a: Swampert|22/100
|move|p1a: Swampert|Hydro Pump|p2a: gymjimrachy
|-damage|p2a: gymjimrachy|6/100
|
|-weather|Sandstorm|[upkeep]
|-heal|p2a: gymjimrachy|12/100|[from] item: Leftovers
|-heal|p1a: Swampert|29/100|[from] item: Leftovers
|upkeep
|turn|27
|
|t:|1728424800
|move|p2a: gymjimrachy|Psychic|p1a: Swampert
|-damage|p1a: Swampert|0 fnt
|faint|p1a: Swampert
|
|t:|1728424802
|switch|p1a: Aerodactyl|Aerodactyl, M|66/100
|
|-weather|Sandstorm|[upkeep]
|-heal|p2a: gymjimrachy|18/100|[from] item: Leftovers
|upkeep
|turn|28
|
|t:|1728424811
|switch|p2a: zagziggy|Zapdos|27/100
|move|p1a: Aerodactyl|Rock Slide|p2a: zagziggy
|-supereffective|p2a: zagziggy
|-damage|p2a: zagziggy|0 fnt
|faint|p2a: zagziggy
|
|t:|1728424825
|switch|p2a: its tyrovercif|Tyranitar, M|100/100
|
|-weather|Sandstorm|[upkeep]
|upkeep
|turn|29
|
|t:|1728424832
|switch|p1a: Metagross|Metagross|87/100
|move|p2a: its tyrovercif|Earthquake|p1a: Metagross
|-supereffective|p1a: Metagross
|-damage|p1a: Metagross|30/100
|
|-weather|Sandstorm|[upkeep]
|upkeep
|turn|30
|
|t:|1728424841
|switch|p2a: gymjimrachy|Jirachi|18/100
|move|p1a: Metagross|Meteor Mash|p2a: gymjimrachy
|-resisted|p2a: gymjimrachy
|-damage|p2a: gymjimrachy|0 fnt
|faint|p2a: gymjimrachy
|
|t:|1728424847
|switch|p2a: zugzag|Raikou|47/100
|
|-weather|Sandstorm|[upkeep]
|-damage|p2a: zugzag|41/100|[from] Sandstorm
|-heal|p2a: zugzag|47/100|[from] item: Leftovers
|upkeep
|turn|31
|
|t:|1728424853
|switch|p1a: Tyranitar|Tyranitar, M|56/100
|move|p2a: zugzag|Thunderbolt|p1a: Tyranitar
|-damage|p1a: Tyranitar|10/100
|
|-weather|Sandstorm|[upkeep]
|-damage|p2a: zugzag|41/100|[from] Sandstorm
|-heal|p2a: zugzag|47/100|[from] item: Leftovers
|upkeep
|turn|32
|
|t:|1728424863
|move|p2a: zugzag|Thunderbolt|p1a: Tyranitar
|-damage|p1a: Tyranitar|0 fnt
|faint|p1a: Tyranitar
|
|t:|1728424865
|switch|p1a: Aerodactyl|Aerodactyl, M|66/100
|
|-weather|Sandstorm|[upkeep]
|-damage|p2a: zugzag|41/100|[from] Sandstorm
|-heal|p2a: zugzag|47/100|[from] item: Leftovers
|upkeep
|turn|33
|
|t:|1728424873
|move|p1a: Aerodactyl|Earthquake|p2a: zugzag
|-supereffective|p2a: zugzag
|-damage|p2a: zugzag|0 fnt
|faint|p2a: zugzag
|
|t:|1728424875
|switch|p2a: its tyrovercif|Tyranitar, M|100/100
|
|-weather|Sandstorm|[upkeep]
|upkeep
|turn|34
|
|t:|1728424896
|move|p1a: Aerodactyl|Earthquake|p2a: its tyrovercif
|-supereffective|p2a: its tyrovercif
|-damage|p2a: its tyrovercif|32/100
|move|p2a: its tyrovercif|Rock Slide|p1a: Aerodactyl
|-supereffective|p1a: Aerodactyl
|-damage|p1a: Aerodactyl|0 fnt
|faint|p1a: Aerodactyl
|
|t:|1728424899
|switch|p1a: Skarmory|Skarmory, F|100/100
|
|-weather|Sandstorm|[upkeep]
|upkeep
|turn|35
|
|t:|1728424907
|move|p1a: Skarmory|Toxic|p2a: its tyrovercif|[miss]
|-miss|p1a: Skarmory|p2a: its tyrovercif
|move|p2a: its tyrovercif|Dragon Dance|p2a: its tyrovercif
|-boost|p2a: its tyrovercif|atk|1
|-boost|p2a: its tyrovercif|spe|1
|
|-weather|Sandstorm|[upkeep]
|upkeep
|turn|36
|
|t:|1728424911
|move|p2a: its tyrovercif|Dragon Dance|p2a: its tyrovercif
|-boost|p2a: its tyrovercif|atk|1
|-boost|p2a: its tyrovercif|spe|1
|move|p1a: Skarmory|Toxic|p2a: its tyrovercif
|-status|p2a: its tyrovercif|tox
|-enditem|p2a: its tyrovercif|Lum Berry|[eat]
|-curestatus|p2a: its tyrovercif|tox|[msg]
|
|-weather|Sandstorm|[upkeep]
|upkeep
|turn|37
|
|t:|1728424915
|move|p2a: its tyrovercif|Rock Slide|p1a: Skarmory
|-damage|p1a: Skarmory|34/100
|move|p1a: Skarmory|Toxic|p2a: its tyrovercif|[miss]
|-miss|p1a: Skarmory|p2a: its tyrovercif
|
|-weather|Sandstorm|[upkeep]
|-heal|p1a: Skarmory|40/100|[from] item: Leftovers
|upkeep
|turn|38
|
|t:|1728424921
|move|p2a: its tyrovercif|Rock Slide|p1a: Skarmory
|-damage|p1a: Skarmory|0 fnt
|faint|p1a: Skarmory
|
|t:|1728424921
|switch|p1a: Metagross|Metagross|30/100
|
|-weather|Sandstorm|[upkeep]
|upkeep
|turn|39
|
|t:|1728424925
|move|p2a: its tyrovercif|Earthquake|p1a: Metagross
|-supereffective|p1a: Metagross
|-damage|p1a: Metagross|0 fnt
|faint|p1a: Metagross
|
|win|ccczzx
|c|☆ccczzx|ggwp

</script>
<script type="application/json" class="data" id="replaydata-smogtours-gen3ou-796511">
{"id":"smogtours-gen3ou-796511","format":"[Gen 3] OU","players":["Zcarlett","ccczzx"],"uploadtime":1728424925,"views":94,"formatid":"gen3ou","rating":null,"private":0,"password":null}
</script>

<script defer src="js/replays.js?9d40a366"></script>
