<!DOCTYPE html>
<meta charset="utf-8" />
<meta name="viewport" content="width=device-width" />

<title>[Gen 3] OU: reptikrook vs. GarhamSandich - Replays - Pok&eacute;mon Showdown!</title>

<meta name="description" content="Watch a replay of a Pok&eacute;mon battle between reptikrook and GarhamSandich! Format: [Gen 3] OU; Date: Oct 1, 2024" />
<!--

Hey, you! Looking in the source for the replay log?

You can find them in JSON format, just add `.json` at the end of a replay URL.

https://replay.pokemonshowdown.com/gen7randomdoublesbattle-865046831.json

Or, if you only need the log itself, add `.log` instead:

https://replay.pokemonshowdown.com/gen7randomdoublesbattle-865046831.log

-->

<link rel="stylesheet" href="//pokemonshowdown.com/style/global.css?0.023195364461161105" />
<link rel="stylesheet" href="//play.pokemonshowdown.com/style/font-awesome.css?0.13261647063804238" />
<link rel="stylesheet" href="//play.pokemonshowdown.com/style/battle.css?0.8753245789963631" />
<link rel="stylesheet" href="//play.pokemonshowdown.com/style/utilichart.css?0.8627959624976733" />

<!-- Global site tag (gtag.js) - Google Analytics -->
<script async src="https://www.googletagmanager.com/gtag/js?id=UA-26211653-1"></script>
<script>
  window.dataLayer = window.dataLayer || [];
  function gtag(){dataLayer.push(arguments);}
  gtag('js', new Date());

  gtag('config', 'UA-26211653-1');
</script>
<!-- End Google Analytics -->
<!-- Venatus Ad Manager - Install in <HEAD> of page -->
	<script src="https://hb.vntsm.com/v3/live/ad-manager.min.js" type="text/javascript" data-site-id="642aba63ec9a7b11c3c9c1be" data-mode="scan" async></script>
<!-- / Venatus Ad Manager -->

<style>
	@media (max-width:820px) {
		.battle {
			margin: 0 auto;
		}
		.battle-log {
			margin: 7px auto 0;
			max-width: 640px;
			height: 300px;
			position: static;
		}
	}
	.optgroup {
		display: inline-block;
		line-height: 22px;
		font-size: 10pt;
	}
	.optgroup .button {
		height: 25px;
		padding-top: 0;
		padding-bottom: 0;
	}
	.optgroup button.button {
		padding-left: 12px;
		padding-right: 12px;
	}
	.linklist {
		list-style: none;
		margin: 0.5em 0;
		padding: 0;
	}
	.linklist li {
		padding: 2px 0;
	}
	.sidebar {
		float: left;
		width: 320px;
	}
	.bar-wrapper {
		max-width: 1100px;
		margin: 0 auto;
	}
	.bar-wrapper.has-sidebar {
		max-width: 1430px;
	}
	.mainbar {
		margin: 0;
		padding-right: 1px;
	}
	.mainbar.has-sidebar {
		margin-left: 330px;
	}
	@media (min-width: 1511px) {
		.sidebar {
			width: 400px;
		}
		.bar-wrapper.has-sidebar {
			max-width: 1510px;
		}
		.mainbar.has-sidebar {
			margin-left: 410px;
		}
	}
	.section.first-section {
		margin-top: 9px;
	}
	.blocklink small {
		white-space: normal;
	}
	.button {
		vertical-align: middle;
	}
	.replay-controls {
		padding-top: 10px;
	}
	.replay-controls h1 {
		font-size: 16pt;
		font-weight: normal;
		color: #CCC;
	}
	.pagelink {
		text-align: center;
	}
	.pagelink a {
		width: 150px;
	}
	.textbox, .button {
		font-size: 11pt;
		vertical-align: middle;
	}
	@media (max-width: 450px) {
		.button {
			font-size: 9pt;
		}
	}
</style>

<div>

	<header>
		<div class="nav-wrapper"><ul class="nav">
			<li><a class="button nav-first" href="//pokemonshowdown.com/"><img src="//pokemonshowdown.com/images/pokemonshowdownbeta.png" srcset="//pokemonshowdown.com/images/pokemonshowdownbeta.png 1x, //pokemonshowdown.com/images/pokemonshowdownbeta@2x.png 2x" alt="Pok&eacute;mon Showdown" width="146" height="44" /> Home</a></li>
			<li><a class="button" href="//pokemonshowdown.com/dex/">Pok&eacute;dex</a></li>
			<li><a class="button cur" href="/">Replays</a></li>
			<li><a class="button" href="//pokemonshowdown.com/ladder/">Ladder</a></li>
			<li><a class="button nav-last" href="//pokemonshowdown.com/forums/">Forum</a></li>
			<li><a class="button greenbutton nav-first nav-last" href="//play.pokemonshowdown.com/">Play</a></li>
		</ul></div>
	</header>

	<div class="main" id="main">

		<noscript><section class="section">You need to enable JavaScript to use this page; sorry!</section></noscript>

	</div>

</div>

<script defer nomodule src="//play.pokemonshowdown.com/js/lib/ps-polyfill.js"></script>
<script defer src="//play.pokemonshowdown.com/js/lib/preact.min.js"></script>

<script defer src="//play.pokemonshowdown.com/config/config.js?2bddbc15"></script>
<script defer src="//play.pokemonshowdown.com/js/lib/jquery-1.11.0.min.js"></script>
<script defer src="//play.pokemonshowdown.com/js/lib/html-sanitizer-minified.js"></script>
<script defer src="//play.pokemonshowdown.com/js/battle-sound.js"></script>
<script defer src="//play.pokemonshowdown.com/js/battledata.js?0.7209276989879541"></script>
<script defer src="//play.pokemonshowdown.com/data/pokedex-mini.js?0.6111056340867951"></script>
<script defer src="//play.pokemonshowdown.com/data/pokedex-mini-bw.js?0.3532142036491459"></script>
<script defer src="//play.pokemonshowdown.com/data/graphics.js?0.24223875632456182"></script>
<script defer src="//play.pokemonshowdown.com/data/pokedex.js?0.38839984266356864"></script>
<script defer src="//play.pokemonshowdown.com/data/moves.js?0.21866028504024015"></script>
<script defer src="//play.pokemonshowdown.com/data/abilities.js?0.2005157953846628"></script>
<script defer src="//play.pokemonshowdown.com/data/items.js?0.9894211263848525"></script>
<script defer src="//play.pokemonshowdown.com/data/teambuilder-tables.js?0.6008791140282215"></script>
<script defer src="//play.pokemonshowdown.com/js/battle-tooltips.js?0.7580118955022959"></script>
<script defer src="//play.pokemonshowdown.com/js/battle.js?0.6057722274234274"></script>

<script defer src="js/utils.js?e31f9a17"></script>
<script defer src="js/replays-battle.js?7008c182"></script>

<!-- don't scrape this data! just add .json or .log after the URL!
Full API docs: https://github.com/smogon/pokemon-showdown-client/blob/master/WEB-API.md -->
<script type="text/plain" class="log" id="replaylog-gen3ou-2213626355-1nnlmcc6qff6qk5y0xoaj6cglcgdlkapw">
|j|☆reptikrook
|j|☆GarhamSandich
|t:|1727797196
|gametype|singles
|player|p1|reptikrook|hiker-gen4|
|player|p2|GarhamSandich|skierf|
|teamsize|p1|6
|teamsize|p2|6
|gen|3
|tier|[Gen 3] OU
|rule|Sleep Clause Mod: Limit one foe put to sleep
|rule|Switch Priority Clause Mod: Faster Pokémon switch first
|rule|Species Clause: Limit one of each Pokémon
|rule|OHKO Clause: OHKO moves are banned
|rule|Evasion Items Clause: Evasion items are banned
|rule|Evasion Moves Clause: Evasion moves are banned
|rule|Endless Battle Clause: Forcing endless battles is banned
|rule|HP Percentage Mod: HP is shown in percentages
|rule|One Boost Passer Clause: Limit one Baton Passer that has a way to boost its stats
|rule|Freeze Clause Mod: Limit one foe frozen
|
|t:|1727797196
|start
|switch|p1a: Mr. Ouch|Zapdos|100/100
|switch|p2a: Metagross|Metagross|100/100
|turn|1
|inactive|Battle timer is ON: inactive players will automatically lose when time's up. (requested by GarhamSandich)
|
|t:|1727797213
|switch|p1a: Shrike|Skarmory, M|100/100
|switch|p2a: Celebi|Celebi|100/100
|
|upkeep
|turn|2
|
|t:|1727797219
|switch|p2a: Starmie|Starmie|100/100
|switch|p1a: Rubber Chicken|Moltres|100/100
|
|upkeep
|turn|3
|
|t:|1727797225
|switch|p1a: Big Service|Snorlax, M|100/100
|move|p2a: Starmie|Surf|p1a: Big Service
|-damage|p1a: Big Service|80/100
|
|-heal|p1a: Big Service|87/100|[from] item: Leftovers
|upkeep
|turn|4
|
|t:|1727797231
|move|p2a: Starmie|Thunder Wave|p1a: Big Service
|-status|p1a: Big Service|par
|move|p1a: Big Service|Shadow Ball|p2a: Starmie
|-supereffective|p2a: Starmie
|-damage|p2a: Starmie|40/100
|
|-heal|p2a: Starmie|46/100|[from] item: Leftovers
|-heal|p1a: Big Service|93/100 par|[from] item: Leftovers
|upkeep
|turn|5
|
|t:|1727797240
|switch|p2a: Tyranitar|Tyranitar, M|100/100
|-weather|Sandstorm|[from] ability: Sand Stream|[of] p2a: Tyranitar
|move|p1a: Big Service|Double-Edge|p2a: Tyranitar
|-resisted|p2a: Tyranitar
|-damage|p2a: Tyranitar|74/100
|-damage|p1a: Big Service|87/100 par|[from] Recoil|[of] p2a: Tyranitar
|
|-weather|Sandstorm|[upkeep]
|-damage|p1a: Big Service|81/100 par|[from] Sandstorm
|-heal|p1a: Big Service|87/100 par|[from] item: Leftovers
|upkeep
|turn|6
|
|t:|1727797251
|-singleturn|p2a: Tyranitar|move: Focus Punch
|switch|p1a: Shrike|Skarmory, M|100/100
|move|p2a: Tyranitar|Focus Punch|p1a: Shrike
|-damage|p1a: Shrike|47/100
|
|-weather|Sandstorm|[upkeep]
|-heal|p1a: Shrike|53/100|[from] item: Leftovers
|upkeep
|turn|7
|
|t:|1727797261
|-singleturn|p2a: Tyranitar|move: Focus Punch
|move|p1a: Shrike|Spikes|p2a: Tyranitar
|-sidestart|p2: GarhamSandich|Spikes
|move|p2a: Tyranitar|Focus Punch|p1a: Shrike
|-damage|p1a: Shrike|0 fnt
|faint|p1a: Shrike
|
|t:|1727797268
|switch|p1a: Fungaroo|Breloom, F|100/100
|
|-weather|Sandstorm|[upkeep]
|-damage|p1a: Fungaroo|94/100|[from] Sandstorm
|-heal|p1a: Fungaroo|100/100|[from] item: Leftovers
|upkeep
|turn|8
|
|t:|1727797281
|switch|p2a: Salamence|Salamence, F|100/100
|-ability|p2a: Salamence|Intimidate|boost
|-unboost|p1a: Fungaroo|atk|1
|move|p1a: Fungaroo|Hidden Power|p2a: Salamence
|-damage|p2a: Salamence|88/100
|
|-weather|Sandstorm|[upkeep]
|-damage|p1a: Fungaroo|94/100|[from] Sandstorm
|-damage|p2a: Salamence|82/100|[from] Sandstorm
|-heal|p1a: Fungaroo|100/100|[from] item: Leftovers
|-heal|p2a: Salamence|88/100|[from] item: Leftovers
|upkeep
|turn|9
|
|t:|1727797294
|switch|p1a: Mr. Ouch|Zapdos|100/100
|move|p2a: Salamence|Wish|p2a: Salamence
|
|-weather|Sandstorm|[upkeep]
|-damage|p1a: Mr. Ouch|94/100|[from] Sandstorm
|-damage|p2a: Salamence|82/100|[from] Sandstorm
|-heal|p1a: Mr. Ouch|100/100|[from] item: Leftovers
|-heal|p2a: Salamence|88/100|[from] item: Leftovers
|upkeep
|turn|10
|
|t:|1727797303
|switch|p2a: Tyranitar|Tyranitar, M|74/100
|-damage|p2a: Tyranitar|62/100|[from] Spikes
|move|p1a: Mr. Ouch|Thunderbolt|p2a: Tyranitar
|-damage|p2a: Tyranitar|13/100
|
|-heal|p2a: Tyranitar|63/100|[from] move: Wish|[wisher] Salamence
|-weather|Sandstorm|[upkeep]
|-damage|p1a: Mr. Ouch|94/100|[from] Sandstorm
|-heal|p1a: Mr. Ouch|100/100|[from] item: Leftovers
|upkeep
|turn|11
|
|t:|1727797313
|move|p1a: Mr. Ouch|Hidden Power|p2a: Tyranitar
|-supereffective|p2a: Tyranitar
|-damage|p2a: Tyranitar|18/100
|move|p2a: Tyranitar|Rock Slide|p1a: Mr. Ouch
|-supereffective|p1a: Mr. Ouch
|-damage|p1a: Mr. Ouch|0 fnt
|faint|p1a: Mr. Ouch
|
|t:|1727797322
|switch|p1a: Fungaroo|Breloom, F|100/100
|
|-weather|Sandstorm|[upkeep]
|-damage|p1a: Fungaroo|94/100|[from] Sandstorm
|-heal|p1a: Fungaroo|100/100|[from] item: Leftovers
|upkeep
|turn|12
|
|t:|1727797327
|switch|p2a: Salamence|Salamence, F|88/100
|-ability|p2a: Salamence|Intimidate|boost
|-unboost|p1a: Fungaroo|atk|1
|move|p1a: Fungaroo|Mach Punch|p2a: Salamence
|-resisted|p2a: Salamence
|-damage|p2a: Salamence|82/100
|
|-weather|Sandstorm|[upkeep]
|-damage|p1a: Fungaroo|94/100|[from] Sandstorm
|-damage|p2a: Salamence|76/100|[from] Sandstorm
|-heal|p1a: Fungaroo|100/100|[from] item: Leftovers
|-heal|p2a: Salamence|82/100|[from] item: Leftovers
|upkeep
|turn|13
|
|t:|1727797338
|move|p1a: Fungaroo|Spore|p2a: Salamence
|-status|p2a: Salamence|slp|[from] move: Spore
|cant|p2a: Salamence|slp
|
|-weather|Sandstorm|[upkeep]
|-damage|p1a: Fungaroo|94/100|[from] Sandstorm
|-damage|p2a: Salamence|76/100 slp|[from] Sandstorm
|-heal|p1a: Fungaroo|100/100|[from] item: Leftovers
|-heal|p2a: Salamence|82/100 slp|[from] item: Leftovers
|upkeep
|turn|14
|
|t:|1727797351
|switch|p1a: Big Service|Snorlax, M|87/100 par
|switch|p2a: Celebi|Celebi|100/100
|-damage|p2a: Celebi|88/100|[from] Spikes
|
|-weather|Sandstorm|[upkeep]
|-damage|p2a: Celebi|82/100|[from] Sandstorm
|-damage|p1a: Big Service|81/100 par|[from] Sandstorm
|-heal|p2a: Celebi|88/100|[from] item: Leftovers
|-heal|p1a: Big Service|87/100 par|[from] item: Leftovers
|upkeep
|turn|15
|
|t:|1727797360
|move|p2a: Celebi|Leech Seed|p1a: Big Service
|-start|p1a: Big Service|move: Leech Seed
|cant|p1a: Big Service|par
|
|-weather|Sandstorm|[upkeep]
|-damage|p2a: Celebi|82/100|[from] Sandstorm
|-damage|p1a: Big Service|81/100 par|[from] Sandstorm
|-heal|p2a: Celebi|88/100|[from] item: Leftovers
|-heal|p1a: Big Service|87/100 par|[from] item: Leftovers
|-damage|p1a: Big Service|75/100 par|[from] Leech Seed|[of] p2a: Celebi
|-heal|p2a: Celebi|100/100|[silent]
|upkeep
|turn|16
|
|t:|1727797370
|switch|p2a: Salamence|Salamence, F|82/100 slp
|-ability|p2a: Salamence|Intimidate|boost
|-unboost|p1a: Big Service|atk|1
|switch|p1a: Rubber Chicken|Moltres|100/100
|
|-weather|Sandstorm|[upkeep]
|-damage|p1a: Rubber Chicken|94/100|[from] Sandstorm
|-damage|p2a: Salamence|76/100 slp|[from] Sandstorm
|-heal|p1a: Rubber Chicken|100/100|[from] item: Leftovers
|-heal|p2a: Salamence|82/100 slp|[from] item: Leftovers
|upkeep
|turn|17
|
|t:|1727797380
|move|p1a: Rubber Chicken|Sunny Day|p1a: Rubber Chicken
|-weather|SunnyDay
|-curestatus|p2a: Salamence|slp|[msg]
|move|p2a: Salamence|Toxic|p1a: Rubber Chicken
|-status|p1a: Rubber Chicken|tox
|
|-weather|SunnyDay|[upkeep]
|-damage|p1a: Rubber Chicken|94/100 tox|[from] psn
|-heal|p2a: Salamence|89/100|[from] item: Leftovers
|upkeep
|turn|18
|
|t:|1727797389
|move|p1a: Rubber Chicken|Will-O-Wisp|p2a: Salamence
|-status|p2a: Salamence|brn
|move|p2a: Salamence|Wish|p2a: Salamence
|
|-weather|SunnyDay|[upkeep]
|-heal|p1a: Rubber Chicken|100/100 tox|[from] item: Leftovers
|-damage|p1a: Rubber Chicken|88/100 tox|[from] psn
|-heal|p2a: Salamence|95/100 brn|[from] item: Leftovers
|-damage|p2a: Salamence|82/100 brn|[from] brn
|upkeep
|turn|19
|
|t:|1727797401
|move|p1a: Rubber Chicken|Flamethrower|p2a: Salamence
|-resisted|p2a: Salamence
|-damage|p2a: Salamence|43/100 brn
|move|p2a: Salamence|Flamethrower|p1a: Rubber Chicken
|-resisted|p1a: Rubber Chicken
|-damage|p1a: Rubber Chicken|66/100 tox
|
|-heal|p2a: Salamence|93/100 brn|[from] move: Wish|[wisher] Salamence
|-weather|SunnyDay|[upkeep]
|-heal|p1a: Rubber Chicken|72/100 tox|[from] item: Leftovers
|-damage|p1a: Rubber Chicken|53/100 tox|[from] psn
|-heal|p2a: Salamence|99/100 brn|[from] item: Leftovers
|-damage|p2a: Salamence|86/100 brn|[from] brn
|upkeep
|turn|20
|
|t:|1727797418
|switch|p1a: Big Service|Snorlax, M|75/100 par
|move|p2a: Salamence|Wish|p2a: Salamence
|
|-weather|SunnyDay|[upkeep]
|-heal|p2a: Salamence|92/100 brn|[from] item: Leftovers
|-damage|p2a: Salamence|80/100 brn|[from] brn
|-heal|p1a: Big Service|81/100 par|[from] item: Leftovers
|upkeep
|turn|21
|
|t:|1727797430
|switch|p2a: Starmie|Starmie|46/100
|-damage|p2a: Starmie|34/100|[from] Spikes
|cant|p1a: Big Service|par
|
|-heal|p2a: Starmie|84/100|[from] move: Wish|[wisher] Salamence
|-weather|none
|-heal|p2a: Starmie|90/100|[from] item: Leftovers
|-heal|p1a: Big Service|87/100 par|[from] item: Leftovers
|upkeep
|turn|22
|
|t:|1727797439
|move|p2a: Starmie|Rapid Spin|p1a: Big Service
|-damage|p1a: Big Service|84/100 par
|-sideend|p2: GarhamSandich|Spikes|[from] move: Rapid Spin|[of] p2a: Starmie
|move|p1a: Big Service|Curse|p1a: Big Service
|-unboost|p1a: Big Service|spe|1
|-boost|p1a: Big Service|atk|1
|-boost|p1a: Big Service|def|1
|
|-heal|p2a: Starmie|96/100|[from] item: Leftovers
|-heal|p1a: Big Service|90/100 par|[from] item: Leftovers
|upkeep
|turn|23
|
|t:|1727797448
|switch|p2a: Metagross|Metagross|100/100
|move|p1a: Big Service|Curse|p1a: Big Service
|-unboost|p1a: Big Service|spe|1
|-boost|p1a: Big Service|atk|1
|-boost|p1a: Big Service|def|1
|
|-heal|p1a: Big Service|96/100 par|[from] item: Leftovers
|upkeep
|turn|24
|
|t:|1727797456
|switch|p1a: Magnus Carlmon|Magneton|100/100
|move|p2a: Metagross|Meteor Mash|p1a: Magnus Carlmon|[miss]
|-miss|p2a: Metagross|p1a: Magnus Carlmon
|
|upkeep
|turn|25
|
|t:|1727797463
|move|p1a: Magnus Carlmon|Thunderbolt|p2a: Metagross
|-damage|p2a: Metagross|53/100
|move|p2a: Metagross|Meteor Mash|p1a: Magnus Carlmon
|-resisted|p1a: Magnus Carlmon
|-damage|p1a: Magnus Carlmon|70/100
|-boost|p2a: Metagross|atk|1
|
|-heal|p1a: Magnus Carlmon|77/100|[from] item: Leftovers
|upkeep
|turn|26
|
|t:|1727797472
|move|p1a: Magnus Carlmon|Thunderbolt|p2a: Metagross
|-crit|p2a: Metagross
|-damage|p2a: Metagross|0 fnt
|faint|p2a: Metagross
|
|t:|1727797480
|switch|p2a: Celebi|Celebi|100/100
|
|-heal|p1a: Magnus Carlmon|83/100|[from] item: Leftovers
|upkeep
|turn|27
|
|t:|1727797485
|move|p1a: Magnus Carlmon|Toxic|p2a: Celebi
|-status|p2a: Celebi|tox
|move|p2a: Celebi|Leech Seed|p1a: Magnus Carlmon
|-start|p1a: Magnus Carlmon|move: Leech Seed
|
|-heal|p1a: Magnus Carlmon|89/100|[from] item: Leftovers
|-damage|p1a: Magnus Carlmon|77/100|[from] Leech Seed|[of] p2a: Celebi
|-damage|p2a: Celebi|94/100 tox|[from] psn
|upkeep
|turn|28
|
|t:|1727797495
|switch|p1a: Fungaroo|Breloom, F|100/100
|-curestatus|p2a: Celebi|tox|[from] ability: Natural Cure
|switch|p2a: Tyranitar|Tyranitar, M|18/100
|-weather|Sandstorm|[from] ability: Sand Stream|[of] p2a: Tyranitar
|
|-weather|Sandstorm|[upkeep]
|-damage|p1a: Fungaroo|94/100|[from] Sandstorm
|-heal|p1a: Fungaroo|100/100|[from] item: Leftovers
|upkeep
|turn|29
|
|t:|1727797506
|-singleturn|p1a: Fungaroo|move: Focus Punch
|switch|p2a: Salamence|Salamence, F|80/100 brn
|-ability|p2a: Salamence|Intimidate|boost
|-unboost|p1a: Fungaroo|atk|1
|move|p1a: Fungaroo|Focus Punch|p2a: Salamence
|-resisted|p2a: Salamence
|-damage|p2a: Salamence|61/100 brn
|
|-weather|Sandstorm|[upkeep]
|-damage|p1a: Fungaroo|94/100|[from] Sandstorm
|-damage|p2a: Salamence|55/100 brn|[from] Sandstorm
|-heal|p1a: Fungaroo|100/100|[from] item: Leftovers
|-heal|p2a: Salamence|61/100 brn|[from] item: Leftovers
|-damage|p2a: Salamence|48/100 brn|[from] brn
|upkeep
|turn|30
|
|t:|1727797524
|switch|p1a: Rubber Chicken|Moltres|53/100 tox
|move|p2a: Salamence|Wish|p2a: Salamence
|
|-weather|Sandstorm|[upkeep]
|-damage|p1a: Rubber Chicken|47/100 tox|[from] Sandstorm
|-damage|p2a: Salamence|42/100 brn|[from] Sandstorm
|-heal|p1a: Rubber Chicken|53/100 tox|[from] item: Leftovers
|-damage|p1a: Rubber Chicken|47/100 tox|[from] psn
|-heal|p2a: Salamence|48/100 brn|[from] item: Leftovers
|-damage|p2a: Salamence|36/100 brn|[from] brn
|upkeep
|turn|31
|
|t:|1727797535
|move|p1a: Rubber Chicken|Flamethrower|p2a: Salamence
|-resisted|p2a: Salamence
|-crit|p2a: Salamence
|-damage|p2a: Salamence|0 fnt
|faint|p2a: Salamence
|
|t:|1727797537
|switch|p2a: Tyranitar|Tyranitar, M|18/100
|
|-heal|p2a: Tyranitar|68/100|[from] move: Wish|[wisher] Salamence
|-weather|Sandstorm|[upkeep]
|-damage|p1a: Rubber Chicken|41/100 tox|[from] Sandstorm
|-heal|p1a: Rubber Chicken|47/100 tox|[from] item: Leftovers
|-damage|p1a: Rubber Chicken|35/100 tox|[from] psn
|upkeep
|turn|32
|
|t:|1727797546
|switch|p2a: Starmie|Starmie|96/100
|move|p1a: Rubber Chicken|Will-O-Wisp|p2a: Starmie
|-status|p2a: Starmie|brn
|
|-weather|Sandstorm|[upkeep]
|-damage|p1a: Rubber Chicken|29/100 tox|[from] Sandstorm
|-damage|p2a: Starmie|90/100 brn|[from] Sandstorm
|-heal|p1a: Rubber Chicken|35/100 tox|[from] item: Leftovers
|-damage|p1a: Rubber Chicken|16/100 tox|[from] psn
|-heal|p2a: Starmie|96/100 brn|[from] item: Leftovers
|-damage|p2a: Starmie|84/100 brn|[from] brn
|upkeep
|turn|33
|
|t:|1727797560
|switch|p1a: Big Service|Snorlax, M|96/100 par
|-curestatus|p2a: Starmie|brn|[from] ability: Natural Cure
|switch|p2a: Jirachi|Jirachi|100/100
|
|-weather|Sandstorm|[upkeep]
|-damage|p1a: Big Service|90/100 par|[from] Sandstorm
|-heal|p1a: Big Service|96/100 par|[from] item: Leftovers
|upkeep
|turn|34
|
|t:|1727797569
|move|p2a: Jirachi|Wish|p2a: Jirachi
|cant|p1a: Big Service|par
|
|-weather|Sandstorm|[upkeep]
|-damage|p1a: Big Service|90/100 par|[from] Sandstorm
|-heal|p1a: Big Service|96/100 par|[from] item: Leftovers
|upkeep
|turn|35
|
|t:|1727797578
|switch|p2a: Tyranitar|Tyranitar, M|68/100
|move|p1a: Big Service|Curse|p1a: Big Service
|-unboost|p1a: Big Service|spe|1
|-boost|p1a: Big Service|atk|1
|-boost|p1a: Big Service|def|1
|
|-heal|p2a: Tyranitar|100/100|[from] move: Wish|[wisher] Jirachi
|-weather|Sandstorm|[upkeep]
|-damage|p1a: Big Service|90/100 par|[from] Sandstorm
|-heal|p1a: Big Service|96/100 par|[from] item: Leftovers
|upkeep
|turn|36
|
|t:|1727797588
|move|p2a: Tyranitar|Rock Slide|p1a: Big Service
|-damage|p1a: Big Service|55/100 par
|move|p1a: Big Service|Curse|p1a: Big Service
|-unboost|p1a: Big Service|spe|1
|-boost|p1a: Big Service|atk|1
|-boost|p1a: Big Service|def|1
|
|-weather|Sandstorm|[upkeep]
|-damage|p1a: Big Service|49/100 par|[from] Sandstorm
|-heal|p1a: Big Service|55/100 par|[from] item: Leftovers
|upkeep
|turn|37
|
|t:|1727797598
|move|p2a: Tyranitar|Rock Slide|p1a: Big Service
|-damage|p1a: Big Service|25/100 par
|cant|p1a: Big Service|par
|
|-weather|Sandstorm|[upkeep]
|-damage|p1a: Big Service|19/100 par|[from] Sandstorm
|-heal|p1a: Big Service|25/100 par|[from] item: Leftovers
|upkeep
|turn|38
|
|t:|1727797606
|switch|p1a: Fungaroo|Breloom, F|100/100
|move|p2a: Tyranitar|Rock Slide|p1a: Fungaroo
|-resisted|p1a: Fungaroo
|-damage|p1a: Fungaroo|45/100
|
|-weather|Sandstorm|[upkeep]
|-damage|p1a: Fungaroo|39/100|[from] Sandstorm
|-heal|p1a: Fungaroo|45/100|[from] item: Leftovers
|upkeep
|turn|39
|
|t:|1727797616
|switch|p2a: Jirachi|Jirachi|100/100
|move|p1a: Fungaroo|Spore|p2a: Jirachi
|-status|p2a: Jirachi|slp|[from] move: Spore
|
|-weather|Sandstorm|[upkeep]
|-damage|p1a: Fungaroo|39/100|[from] Sandstorm
|-heal|p1a: Fungaroo|45/100|[from] item: Leftovers
|upkeep
|turn|40
|
|t:|1727797626
|switch|p1a: Big Service|Snorlax, M|25/100 par
|switch|p2a: Celebi|Celebi|94/100
|
|-weather|Sandstorm|[upkeep]
|-damage|p2a: Celebi|88/100|[from] Sandstorm
|-damage|p1a: Big Service|19/100 par|[from] Sandstorm
|-heal|p2a: Celebi|94/100|[from] item: Leftovers
|-heal|p1a: Big Service|25/100 par|[from] item: Leftovers
|upkeep
|turn|41
|
|t:|1727797635
|move|p2a: Celebi|Psychic|p1a: Big Service
|-damage|p1a: Big Service|8/100 par
|move|p1a: Big Service|Rest|p1a: Big Service
|-status|p1a: Big Service|slp|[from] move: Rest
|-heal|p1a: Big Service|100/100 slp|[silent]
|
|-weather|Sandstorm|[upkeep]
|-damage|p2a: Celebi|88/100|[from] Sandstorm
|-damage|p1a: Big Service|94/100 slp|[from] Sandstorm
|-heal|p2a: Celebi|94/100|[from] item: Leftovers
|-heal|p1a: Big Service|100/100 slp|[from] item: Leftovers
|upkeep
|turn|42
|
|t:|1727797650
|switch|p2a: Tyranitar|Tyranitar, M|100/100
|switch|p1a: Magnus Carlmon|Magneton|77/100
|
|-weather|Sandstorm|[upkeep]
|-heal|p1a: Magnus Carlmon|83/100|[from] item: Leftovers
|upkeep
|turn|43
|
|t:|1727797662
|switch|p2a: Celebi|Celebi|94/100
|move|p1a: Magnus Carlmon|Thunderbolt|p2a: Celebi
|-resisted|p2a: Celebi
|-damage|p2a: Celebi|80/100
|
|-weather|Sandstorm|[upkeep]
|-damage|p2a: Celebi|74/100|[from] Sandstorm
|-heal|p1a: Magnus Carlmon|89/100|[from] item: Leftovers
|-heal|p2a: Celebi|80/100|[from] item: Leftovers
|upkeep
|turn|44
|
|t:|1727797682
|move|p1a: Magnus Carlmon|Toxic|p2a: Celebi
|-status|p2a: Celebi|tox
|move|p2a: Celebi|Psychic|p1a: Magnus Carlmon
|-resisted|p1a: Magnus Carlmon
|-damage|p1a: Magnus Carlmon|59/100
|
|-weather|Sandstorm|[upkeep]
|-damage|p2a: Celebi|74/100 tox|[from] Sandstorm
|-heal|p1a: Magnus Carlmon|65/100|[from] item: Leftovers
|-heal|p2a: Celebi|80/100 tox|[from] item: Leftovers
|-damage|p2a: Celebi|74/100 tox|[from] psn
|upkeep
|turn|45
|
|t:|1727797694
|move|p1a: Magnus Carlmon|Thunderbolt|p2a: Celebi
|-resisted|p2a: Celebi
|-damage|p2a: Celebi|60/100 tox
|move|p2a: Celebi|Leech Seed|p1a: Magnus Carlmon
|-start|p1a: Magnus Carlmon|move: Leech Seed
|
|-weather|Sandstorm|[upkeep]
|-damage|p2a: Celebi|53/100 tox|[from] Sandstorm
|-heal|p1a: Magnus Carlmon|71/100|[from] item: Leftovers
|-damage|p1a: Magnus Carlmon|59/100|[from] Leech Seed|[of] p2a: Celebi
|-heal|p2a: Celebi|61/100 tox|[silent]
|-heal|p2a: Celebi|67/100 tox|[from] item: Leftovers
|-damage|p2a: Celebi|55/100 tox|[from] psn
|upkeep
|turn|46
|
|t:|1727797709
|move|p1a: Magnus Carlmon|Thunder Wave||[still]
|-fail|p1a: Magnus Carlmon
|move|p2a: Celebi|Recover|p2a: Celebi
|-heal|p2a: Celebi|100/100 tox
|
|-weather|Sandstorm|[upkeep]
|-damage|p2a: Celebi|94/100 tox|[from] Sandstorm
|-heal|p1a: Magnus Carlmon|65/100|[from] item: Leftovers
|-damage|p1a: Magnus Carlmon|53/100|[from] Leech Seed|[of] p2a: Celebi
|-heal|p2a: Celebi|100/100 tox|[silent]
|-damage|p2a: Celebi|82/100 tox|[from] psn
|upkeep
|turn|47
|
|t:|1727797724
|-curestatus|p2a: Celebi|tox|[from] ability: Natural Cure
|switch|p2a: Jirachi|Jirachi|100/100 slp
|move|p1a: Magnus Carlmon|Thunderbolt|p2a: Jirachi
|-damage|p2a: Jirachi|61/100 slp
|
|-weather|Sandstorm|[upkeep]
|-heal|p1a: Magnus Carlmon|59/100|[from] item: Leftovers
|-damage|p1a: Magnus Carlmon|46/100|[from] Leech Seed|[of] p2a: Jirachi
|-heal|p2a: Jirachi|68/100 slp|[silent]
|-heal|p2a: Jirachi|75/100 slp|[from] item: Leftovers
|upkeep
|turn|48
|
|t:|1727797734
|switch|p1a: Big Service|Snorlax, M|100/100 slp
|cant|p2a: Jirachi|slp
|
|-weather|Sandstorm|[upkeep]
|-damage|p1a: Big Service|94/100 slp|[from] Sandstorm
|-heal|p2a: Jirachi|81/100 slp|[from] item: Leftovers
|-heal|p1a: Big Service|100/100 slp|[from] item: Leftovers
|upkeep
|turn|49
|
|t:|1727797742
|switch|p2a: Tyranitar|Tyranitar, M|100/100
|cant|p1a: Big Service|slp
|
|-weather|Sandstorm|[upkeep]
|-damage|p1a: Big Service|94/100 slp|[from] Sandstorm
|-heal|p1a: Big Service|100/100 slp|[from] item: Leftovers
|upkeep
|turn|50
|
|t:|1727797749
|-singleturn|p2a: Tyranitar|move: Focus Punch
|switch|p1a: Fungaroo|Breloom, F|45/100
|move|p2a: Tyranitar|Focus Punch|p1a: Fungaroo
|-damage|p1a: Fungaroo|0 fnt
|faint|p1a: Fungaroo
|
|t:|1727797756
|switch|p1a: Rubber Chicken|Moltres|16/100 tox
|
|-weather|Sandstorm|[upkeep]
|-damage|p1a: Rubber Chicken|10/100 tox|[from] Sandstorm
|-heal|p1a: Rubber Chicken|16/100 tox|[from] item: Leftovers
|-damage|p1a: Rubber Chicken|10/100 tox|[from] psn
|upkeep
|turn|51
|
|t:|1727797763
|switch|p2a: Starmie|Starmie|84/100
|move|p1a: Rubber Chicken|Will-O-Wisp|p2a: Starmie
|-status|p2a: Starmie|brn
|
|-weather|Sandstorm|[upkeep]
|-damage|p1a: Rubber Chicken|4/100 tox|[from] Sandstorm
|-damage|p2a: Starmie|77/100 brn|[from] Sandstorm
|-heal|p1a: Rubber Chicken|10/100 tox|[from] item: Leftovers
|-damage|p1a: Rubber Chicken|0 fnt|[from] psn
|faint|p1a: Rubber Chicken
|-heal|p2a: Starmie|84/100 brn|[from] item: Leftovers
|-damage|p2a: Starmie|71/100 brn|[from] brn
|upkeep
|
|t:|1727797775
|switch|p1a: Big Service|Snorlax, M|100/100 slp
|turn|52
|
|t:|1727797777
|-curestatus|p2a: Starmie|brn|[from] ability: Natural Cure
|switch|p2a: Tyranitar|Tyranitar, M|100/100
|cant|p1a: Big Service|slp
|
|-weather|Sandstorm|[upkeep]
|-damage|p1a: Big Service|94/100 slp|[from] Sandstorm
|-heal|p1a: Big Service|100/100 slp|[from] item: Leftovers
|upkeep
|turn|53
|
|t:|1727797786
|move|p2a: Tyranitar|Earthquake|p1a: Big Service
|-damage|p1a: Big Service|47/100 slp
|-curestatus|p1a: Big Service|slp|[msg]
|move|p1a: Big Service|Double-Edge|p2a: Tyranitar
|-resisted|p2a: Tyranitar
|-damage|p2a: Tyranitar|70/100
|-damage|p1a: Big Service|41/100|[from] Recoil|[of] p2a: Tyranitar
|
|-weather|Sandstorm|[upkeep]
|-damage|p1a: Big Service|35/100|[from] Sandstorm
|-heal|p1a: Big Service|41/100|[from] item: Leftovers
|upkeep
|turn|54
|
|t:|1727797797
|move|p2a: Tyranitar|Earthquake|p1a: Big Service
|-damage|p1a: Big Service|0 fnt
|faint|p1a: Big Service
|
|t:|1727797800
|switch|p1a: Magnus Carlmon|Magneton|46/100
|
|-weather|Sandstorm|[upkeep]
|-heal|p1a: Magnus Carlmon|53/100|[from] item: Leftovers
|upkeep
|turn|55
|
|t:|1727797807
|move|p1a: Magnus Carlmon|Thunderbolt|p2a: Tyranitar
|-damage|p2a: Tyranitar|24/100
|move|p2a: Tyranitar|Earthquake|p1a: Magnus Carlmon
|-supereffective|p1a: Magnus Carlmon
|-damage|p1a: Magnus Carlmon|0 fnt
|faint|p1a: Magnus Carlmon
|
|win|GarhamSandich
|c|☆GarhamSandich|gg
|c|☆reptikrook|gg

</script>
<script type="application/json" class="data" id="replaydata-gen3ou-2213626355-1nnlmcc6qff6qk5y0xoaj6cglcgdlkapw">
{"id":"gen3ou-2213626355","format":"[Gen 3] OU","players":["reptikrook","GarhamSandich"],"uploadtime":1727797813,"views":113,"formatid":"gen3ou","rating":null,"private":1,"password":"1nnlmcc6qff6qk5y0xoaj6cglcgdlka"}
</script>

<script defer src="js/replays.js?9d40a366"></script>
