<!DOCTYPE html>
<meta charset="utf-8" />
<meta name="viewport" content="width=device-width" />

<title>[Gen 3] OU: Rebatca vs. DMONDThrice - Replays - Pok&eacute;mon Showdown!</title>

<meta name="description" content="Watch a replay of a Pok&eacute;mon battle between Rebatca and DMONDThrice! Format: [Gen 3] OU; Date: Oct 14, 2024" />
<!--

Hey, you! Looking in the source for the replay log?

You can find them in JSON format, just add `.json` at the end of a replay URL.

https://replay.pokemonshowdown.com/gen7randomdoublesbattle-865046831.json

Or, if you only need the log itself, add `.log` instead:

https://replay.pokemonshowdown.com/gen7randomdoublesbattle-865046831.log

-->

<link rel="stylesheet" href="//pokemonshowdown.com/style/global.css?0.023195364461161105" />
<link rel="stylesheet" href="//play.pokemonshowdown.com/style/font-awesome.css?0.13261647063804238" />
<link rel="stylesheet" href="//play.pokemonshowdown.com/style/battle.css?0.8753245789963631" />
<link rel="stylesheet" href="//play.pokemonshowdown.com/style/utilichart.css?0.8627959624976733" />

<!-- Global site tag (gtag.js) - Google Analytics -->
<script async src="https://www.googletagmanager.com/gtag/js?id=UA-26211653-1"></script>
<script>
  window.dataLayer = window.dataLayer || [];
  function gtag(){dataLayer.push(arguments);}
  gtag('js', new Date());

  gtag('config', 'UA-26211653-1');
</script>
<!-- End Google Analytics -->
<!-- Venatus Ad Manager - Install in <HEAD> of page -->
	<script src="https://hb.vntsm.com/v3/live/ad-manager.min.js" type="text/javascript" data-site-id="642aba63ec9a7b11c3c9c1be" data-mode="scan" async></script>
<!-- / Venatus Ad Manager -->

<style>
	@media (max-width:820px) {
		.battle {
			margin: 0 auto;
		}
		.battle-log {
			margin: 7px auto 0;
			max-width: 640px;
			height: 300px;
			position: static;
		}
	}
	.optgroup {
		display: inline-block;
		line-height: 22px;
		font-size: 10pt;
	}
	.optgroup .button {
		height: 25px;
		padding-top: 0;
		padding-bottom: 0;
	}
	.optgroup button.button {
		padding-left: 12px;
		padding-right: 12px;
	}
	.linklist {
		list-style: none;
		margin: 0.5em 0;
		padding: 0;
	}
	.linklist li {
		padding: 2px 0;
	}
	.sidebar {
		float: left;
		width: 320px;
	}
	.bar-wrapper {
		max-width: 1100px;
		margin: 0 auto;
	}
	.bar-wrapper.has-sidebar {
		max-width: 1430px;
	}
	.mainbar {
		margin: 0;
		padding-right: 1px;
	}
	.mainbar.has-sidebar {
		margin-left: 330px;
	}
	@media (min-width: 1511px) {
		.sidebar {
			width: 400px;
		}
		.bar-wrapper.has-sidebar {
			max-width: 1510px;
		}
		.mainbar.has-sidebar {
			margin-left: 410px;
		}
	}
	.section.first-section {
		margin-top: 9px;
	}
	.blocklink small {
		white-space: normal;
	}
	.button {
		vertical-align: middle;
	}
	.replay-controls {
		padding-top: 10px;
	}
	.replay-controls h1 {
		font-size: 16pt;
		font-weight: normal;
		color: #CCC;
	}
	.pagelink {
		text-align: center;
	}
	.pagelink a {
		width: 150px;
	}
	.textbox, .button {
		font-size: 11pt;
		vertical-align: middle;
	}
	@media (max-width: 450px) {
		.button {
			font-size: 9pt;
		}
	}
</style>

<div>

	<header>
		<div class="nav-wrapper"><ul class="nav">
			<li><a class="button nav-first" href="//pokemonshowdown.com/"><img src="//pokemonshowdown.com/images/pokemonshowdownbeta.png" srcset="//pokemonshowdown.com/images/pokemonshowdownbeta.png 1x, //pokemonshowdown.com/images/pokemonshowdownbeta@2x.png 2x" alt="Pok&eacute;mon Showdown" width="146" height="44" /> Home</a></li>
			<li><a class="button" href="//pokemonshowdown.com/dex/">Pok&eacute;dex</a></li>
			<li><a class="button cur" href="/">Replays</a></li>
			<li><a class="button" href="//pokemonshowdown.com/ladder/">Ladder</a></li>
			<li><a class="button nav-last" href="//pokemonshowdown.com/forums/">Forum</a></li>
			<li><a class="button greenbutton nav-first nav-last" href="//play.pokemonshowdown.com/">Play</a></li>
		</ul></div>
	</header>

	<div class="main" id="main">

		<noscript><section class="section">You need to enable JavaScript to use this page; sorry!</section></noscript>

	</div>

</div>

<script defer nomodule src="//play.pokemonshowdown.com/js/lib/ps-polyfill.js"></script>
<script defer src="//play.pokemonshowdown.com/js/lib/preact.min.js"></script>

<script defer src="//play.pokemonshowdown.com/config/config.js?2bddbc15"></script>
<script defer src="//play.pokemonshowdown.com/js/lib/jquery-1.11.0.min.js"></script>
<script defer src="//play.pokemonshowdown.com/js/lib/html-sanitizer-minified.js"></script>
<script defer src="//play.pokemonshowdown.com/js/battle-sound.js"></script>
<script defer src="//play.pokemonshowdown.com/js/battledata.js?0.7209276989879541"></script>
<script defer src="//play.pokemonshowdown.com/data/pokedex-mini.js?0.6111056340867951"></script>
<script defer src="//play.pokemonshowdown.com/data/pokedex-mini-bw.js?0.3532142036491459"></script>
<script defer src="//play.pokemonshowdown.com/data/graphics.js?0.24223875632456182"></script>
<script defer src="//play.pokemonshowdown.com/data/pokedex.js?0.38839984266356864"></script>
<script defer src="//play.pokemonshowdown.com/data/moves.js?0.21866028504024015"></script>
<script defer src="//play.pokemonshowdown.com/data/abilities.js?0.2005157953846628"></script>
<script defer src="//play.pokemonshowdown.com/data/items.js?0.9894211263848525"></script>
<script defer src="//play.pokemonshowdown.com/data/teambuilder-tables.js?0.6008791140282215"></script>
<script defer src="//play.pokemonshowdown.com/js/battle-tooltips.js?0.7580118955022959"></script>
<script defer src="//play.pokemonshowdown.com/js/battle.js?0.6057722274234274"></script>

<script defer src="js/utils.js?e31f9a17"></script>
<script defer src="js/replays-battle.js?7008c182"></script>

<!-- don't scrape this data! just add .json or .log after the URL!
Full API docs: https://github.com/smogon/pokemon-showdown-client/blob/master/WEB-API.md -->
<script type="text/plain" class="log" id="replaylog-smogtours-gen3ou-798781">
|inactive|Battle timer is ON: inactive players will automatically lose when time's up.
|t:|1728941550
|gametype|singles
|player|p1|Rebatca|dawn|
|player|p2|DMONDThrice|volkner|
|teamsize|p1|6
|teamsize|p2|6
|gen|3
|tier|[Gen 3] OU
|rule|Sleep Clause Mod: Limit one foe put to sleep
|rule|Switch Priority Clause Mod: Faster Pokémon switch first
|rule|Species Clause: Limit one of each Pokémon
|rule|OHKO Clause: OHKO moves are banned
|rule|Evasion Items Clause: Evasion items are banned
|rule|Evasion Moves Clause: Evasion moves are banned
|rule|Endless Battle Clause: Forcing endless battles is banned
|rule|HP Percentage Mod: HP is shown in percentages
|rule|One Boost Passer Clause: Limit one Baton Passer that has a way to boost its stats
|rule|Freeze Clause Mod: Limit one foe frozen
|
|t:|1728941550
|start
|switch|p1a: We talked a lot|Flygon, M, shiny|100/100
|switch|p2a: Tyranitar|Tyranitar, M|100/100
|-weather|Sandstorm|[from] ability: Sand Stream|[of] p2a: Tyranitar
|turn|1
|
|t:|1728941570
|switch|p2a: Claydol|Claydol|100/100
|move|p1a: We talked a lot|Substitute|p1a: We talked a lot
|-start|p1a: We talked a lot|Substitute
|-damage|p1a: We talked a lot|75/100
|
|-weather|Sandstorm|[upkeep]
|-heal|p1a: We talked a lot|82/100|[from] item: Leftovers
|upkeep
|turn|2
|
|t:|1728941594
|switch|p1a: Leave me alone|Claydol|100/100
|move|p2a: Claydol|Ice Beam|p1a: Leave me alone
|-supereffective|p1a: Leave me alone
|-damage|p1a: Leave me alone|72/100
|
|-weather|Sandstorm|[upkeep]
|-heal|p1a: Leave me alone|78/100|[from] item: Leftovers
|upkeep
|turn|3
|
|t:|1728941617
|switch|p2a: Tyranitar|Tyranitar, M|100/100
|move|p1a: Leave me alone|Toxic|p2a: Tyranitar
|-status|p2a: Tyranitar|tox
|-enditem|p2a: Tyranitar|Lum Berry|[eat]
|-curestatus|p2a: Tyranitar|tox|[msg]
|
|-weather|Sandstorm|[upkeep]
|-heal|p1a: Leave me alone|84/100|[from] item: Leftovers
|upkeep
|turn|4
|inactive|Rebatca has 270 seconds left.
|inactive|DMONDThrice has 270 seconds left.
|
|t:|1728941649
|move|p2a: Tyranitar|Hidden Power|p1a: Leave me alone
|-supereffective|p1a: Leave me alone
|-damage|p1a: Leave me alone|50/100
|move|p1a: Leave me alone|Earthquake|p2a: Tyranitar
|-supereffective|p2a: Tyranitar
|-damage|p2a: Tyranitar|55/100
|
|-weather|Sandstorm|[upkeep]
|-heal|p1a: Leave me alone|56/100|[from] item: Leftovers
|upkeep
|turn|5
|inactive|DMONDThrice has 270 seconds left.
|inactive|Rebatca has 240 seconds left.
|
|t:|1728941681
|switch|p2a: Skarmory|Skarmory, M|100/100
|switch|p1a: We talked a lot|Flygon, M, shiny|82/100
|
|-weather|Sandstorm|[upkeep]
|-heal|p1a: We talked a lot|88/100|[from] item: Leftovers
|upkeep
|turn|6
|inactive|Rebatca has 240 seconds left.
|
|t:|1728941700
|switch|p2a: Claydol|Claydol|100/100
|move|p1a: We talked a lot|Fire Blast|p2a: Claydol
|-damage|p2a: Claydol|80/100
|
|-weather|Sandstorm|[upkeep]
|-heal|p1a: We talked a lot|94/100|[from] item: Leftovers
|-heal|p2a: Claydol|86/100|[from] item: Leftovers
|upkeep
|turn|7
|inactive|Rebatca has 240 seconds left.
|
|t:|1728941740
|switch|p1a: We fought a lot|Blissey, F|100/100
|move|p2a: Claydol|Ice Beam|p1a: We fought a lot
|-damage|p1a: We fought a lot|95/100
|
|-weather|Sandstorm|[upkeep]
|-damage|p1a: We fought a lot|88/100|[from] Sandstorm
|-heal|p2a: Claydol|92/100|[from] item: Leftovers
|-heal|p1a: We fought a lot|95/100|[from] item: Leftovers
|upkeep
|turn|8
|
|t:|1728941757
|switch|p2a: Metagross|Metagross|100/100
|switch|p1a: Leave me alone|Claydol|56/100
|
|-weather|Sandstorm|[upkeep]
|-heal|p1a: Leave me alone|63/100|[from] item: Leftovers
|upkeep
|turn|9
|inactive|Rebatca has 210 seconds left.
|
|t:|1728941797
|switch|p1a: For searing cod|Moltres|100/100
|move|p2a: Metagross|Meteor Mash|p1a: For searing cod|[miss]
|-miss|p2a: Metagross|p1a: For searing cod
|
|-weather|Sandstorm|[upkeep]
|-damage|p1a: For searing cod|94/100|[from] Sandstorm
|-heal|p1a: For searing cod|100/100|[from] item: Leftovers
|upkeep
|turn|10
|
|t:|1728941809
|switch|p2a: Moltres|Moltres|100/100
|move|p1a: For searing cod|Flamethrower|p2a: Moltres
|-resisted|p2a: Moltres
|-damage|p2a: Moltres|68/100
|
|-weather|Sandstorm|[upkeep]
|-damage|p2a: Moltres|62/100|[from] Sandstorm
|-damage|p1a: For searing cod|94/100|[from] Sandstorm
|-heal|p2a: Moltres|68/100|[from] item: Leftovers
|-heal|p1a: For searing cod|100/100|[from] item: Leftovers
|upkeep
|turn|11
|inactive|DMONDThrice has 270 seconds left.
|
|t:|1728941823
|move|p2a: Moltres|Flamethrower|p1a: For searing cod
|-resisted|p1a: For searing cod
|-damage|p1a: For searing cod|71/100
|move|p1a: For searing cod|Flamethrower|p2a: Moltres
|-resisted|p2a: Moltres
|-damage|p2a: Moltres|37/100
|
|-weather|Sandstorm|[upkeep]
|-damage|p2a: Moltres|31/100|[from] Sandstorm
|-damage|p1a: For searing cod|64/100|[from] Sandstorm
|-heal|p2a: Moltres|37/100|[from] item: Leftovers
|-heal|p1a: For searing cod|71/100|[from] item: Leftovers
|upkeep
|turn|12
|
|t:|1728941837
|switch|p1a: We fought a lot|Blissey, F|95/100
|move|p2a: Moltres|Flamethrower|p1a: We fought a lot
|-damage|p1a: We fought a lot|75/100
|
|-weather|Sandstorm|[upkeep]
|-damage|p2a: Moltres|31/100|[from] Sandstorm
|-damage|p1a: We fought a lot|69/100|[from] Sandstorm
|-heal|p2a: Moltres|37/100|[from] item: Leftovers
|-heal|p1a: We fought a lot|75/100|[from] item: Leftovers
|upkeep
|turn|13
|inactive|DMONDThrice has 270 seconds left.
|
|t:|1728941860
|switch|p2a: Skarmory|Skarmory, M|100/100
|switch|p1a: For searing cod|Moltres|71/100
|
|-weather|Sandstorm|[upkeep]
|-damage|p1a: For searing cod|64/100|[from] Sandstorm
|-heal|p1a: For searing cod|71/100|[from] item: Leftovers
|upkeep
|turn|14
|inactive|DMONDThrice has 270 seconds left.
|
|t:|1728941891
|switch|p2a: Moltres|Moltres|37/100
|move|p1a: For searing cod|Flamethrower|p2a: Moltres
|-resisted|p2a: Moltres
|-damage|p2a: Moltres|8/100
|
|-weather|Sandstorm|[upkeep]
|-damage|p2a: Moltres|2/100|[from] Sandstorm
|-damage|p1a: For searing cod|64/100|[from] Sandstorm
|-heal|p2a: Moltres|8/100|[from] item: Leftovers
|-heal|p1a: For searing cod|71/100|[from] item: Leftovers
|upkeep
|turn|15
|inactive|Rebatca has 180 seconds left.
|
|t:|1728941927
|switch|p1a: We fought a lot|Blissey, F|75/100
|move|p2a: Moltres|Flamethrower|p1a: We fought a lot
|-damage|p1a: We fought a lot|55/100
|-status|p1a: We fought a lot|brn
|
|-weather|Sandstorm|[upkeep]
|-damage|p2a: Moltres|2/100|[from] Sandstorm
|-damage|p1a: We fought a lot|49/100 brn|[from] Sandstorm
|-heal|p2a: Moltres|8/100|[from] item: Leftovers
|-heal|p1a: We fought a lot|55/100 brn|[from] item: Leftovers
|-damage|p1a: We fought a lot|43/100 brn|[from] brn
|upkeep
|turn|16
|
|t:|1728941937
|switch|p2a: Claydol|Claydol|92/100
|move|p1a: We fought a lot|Soft-Boiled|p1a: We fought a lot
|-heal|p1a: We fought a lot|93/100 brn
|
|-weather|Sandstorm|[upkeep]
|-damage|p1a: We fought a lot|86/100 brn|[from] Sandstorm
|-heal|p2a: Claydol|99/100|[from] item: Leftovers
|-heal|p1a: We fought a lot|93/100 brn|[from] item: Leftovers
|-damage|p1a: We fought a lot|80/100 brn|[from] brn
|upkeep
|turn|17
|inactive|Rebatca has 180 seconds left.
|
|t:|1728941961
|move|p2a: Claydol|Psychic|p1a: We fought a lot
|-damage|p1a: We fought a lot|72/100 brn
|move|p1a: We fought a lot|Toxic|p2a: Claydol
|-status|p2a: Claydol|tox
|
|-weather|Sandstorm|[upkeep]
|-damage|p1a: We fought a lot|66/100 brn|[from] Sandstorm
|-heal|p2a: Claydol|100/100 tox|[from] item: Leftovers
|-damage|p2a: Claydol|94/100 tox|[from] psn
|-heal|p1a: We fought a lot|72/100 brn|[from] item: Leftovers
|-damage|p1a: We fought a lot|60/100 brn|[from] brn
|upkeep
|turn|18
|
|t:|1728941972
|-curestatus|p1a: We fought a lot|brn|[from] ability: Natural Cure
|switch|p1a: Leave me alone|Claydol|63/100
|move|p2a: Claydol|Earthquake|p1a: Leave me alone
|-immune|p1a: Leave me alone
|
|-weather|Sandstorm|[upkeep]
|-heal|p2a: Claydol|100/100 tox|[from] item: Leftovers
|-heal|p1a: Leave me alone|69/100|[from] item: Leftovers
|-damage|p2a: Claydol|88/100 tox|[from] psn
|upkeep
|turn|19
|
|t:|1728941989
|switch|p2a: Moltres|Moltres|8/100
|move|p1a: Leave me alone|Ice Beam|p2a: Moltres
|-damage|p2a: Moltres|0 fnt
|faint|p2a: Moltres
|
|t:|1728941994
|switch|p2a: Metagross|Metagross|100/100
|
|-weather|Sandstorm|[upkeep]
|-heal|p1a: Leave me alone|75/100|[from] item: Leftovers
|upkeep
|turn|20
|inactive|Rebatca has 150 seconds left.
|
|t:|1728942032
|move|p2a: Metagross|Explosion|p1a: Leave me alone
|-damage|p1a: Leave me alone|0 fnt
|faint|p2a: Metagross
|faint|p1a: Leave me alone
|inactive|Rebatca has 150 seconds left.
|
|t:|1728942042
|switch|p2a: Tyranitar|Tyranitar, M|55/100
|switch|p1a: To catch fish|Zapdos|100/100
|
|-weather|Sandstorm|[upkeep]
|-damage|p1a: To catch fish|94/100|[from] Sandstorm
|-heal|p1a: To catch fish|100/100|[from] item: Leftovers
|upkeep
|turn|21
|inactive|Rebatca has 150 seconds left.
|inactive|DMONDThrice has 240 seconds left.
|
|t:|1728942074
|switch|p2a: Venusaur|Venusaur, F|100/100
|switch|p1a: We talked a lot|Flygon, M, shiny|94/100
|
|-weather|Sandstorm|[upkeep]
|-damage|p2a: Venusaur|94/100|[from] Sandstorm
|-heal|p1a: We talked a lot|99/100|[from] item: Leftovers
|-heal|p2a: Venusaur|100/100|[from] item: Leftovers
|upkeep
|turn|22
|inactive|DMONDThrice has 240 seconds left.
|
|t:|1728942086
|move|p1a: We talked a lot|Substitute|p1a: We talked a lot
|-start|p1a: We talked a lot|Substitute
|-damage|p1a: We talked a lot|75/100
|move|p2a: Venusaur|Sleep Powder||[still]
|-fail|p2a: Venusaur
|
|-weather|Sandstorm|[upkeep]
|-damage|p2a: Venusaur|94/100|[from] Sandstorm
|-heal|p1a: We talked a lot|81/100|[from] item: Leftovers
|-heal|p2a: Venusaur|100/100|[from] item: Leftovers
|upkeep
|turn|23
|
|t:|1728942101
|move|p1a: We talked a lot|Fire Blast|p2a: Venusaur
|-supereffective|p2a: Venusaur
|-damage|p2a: Venusaur|69/100
|move|p2a: Venusaur|Roar|p1a: We talked a lot
|drag|p1a: We fought a lot|Blissey, F|60/100
|
|-weather|Sandstorm|[upkeep]
|-damage|p2a: Venusaur|63/100|[from] Sandstorm
|-damage|p1a: We fought a lot|53/100|[from] Sandstorm
|-heal|p2a: Venusaur|69/100|[from] item: Leftovers
|-heal|p1a: We fought a lot|60/100|[from] item: Leftovers
|upkeep
|turn|24
|
|t:|1728942114
|move|p2a: Venusaur|Sleep Powder|p1a: We fought a lot
|-status|p1a: We fought a lot|slp|[from] move: Sleep Powder
|cant|p1a: We fought a lot|slp
|
|-weather|Sandstorm|[upkeep]
|-damage|p2a: Venusaur|63/100|[from] Sandstorm
|-damage|p1a: We fought a lot|53/100 slp|[from] Sandstorm
|-heal|p2a: Venusaur|69/100|[from] item: Leftovers
|-heal|p1a: We fought a lot|60/100 slp|[from] item: Leftovers
|upkeep
|turn|25
|
|t:|1728942119
|move|p2a: Venusaur|Leech Seed|p1a: We fought a lot
|-start|p1a: We fought a lot|move: Leech Seed
|cant|p1a: We fought a lot|slp
|
|-weather|Sandstorm|[upkeep]
|-damage|p2a: Venusaur|63/100|[from] Sandstorm
|-damage|p1a: We fought a lot|53/100 slp|[from] Sandstorm
|-heal|p2a: Venusaur|69/100|[from] item: Leftovers
|-heal|p1a: We fought a lot|60/100 slp|[from] item: Leftovers
|-damage|p1a: We fought a lot|47/100 slp|[from] Leech Seed|[of] p2a: Venusaur
|-heal|p2a: Venusaur|93/100|[silent]
|upkeep
|turn|26
|inactive|Rebatca has 150 seconds left.
|
|t:|1728942130
|-curestatus|p1a: We fought a lot|slp|[from] ability: Natural Cure
|switch|p1a: For searing cod|Moltres|71/100
|move|p2a: Venusaur|Sleep Powder|p1a: For searing cod
|-status|p1a: For searing cod|slp|[from] move: Sleep Powder
|
|-weather|Sandstorm|[upkeep]
|-damage|p1a: For searing cod|64/100 slp|[from] Sandstorm
|-damage|p2a: Venusaur|87/100|[from] Sandstorm
|-heal|p1a: For searing cod|71/100 slp|[from] item: Leftovers
|-heal|p2a: Venusaur|93/100|[from] item: Leftovers
|upkeep
|turn|27
|
|t:|1728942136
|switch|p1a: We fought a lot|Blissey, F|47/100
|move|p2a: Venusaur|Leech Seed|p1a: We fought a lot
|-start|p1a: We fought a lot|move: Leech Seed
|
|-weather|Sandstorm|[upkeep]
|-damage|p2a: Venusaur|87/100|[from] Sandstorm
|-damage|p1a: We fought a lot|41/100|[from] Sandstorm
|-heal|p2a: Venusaur|93/100|[from] item: Leftovers
|-heal|p1a: We fought a lot|47/100|[from] item: Leftovers
|-damage|p1a: We fought a lot|35/100|[from] Leech Seed|[of] p2a: Venusaur
|-heal|p2a: Venusaur|100/100|[silent]
|upkeep
|turn|28
|inactive|DMONDThrice has 270 seconds left.
|
|t:|1728942160
|switch|p2a: Skarmory|Skarmory, M|100/100
|move|p1a: We fought a lot|Aromatherapy|p1a: We fought a lot
|-cureteam|p1a: We fought a lot|[from] move: Aromatherapy
|
|-weather|Sandstorm|[upkeep]
|-damage|p1a: We fought a lot|29/100|[from] Sandstorm
|-heal|p1a: We fought a lot|35/100|[from] item: Leftovers
|-damage|p1a: We fought a lot|22/100|[from] Leech Seed|[of] p2a: Skarmory
|upkeep
|turn|29
|
|t:|1728942176
|switch|p1a: To catch fish|Zapdos|100/100
|move|p2a: Skarmory|Toxic|p1a: To catch fish
|-status|p1a: To catch fish|tox
|
|-weather|Sandstorm|[upkeep]
|-damage|p1a: To catch fish|94/100 tox|[from] Sandstorm
|-heal|p1a: To catch fish|100/100 tox|[from] item: Leftovers
|-damage|p1a: To catch fish|94/100 tox|[from] psn
|upkeep
|turn|30
|
|t:|1728942194
|switch|p1a: We fought a lot|Blissey, F|22/100
|switch|p2a: Venusaur|Venusaur, F|100/100
|
|-weather|Sandstorm|[upkeep]
|-damage|p2a: Venusaur|94/100|[from] Sandstorm
|-damage|p1a: We fought a lot|16/100|[from] Sandstorm
|-heal|p2a: Venusaur|100/100|[from] item: Leftovers
|-heal|p1a: We fought a lot|22/100|[from] item: Leftovers
|upkeep
|turn|31
|inactive|DMONDThrice has 270 seconds left.
|
|t:|1728942206
|switch|p1a: To catch fish|Zapdos|94/100 tox
|move|p2a: Venusaur|Leech Seed|p1a: To catch fish
|-start|p1a: To catch fish|move: Leech Seed
|
|-weather|Sandstorm|[upkeep]
|-damage|p1a: To catch fish|88/100 tox|[from] Sandstorm
|-damage|p2a: Venusaur|94/100|[from] Sandstorm
|-heal|p1a: To catch fish|94/100 tox|[from] item: Leftovers
|-damage|p1a: To catch fish|82/100 tox|[from] Leech Seed|[of] p2a: Venusaur
|-heal|p2a: Venusaur|100/100|[silent]
|-damage|p1a: To catch fish|75/100 tox|[from] psn
|upkeep
|turn|32
|inactive|DMONDThrice has 270 seconds left.
|
|t:|1728942218
|move|p1a: To catch fish|Thunder Wave|p2a: Venusaur
|-status|p2a: Venusaur|par
|move|p2a: Venusaur|Sleep Powder||[still]
|-fail|p2a: Venusaur
|
|-weather|Sandstorm|[upkeep]
|-damage|p1a: To catch fish|69/100 tox|[from] Sandstorm
|-damage|p2a: Venusaur|94/100 par|[from] Sandstorm
|-heal|p1a: To catch fish|75/100 tox|[from] item: Leftovers
|-damage|p1a: To catch fish|63/100 tox|[from] Leech Seed|[of] p2a: Venusaur
|-heal|p2a: Venusaur|100/100 par|[silent]
|-damage|p1a: To catch fish|50/100 tox|[from] psn
|upkeep
|turn|33
|
|t:|1728942234
|switch|p2a: Claydol|Claydol|88/100 tox
|move|p1a: To catch fish|Rest|p1a: To catch fish
|-status|p1a: To catch fish|slp|[from] move: Rest
|-heal|p1a: To catch fish|100/100 slp|[silent]
|
|-weather|Sandstorm|[upkeep]
|-damage|p1a: To catch fish|94/100 slp|[from] Sandstorm
|-heal|p1a: To catch fish|100/100 slp|[from] item: Leftovers
|-damage|p1a: To catch fish|88/100 slp|[from] Leech Seed|[of] p2a: Claydol
|-heal|p2a: Claydol|100/100 tox|[silent]
|-damage|p2a: Claydol|94/100 tox|[from] psn
|upkeep
|turn|34
|inactive|Rebatca has 150 seconds left.
|
|t:|1728942254
|switch|p1a: We talked a lot|Flygon, M, shiny|81/100
|move|p2a: Claydol|Ice Beam|p1a: We talked a lot
|-supereffective|p1a: We talked a lot
|-crit|p1a: We talked a lot
|-damage|p1a: We talked a lot|0 fnt
|faint|p1a: We talked a lot
|
|t:|1728942257
|switch|p1a: We fought a lot|Blissey, F|22/100
|
|-weather|Sandstorm|[upkeep]
|-damage|p1a: We fought a lot|16/100|[from] Sandstorm
|-heal|p2a: Claydol|100/100 tox|[from] item: Leftovers
|-damage|p2a: Claydol|88/100 tox|[from] psn
|-heal|p1a: We fought a lot|22/100|[from] item: Leftovers
|upkeep
|turn|35
|inactive|Rebatca has 150 seconds left.
|
|t:|1728942272
|move|p2a: Claydol|Earthquake|p1a: We fought a lot
|-damage|p1a: We fought a lot|0 fnt
|faint|p1a: We fought a lot
|inactive|Rebatca has 150 seconds left.
|
|t:|1728942287
|switch|p1a: For searing cod|Moltres|71/100
|
|-weather|Sandstorm|[upkeep]
|-damage|p1a: For searing cod|64/100|[from] Sandstorm
|-heal|p1a: For searing cod|71/100|[from] item: Leftovers
|-heal|p2a: Claydol|94/100 tox|[from] item: Leftovers
|-damage|p2a: Claydol|76/100 tox|[from] psn
|upkeep
|turn|36
|inactive|Rebatca has 150 seconds left.
|
|t:|1728942307
|move|p1a: For searing cod|Flamethrower|p2a: Claydol
|-damage|p2a: Claydol|31/100 tox
|move|p2a: Claydol|Psychic|p1a: For searing cod
|-damage|p1a: For searing cod|43/100
|
|-weather|Sandstorm|[upkeep]
|-damage|p1a: For searing cod|37/100|[from] Sandstorm
|-heal|p1a: For searing cod|43/100|[from] item: Leftovers
|-heal|p2a: Claydol|37/100 tox|[from] item: Leftovers
|-damage|p2a: Claydol|13/100 tox|[from] psn
|upkeep
|turn|37
|
|t:|1728942313
|move|p1a: For searing cod|Flamethrower|p2a: Claydol
|-damage|p2a: Claydol|0 fnt
|faint|p2a: Claydol
|
|t:|1728942321
|switch|p2a: Tyranitar|Tyranitar, M|55/100
|
|-weather|Sandstorm|[upkeep]
|-damage|p1a: For searing cod|37/100|[from] Sandstorm
|-heal|p1a: For searing cod|43/100|[from] item: Leftovers
|upkeep
|turn|38
|inactive|Rebatca has 150 seconds left.
|
|t:|1728942353
|switch|p1a: When I'm TOO alone|Suicune|100/100
|move|p2a: Tyranitar|Dragon Dance|p2a: Tyranitar
|-boost|p2a: Tyranitar|atk|1
|-boost|p2a: Tyranitar|spe|1
|
|-weather|Sandstorm|[upkeep]
|-damage|p1a: When I'm TOO alone|94/100|[from] Sandstorm
|-heal|p1a: When I'm TOO alone|100/100|[from] item: Leftovers
|upkeep
|turn|39
|
|t:|1728942367
|move|p2a: Tyranitar|Rock Slide|p1a: When I'm TOO alone
|-damage|p1a: When I'm TOO alone|66/100
|move|p1a: When I'm TOO alone|Surf|p2a: Tyranitar
|-supereffective|p2a: Tyranitar
|-damage|p2a: Tyranitar|0 fnt
|faint|p2a: Tyranitar
|
|t:|1728942384
|switch|p2a: Skarmory|Skarmory, M|100/100
|
|-weather|Sandstorm|[upkeep]
|-damage|p1a: When I'm TOO alone|60/100|[from] Sandstorm
|-heal|p1a: When I'm TOO alone|66/100|[from] item: Leftovers
|upkeep
|turn|40
|inactive|Rebatca has 120 seconds left.
|
|t:|1728942414
|switch|p1a: To catch fish|Zapdos|88/100 slp
|move|p2a: Skarmory|Toxic||[still]
|-fail|p2a: Skarmory
|
|-weather|Sandstorm|[upkeep]
|-damage|p1a: To catch fish|82/100 slp|[from] Sandstorm
|-heal|p1a: To catch fish|88/100 slp|[from] item: Leftovers
|upkeep
|turn|41
|inactive|Rebatca has 120 seconds left.
|
|t:|1728942421
|switch|p2a: Venusaur|Venusaur, F|100/100 par
|cant|p1a: To catch fish|slp
|
|-weather|Sandstorm|[upkeep]
|-damage|p1a: To catch fish|82/100 slp|[from] Sandstorm
|-damage|p2a: Venusaur|94/100 par|[from] Sandstorm
|-heal|p1a: To catch fish|88/100 slp|[from] item: Leftovers
|-heal|p2a: Venusaur|100/100 par|[from] item: Leftovers
|upkeep
|turn|42
|
|t:|1728942425
|cant|p1a: To catch fish|slp
|move|p2a: Venusaur|Leech Seed|p1a: To catch fish
|-start|p1a: To catch fish|move: Leech Seed
|
|-weather|Sandstorm|[upkeep]
|-damage|p1a: To catch fish|82/100 slp|[from] Sandstorm
|-damage|p2a: Venusaur|94/100 par|[from] Sandstorm
|-heal|p1a: To catch fish|88/100 slp|[from] item: Leftovers
|-damage|p1a: To catch fish|75/100 slp|[from] Leech Seed|[of] p2a: Venusaur
|-heal|p2a: Venusaur|100/100 par|[silent]
|upkeep
|turn|43
|inactive|Rebatca has 120 seconds left.
|
|t:|1728942446
|-curestatus|p1a: To catch fish|slp|[msg]
|move|p1a: To catch fish|Thunderbolt|p2a: Venusaur
|-resisted|p2a: Venusaur
|-damage|p2a: Venusaur|85/100 par
|cant|p2a: Venusaur|par
|
|-weather|Sandstorm|[upkeep]
|-damage|p1a: To catch fish|69/100|[from] Sandstorm
|-damage|p2a: Venusaur|79/100 par|[from] Sandstorm
|-heal|p1a: To catch fish|75/100|[from] item: Leftovers
|-damage|p1a: To catch fish|63/100|[from] Leech Seed|[of] p2a: Venusaur
|-heal|p2a: Venusaur|92/100 par|[silent]
|-heal|p2a: Venusaur|98/100 par|[from] item: Leftovers
|upkeep
|turn|44
|inactive|Rebatca has 120 seconds left.
|
|t:|1728942461
|switch|p1a: When I'm TOO alone|Suicune|66/100
|cant|p2a: Venusaur|par
|
|-weather|Sandstorm|[upkeep]
|-damage|p1a: When I'm TOO alone|60/100|[from] Sandstorm
|-damage|p2a: Venusaur|92/100 par|[from] Sandstorm
|-heal|p1a: When I'm TOO alone|66/100|[from] item: Leftovers
|-heal|p2a: Venusaur|98/100 par|[from] item: Leftovers
|upkeep
|turn|45
|inactive|Rebatca has 120 seconds left.
|
|t:|1728942467
|move|p1a: When I'm TOO alone|Calm Mind|p1a: When I'm TOO alone
|-boost|p1a: When I'm TOO alone|spa|1
|-boost|p1a: When I'm TOO alone|spd|1
|move|p2a: Venusaur|Leech Seed|p1a: When I'm TOO alone
|-start|p1a: When I'm TOO alone|move: Leech Seed
|
|-weather|Sandstorm|[upkeep]
|-damage|p1a: When I'm TOO alone|60/100|[from] Sandstorm
|-damage|p2a: Venusaur|92/100 par|[from] Sandstorm
|-heal|p1a: When I'm TOO alone|66/100|[from] item: Leftovers
|-damage|p1a: When I'm TOO alone|53/100|[from] Leech Seed|[of] p2a: Venusaur
|-heal|p2a: Venusaur|100/100 par|[silent]
|upkeep
|turn|46
|inactive|Rebatca has 120 seconds left.
|
|t:|1728942485
|move|p1a: When I'm TOO alone|Rest|p1a: When I'm TOO alone
|-status|p1a: When I'm TOO alone|slp|[from] move: Rest
|-heal|p1a: When I'm TOO alone|100/100 slp|[silent]
|move|p2a: Venusaur|Roar|p1a: When I'm TOO alone
|drag|p1a: To catch fish|Zapdos|63/100
|
|-weather|Sandstorm|[upkeep]
|-damage|p1a: To catch fish|57/100|[from] Sandstorm
|-damage|p2a: Venusaur|94/100 par|[from] Sandstorm
|-heal|p1a: To catch fish|63/100|[from] item: Leftovers
|-heal|p2a: Venusaur|100/100 par|[from] item: Leftovers
|upkeep
|turn|47
|inactive|Rebatca has 120 seconds left.
|
|t:|1728942499
|switch|p1a: When I'm TOO alone|Suicune|100/100 slp
|move|p2a: Venusaur|Sleep Powder|p1a: When I'm TOO alone
|-fail|p1a: When I'm TOO alone|slp
|
|-weather|Sandstorm|[upkeep]
|-damage|p1a: When I'm TOO alone|94/100 slp|[from] Sandstorm
|-damage|p2a: Venusaur|94/100 par|[from] Sandstorm
|-heal|p1a: When I'm TOO alone|100/100 slp|[from] item: Leftovers
|-heal|p2a: Venusaur|100/100 par|[from] item: Leftovers
|upkeep
|turn|48
|
|t:|1728942506
|cant|p1a: When I'm TOO alone|slp
|move|p1a: When I'm TOO alone|Sleep Talk|p1a: When I'm TOO alone
|move|p1a: When I'm TOO alone|Rest|p1a: When I'm TOO alone|[from]Sleep Talk
|move|p2a: Venusaur|Roar|p1a: When I'm TOO alone
|drag|p1a: For searing cod|Moltres|43/100
|
|-weather|Sandstorm|[upkeep]
|-damage|p1a: For searing cod|37/100|[from] Sandstorm
|-damage|p2a: Venusaur|94/100 par|[from] Sandstorm
|-heal|p1a: For searing cod|43/100|[from] item: Leftovers
|-heal|p2a: Venusaur|100/100 par|[from] item: Leftovers
|upkeep
|turn|49
|
|t:|1728942521
|move|p1a: For searing cod|Flamethrower|p2a: Venusaur
|-supereffective|p2a: Venusaur
|-damage|p2a: Venusaur|23/100 par
|move|p2a: Venusaur|Sleep Powder|p1a: For searing cod|[miss]
|-miss|p2a: Venusaur|p1a: For searing cod
|
|-weather|Sandstorm|[upkeep]
|-damage|p1a: For searing cod|37/100|[from] Sandstorm
|-damage|p2a: Venusaur|17/100 par|[from] Sandstorm
|-heal|p1a: For searing cod|43/100|[from] item: Leftovers
|-heal|p2a: Venusaur|23/100 par|[from] item: Leftovers
|upkeep
|turn|50
|
|t:|1728942536
|move|p1a: For searing cod|Flamethrower|p2a: Venusaur
|-supereffective|p2a: Venusaur
|-damage|p2a: Venusaur|0 fnt
|faint|p2a: Venusaur
|
|t:|1728942542
|switch|p2a: Skarmory|Skarmory, M|100/100
|
|-weather|Sandstorm|[upkeep]
|-damage|p1a: For searing cod|37/100|[from] Sandstorm
|-heal|p1a: For searing cod|43/100|[from] item: Leftovers
|upkeep
|turn|51
|c|☆DMONDThrice|gg!
|inactive|Rebatca has 150 seconds left.
|
|t:|1728942548
|move|p1a: For searing cod|Flamethrower|p2a: Skarmory
|-supereffective|p2a: Skarmory
|-damage|p2a: Skarmory|6/100
|move|p2a: Skarmory|Toxic|p1a: For searing cod|[miss]
|-miss|p2a: Skarmory|p1a: For searing cod
|
|-weather|Sandstorm|[upkeep]
|-damage|p1a: For searing cod|37/100|[from] Sandstorm
|-heal|p1a: For searing cod|43/100|[from] item: Leftovers
|-heal|p2a: Skarmory|12/100|[from] item: Leftovers
|upkeep
|turn|52
|
|t:|1728942551
|move|p1a: For searing cod|Flamethrower|p2a: Skarmory
|-supereffective|p2a: Skarmory
|-damage|p2a: Skarmory|0 fnt
|faint|p2a: Skarmory
|
|win|Rebatca

</script>
<script type="application/json" class="data" id="replaydata-smogtours-gen3ou-798781">
{"id":"smogtours-gen3ou-798781","format":"[Gen 3] OU","players":["Rebatca","DMONDThrice"],"uploadtime":1728942551,"views":81,"formatid":"gen3ou","rating":null,"private":0,"password":null}
</script>

<script defer src="js/replays.js?9d40a366"></script>
