<!DOCTYPE html>
<meta charset="utf-8" />
<meta name="viewport" content="width=device-width" />

<title>[Gen 3] OU: GreenCatKid vs. bandoodee - Replays - Pok&eacute;mon Showdown!</title>

<meta name="description" content="Watch a replay of a Pok&eacute;mon battle between GreenCatKid and bandoodee! Format: [Gen 3] OU; Date: Oct 14, 2024" />
<!--

Hey, you! Looking in the source for the replay log?

You can find them in JSON format, just add `.json` at the end of a replay URL.

https://replay.pokemonshowdown.com/gen7randomdoublesbattle-865046831.json

Or, if you only need the log itself, add `.log` instead:

https://replay.pokemonshowdown.com/gen7randomdoublesbattle-865046831.log

-->

<link rel="stylesheet" href="//pokemonshowdown.com/style/global.css?0.767286132409787" />
<link rel="stylesheet" href="//play.pokemonshowdown.com/style/font-awesome.css?0.9266228007934947" />
<link rel="stylesheet" href="//play.pokemonshowdown.com/style/battle.css?0.7924700842790926" />
<link rel="stylesheet" href="//play.pokemonshowdown.com/style/utilichart.css?0.8777417872839479" />

<!-- Global site tag (gtag.js) - Google Analytics -->
<script async src="https://www.googletagmanager.com/gtag/js?id=UA-26211653-1"></script>
<script>
  window.dataLayer = window.dataLayer || [];
  function gtag(){dataLayer.push(arguments);}
  gtag('js', new Date());

  gtag('config', 'UA-26211653-1');
</script>
<!-- End Google Analytics -->
<!-- Venatus Ad Manager - Install in <HEAD> of page -->
	<script src="https://hb.vntsm.com/v3/live/ad-manager.min.js" type="text/javascript" data-site-id="642aba63ec9a7b11c3c9c1be" data-mode="scan" async></script>
<!-- / Venatus Ad Manager -->

<style>
	@media (max-width:820px) {
		.battle {
			margin: 0 auto;
		}
		.battle-log {
			margin: 7px auto 0;
			max-width: 640px;
			height: 300px;
			position: static;
		}
	}
	.optgroup {
		display: inline-block;
		line-height: 22px;
		font-size: 10pt;
	}
	.optgroup .button {
		height: 25px;
		padding-top: 0;
		padding-bottom: 0;
	}
	.optgroup button.button {
		padding-left: 12px;
		padding-right: 12px;
	}
	.linklist {
		list-style: none;
		margin: 0.5em 0;
		padding: 0;
	}
	.linklist li {
		padding: 2px 0;
	}
	.sidebar {
		float: left;
		width: 320px;
	}
	.bar-wrapper {
		max-width: 1100px;
		margin: 0 auto;
	}
	.bar-wrapper.has-sidebar {
		max-width: 1430px;
	}
	.mainbar {
		margin: 0;
		padding-right: 1px;
	}
	.mainbar.has-sidebar {
		margin-left: 330px;
	}
	@media (min-width: 1511px) {
		.sidebar {
			width: 400px;
		}
		.bar-wrapper.has-sidebar {
			max-width: 1510px;
		}
		.mainbar.has-sidebar {
			margin-left: 410px;
		}
	}
	.section.first-section {
		margin-top: 9px;
	}
	.blocklink small {
		white-space: normal;
	}
	.button {
		vertical-align: middle;
	}
	.replay-controls {
		padding-top: 10px;
	}
	.replay-controls h1 {
		font-size: 16pt;
		font-weight: normal;
		color: #CCC;
	}
	.pagelink {
		text-align: center;
	}
	.pagelink a {
		width: 150px;
	}
	.textbox, .button {
		font-size: 11pt;
		vertical-align: middle;
	}
	@media (max-width: 450px) {
		.button {
			font-size: 9pt;
		}
	}
</style>

<div>

	<header>
		<div class="nav-wrapper"><ul class="nav">
			<li><a class="button nav-first" href="//pokemonshowdown.com/"><img src="//pokemonshowdown.com/images/pokemonshowdownbeta.png" srcset="//pokemonshowdown.com/images/pokemonshowdownbeta.png 1x, //pokemonshowdown.com/images/pokemonshowdownbeta@2x.png 2x" alt="Pok&eacute;mon Showdown" width="146" height="44" /> Home</a></li>
			<li><a class="button" href="//pokemonshowdown.com/dex/">Pok&eacute;dex</a></li>
			<li><a class="button cur" href="/">Replays</a></li>
			<li><a class="button" href="//pokemonshowdown.com/ladder/">Ladder</a></li>
			<li><a class="button nav-last" href="//pokemonshowdown.com/forums/">Forum</a></li>
			<li><a class="button greenbutton nav-first nav-last" href="//play.pokemonshowdown.com/">Play</a></li>
		</ul></div>
	</header>

	<div class="main" id="main">

		<noscript><section class="section">You need to enable JavaScript to use this page; sorry!</section></noscript>

	</div>

</div>

<script defer nomodule src="//play.pokemonshowdown.com/js/lib/ps-polyfill.js"></script>
<script defer src="//play.pokemonshowdown.com/js/lib/preact.min.js"></script>

<script defer src="//play.pokemonshowdown.com/config/config.js?6dec07f6"></script>
<script defer src="//play.pokemonshowdown.com/js/lib/jquery-1.11.0.min.js"></script>
<script defer src="//play.pokemonshowdown.com/js/lib/html-sanitizer-minified.js"></script>
<script defer src="//play.pokemonshowdown.com/js/battle-sound.js"></script>
<script defer src="//play.pokemonshowdown.com/js/battledata.js?0.6315294753075389"></script>
<script defer src="//play.pokemonshowdown.com/data/pokedex-mini.js?0.7603743185311358"></script>
<script defer src="//play.pokemonshowdown.com/data/pokedex-mini-bw.js?0.030888842834281283"></script>
<script defer src="//play.pokemonshowdown.com/data/graphics.js?0.05593094747507488"></script>
<script defer src="//play.pokemonshowdown.com/data/pokedex.js?0.47064822249611904"></script>
<script defer src="//play.pokemonshowdown.com/data/moves.js?0.8583693120512459"></script>
<script defer src="//play.pokemonshowdown.com/data/abilities.js?0.16017181182386842"></script>
<script defer src="//play.pokemonshowdown.com/data/items.js?0.4163379185673943"></script>
<script defer src="//play.pokemonshowdown.com/data/teambuilder-tables.js?0.31075597372830477"></script>
<script defer src="//play.pokemonshowdown.com/js/battle-tooltips.js?0.6536193500708172"></script>
<script defer src="//play.pokemonshowdown.com/js/battle.js?0.1916591943277901"></script>

<script defer src="js/utils.js?e31f9a17"></script>
<script defer src="js/replays-battle.js?7008c182"></script>

<!-- don't scrape this data! just add .json or .log after the URL!
Full API docs: https://github.com/smogon/pokemon-showdown-client/blob/master/WEB-API.md -->
<script type="text/plain" class="log" id="replaylog-smogtours-gen3ou-798631">
|inactive|Battle timer is ON: inactive players will automatically lose when time's up.
|t:|1728914750
|gametype|singles
|player|p1|GreenCatKid|fisherman-gen4|
|player|p2|bandoodee|101|
|teamsize|p1|6
|teamsize|p2|6
|gen|3
|tier|[Gen 3] OU
|rule|Sleep Clause Mod: Limit one foe put to sleep
|rule|Switch Priority Clause Mod: Faster Pokémon switch first
|rule|Species Clause: Limit one of each Pokémon
|rule|OHKO Clause: OHKO moves are banned
|rule|Evasion Items Clause: Evasion items are banned
|rule|Evasion Moves Clause: Evasion moves are banned
|rule|Endless Battle Clause: Forcing endless battles is banned
|rule|HP Percentage Mod: HP is shown in percentages
|rule|One Boost Passer Clause: Limit one Baton Passer that has a way to boost its stats
|rule|Freeze Clause Mod: Limit one foe frozen
|
|t:|1728914750
|start
|switch|p1a: Hector|Salamence, M|100/100
|switch|p2a: Salamence|Salamence, F|100/100
|-ability|p1a: Hector|Intimidate|boost
|-unboost|p2a: Salamence|atk|1
|-ability|p2a: Salamence|Intimidate|boost
|-unboost|p1a: Hector|atk|1
|turn|1
|inactive|GreenCatKid also wants the timer to be on.
|c|☆GreenCatKid|glhf
|c|☆bandoodee|u2
|inactive|GreenCatKid has 270 seconds left.
|
|t:|1728914792
|switch|p2a: Blissey|Blissey, F|100/100
|switch|p1a: Rocky IV|Metagross|100/100
|
|upkeep
|turn|2
|
|t:|1728914803
|switch|p2a: Skarmory|Skarmory, F, shiny|100/100
|move|p1a: Rocky IV|Meteor Mash|p2a: Skarmory
|-resisted|p2a: Skarmory
|-damage|p2a: Skarmory|77/100
|
|-heal|p2a: Skarmory|84/100|[from] item: Leftovers
|upkeep
|turn|3
|
|t:|1728914820
|switch|p1a: PETTHESTARFISH|Starmie|100/100
|move|p2a: Skarmory|Spikes|p1a: PETTHESTARFISH
|-sidestart|p1: GreenCatKid|Spikes
|
|-heal|p2a: Skarmory|90/100|[from] item: Leftovers
|upkeep
|turn|4
|
|t:|1728914825
|move|p2a: Skarmory|Protect|p2a: Skarmory
|-singleturn|p2a: Skarmory|Protect
|move|p1a: PETTHESTARFISH|Thunder Wave|p2a: Skarmory
|-activate|p2a: Skarmory|Protect
|
|-heal|p2a: Skarmory|96/100|[from] item: Leftovers
|upkeep
|turn|5
|
|t:|1728914837
|switch|p2a: Blissey|Blissey, F|100/100
|move|p1a: PETTHESTARFISH|Thunder Wave|p2a: Blissey
|-status|p2a: Blissey|par
|
|upkeep
|turn|6
|
|t:|1728914844
|move|p1a: PETTHESTARFISH|Rapid Spin|p2a: Blissey
|-damage|p2a: Blissey|98/100 par
|-sideend|p1: GreenCatKid|Spikes|[from] move: Rapid Spin|[of] p1a: PETTHESTARFISH
|move|p2a: Blissey|Thunderbolt|p1a: PETTHESTARFISH
|-supereffective|p1a: PETTHESTARFISH
|-damage|p1a: PETTHESTARFISH|44/100
|
|-heal|p1a: PETTHESTARFISH|50/100|[from] item: Leftovers
|-heal|p2a: Blissey|100/100 par|[from] item: Leftovers
|upkeep
|turn|7
|inactive|GreenCatKid has 270 seconds left.
|
|t:|1728914876
|switch|p1a: Momo|Blissey, F|100/100
|move|p2a: Blissey|Thunderbolt|p1a: Momo
|-damage|p1a: Momo|90/100
|
|-heal|p1a: Momo|96/100|[from] item: Leftovers
|upkeep
|turn|8
|inactive|GreenCatKid has 270 seconds left.
|
|t:|1728914892
|-curestatus|p2a: Blissey|par|[from] ability: Natural Cure
|switch|p2a: Metagross|Metagross|100/100
|move|p1a: Momo|Seismic Toss|p2a: Metagross
|-damage|p2a: Metagross|73/100
|
|-heal|p2a: Metagross|79/100|[from] item: Leftovers
|-heal|p1a: Momo|100/100|[from] item: Leftovers
|upkeep
|turn|9
|inactive|GreenCatKid has 270 seconds left.
|
|t:|1728914916
|switch|p1a: Serious Sam 2 HD|Skarmory, M|100/100
|move|p2a: Metagross|Earthquake|p1a: Serious Sam 2 HD
|-immune|p1a: Serious Sam 2 HD
|
|-heal|p2a: Metagross|85/100|[from] item: Leftovers
|upkeep
|turn|10
|
|t:|1728914921
|switch|p2a: Blissey|Blissey, F|100/100
|move|p1a: Serious Sam 2 HD|Spikes|p2a: Blissey
|-sidestart|p2: bandoodee|Spikes
|
|upkeep
|turn|11
|inactive|GreenCatKid has 270 seconds left.
|
|t:|1728914935
|switch|p1a: Momo|Blissey, F|100/100
|move|p2a: Blissey|Thunderbolt|p1a: Momo
|-damage|p1a: Momo|91/100
|
|-heal|p1a: Momo|97/100|[from] item: Leftovers
|upkeep
|turn|12
|inactive|GreenCatKid has 270 seconds left.
|
|t:|1728914954
|switch|p2a: Claydol|Claydol|100/100
|move|p1a: Momo|Seismic Toss|p2a: Claydol
|-damage|p2a: Claydol|70/100
|
|-heal|p2a: Claydol|76/100|[from] item: Leftovers
|-heal|p1a: Momo|100/100|[from] item: Leftovers
|upkeep
|turn|13
|inactive|GreenCatKid has 270 seconds left.
|inactive|GreenCatKid has 240 seconds left.
|
|t:|1728914993
|switch|p2a: Skarmory|Skarmory, F, shiny|96/100
|switch|p1a: Gojeera|Tyranitar, F|100/100
|-weather|Sandstorm|[from] ability: Sand Stream|[of] p1a: Gojeera
|
|-weather|Sandstorm|[upkeep]
|-heal|p2a: Skarmory|100/100|[from] item: Leftovers
|upkeep
|turn|14
|
|t:|1728915000
|switch|p1a: PETTHESTARFISH|Starmie|50/100
|move|p2a: Skarmory|Roar|p1a: PETTHESTARFISH
|drag|p1a: Hector|Salamence, M|100/100
|-ability|p1a: Hector|Intimidate|boost
|-unboost|p2a: Skarmory|atk|1
|
|-weather|Sandstorm|[upkeep]
|-damage|p1a: Hector|94/100|[from] Sandstorm
|-heal|p1a: Hector|100/100|[from] item: Leftovers
|upkeep
|turn|15
|
|t:|1728915006
|move|p2a: Skarmory|Protect|p2a: Skarmory
|-singleturn|p2a: Skarmory|Protect
|move|p1a: Hector|Fire Blast|p2a: Skarmory
|-activate|p2a: Skarmory|Protect
|
|-weather|Sandstorm|[upkeep]
|-damage|p1a: Hector|94/100|[from] Sandstorm
|-heal|p1a: Hector|100/100|[from] item: Leftovers
|upkeep
|turn|16
|
|t:|1728915027
|move|p1a: Hector|Brick Break|p2a: Skarmory
|-damage|p2a: Skarmory|82/100
|move|p2a: Skarmory|Toxic|p1a: Hector
|-status|p1a: Hector|tox
|
|-weather|Sandstorm|[upkeep]
|-damage|p1a: Hector|94/100 tox|[from] Sandstorm
|-heal|p1a: Hector|100/100 tox|[from] item: Leftovers
|-damage|p1a: Hector|94/100 tox|[from] psn
|-heal|p2a: Skarmory|88/100|[from] item: Leftovers
|upkeep
|turn|17
|
|t:|1728915031
|move|p2a: Skarmory|Protect|p2a: Skarmory
|-singleturn|p2a: Skarmory|Protect
|move|p1a: Hector|Refresh|p1a: Hector
|-curestatus|p1a: Hector|tox|[msg]
|
|-weather|Sandstorm|[upkeep]
|-damage|p1a: Hector|88/100|[from] Sandstorm
|-heal|p1a: Hector|94/100|[from] item: Leftovers
|-heal|p2a: Skarmory|94/100|[from] item: Leftovers
|upkeep
|turn|18
|
|t:|1728915038
|switch|p2a: Blissey|Blissey, F|100/100
|-damage|p2a: Blissey|88/100|[from] Spikes
|move|p1a: Hector|Fire Blast|p2a: Blissey
|-damage|p2a: Blissey|71/100
|
|-weather|Sandstorm|[upkeep]
|-damage|p1a: Hector|88/100|[from] Sandstorm
|-damage|p2a: Blissey|65/100|[from] Sandstorm
|-heal|p1a: Hector|94/100|[from] item: Leftovers
|-heal|p2a: Blissey|71/100|[from] item: Leftovers
|upkeep
|turn|19
|
|t:|1728915051
|switch|p1a: Rocky IV|Metagross|100/100
|move|p2a: Blissey|Soft-Boiled|p2a: Blissey
|-heal|p2a: Blissey|100/100
|
|-weather|Sandstorm|[upkeep]
|-damage|p2a: Blissey|94/100|[from] Sandstorm
|-heal|p2a: Blissey|100/100|[from] item: Leftovers
|upkeep
|turn|20
|
|t:|1728915070
|switch|p2a: Skarmory|Skarmory, F, shiny|94/100
|move|p1a: Rocky IV|Meteor Mash|p2a: Skarmory
|-resisted|p2a: Skarmory
|-damage|p2a: Skarmory|71/100
|
|-weather|Sandstorm|[upkeep]
|-heal|p2a: Skarmory|77/100|[from] item: Leftovers
|upkeep
|turn|21
|
|t:|1728915080
|switch|p1a: PETTHESTARFISH|Starmie|50/100
|move|p2a: Skarmory|Spikes|p1a: PETTHESTARFISH
|-sidestart|p1: GreenCatKid|Spikes
|
|-weather|Sandstorm|[upkeep]
|-damage|p1a: PETTHESTARFISH|44/100|[from] Sandstorm
|-heal|p1a: PETTHESTARFISH|50/100|[from] item: Leftovers
|-heal|p2a: Skarmory|84/100|[from] item: Leftovers
|upkeep
|turn|22
|
|t:|1728915082
|move|p1a: PETTHESTARFISH|Recover|p1a: PETTHESTARFISH
|-heal|p1a: PETTHESTARFISH|99/100
|move|p2a: Skarmory|Toxic|p1a: PETTHESTARFISH
|-status|p1a: PETTHESTARFISH|tox
|
|-weather|Sandstorm|[upkeep]
|-damage|p1a: PETTHESTARFISH|94/100 tox|[from] Sandstorm
|-heal|p1a: PETTHESTARFISH|99/100 tox|[from] item: Leftovers
|-damage|p1a: PETTHESTARFISH|94/100 tox|[from] psn
|-heal|p2a: Skarmory|90/100|[from] item: Leftovers
|upkeep
|turn|23
|
|t:|1728915090
|move|p2a: Skarmory|Protect|p2a: Skarmory
|-singleturn|p2a: Skarmory|Protect
|move|p1a: PETTHESTARFISH|Rapid Spin|p2a: Skarmory
|-activate|p2a: Skarmory|Protect
|
|-weather|Sandstorm|[upkeep]
|-damage|p1a: PETTHESTARFISH|88/100 tox|[from] Sandstorm
|-heal|p1a: PETTHESTARFISH|94/100 tox|[from] item: Leftovers
|-damage|p1a: PETTHESTARFISH|82/100 tox|[from] psn
|-heal|p2a: Skarmory|96/100|[from] item: Leftovers
|upkeep
|turn|24
|
|t:|1728915105
|switch|p2a: Blissey|Blissey, F|100/100
|-damage|p2a: Blissey|88/100|[from] Spikes
|move|p1a: PETTHESTARFISH|Rapid Spin|p2a: Blissey
|-damage|p2a: Blissey|85/100
|-sideend|p1: GreenCatKid|Spikes|[from] move: Rapid Spin|[of] p1a: PETTHESTARFISH
|
|-weather|Sandstorm|[upkeep]
|-damage|p1a: PETTHESTARFISH|75/100 tox|[from] Sandstorm
|-damage|p2a: Blissey|79/100|[from] Sandstorm
|-heal|p1a: PETTHESTARFISH|82/100 tox|[from] item: Leftovers
|-damage|p1a: PETTHESTARFISH|63/100 tox|[from] psn
|-heal|p2a: Blissey|85/100|[from] item: Leftovers
|upkeep
|turn|25
|
|t:|1728915129
|-curestatus|p1a: PETTHESTARFISH|tox|[from] ability: Natural Cure
|switch|p1a: Momo|Blissey, F|100/100
|switch|p2a: Skarmory|Skarmory, F, shiny|96/100
|
|-weather|Sandstorm|[upkeep]
|-damage|p1a: Momo|94/100|[from] Sandstorm
|-heal|p2a: Skarmory|100/100|[from] item: Leftovers
|-heal|p1a: Momo|100/100|[from] item: Leftovers
|upkeep
|turn|26
|inactive|GreenCatKid has 270 seconds left.
|
|t:|1728915170
|switch|p1a: PETTHESTARFISH|Starmie|63/100
|move|p2a: Skarmory|Toxic|p1a: PETTHESTARFISH
|-status|p1a: PETTHESTARFISH|tox
|
|-weather|Sandstorm|[upkeep]
|-damage|p1a: PETTHESTARFISH|57/100 tox|[from] Sandstorm
|-heal|p1a: PETTHESTARFISH|63/100 tox|[from] item: Leftovers
|-damage|p1a: PETTHESTARFISH|57/100 tox|[from] psn
|upkeep
|turn|27
|
|t:|1728915179
|move|p1a: PETTHESTARFISH|Thunder Wave|p2a: Skarmory
|-status|p2a: Skarmory|par
|cant|p2a: Skarmory|par
|
|-weather|Sandstorm|[upkeep]
|-damage|p1a: PETTHESTARFISH|51/100 tox|[from] Sandstorm
|-heal|p1a: PETTHESTARFISH|57/100 tox|[from] item: Leftovers
|-damage|p1a: PETTHESTARFISH|45/100 tox|[from] psn
|upkeep
|turn|28
|
|t:|1728915183
|move|p1a: PETTHESTARFISH|Recover|p1a: PETTHESTARFISH
|-heal|p1a: PETTHESTARFISH|95/100 tox
|move|p2a: Skarmory|Spikes|p1a: PETTHESTARFISH
|-sidestart|p1: GreenCatKid|Spikes
|
|-weather|Sandstorm|[upkeep]
|-damage|p1a: PETTHESTARFISH|88/100 tox|[from] Sandstorm
|-heal|p1a: PETTHESTARFISH|95/100 tox|[from] item: Leftovers
|-damage|p1a: PETTHESTARFISH|76/100 tox|[from] psn
|upkeep
|turn|29
|inactive|GreenCatKid has 270 seconds left.
|
|t:|1728915195
|-curestatus|p1a: PETTHESTARFISH|tox|[from] ability: Natural Cure
|switch|p1a: Serious Sam 2 HD|Skarmory, M|100/100
|move|p2a: Skarmory|Protect||[still]
|-fail|p2a: Skarmory
|
|-weather|Sandstorm|[upkeep]
|upkeep
|turn|30
|
|t:|1728915199
|switch|p2a: Claydol|Claydol|76/100
|move|p1a: Serious Sam 2 HD|Spikes|p2a: Claydol
|-sidestart|p2: bandoodee|Spikes
|
|-weather|Sandstorm|[upkeep]
|-heal|p2a: Claydol|82/100|[from] item: Leftovers
|upkeep
|turn|31
|
|t:|1728915202
|move|p2a: Claydol|Rapid Spin|p1a: Serious Sam 2 HD
|-resisted|p1a: Serious Sam 2 HD
|-damage|p1a: Serious Sam 2 HD|99/100
|-sideend|p2: bandoodee|Spikes|[from] move: Rapid Spin|[of] p2a: Claydol
|move|p1a: Serious Sam 2 HD|Toxic|p2a: Claydol
|-status|p2a: Claydol|tox
|
|-weather|Sandstorm|[upkeep]
|-heal|p2a: Claydol|88/100 tox|[from] item: Leftovers
|-damage|p2a: Claydol|82/100 tox|[from] psn
|-heal|p1a: Serious Sam 2 HD|100/100|[from] item: Leftovers
|upkeep
|turn|32
|
|t:|1728915211
|switch|p2a: Salamence|Salamence, F|100/100
|-ability|p2a: Salamence|Intimidate|boost
|-unboost|p1a: Serious Sam 2 HD|atk|1
|move|p1a: Serious Sam 2 HD|Spikes|p2a: Salamence
|-sidestart|p2: bandoodee|Spikes
|
|-weather|Sandstorm|[upkeep]
|-damage|p2a: Salamence|94/100|[from] Sandstorm
|-heal|p2a: Salamence|100/100|[from] item: Leftovers
|upkeep
|turn|33
|inactive|GreenCatKid has 270 seconds left.
|
|t:|1728915264
|switch|p1a: PETTHESTARFISH|Starmie|76/100
|-damage|p1a: PETTHESTARFISH|64/100|[from] Spikes
|move|p2a: Salamence|Fire Blast|p1a: PETTHESTARFISH
|-resisted|p1a: PETTHESTARFISH
|-crit|p1a: PETTHESTARFISH
|-damage|p1a: PETTHESTARFISH|14/100
|
|-weather|Sandstorm|[upkeep]
|-damage|p1a: PETTHESTARFISH|8/100|[from] Sandstorm
|-damage|p2a: Salamence|94/100|[from] Sandstorm
|-heal|p1a: PETTHESTARFISH|14/100|[from] item: Leftovers
|-heal|p2a: Salamence|100/100|[from] item: Leftovers
|upkeep
|turn|34
|
|t:|1728915285
|move|p1a: PETTHESTARFISH|Recover|p1a: PETTHESTARFISH
|-heal|p1a: PETTHESTARFISH|64/100
|move|p2a: Salamence|Hidden Power|p1a: PETTHESTARFISH
|-supereffective|p1a: PETTHESTARFISH
|-damage|p1a: PETTHESTARFISH|8/100
|
|-weather|Sandstorm|[upkeep]
|-damage|p1a: PETTHESTARFISH|2/100|[from] Sandstorm
|-damage|p2a: Salamence|94/100|[from] Sandstorm
|-heal|p1a: PETTHESTARFISH|8/100|[from] item: Leftovers
|-heal|p2a: Salamence|100/100|[from] item: Leftovers
|upkeep
|turn|35
|inactive|GreenCatKid has 240 seconds left.
|inactive|bandoodee has 270 seconds left.
|
|t:|1728915329
|switch|p2a: Blissey|Blissey, F|85/100
|-damage|p2a: Blissey|73/100|[from] Spikes
|move|p1a: PETTHESTARFISH|Thunder Wave|p2a: Blissey
|-status|p2a: Blissey|par
|
|-weather|Sandstorm|[upkeep]
|-damage|p1a: PETTHESTARFISH|2/100|[from] Sandstorm
|-damage|p2a: Blissey|67/100 par|[from] Sandstorm
|-heal|p1a: PETTHESTARFISH|8/100|[from] item: Leftovers
|-heal|p2a: Blissey|73/100 par|[from] item: Leftovers
|upkeep
|turn|36
|
|t:|1728915344
|move|p1a: PETTHESTARFISH|Recover|p1a: PETTHESTARFISH
|-heal|p1a: PETTHESTARFISH|58/100
|move|p2a: Blissey|Thunderbolt|p1a: PETTHESTARFISH
|-supereffective|p1a: PETTHESTARFISH
|-damage|p1a: PETTHESTARFISH|0 fnt
|faint|p1a: PETTHESTARFISH
|
|t:|1728915354
|switch|p1a: Serious Sam 2 HD|Skarmory, M|100/100
|
|-weather|Sandstorm|[upkeep]
|-damage|p2a: Blissey|67/100 par|[from] Sandstorm
|-heal|p2a: Blissey|73/100 par|[from] item: Leftovers
|upkeep
|turn|37
|
|t:|1728915358
|move|p1a: Serious Sam 2 HD|Spikes|p2a: Blissey
|-sidestart|p2: bandoodee|Spikes
|move|p2a: Blissey|Thunderbolt|p1a: Serious Sam 2 HD
|-supereffective|p1a: Serious Sam 2 HD
|-damage|p1a: Serious Sam 2 HD|55/100
|
|-weather|Sandstorm|[upkeep]
|-damage|p2a: Blissey|67/100 par|[from] Sandstorm
|-heal|p1a: Serious Sam 2 HD|61/100|[from] item: Leftovers
|-heal|p2a: Blissey|73/100 par|[from] item: Leftovers
|upkeep
|turn|38
|
|t:|1728915363
|move|p1a: Serious Sam 2 HD|Spikes|p2a: Blissey
|-sidestart|p2: bandoodee|Spikes
|move|p2a: Blissey|Calm Mind|p2a: Blissey
|-boost|p2a: Blissey|spa|1
|-boost|p2a: Blissey|spd|1
|
|-weather|Sandstorm|[upkeep]
|-damage|p2a: Blissey|67/100 par|[from] Sandstorm
|-heal|p1a: Serious Sam 2 HD|67/100|[from] item: Leftovers
|-heal|p2a: Blissey|73/100 par|[from] item: Leftovers
|upkeep
|turn|39
|inactive|GreenCatKid has 240 seconds left.
|
|t:|1728915384
|move|p1a: Serious Sam 2 HD|Protect|p1a: Serious Sam 2 HD
|-singleturn|p1a: Serious Sam 2 HD|Protect
|cant|p2a: Blissey|par
|
|-weather|Sandstorm|[upkeep]
|-damage|p2a: Blissey|67/100 par|[from] Sandstorm
|-heal|p1a: Serious Sam 2 HD|73/100|[from] item: Leftovers
|-heal|p2a: Blissey|73/100 par|[from] item: Leftovers
|upkeep
|turn|40
|
|t:|1728915406
|switch|p1a: Rocky IV|Metagross|100/100
|-damage|p1a: Rocky IV|88/100|[from] Spikes
|move|p2a: Blissey|Thunderbolt|p1a: Rocky IV
|-damage|p1a: Rocky IV|51/100
|
|-weather|Sandstorm|[upkeep]
|-damage|p2a: Blissey|67/100 par|[from] Sandstorm
|-heal|p1a: Rocky IV|57/100|[from] item: Leftovers
|-heal|p2a: Blissey|73/100 par|[from] item: Leftovers
|upkeep
|turn|41
|inactive|GreenCatKid has 210 seconds left.
|
|t:|1728915425
|-curestatus|p2a: Blissey|par|[from] ability: Natural Cure
|switch|p2a: Skarmory|Skarmory, F, shiny|100/100 par
|move|p1a: Rocky IV|Meteor Mash|p2a: Skarmory
|-resisted|p2a: Skarmory
|-damage|p2a: Skarmory|80/100 par
|
|-weather|Sandstorm|[upkeep]
|-heal|p1a: Rocky IV|63/100|[from] item: Leftovers
|-heal|p2a: Skarmory|86/100 par|[from] item: Leftovers
|upkeep
|turn|42
|
|t:|1728915431
|switch|p1a: Hector|Salamence, M|94/100
|-ability|p1a: Hector|Intimidate|boost
|-unboost|p2a: Skarmory|atk|1
|move|p2a: Skarmory|Spikes|p1a: Hector
|-sidestart|p1: GreenCatKid|Spikes
|
|-weather|Sandstorm|[upkeep]
|-damage|p1a: Hector|88/100|[from] Sandstorm
|-heal|p1a: Hector|94/100|[from] item: Leftovers
|-heal|p2a: Skarmory|92/100 par|[from] item: Leftovers
|upkeep
|turn|43
|
|t:|1728915441
|switch|p2a: Salamence|Salamence, F|100/100
|-ability|p2a: Salamence|Intimidate|boost
|-unboost|p1a: Hector|atk|1
|move|p1a: Hector|Fire Blast|p2a: Salamence
|-resisted|p2a: Salamence
|-crit|p2a: Salamence
|-damage|p2a: Salamence|43/100
|-status|p2a: Salamence|brn
|
|-weather|Sandstorm|[upkeep]
|-damage|p1a: Hector|88/100|[from] Sandstorm
|-damage|p2a: Salamence|37/100 brn|[from] Sandstorm
|-heal|p1a: Hector|94/100|[from] item: Leftovers
|-heal|p2a: Salamence|43/100 brn|[from] item: Leftovers
|-damage|p2a: Salamence|31/100 brn|[from] brn
|upkeep
|turn|44
|
|t:|1728915458
|switch|p1a: Momo|Blissey, F|100/100
|-damage|p1a: Momo|84/100|[from] Spikes
|move|p2a: Salamence|Dragon Claw|p1a: Momo
|-damage|p1a: Momo|67/100
|
|-weather|Sandstorm|[upkeep]
|-damage|p2a: Salamence|25/100 brn|[from] Sandstorm
|-damage|p1a: Momo|61/100|[from] Sandstorm
|-heal|p2a: Salamence|31/100 brn|[from] item: Leftovers
|-damage|p2a: Salamence|19/100 brn|[from] brn
|-heal|p1a: Momo|67/100|[from] item: Leftovers
|upkeep
|turn|45
|
|t:|1728915475
|switch|p2a: Claydol|Claydol|82/100 tox
|move|p1a: Momo|Seismic Toss|p2a: Claydol
|-damage|p2a: Claydol|51/100 tox
|
|-weather|Sandstorm|[upkeep]
|-damage|p1a: Momo|61/100|[from] Sandstorm
|-heal|p2a: Claydol|57/100 tox|[from] item: Leftovers
|-damage|p2a: Claydol|51/100 tox|[from] psn
|-heal|p1a: Momo|67/100|[from] item: Leftovers
|upkeep
|turn|46
|
|t:|1728915482
|switch|p1a: Serious Sam 2 HD|Skarmory, M|73/100
|move|p2a: Claydol|Rapid Spin|p1a: Serious Sam 2 HD
|-resisted|p1a: Serious Sam 2 HD
|-damage|p1a: Serious Sam 2 HD|71/100
|-sideend|p2: bandoodee|Spikes|[from] move: Rapid Spin|[of] p2a: Claydol
|
|-weather|Sandstorm|[upkeep]
|-heal|p2a: Claydol|57/100 tox|[from] item: Leftovers
|-damage|p2a: Claydol|45/100 tox|[from] psn
|-heal|p1a: Serious Sam 2 HD|77/100|[from] item: Leftovers
|upkeep
|turn|47
|
|t:|1728915501
|switch|p2a: Blissey|Blissey, F|73/100
|move|p1a: Serious Sam 2 HD|Protect||[still]
|-fail|p1a: Serious Sam 2 HD
|
|-weather|Sandstorm|[upkeep]
|-damage|p2a: Blissey|67/100|[from] Sandstorm
|-heal|p1a: Serious Sam 2 HD|83/100|[from] item: Leftovers
|-heal|p2a: Blissey|73/100|[from] item: Leftovers
|upkeep
|turn|48
|
|t:|1728915521
|move|p1a: Serious Sam 2 HD|Toxic|p2a: Blissey
|-status|p2a: Blissey|tox
|move|p2a: Blissey|Thunderbolt|p1a: Serious Sam 2 HD
|-supereffective|p1a: Serious Sam 2 HD
|-damage|p1a: Serious Sam 2 HD|34/100
|
|-weather|Sandstorm|[upkeep]
|-damage|p2a: Blissey|67/100 tox|[from] Sandstorm
|-heal|p1a: Serious Sam 2 HD|40/100|[from] item: Leftovers
|-heal|p2a: Blissey|73/100 tox|[from] item: Leftovers
|-damage|p2a: Blissey|67/100 tox|[from] psn
|upkeep
|turn|49
|
|t:|1728915528
|move|p1a: Serious Sam 2 HD|Protect|p1a: Serious Sam 2 HD
|-singleturn|p1a: Serious Sam 2 HD|Protect
|move|p2a: Blissey|Soft-Boiled|p2a: Blissey
|-heal|p2a: Blissey|100/100 tox
|
|-weather|Sandstorm|[upkeep]
|-damage|p2a: Blissey|94/100 tox|[from] Sandstorm
|-heal|p1a: Serious Sam 2 HD|46/100|[from] item: Leftovers
|-heal|p2a: Blissey|100/100 tox|[from] item: Leftovers
|-damage|p2a: Blissey|88/100 tox|[from] psn
|upkeep
|turn|50
|
|t:|1728915542
|switch|p1a: Momo|Blissey, F|67/100
|-damage|p1a: Momo|50/100|[from] Spikes
|-curestatus|p2a: Blissey|tox|[from] ability: Natural Cure
|switch|p2a: Skarmory|Skarmory, F, shiny|92/100 par
|
|-weather|Sandstorm|[upkeep]
|-damage|p1a: Momo|44/100|[from] Sandstorm
|-heal|p1a: Momo|50/100|[from] item: Leftovers
|-heal|p2a: Skarmory|98/100 par|[from] item: Leftovers
|upkeep
|turn|51
|
|t:|1728915548
|move|p1a: Momo|Soft-Boiled|p1a: Momo
|-heal|p1a: Momo|99/100
|cant|p2a: Skarmory|par
|
|-weather|Sandstorm|[upkeep]
|-damage|p1a: Momo|94/100|[from] Sandstorm
|-heal|p1a: Momo|99/100|[from] item: Leftovers
|-heal|p2a: Skarmory|100/100 par|[from] item: Leftovers
|upkeep
|turn|52
|
|t:|1728915559
|move|p1a: Momo|Seismic Toss|p2a: Skarmory
|-damage|p2a: Skarmory|70/100 par
|cant|p2a: Skarmory|par
|
|-weather|Sandstorm|[upkeep]
|-damage|p1a: Momo|94/100|[from] Sandstorm
|-heal|p1a: Momo|99/100|[from] item: Leftovers
|-heal|p2a: Skarmory|76/100 par|[from] item: Leftovers
|upkeep
|turn|53
|
|t:|1728915565
|switch|p1a: Serious Sam 2 HD|Skarmory, M|46/100
|cant|p2a: Skarmory|par
|
|-weather|Sandstorm|[upkeep]
|-heal|p1a: Serious Sam 2 HD|52/100|[from] item: Leftovers
|-heal|p2a: Skarmory|82/100 par|[from] item: Leftovers
|upkeep
|turn|54
|
|t:|1728915570
|move|p1a: Serious Sam 2 HD|Spikes|p2a: Skarmory
|-sidestart|p2: bandoodee|Spikes
|move|p2a: Skarmory|Spikes|p1a: Serious Sam 2 HD
|-sidestart|p1: GreenCatKid|Spikes
|
|-weather|Sandstorm|[upkeep]
|-heal|p1a: Serious Sam 2 HD|58/100|[from] item: Leftovers
|-heal|p2a: Skarmory|88/100 par|[from] item: Leftovers
|upkeep
|turn|55
|
|t:|1728915574
|switch|p2a: Blissey|Blissey, F|88/100
|-damage|p2a: Blissey|76/100|[from] Spikes
|move|p1a: Serious Sam 2 HD|Spikes|p2a: Blissey
|-sidestart|p2: bandoodee|Spikes
|
|-weather|Sandstorm|[upkeep]
|-damage|p2a: Blissey|70/100|[from] Sandstorm
|-heal|p1a: Serious Sam 2 HD|64/100|[from] item: Leftovers
|-heal|p2a: Blissey|76/100|[from] item: Leftovers
|upkeep
|turn|56
|
|t:|1728915589
|move|p1a: Serious Sam 2 HD|Spikes|p2a: Blissey
|-sidestart|p2: bandoodee|Spikes
|move|p2a: Blissey|Calm Mind|p2a: Blissey
|-boost|p2a: Blissey|spa|1
|-boost|p2a: Blissey|spd|1
|
|-weather|Sandstorm|[upkeep]
|-damage|p2a: Blissey|70/100|[from] Sandstorm
|-heal|p1a: Serious Sam 2 HD|70/100|[from] item: Leftovers
|-heal|p2a: Blissey|76/100|[from] item: Leftovers
|upkeep
|turn|57
|inactive|GreenCatKid has 240 seconds left.
|inactive|GreenCatKid has 210 seconds left.
|
|t:|1728915644
|switch|p1a: Gojeera|Tyranitar, F|100/100
|-damage|p1a: Gojeera|76/100|[from] Spikes
|move|p2a: Blissey|Thunderbolt|p1a: Gojeera
|-damage|p1a: Gojeera|41/100
|
|-weather|Sandstorm|[upkeep]
|-damage|p2a: Blissey|70/100|[from] Sandstorm
|-heal|p1a: Gojeera|47/100|[from] item: Leftovers
|-heal|p2a: Blissey|76/100|[from] item: Leftovers
|upkeep
|turn|58
|inactive|GreenCatKid has 210 seconds left.
|
|t:|1728915674
|switch|p2a: Skarmory|Skarmory, F, shiny|88/100 par
|move|p1a: Gojeera|Flamethrower|p2a: Skarmory
|-supereffective|p2a: Skarmory
|-damage|p2a: Skarmory|34/100 par
|
|-weather|Sandstorm|[upkeep]
|-heal|p1a: Gojeera|54/100|[from] item: Leftovers
|-heal|p2a: Skarmory|40/100 par|[from] item: Leftovers
|upkeep
|turn|59
|
|t:|1728915687
|switch|p2a: Salamence|Salamence, F|19/100 brn
|-ability|p2a: Salamence|Intimidate|boost
|-unboost|p1a: Gojeera|atk|1
|move|p1a: Gojeera|Flamethrower|p2a: Salamence
|-resisted|p2a: Salamence
|-damage|p2a: Salamence|0 fnt
|faint|p2a: Salamence
|
|t:|1728915692
|switch|p2a: Blissey|Blissey, F|76/100
|-damage|p2a: Blissey|51/100|[from] Spikes
|
|-weather|Sandstorm|[upkeep]
|-damage|p2a: Blissey|45/100|[from] Sandstorm
|-heal|p1a: Gojeera|60/100|[from] item: Leftovers
|-heal|p2a: Blissey|51/100|[from] item: Leftovers
|upkeep
|turn|60
|
|t:|1728915699
|move|p1a: Gojeera|Brick Break|p2a: Blissey
|-supereffective|p2a: Blissey
|-damage|p2a: Blissey|23/100
|move|p2a: Blissey|Soft-Boiled|p2a: Blissey
|-heal|p2a: Blissey|73/100
|
|-weather|Sandstorm|[upkeep]
|-damage|p2a: Blissey|67/100|[from] Sandstorm
|-heal|p1a: Gojeera|66/100|[from] item: Leftovers
|-heal|p2a: Blissey|73/100|[from] item: Leftovers
|upkeep
|turn|61
|inactive|GreenCatKid has 180 seconds left.
|
|t:|1728915735
|switch|p1a: Rocky IV|Metagross|63/100
|-damage|p1a: Rocky IV|38/100|[from] Spikes
|move|p2a: Blissey|Soft-Boiled|p2a: Blissey
|-heal|p2a: Blissey|100/100
|
|-weather|Sandstorm|[upkeep]
|-damage|p2a: Blissey|94/100|[from] Sandstorm
|-heal|p1a: Rocky IV|44/100|[from] item: Leftovers
|-heal|p2a: Blissey|100/100|[from] item: Leftovers
|upkeep
|turn|62
|inactive|GreenCatKid has 180 seconds left.
|
|t:|1728915743
|switch|p2a: Skarmory|Skarmory, F, shiny|40/100 par
|move|p1a: Rocky IV|Meteor Mash|p2a: Skarmory|[miss]
|-miss|p1a: Rocky IV|p2a: Skarmory
|
|-weather|Sandstorm|[upkeep]
|-heal|p1a: Rocky IV|50/100|[from] item: Leftovers
|-heal|p2a: Skarmory|47/100 par|[from] item: Leftovers
|upkeep
|turn|63
|
|t:|1728915750
|move|p1a: Rocky IV|Protect|p1a: Rocky IV
|-singleturn|p1a: Rocky IV|Protect
|cant|p2a: Skarmory|par
|
|-weather|Sandstorm|[upkeep]
|-heal|p1a: Rocky IV|56/100|[from] item: Leftovers
|-heal|p2a: Skarmory|53/100 par|[from] item: Leftovers
|upkeep
|turn|64
|inactive|GreenCatKid has 180 seconds left.
|
|t:|1728915770
|move|p1a: Rocky IV|Meteor Mash|p2a: Skarmory|[miss]
|-miss|p1a: Rocky IV|p2a: Skarmory
|move|p2a: Skarmory|Roar|p1a: Rocky IV
|drag|p1a: Serious Sam 2 HD|Skarmory, M|70/100
|
|-weather|Sandstorm|[upkeep]
|-heal|p1a: Serious Sam 2 HD|76/100|[from] item: Leftovers
|-heal|p2a: Skarmory|59/100 par|[from] item: Leftovers
|upkeep
|turn|65
|inactive|GreenCatKid has 180 seconds left.
|
|t:|1728915781
|move|p1a: Serious Sam 2 HD|Roar|p2a: Skarmory
|drag|p2a: Claydol|Claydol|45/100 tox
|
|-weather|Sandstorm|[upkeep]
|-heal|p2a: Claydol|51/100 tox|[from] item: Leftovers
|-damage|p2a: Claydol|45/100 tox|[from] psn
|-heal|p1a: Serious Sam 2 HD|82/100|[from] item: Leftovers
|upkeep
|turn|66
|
|t:|1728915789
|move|p1a: Serious Sam 2 HD|Protect|p1a: Serious Sam 2 HD
|-singleturn|p1a: Serious Sam 2 HD|Protect
|move|p2a: Claydol|Rapid Spin|p1a: Serious Sam 2 HD
|-activate|p1a: Serious Sam 2 HD|Protect
|
|-weather|Sandstorm|[upkeep]
|-heal|p2a: Claydol|51/100 tox|[from] item: Leftovers
|-damage|p2a: Claydol|39/100 tox|[from] psn
|-heal|p1a: Serious Sam 2 HD|88/100|[from] item: Leftovers
|upkeep
|turn|67
|
|t:|1728915804
|move|p2a: Claydol|Rapid Spin|p1a: Serious Sam 2 HD
|-resisted|p1a: Serious Sam 2 HD
|-crit|p1a: Serious Sam 2 HD
|-damage|p1a: Serious Sam 2 HD|85/100
|-sideend|p2: bandoodee|Spikes|[from] move: Rapid Spin|[of] p2a: Claydol
|move|p1a: Serious Sam 2 HD|Spikes|p2a: Claydol
|-sidestart|p2: bandoodee|Spikes
|
|-weather|Sandstorm|[upkeep]
|-heal|p2a: Claydol|45/100 tox|[from] item: Leftovers
|-damage|p2a: Claydol|26/100 tox|[from] psn
|-heal|p1a: Serious Sam 2 HD|91/100|[from] item: Leftovers
|upkeep
|turn|68
|
|t:|1728915815
|switch|p2a: Blissey|Blissey, F|100/100
|-damage|p2a: Blissey|88/100|[from] Spikes
|move|p1a: Serious Sam 2 HD|Protect||[still]
|-fail|p1a: Serious Sam 2 HD
|
|-weather|Sandstorm|[upkeep]
|-damage|p2a: Blissey|82/100|[from] Sandstorm
|-heal|p1a: Serious Sam 2 HD|97/100|[from] item: Leftovers
|-heal|p2a: Blissey|88/100|[from] item: Leftovers
|upkeep
|turn|69
|
|t:|1728915820
|move|p1a: Serious Sam 2 HD|Toxic|p2a: Blissey
|-status|p2a: Blissey|tox
|move|p2a: Blissey|Calm Mind|p2a: Blissey
|-boost|p2a: Blissey|spa|1
|-boost|p2a: Blissey|spd|1
|
|-weather|Sandstorm|[upkeep]
|-damage|p2a: Blissey|82/100 tox|[from] Sandstorm
|-heal|p1a: Serious Sam 2 HD|100/100|[from] item: Leftovers
|-heal|p2a: Blissey|88/100 tox|[from] item: Leftovers
|-damage|p2a: Blissey|82/100 tox|[from] psn
|upkeep
|turn|70
|
|t:|1728915831
|move|p1a: Serious Sam 2 HD|Spikes|p2a: Blissey
|-sidestart|p2: bandoodee|Spikes
|move|p2a: Blissey|Calm Mind|p2a: Blissey
|-boost|p2a: Blissey|spa|1
|-boost|p2a: Blissey|spd|1
|
|-weather|Sandstorm|[upkeep]
|-damage|p2a: Blissey|76/100 tox|[from] Sandstorm
|-heal|p2a: Blissey|82/100 tox|[from] item: Leftovers
|-damage|p2a: Blissey|70/100 tox|[from] psn
|upkeep
|turn|71
|
|t:|1728915841
|move|p1a: Serious Sam 2 HD|Spikes|p2a: Blissey
|-sidestart|p2: bandoodee|Spikes
|move|p2a: Blissey|Thunderbolt|p1a: Serious Sam 2 HD
|-supereffective|p1a: Serious Sam 2 HD
|-damage|p1a: Serious Sam 2 HD|14/100
|
|-weather|Sandstorm|[upkeep]
|-damage|p2a: Blissey|63/100 tox|[from] Sandstorm
|-heal|p1a: Serious Sam 2 HD|20/100|[from] item: Leftovers
|-heal|p2a: Blissey|70/100 tox|[from] item: Leftovers
|-damage|p2a: Blissey|51/100 tox|[from] psn
|upkeep
|turn|72
|
|t:|1728915856
|move|p2a: Blissey|Soft-Boiled|p2a: Blissey
|-heal|p2a: Blissey|100/100 tox
|move|p1a: Serious Sam 2 HD|Roar|p2a: Blissey
|-curestatus|p2a: Blissey|tox|[from] ability: Natural Cure
|drag|p2a: Claydol|Claydol|26/100 tox
|
|-weather|Sandstorm|[upkeep]
|-heal|p2a: Claydol|33/100 tox|[from] item: Leftovers
|-damage|p2a: Claydol|26/100 tox|[from] psn
|-heal|p1a: Serious Sam 2 HD|26/100|[from] item: Leftovers
|upkeep
|turn|73
|
|t:|1728915861
|move|p1a: Serious Sam 2 HD|Protect|p1a: Serious Sam 2 HD
|-singleturn|p1a: Serious Sam 2 HD|Protect
|move|p2a: Claydol|Rapid Spin|p1a: Serious Sam 2 HD
|-activate|p1a: Serious Sam 2 HD|Protect
|
|-weather|Sandstorm|[upkeep]
|-heal|p2a: Claydol|33/100 tox|[from] item: Leftovers
|-damage|p2a: Claydol|20/100 tox|[from] psn
|-heal|p1a: Serious Sam 2 HD|32/100|[from] item: Leftovers
|upkeep
|turn|74
|inactive|GreenCatKid has 210 seconds left.
|
|t:|1728915872
|move|p2a: Claydol|Rapid Spin|p1a: Serious Sam 2 HD
|-resisted|p1a: Serious Sam 2 HD
|-damage|p1a: Serious Sam 2 HD|30/100
|-sideend|p2: bandoodee|Spikes|[from] move: Rapid Spin|[of] p2a: Claydol
|move|p1a: Serious Sam 2 HD|Spikes|p2a: Claydol
|-sidestart|p2: bandoodee|Spikes
|
|-weather|Sandstorm|[upkeep]
|-heal|p2a: Claydol|26/100 tox|[from] item: Leftovers
|-damage|p2a: Claydol|8/100 tox|[from] psn
|-heal|p1a: Serious Sam 2 HD|36/100|[from] item: Leftovers
|upkeep
|turn|75
|inactive|GreenCatKid has 210 seconds left.
|
|t:|1728915885
|switch|p2a: Blissey|Blissey, F|100/100
|-damage|p2a: Blissey|88/100|[from] Spikes
|move|p1a: Serious Sam 2 HD|Spikes|p2a: Blissey
|-sidestart|p2: bandoodee|Spikes
|
|-weather|Sandstorm|[upkeep]
|-damage|p2a: Blissey|82/100|[from] Sandstorm
|-heal|p1a: Serious Sam 2 HD|42/100|[from] item: Leftovers
|-heal|p2a: Blissey|88/100|[from] item: Leftovers
|upkeep
|turn|76
|
|t:|1728915889
|move|p1a: Serious Sam 2 HD|Spikes|p2a: Blissey
|-sidestart|p2: bandoodee|Spikes
|move|p2a: Blissey|Thunderbolt|p1a: Serious Sam 2 HD
|-supereffective|p1a: Serious Sam 2 HD
|-damage|p1a: Serious Sam 2 HD|0 fnt
|faint|p1a: Serious Sam 2 HD
|
|t:|1728915897
|switch|p1a: Rocky IV|Metagross|56/100
|-damage|p1a: Rocky IV|31/100|[from] Spikes
|
|-weather|Sandstorm|[upkeep]
|-damage|p2a: Blissey|82/100|[from] Sandstorm
|-heal|p1a: Rocky IV|37/100|[from] item: Leftovers
|-heal|p2a: Blissey|88/100|[from] item: Leftovers
|upkeep
|turn|77
|
|t:|1728915901
|switch|p2a: Skarmory|Skarmory, F, shiny|59/100 par
|move|p1a: Rocky IV|Meteor Mash|p2a: Skarmory
|-resisted|p2a: Skarmory
|-damage|p2a: Skarmory|37/100 par
|
|-weather|Sandstorm|[upkeep]
|-heal|p1a: Rocky IV|43/100|[from] item: Leftovers
|-heal|p2a: Skarmory|44/100 par|[from] item: Leftovers
|upkeep
|turn|78
|
|t:|1728915907
|move|p1a: Rocky IV|Protect|p1a: Rocky IV
|-singleturn|p1a: Rocky IV|Protect
|move|p2a: Skarmory|Roar|p1a: Rocky IV
|-activate|p1a: Rocky IV|Protect
|
|-weather|Sandstorm|[upkeep]
|-heal|p1a: Rocky IV|49/100|[from] item: Leftovers
|-heal|p2a: Skarmory|50/100 par|[from] item: Leftovers
|upkeep
|turn|79
|
|t:|1728915911
|move|p1a: Rocky IV|Meteor Mash|p2a: Skarmory
|-resisted|p2a: Skarmory
|-damage|p2a: Skarmory|27/100 par
|cant|p2a: Skarmory|par
|
|-weather|Sandstorm|[upkeep]
|-heal|p1a: Rocky IV|55/100|[from] item: Leftovers
|-heal|p2a: Skarmory|34/100 par|[from] item: Leftovers
|upkeep
|turn|80
|
|t:|1728915917
|move|p1a: Rocky IV|Protect|p1a: Rocky IV
|-singleturn|p1a: Rocky IV|Protect
|cant|p2a: Skarmory|par
|
|-weather|Sandstorm|[upkeep]
|-heal|p1a: Rocky IV|61/100|[from] item: Leftovers
|-heal|p2a: Skarmory|40/100 par|[from] item: Leftovers
|upkeep
|turn|81
|
|t:|1728915920
|move|p1a: Rocky IV|Meteor Mash|p2a: Skarmory
|-resisted|p2a: Skarmory
|-damage|p2a: Skarmory|17/100 par
|-boost|p1a: Rocky IV|atk|1
|cant|p2a: Skarmory|par
|
|-weather|Sandstorm|[upkeep]
|-heal|p1a: Rocky IV|67/100|[from] item: Leftovers
|-heal|p2a: Skarmory|23/100 par|[from] item: Leftovers
|upkeep
|turn|82
|
|t:|1728915930
|cant|p2a: Skarmory|par
|move|p1a: Rocky IV|Meteor Mash|p2a: Skarmory
|-resisted|p2a: Skarmory
|-crit|p2a: Skarmory
|-damage|p2a: Skarmory|0 fnt
|faint|p2a: Skarmory
|c|☆bandoodee|bruh
|c|☆bandoodee|4 turns
|inactive|bandoodee has 270 seconds left.
|
|t:|1728915957
|switch|p2a: Metagross|Metagross|85/100
|-damage|p2a: Metagross|60/100|[from] Spikes
|
|-weather|Sandstorm|[upkeep]
|-heal|p1a: Rocky IV|73/100|[from] item: Leftovers
|-heal|p2a: Metagross|66/100|[from] item: Leftovers
|upkeep
|turn|83
|inactive|GreenCatKid has 270 seconds left.
|inactive|bandoodee has 270 seconds left.
|inactive|bandoodee has 240 seconds left.
|
|t:|1728916013
|move|p2a: Metagross|Protect|p2a: Metagross
|-singleturn|p2a: Metagross|Protect
|move|p1a: Rocky IV|Earthquake|p2a: Metagross
|-activate|p2a: Metagross|Protect
|
|-weather|Sandstorm|[upkeep]
|-heal|p2a: Metagross|72/100|[from] item: Leftovers
|-heal|p1a: Rocky IV|79/100|[from] item: Leftovers
|upkeep
|turn|84
|inactive|GreenCatKid has 270 seconds left.
|
|t:|1728916034
|move|p2a: Metagross|Earthquake|p1a: Rocky IV
|-supereffective|p1a: Rocky IV
|-damage|p1a: Rocky IV|28/100
|move|p1a: Rocky IV|Earthquake|p2a: Metagross
|-supereffective|p2a: Metagross
|-damage|p2a: Metagross|0 fnt
|faint|p2a: Metagross
|
|t:|1728916051
|switch|p2a: Claydol|Claydol|8/100 tox
|
|-weather|Sandstorm|[upkeep]
|-heal|p2a: Claydol|14/100 tox|[from] item: Leftovers
|-damage|p2a: Claydol|8/100 tox|[from] psn
|-heal|p1a: Rocky IV|34/100|[from] item: Leftovers
|upkeep
|turn|85
|
|t:|1728916055
|move|p1a: Rocky IV|Protect|p1a: Rocky IV
|-singleturn|p1a: Rocky IV|Protect
|move|p2a: Claydol|Rapid Spin|p1a: Rocky IV
|-activate|p1a: Rocky IV|Protect
|
|-weather|Sandstorm|[upkeep]
|-heal|p2a: Claydol|14/100 tox|[from] item: Leftovers
|-damage|p2a: Claydol|2/100 tox|[from] psn
|-heal|p1a: Rocky IV|40/100|[from] item: Leftovers
|upkeep
|turn|86
|inactive|GreenCatKid has 270 seconds left.
|
|t:|1728916075
|move|p2a: Claydol|Rapid Spin|p1a: Rocky IV
|-resisted|p1a: Rocky IV
|-crit|p1a: Rocky IV
|-damage|p1a: Rocky IV|36/100
|-sideend|p2: bandoodee|Spikes|[from] move: Rapid Spin|[of] p2a: Claydol
|move|p1a: Rocky IV|Meteor Mash|p2a: Claydol
|-damage|p2a: Claydol|0 fnt
|faint|p2a: Claydol
|
|t:|1728916080
|switch|p2a: Tyranitar|Tyranitar, F|100/100
|
|-weather|Sandstorm|[upkeep]
|-heal|p1a: Rocky IV|42/100|[from] item: Leftovers
|upkeep
|turn|87
|inactive|GreenCatKid has 270 seconds left.
|inactive|GreenCatKid has 240 seconds left.
|
|t:|1728916128
|switch|p1a: Hector|Salamence, M|94/100
|-ability|p1a: Hector|Intimidate|boost
|-unboost|p2a: Tyranitar|atk|1
|move|p2a: Tyranitar|Earthquake|p1a: Hector
|-immune|p1a: Hector
|
|-weather|Sandstorm|[upkeep]
|-damage|p1a: Hector|88/100|[from] Sandstorm
|-heal|p1a: Hector|94/100|[from] item: Leftovers
|upkeep
|turn|88
|
|t:|1728916135
|switch|p2a: Blissey|Blissey, F|88/100
|move|p1a: Hector|Brick Break|p2a: Blissey
|-supereffective|p2a: Blissey
|-damage|p2a: Blissey|39/100
|
|-weather|Sandstorm|[upkeep]
|-damage|p1a: Hector|88/100|[from] Sandstorm
|-damage|p2a: Blissey|33/100|[from] Sandstorm
|-heal|p1a: Hector|94/100|[from] item: Leftovers
|-heal|p2a: Blissey|39/100|[from] item: Leftovers
|upkeep
|turn|89
|
|t:|1728916142
|move|p1a: Hector|Brick Break|p2a: Blissey
|-supereffective|p2a: Blissey
|-damage|p2a: Blissey|0 fnt
|faint|p2a: Blissey
|
|t:|1728916144
|switch|p2a: Tyranitar|Tyranitar, F|100/100
|
|-weather|Sandstorm|[upkeep]
|-damage|p1a: Hector|88/100|[from] Sandstorm
|-heal|p1a: Hector|94/100|[from] item: Leftovers
|upkeep
|turn|90
|inactive|bandoodee has 270 seconds left.
|inactive|bandoodee has 240 seconds left.
|inactive|bandoodee has 210 seconds left.
|inactive|bandoodee has 180 seconds left.
|inactive|bandoodee has 150 seconds left.
|
|t:|1728916295
|move|p1a: Hector|Brick Break|p2a: Tyranitar
|-supereffective|p2a: Tyranitar
|-damage|p2a: Tyranitar|26/100
|move|p2a: Tyranitar|Dragon Dance|p2a: Tyranitar
|-boost|p2a: Tyranitar|atk|1
|-boost|p2a: Tyranitar|spe|1
|
|-weather|Sandstorm|[upkeep]
|-damage|p1a: Hector|88/100|[from] Sandstorm
|-heal|p2a: Tyranitar|32/100|[from] item: Leftovers
|-heal|p1a: Hector|94/100|[from] item: Leftovers
|upkeep
|turn|91
|inactive|GreenCatKid has 270 seconds left.
|
|t:|1728916311
|switch|p1a: Rocky IV|Metagross|42/100
|-damage|p1a: Rocky IV|17/100|[from] Spikes
|move|p2a: Tyranitar|Rock Slide|p1a: Rocky IV|[miss]
|-miss|p2a: Tyranitar|p1a: Rocky IV
|
|-weather|Sandstorm|[upkeep]
|-heal|p2a: Tyranitar|38/100|[from] item: Leftovers
|-heal|p1a: Rocky IV|23/100|[from] item: Leftovers
|upkeep
|turn|92
|inactive|GreenCatKid has 270 seconds left.
|
|t:|1728916317
|move|p2a: Tyranitar|Earthquake|p1a: Rocky IV
|-supereffective|p1a: Rocky IV
|-damage|p1a: Rocky IV|0 fnt
|faint|p1a: Rocky IV
|
|t:|1728916319
|switch|p1a: Hector|Salamence, M|94/100
|-ability|p1a: Hector|Intimidate|boost
|-unboost|p2a: Tyranitar|atk|1
|
|-weather|Sandstorm|[upkeep]
|-damage|p1a: Hector|88/100|[from] Sandstorm
|-heal|p2a: Tyranitar|44/100|[from] item: Leftovers
|-heal|p1a: Hector|94/100|[from] item: Leftovers
|upkeep
|turn|93
|
|t:|1728916323
|move|p2a: Tyranitar|Rock Slide|p1a: Hector|[miss]
|-miss|p2a: Tyranitar|p1a: Hector
|move|p1a: Hector|Brick Break|p2a: Tyranitar
|-supereffective|p2a: Tyranitar
|-damage|p2a: Tyranitar|0 fnt
|faint|p2a: Tyranitar
|
|win|GreenCatKid
|c|☆GreenCatKid|oof
|c|☆bandoodee|awful
|c|☆bandoodee|ok
|player|p2|
|c|☆GreenCatKid|2 rock slide misses
|c|☆GreenCatKid|sorry for the nonsense 

</script>
<script type="application/json" class="data" id="replaydata-smogtours-gen3ou-798631">
{"id":"smogtours-gen3ou-798631","format":"[Gen 3] OU","players":["GreenCatKid","bandoodee"],"uploadtime":1728916323,"views":169,"formatid":"gen3ou","rating":null,"private":0,"password":null}
</script>

<script defer src="js/replays.js?9d40a366"></script>
