<!DOCTYPE html>
<meta charset="utf-8" />
<meta name="viewport" content="width=device-width" />

<title>[Gen 3] OU: COB 8 vs. JoJ707 - Replays - Pok&eacute;mon Showdown!</title>

<meta name="description" content="Watch a replay of a Pok&eacute;mon battle between COB 8 and JoJ707! Format: [Gen 3] OU; Date: Oct 18, 2024" />
<!--

Hey, you! Looking in the source for the replay log?

You can find them in JSON format, just add `.json` at the end of a replay URL.

https://replay.pokemonshowdown.com/gen7randomdoublesbattle-865046831.json

Or, if you only need the log itself, add `.log` instead:

https://replay.pokemonshowdown.com/gen7randomdoublesbattle-865046831.log

-->

<link rel="stylesheet" href="//pokemonshowdown.com/style/global.css?0.767286132409787" />
<link rel="stylesheet" href="//play.pokemonshowdown.com/style/font-awesome.css?0.9266228007934947" />
<link rel="stylesheet" href="//play.pokemonshowdown.com/style/battle.css?0.7924700842790926" />
<link rel="stylesheet" href="//play.pokemonshowdown.com/style/utilichart.css?0.8777417872839479" />

<!-- Global site tag (gtag.js) - Google Analytics -->
<script async src="https://www.googletagmanager.com/gtag/js?id=UA-26211653-1"></script>
<script>
  window.dataLayer = window.dataLayer || [];
  function gtag(){dataLayer.push(arguments);}
  gtag('js', new Date());

  gtag('config', 'UA-26211653-1');
</script>
<!-- End Google Analytics -->
<!-- Venatus Ad Manager - Install in <HEAD> of page -->
	<script src="https://hb.vntsm.com/v3/live/ad-manager.min.js" type="text/javascript" data-site-id="642aba63ec9a7b11c3c9c1be" data-mode="scan" async></script>
<!-- / Venatus Ad Manager -->

<style>
	@media (max-width:820px) {
		.battle {
			margin: 0 auto;
		}
		.battle-log {
			margin: 7px auto 0;
			max-width: 640px;
			height: 300px;
			position: static;
		}
	}
	.optgroup {
		display: inline-block;
		line-height: 22px;
		font-size: 10pt;
	}
	.optgroup .button {
		height: 25px;
		padding-top: 0;
		padding-bottom: 0;
	}
	.optgroup button.button {
		padding-left: 12px;
		padding-right: 12px;
	}
	.linklist {
		list-style: none;
		margin: 0.5em 0;
		padding: 0;
	}
	.linklist li {
		padding: 2px 0;
	}
	.sidebar {
		float: left;
		width: 320px;
	}
	.bar-wrapper {
		max-width: 1100px;
		margin: 0 auto;
	}
	.bar-wrapper.has-sidebar {
		max-width: 1430px;
	}
	.mainbar {
		margin: 0;
		padding-right: 1px;
	}
	.mainbar.has-sidebar {
		margin-left: 330px;
	}
	@media (min-width: 1511px) {
		.sidebar {
			width: 400px;
		}
		.bar-wrapper.has-sidebar {
			max-width: 1510px;
		}
		.mainbar.has-sidebar {
			margin-left: 410px;
		}
	}
	.section.first-section {
		margin-top: 9px;
	}
	.blocklink small {
		white-space: normal;
	}
	.button {
		vertical-align: middle;
	}
	.replay-controls {
		padding-top: 10px;
	}
	.replay-controls h1 {
		font-size: 16pt;
		font-weight: normal;
		color: #CCC;
	}
	.pagelink {
		text-align: center;
	}
	.pagelink a {
		width: 150px;
	}
	.textbox, .button {
		font-size: 11pt;
		vertical-align: middle;
	}
	@media (max-width: 450px) {
		.button {
			font-size: 9pt;
		}
	}
</style>

<div>

	<header>
		<div class="nav-wrapper"><ul class="nav">
			<li><a class="button nav-first" href="//pokemonshowdown.com/"><img src="//pokemonshowdown.com/images/pokemonshowdownbeta.png" srcset="//pokemonshowdown.com/images/pokemonshowdownbeta.png 1x, //pokemonshowdown.com/images/pokemonshowdownbeta@2x.png 2x" alt="Pok&eacute;mon Showdown" width="146" height="44" /> Home</a></li>
			<li><a class="button" href="//pokemonshowdown.com/dex/">Pok&eacute;dex</a></li>
			<li><a class="button cur" href="/">Replays</a></li>
			<li><a class="button" href="//pokemonshowdown.com/ladder/">Ladder</a></li>
			<li><a class="button nav-last" href="//pokemonshowdown.com/forums/">Forum</a></li>
			<li><a class="button greenbutton nav-first nav-last" href="//play.pokemonshowdown.com/">Play</a></li>
		</ul></div>
	</header>

	<div class="main" id="main">

		<noscript><section class="section">You need to enable JavaScript to use this page; sorry!</section></noscript>

	</div>

</div>

<script defer nomodule src="//play.pokemonshowdown.com/js/lib/ps-polyfill.js"></script>
<script defer src="//play.pokemonshowdown.com/js/lib/preact.min.js"></script>

<script defer src="//play.pokemonshowdown.com/config/config.js?6dec07f6"></script>
<script defer src="//play.pokemonshowdown.com/js/lib/jquery-1.11.0.min.js"></script>
<script defer src="//play.pokemonshowdown.com/js/lib/html-sanitizer-minified.js"></script>
<script defer src="//play.pokemonshowdown.com/js/battle-sound.js"></script>
<script defer src="//play.pokemonshowdown.com/js/battledata.js?0.6315294753075389"></script>
<script defer src="//play.pokemonshowdown.com/data/pokedex-mini.js?0.7603743185311358"></script>
<script defer src="//play.pokemonshowdown.com/data/pokedex-mini-bw.js?0.030888842834281283"></script>
<script defer src="//play.pokemonshowdown.com/data/graphics.js?0.05593094747507488"></script>
<script defer src="//play.pokemonshowdown.com/data/pokedex.js?0.47064822249611904"></script>
<script defer src="//play.pokemonshowdown.com/data/moves.js?0.8583693120512459"></script>
<script defer src="//play.pokemonshowdown.com/data/abilities.js?0.16017181182386842"></script>
<script defer src="//play.pokemonshowdown.com/data/items.js?0.4163379185673943"></script>
<script defer src="//play.pokemonshowdown.com/data/teambuilder-tables.js?0.31075597372830477"></script>
<script defer src="//play.pokemonshowdown.com/js/battle-tooltips.js?0.6536193500708172"></script>
<script defer src="//play.pokemonshowdown.com/js/battle.js?0.1916591943277901"></script>

<script defer src="js/utils.js?e31f9a17"></script>
<script defer src="js/replays-battle.js?7008c182"></script>

<!-- don't scrape this data! just add .json or .log after the URL!
Full API docs: https://github.com/smogon/pokemon-showdown-client/blob/master/WEB-API.md -->
<script type="text/plain" class="log" id="replaylog-smogtours-gen3ou-799436">
|inactive|Battle timer is ON: inactive players will automatically lose when time's up.
|t:|1729210823
|gametype|singles
|player|p1|COB 8|miku-water|
|player|p2|JoJ707|#advpliv|
|teamsize|p1|6
|teamsize|p2|6
|gen|3
|tier|[Gen 3] OU
|rule|Sleep Clause Mod: Limit one foe put to sleep
|rule|Switch Priority Clause Mod: Faster Pokémon switch first
|rule|Species Clause: Limit one of each Pokémon
|rule|OHKO Clause: OHKO moves are banned
|rule|Evasion Items Clause: Evasion items are banned
|rule|Evasion Moves Clause: Evasion moves are banned
|rule|Endless Battle Clause: Forcing endless battles is banned
|rule|HP Percentage Mod: HP is shown in percentages
|rule|One Boost Passer Clause: Limit one Baton Passer that has a way to boost its stats
|rule|Freeze Clause Mod: Limit one foe frozen
|
|t:|1729210823
|start
|switch|p1a: Tyranitar|Tyranitar, F|100/100
|switch|p2a: Venusaur|Venusaur, F|100/100
|-weather|Sandstorm|[from] ability: Sand Stream|[of] p1a: Tyranitar
|turn|1
|c|☆JoJ707|hf
|
|t:|1729210830
|move|p2a: Venusaur|Giga Drain|p1a: Tyranitar
|-supereffective|p1a: Tyranitar
|-damage|p1a: Tyranitar|55/100
|move|p1a: Tyranitar|Rock Slide|p2a: Venusaur
|-crit|p2a: Venusaur
|-damage|p2a: Venusaur|0 fnt
|faint|p2a: Venusaur
|
|t:|1729210841
|switch|p2a: Suicune|Suicune|100/100
|
|-weather|Sandstorm|[upkeep]
|-damage|p2a: Suicune|94/100|[from] Sandstorm
|-heal|p2a: Suicune|100/100|[from] item: Leftovers
|upkeep
|turn|2
|c|☆COB 8|well
|c|☆COB 8|glhf besides that
|c|☆JoJ707|lol
|c|☆JoJ707|my poor frog
|
|t:|1729210861
|switch|p2a: Metagross|Metagross|100/100
|switch|p1a: Blissey|Blissey, F|100/100
|
|-weather|Sandstorm|[upkeep]
|-damage|p1a: Blissey|94/100|[from] Sandstorm
|-heal|p1a: Blissey|100/100|[from] item: Leftovers
|upkeep
|turn|3
|
|t:|1729210872
|switch|p1a: Skarmory|Skarmory, M|100/100
|move|p2a: Metagross|Meteor Mash|p1a: Skarmory|[miss]
|-miss|p2a: Metagross|p1a: Skarmory
|
|-weather|Sandstorm|[upkeep]
|upkeep
|turn|4
|
|t:|1729210877
|switch|p2a: Charizard|Charizard, M|100/100
|move|p1a: Skarmory|Spikes|p2a: Charizard
|-sidestart|p2: JoJ707|Spikes
|
|-weather|Sandstorm|[upkeep]
|-damage|p2a: Charizard|94/100|[from] Sandstorm
|-heal|p2a: Charizard|100/100|[from] item: Leftovers
|upkeep
|turn|5
|
|t:|1729210898
|-singleturn|p2a: Charizard|move: Focus Punch
|switch|p1a: Milotic|Milotic, F|100/100
|move|p2a: Charizard|Focus Punch|p1a: Milotic
|-damage|p1a: Milotic|80/100
|
|-weather|Sandstorm|[upkeep]
|-damage|p2a: Charizard|94/100|[from] Sandstorm
|-damage|p1a: Milotic|74/100|[from] Sandstorm
|-heal|p2a: Charizard|100/100|[from] item: Leftovers
|-heal|p1a: Milotic|80/100|[from] item: Leftovers
|upkeep
|turn|6
|
|t:|1729210918
|switch|p2a: Suicune|Suicune|100/100
|-damage|p2a: Suicune|88/100|[from] Spikes
|move|p1a: Milotic|Toxic|p2a: Suicune
|-status|p2a: Suicune|tox
|
|-weather|Sandstorm|[upkeep]
|-damage|p2a: Suicune|82/100 tox|[from] Sandstorm
|-damage|p1a: Milotic|74/100|[from] Sandstorm
|-heal|p2a: Suicune|88/100 tox|[from] item: Leftovers
|-damage|p2a: Suicune|82/100 tox|[from] psn
|-heal|p1a: Milotic|80/100|[from] item: Leftovers
|upkeep
|turn|7
|
|t:|1729210937
|switch|p1a: Blissey|Blissey, F|100/100
|move|p2a: Suicune|Calm Mind|p2a: Suicune
|-boost|p2a: Suicune|spa|1
|-boost|p2a: Suicune|spd|1
|
|-weather|Sandstorm|[upkeep]
|-damage|p2a: Suicune|76/100 tox|[from] Sandstorm
|-damage|p1a: Blissey|94/100|[from] Sandstorm
|-heal|p2a: Suicune|82/100 tox|[from] item: Leftovers
|-damage|p2a: Suicune|69/100 tox|[from] psn
|-heal|p1a: Blissey|100/100|[from] item: Leftovers
|upkeep
|turn|8
|
|t:|1729210945
|move|p2a: Suicune|Rest|p2a: Suicune
|-status|p2a: Suicune|slp|[from] move: Rest
|-heal|p2a: Suicune|100/100 slp|[silent]
|move|p1a: Blissey|Seismic Toss|p2a: Suicune
|-damage|p2a: Suicune|76/100 slp
|
|-weather|Sandstorm|[upkeep]
|-damage|p2a: Suicune|69/100 slp|[from] Sandstorm
|-damage|p1a: Blissey|94/100|[from] Sandstorm
|-heal|p2a: Suicune|76/100 slp|[from] item: Leftovers
|-heal|p1a: Blissey|100/100|[from] item: Leftovers
|upkeep
|turn|9
|
|t:|1729210949
|switch|p1a: Skarmory|Skarmory, M|100/100
|cant|p2a: Suicune|slp
|
|-weather|Sandstorm|[upkeep]
|-damage|p2a: Suicune|69/100 slp|[from] Sandstorm
|-heal|p2a: Suicune|76/100 slp|[from] item: Leftovers
|upkeep
|turn|10
|
|t:|1729210953
|cant|p2a: Suicune|slp
|move|p1a: Skarmory|Roar|p2a: Suicune
|drag|p2a: Claydol|Claydol|100/100
|
|-weather|Sandstorm|[upkeep]
|upkeep
|turn|11
|
|t:|1729210960
|move|p2a: Claydol|Rapid Spin|p1a: Skarmory
|-resisted|p1a: Skarmory
|-damage|p1a: Skarmory|99/100
|-sideend|p2: JoJ707|Spikes|[from] move: Rapid Spin|[of] p2a: Claydol
|move|p1a: Skarmory|Toxic|p2a: Claydol
|-status|p2a: Claydol|tox
|
|-weather|Sandstorm|[upkeep]
|-damage|p2a: Claydol|95/100 tox|[from] psn
|-heal|p1a: Skarmory|100/100|[from] item: Leftovers
|upkeep
|turn|12
|
|t:|1729210970
|switch|p2a: Charizard|Charizard, M|100/100
|move|p1a: Skarmory|Spikes|p2a: Charizard
|-sidestart|p2: JoJ707|Spikes
|
|-weather|Sandstorm|[upkeep]
|-damage|p2a: Charizard|94/100|[from] Sandstorm
|-heal|p2a: Charizard|100/100|[from] item: Leftovers
|upkeep
|turn|13
|
|t:|1729210981
|switch|p2a: Suicune|Suicune|76/100 slp
|-damage|p2a: Suicune|63/100 slp|[from] Spikes
|move|p1a: Skarmory|Drill Peck|p2a: Suicune
|-damage|p2a: Suicune|46/100 slp
|
|-weather|Sandstorm|[upkeep]
|-damage|p2a: Suicune|40/100 slp|[from] Sandstorm
|-heal|p2a: Suicune|46/100 slp|[from] item: Leftovers
|upkeep
|turn|14
|
|t:|1729210987
|switch|p1a: Blissey|Blissey, F|100/100
|-curestatus|p2a: Suicune|slp|[msg]
|move|p2a: Suicune|Rest|p2a: Suicune
|-status|p2a: Suicune|slp|[from] move: Rest
|-heal|p2a: Suicune|100/100 slp|[silent]
|
|-weather|Sandstorm|[upkeep]
|-damage|p2a: Suicune|94/100 slp|[from] Sandstorm
|-damage|p1a: Blissey|94/100|[from] Sandstorm
|-heal|p2a: Suicune|100/100 slp|[from] item: Leftovers
|-heal|p1a: Blissey|100/100|[from] item: Leftovers
|upkeep
|turn|15
|
|t:|1729210992
|cant|p2a: Suicune|slp
|move|p1a: Blissey|Seismic Toss|p2a: Suicune
|-damage|p2a: Suicune|76/100 slp
|
|-weather|Sandstorm|[upkeep]
|-damage|p2a: Suicune|69/100 slp|[from] Sandstorm
|-damage|p1a: Blissey|94/100|[from] Sandstorm
|-heal|p2a: Suicune|76/100 slp|[from] item: Leftovers
|-heal|p1a: Blissey|100/100|[from] item: Leftovers
|upkeep
|turn|16
|
|t:|1729210994
|cant|p2a: Suicune|slp
|move|p1a: Blissey|Seismic Toss|p2a: Suicune
|-damage|p2a: Suicune|51/100 slp
|
|-weather|Sandstorm|[upkeep]
|-damage|p2a: Suicune|44/100 slp|[from] Sandstorm
|-damage|p1a: Blissey|94/100|[from] Sandstorm
|-heal|p2a: Suicune|51/100 slp|[from] item: Leftovers
|-heal|p1a: Blissey|100/100|[from] item: Leftovers
|upkeep
|turn|17
|
|t:|1729210998
|-curestatus|p2a: Suicune|slp|[msg]
|move|p2a: Suicune|Rest|p2a: Suicune
|-status|p2a: Suicune|slp|[from] move: Rest
|-heal|p2a: Suicune|100/100 slp|[silent]
|move|p1a: Blissey|Seismic Toss|p2a: Suicune
|-damage|p2a: Suicune|76/100 slp
|
|-weather|Sandstorm|[upkeep]
|-damage|p2a: Suicune|69/100 slp|[from] Sandstorm
|-damage|p1a: Blissey|94/100|[from] Sandstorm
|-heal|p2a: Suicune|76/100 slp|[from] item: Leftovers
|-heal|p1a: Blissey|100/100|[from] item: Leftovers
|upkeep
|turn|18
|
|t:|1729211007
|switch|p2a: Metagross|Metagross|100/100
|-damage|p2a: Metagross|88/100|[from] Spikes
|switch|p1a: Skarmory|Skarmory, M|100/100
|
|-weather|Sandstorm|[upkeep]
|-heal|p2a: Metagross|94/100|[from] item: Leftovers
|upkeep
|turn|19
|
|t:|1729211017
|move|p2a: Metagross|Meteor Mash|p1a: Skarmory
|-resisted|p1a: Skarmory
|-damage|p1a: Skarmory|80/100
|move|p1a: Skarmory|Spikes|p2a: Metagross
|-sidestart|p2: JoJ707|Spikes
|
|-weather|Sandstorm|[upkeep]
|-heal|p2a: Metagross|100/100|[from] item: Leftovers
|-heal|p1a: Skarmory|86/100|[from] item: Leftovers
|upkeep
|turn|20
|
|t:|1729211021
|move|p2a: Metagross|Meteor Mash|p1a: Skarmory
|-resisted|p1a: Skarmory
|-damage|p1a: Skarmory|63/100
|-boost|p2a: Metagross|atk|1
|move|p1a: Skarmory|Spikes|p2a: Metagross
|-sidestart|p2: JoJ707|Spikes
|
|-weather|Sandstorm|[upkeep]
|-heal|p1a: Skarmory|69/100|[from] item: Leftovers
|upkeep
|turn|21
|
|t:|1729211026
|move|p2a: Metagross|Rock Slide|p1a: Skarmory
|-damage|p1a: Skarmory|36/100
|cant|p1a: Skarmory|flinch
|
|-weather|Sandstorm|[upkeep]
|-heal|p1a: Skarmory|42/100|[from] item: Leftovers
|upkeep
|turn|22
|
|t:|1729211031
|move|p2a: Metagross|Rock Slide|p1a: Skarmory|[miss]
|-miss|p2a: Metagross|p1a: Skarmory
|move|p1a: Skarmory|Roar|p2a: Metagross
|drag|p2a: Claydol|Claydol|95/100 tox
|
|-weather|Sandstorm|[upkeep]
|-heal|p2a: Claydol|100/100 tox|[from] item: Leftovers
|-damage|p2a: Claydol|95/100 tox|[from] psn
|-heal|p1a: Skarmory|48/100|[from] item: Leftovers
|upkeep
|turn|23
|
|t:|1729211052
|switch|p1a: Milotic|Milotic, F|80/100
|move|p2a: Claydol|Rapid Spin|p1a: Milotic
|-damage|p1a: Milotic|76/100
|-sideend|p2: JoJ707|Spikes|[from] move: Rapid Spin|[of] p2a: Claydol
|
|-weather|Sandstorm|[upkeep]
|-damage|p1a: Milotic|69/100|[from] Sandstorm
|-heal|p2a: Claydol|100/100 tox|[from] item: Leftovers
|-damage|p2a: Claydol|89/100 tox|[from] psn
|-heal|p1a: Milotic|76/100|[from] item: Leftovers
|upkeep
|turn|24
|
|t:|1729211064
|switch|p1a: Blissey|Blissey, F|100/100
|move|p2a: Claydol|Explosion|p1a: Blissey
|-damage|p1a: Blissey|0 fnt
|faint|p2a: Claydol
|faint|p1a: Blissey
|
|t:|1729211091
|switch|p2a: Charizard|Charizard, M|100/100
|switch|p1a: Milotic|Milotic, F|76/100
|
|-weather|Sandstorm|[upkeep]
|-damage|p2a: Charizard|94/100|[from] Sandstorm
|-damage|p1a: Milotic|69/100|[from] Sandstorm
|-heal|p2a: Charizard|100/100|[from] item: Leftovers
|-heal|p1a: Milotic|76/100|[from] item: Leftovers
|upkeep
|turn|25
|
|t:|1729211096
|switch|p2a: Suicune|Suicune|76/100 slp
|move|p1a: Milotic|Recover|p1a: Milotic
|-heal|p1a: Milotic|100/100
|
|-weather|Sandstorm|[upkeep]
|-damage|p2a: Suicune|69/100 slp|[from] Sandstorm
|-damage|p1a: Milotic|94/100|[from] Sandstorm
|-heal|p2a: Suicune|76/100 slp|[from] item: Leftovers
|-heal|p1a: Milotic|100/100|[from] item: Leftovers
|upkeep
|turn|26
|
|t:|1729211122
|switch|p2a: Metagross|Metagross|100/100
|switch|p1a: Skarmory|Skarmory, M|48/100
|
|-weather|Sandstorm|[upkeep]
|-heal|p1a: Skarmory|54/100|[from] item: Leftovers
|upkeep
|turn|27
|
|t:|1729211127
|switch|p1a: Tyranitar|Tyranitar, F|55/100
|move|p2a: Metagross|Meteor Mash|p1a: Tyranitar
|-supereffective|p1a: Tyranitar
|-damage|p1a: Tyranitar|0 fnt
|faint|p1a: Tyranitar
|
|t:|1729211134
|switch|p1a: Claydol|Claydol|100/100
|
|-weather|Sandstorm|[upkeep]
|upkeep
|turn|28
|
|t:|1729211147
|switch|p1a: Milotic|Milotic, F|100/100
|move|p2a: Metagross|Meteor Mash|p1a: Milotic
|-resisted|p1a: Milotic
|-damage|p1a: Milotic|78/100
|
|-weather|Sandstorm|[upkeep]
|-damage|p1a: Milotic|71/100|[from] Sandstorm
|-heal|p1a: Milotic|78/100|[from] item: Leftovers
|upkeep
|turn|29
|
|t:|1729211159
|switch|p1a: Claydol|Claydol|100/100
|switch|p2a: Suicune|Suicune|76/100 slp
|
|-weather|Sandstorm|[upkeep]
|-damage|p2a: Suicune|69/100 slp|[from] Sandstorm
|-heal|p2a: Suicune|76/100 slp|[from] item: Leftovers
|upkeep
|turn|30
|
|t:|1729211163
|cant|p2a: Suicune|slp
|move|p1a: Claydol|Earthquake|p2a: Suicune
|-damage|p2a: Suicune|47/100 slp
|
|-weather|Sandstorm|[upkeep]
|-damage|p2a: Suicune|41/100 slp|[from] Sandstorm
|-heal|p2a: Suicune|47/100 slp|[from] item: Leftovers
|upkeep
|turn|31
|
|t:|1729211167
|cant|p2a: Suicune|slp
|move|p1a: Claydol|Earthquake|p2a: Suicune
|-damage|p2a: Suicune|17/100 slp
|
|-weather|Sandstorm|[upkeep]
|-damage|p2a: Suicune|11/100 slp|[from] Sandstorm
|-heal|p2a: Suicune|17/100 slp|[from] item: Leftovers
|upkeep
|turn|32
|
|t:|1729211177
|switch|p1a: Dugtrio|Dugtrio, F|100/100
|-curestatus|p2a: Suicune|slp|[msg]
|move|p2a: Suicune|Rest|p2a: Suicune
|-status|p2a: Suicune|slp|[from] move: Rest
|-heal|p2a: Suicune|100/100 slp|[silent]
|
|-weather|Sandstorm|[upkeep]
|-damage|p2a: Suicune|94/100 slp|[from] Sandstorm
|-heal|p2a: Suicune|100/100 slp|[from] item: Leftovers
|upkeep
|turn|33
|
|t:|1729211179
|move|p1a: Dugtrio|Earthquake|p2a: Suicune
|-damage|p2a: Suicune|58/100 slp
|cant|p2a: Suicune|slp
|
|-weather|Sandstorm|[upkeep]
|-damage|p2a: Suicune|51/100 slp|[from] Sandstorm
|-heal|p2a: Suicune|58/100 slp|[from] item: Leftovers
|upkeep
|turn|34
|
|t:|1729211182
|move|p1a: Dugtrio|Earthquake|p2a: Suicune
|-damage|p2a: Suicune|17/100 slp
|cant|p2a: Suicune|slp
|
|-weather|Sandstorm|[upkeep]
|-damage|p2a: Suicune|11/100 slp|[from] Sandstorm
|-heal|p2a: Suicune|17/100 slp|[from] item: Leftovers
|upkeep
|turn|35
|
|t:|1729211184
|move|p1a: Dugtrio|Earthquake|p2a: Suicune
|-damage|p2a: Suicune|0 fnt
|faint|p2a: Suicune
|
|t:|1729211188
|switch|p2a: Charizard|Charizard, M|100/100
|
|-weather|Sandstorm|[upkeep]
|-damage|p2a: Charizard|94/100|[from] Sandstorm
|-heal|p2a: Charizard|100/100|[from] item: Leftovers
|upkeep
|turn|36
|
|t:|1729211193
|switch|p1a: Claydol|Claydol|100/100
|move|p2a: Charizard|Hidden Power|p1a: Claydol
|-supereffective|p1a: Claydol
|-damage|p1a: Claydol|63/100
|
|-weather|Sandstorm|[upkeep]
|-damage|p2a: Charizard|94/100|[from] Sandstorm
|-heal|p2a: Charizard|100/100|[from] item: Leftovers
|-heal|p1a: Claydol|69/100|[from] item: Leftovers
|upkeep
|turn|37
|
|t:|1729211200
|move|p2a: Charizard|Substitute|p2a: Charizard
|-start|p2a: Charizard|Substitute
|-damage|p2a: Charizard|76/100
|move|p1a: Claydol|Psychic|p2a: Charizard
|-end|p2a: Charizard|Substitute
|
|-weather|Sandstorm|[upkeep]
|-damage|p2a: Charizard|70/100|[from] Sandstorm
|-heal|p2a: Charizard|76/100|[from] item: Leftovers
|-heal|p1a: Claydol|75/100|[from] item: Leftovers
|upkeep
|turn|38
|
|t:|1729211204
|move|p2a: Charizard|Hidden Power|p1a: Claydol
|-supereffective|p1a: Claydol
|-damage|p1a: Claydol|37/100
|move|p1a: Claydol|Psychic|p2a: Charizard
|-crit|p2a: Charizard
|-damage|p2a: Charizard|6/100
|
|-weather|Sandstorm|[upkeep]
|-damage|p2a: Charizard|0 fnt|[from] Sandstorm
|faint|p2a: Charizard
|-heal|p1a: Claydol|43/100|[from] item: Leftovers
|upkeep
|
|t:|1729211216
|switch|p2a: Tyranitar|Tyranitar, M|100/100
|turn|39
|
|t:|1729211219
|move|p2a: Tyranitar|Dragon Dance|p2a: Tyranitar
|-boost|p2a: Tyranitar|atk|1
|-boost|p2a: Tyranitar|spe|1
|move|p1a: Claydol|Earthquake|p2a: Tyranitar
|-supereffective|p2a: Tyranitar
|-damage|p2a: Tyranitar|36/100
|
|-weather|Sandstorm|[upkeep]
|-heal|p2a: Tyranitar|42/100|[from] item: Leftovers
|-heal|p1a: Claydol|49/100|[from] item: Leftovers
|upkeep
|turn|40
|
|t:|1729211227
|move|p2a: Tyranitar|Hidden Power|p1a: Claydol
|-supereffective|p1a: Claydol
|-damage|p1a: Claydol|0 fnt
|faint|p1a: Claydol
|
|t:|1729211229
|switch|p1a: Milotic|Milotic, F|78/100
|
|-weather|Sandstorm|[upkeep]
|-damage|p1a: Milotic|71/100|[from] Sandstorm
|-heal|p2a: Tyranitar|48/100|[from] item: Leftovers
|-heal|p1a: Milotic|78/100|[from] item: Leftovers
|upkeep
|turn|41
|
|t:|1729211236
|move|p2a: Tyranitar|Rock Slide|p1a: Milotic
|-crit|p1a: Milotic
|-damage|p1a: Milotic|0 fnt
|faint|p1a: Milotic
|
|t:|1729211240
|switch|p1a: Dugtrio|Dugtrio, F|100/100
|
|-weather|Sandstorm|[upkeep]
|-heal|p2a: Tyranitar|54/100|[from] item: Leftovers
|upkeep
|turn|42
|
|t:|1729211247
|move|p1a: Dugtrio|Earthquake|p2a: Tyranitar
|-supereffective|p2a: Tyranitar
|-damage|p2a: Tyranitar|0 fnt
|faint|p2a: Tyranitar
|
|t:|1729211248
|switch|p2a: Metagross|Metagross|100/100
|
|-weather|Sandstorm|[upkeep]
|upkeep
|turn|43
|
|t:|1729211260
|move|p1a: Dugtrio|Earthquake|p2a: Metagross
|-supereffective|p2a: Metagross
|-damage|p2a: Metagross|8/100
|move|p2a: Metagross|Earthquake|p1a: Dugtrio
|-damage|p1a: Dugtrio|0 fnt
|faint|p1a: Dugtrio
|
|t:|1729211262
|switch|p1a: Skarmory|Skarmory, M|54/100
|
|-weather|Sandstorm|[upkeep]
|-heal|p2a: Metagross|14/100|[from] item: Leftovers
|-heal|p1a: Skarmory|60/100|[from] item: Leftovers
|upkeep
|turn|44
|
|t:|1729211266
|move|p2a: Metagross|Rock Slide|p1a: Skarmory
|-damage|p1a: Skarmory|37/100
|cant|p1a: Skarmory|flinch
|
|-weather|Sandstorm|[upkeep]
|-heal|p2a: Metagross|20/100|[from] item: Leftovers
|-heal|p1a: Skarmory|43/100|[from] item: Leftovers
|upkeep
|turn|45
|
|t:|1729211272
|move|p2a: Metagross|Rock Slide|p1a: Skarmory
|-damage|p1a: Skarmory|20/100
|move|p1a: Skarmory|Drill Peck|p2a: Metagross
|-resisted|p2a: Metagross
|-damage|p2a: Metagross|11/100
|
|-weather|Sandstorm|[upkeep]
|-heal|p2a: Metagross|17/100|[from] item: Leftovers
|-heal|p1a: Skarmory|26/100|[from] item: Leftovers
|upkeep
|turn|46
|
|t:|1729211277
|move|p2a: Metagross|Rock Slide|p1a: Skarmory
|-damage|p1a: Skarmory|4/100
|cant|p1a: Skarmory|flinch
|
|-weather|Sandstorm|[upkeep]
|-heal|p2a: Metagross|23/100|[from] item: Leftovers
|-heal|p1a: Skarmory|10/100|[from] item: Leftovers
|upkeep
|turn|47
|
|t:|1729211281
|move|p2a: Metagross|Rock Slide|p1a: Skarmory
|-crit|p1a: Skarmory
|-damage|p1a: Skarmory|0 fnt
|faint|p1a: Skarmory
|
|win|JoJ707
|c|☆JoJ707|gg, crazy game
|c|☆COB 8|ggg

</script>
<script type="application/json" class="data" id="replaydata-smogtours-gen3ou-799436">
{"id":"smogtours-gen3ou-799436","format":"[Gen 3] OU","players":["COB 8","JoJ707"],"uploadtime":1729211281,"views":115,"formatid":"gen3ou","rating":null,"private":0,"password":null}
</script>

<script defer src="js/replays.js?9d40a366"></script>
