<!DOCTYPE html>
<meta charset="utf-8" />
<meta name="viewport" content="width=device-width" />

<title>[Gen 3] OU: xtina xendrix vs. Dhgss - Replays - Pok&eacute;mon Showdown!</title>

<meta name="description" content="Watch a replay of a Pok&eacute;mon battle between xtina xendrix and Dhgss! Format: [Gen 3] OU; Date: Oct 10, 2024" />
<!--

Hey, you! Looking in the source for the replay log?

You can find them in JSON format, just add `.json` at the end of a replay URL.

https://replay.pokemonshowdown.com/gen7randomdoublesbattle-865046831.json

Or, if you only need the log itself, add `.log` instead:

https://replay.pokemonshowdown.com/gen7randomdoublesbattle-865046831.log

-->

<link rel="stylesheet" href="//pokemonshowdown.com/style/global.css?0.023195364461161105" />
<link rel="stylesheet" href="//play.pokemonshowdown.com/style/font-awesome.css?0.13261647063804238" />
<link rel="stylesheet" href="//play.pokemonshowdown.com/style/battle.css?0.8753245789963631" />
<link rel="stylesheet" href="//play.pokemonshowdown.com/style/utilichart.css?0.8627959624976733" />

<!-- Global site tag (gtag.js) - Google Analytics -->
<script async src="https://www.googletagmanager.com/gtag/js?id=UA-26211653-1"></script>
<script>
  window.dataLayer = window.dataLayer || [];
  function gtag(){dataLayer.push(arguments);}
  gtag('js', new Date());

  gtag('config', 'UA-26211653-1');
</script>
<!-- End Google Analytics -->
<!-- Venatus Ad Manager - Install in <HEAD> of page -->
	<script src="https://hb.vntsm.com/v3/live/ad-manager.min.js" type="text/javascript" data-site-id="642aba63ec9a7b11c3c9c1be" data-mode="scan" async></script>
<!-- / Venatus Ad Manager -->

<style>
	@media (max-width:820px) {
		.battle {
			margin: 0 auto;
		}
		.battle-log {
			margin: 7px auto 0;
			max-width: 640px;
			height: 300px;
			position: static;
		}
	}
	.optgroup {
		display: inline-block;
		line-height: 22px;
		font-size: 10pt;
	}
	.optgroup .button {
		height: 25px;
		padding-top: 0;
		padding-bottom: 0;
	}
	.optgroup button.button {
		padding-left: 12px;
		padding-right: 12px;
	}
	.linklist {
		list-style: none;
		margin: 0.5em 0;
		padding: 0;
	}
	.linklist li {
		padding: 2px 0;
	}
	.sidebar {
		float: left;
		width: 320px;
	}
	.bar-wrapper {
		max-width: 1100px;
		margin: 0 auto;
	}
	.bar-wrapper.has-sidebar {
		max-width: 1430px;
	}
	.mainbar {
		margin: 0;
		padding-right: 1px;
	}
	.mainbar.has-sidebar {
		margin-left: 330px;
	}
	@media (min-width: 1511px) {
		.sidebar {
			width: 400px;
		}
		.bar-wrapper.has-sidebar {
			max-width: 1510px;
		}
		.mainbar.has-sidebar {
			margin-left: 410px;
		}
	}
	.section.first-section {
		margin-top: 9px;
	}
	.blocklink small {
		white-space: normal;
	}
	.button {
		vertical-align: middle;
	}
	.replay-controls {
		padding-top: 10px;
	}
	.replay-controls h1 {
		font-size: 16pt;
		font-weight: normal;
		color: #CCC;
	}
	.pagelink {
		text-align: center;
	}
	.pagelink a {
		width: 150px;
	}
	.textbox, .button {
		font-size: 11pt;
		vertical-align: middle;
	}
	@media (max-width: 450px) {
		.button {
			font-size: 9pt;
		}
	}
</style>

<div>

	<header>
		<div class="nav-wrapper"><ul class="nav">
			<li><a class="button nav-first" href="//pokemonshowdown.com/"><img src="//pokemonshowdown.com/images/pokemonshowdownbeta.png" srcset="//pokemonshowdown.com/images/pokemonshowdownbeta.png 1x, //pokemonshowdown.com/images/pokemonshowdownbeta@2x.png 2x" alt="Pok&eacute;mon Showdown" width="146" height="44" /> Home</a></li>
			<li><a class="button" href="//pokemonshowdown.com/dex/">Pok&eacute;dex</a></li>
			<li><a class="button cur" href="/">Replays</a></li>
			<li><a class="button" href="//pokemonshowdown.com/ladder/">Ladder</a></li>
			<li><a class="button nav-last" href="//pokemonshowdown.com/forums/">Forum</a></li>
			<li><a class="button greenbutton nav-first nav-last" href="//play.pokemonshowdown.com/">Play</a></li>
		</ul></div>
	</header>

	<div class="main" id="main">

		<noscript><section class="section">You need to enable JavaScript to use this page; sorry!</section></noscript>

	</div>

</div>

<script defer nomodule src="//play.pokemonshowdown.com/js/lib/ps-polyfill.js"></script>
<script defer src="//play.pokemonshowdown.com/js/lib/preact.min.js"></script>

<script defer src="//play.pokemonshowdown.com/config/config.js?2bddbc15"></script>
<script defer src="//play.pokemonshowdown.com/js/lib/jquery-1.11.0.min.js"></script>
<script defer src="//play.pokemonshowdown.com/js/lib/html-sanitizer-minified.js"></script>
<script defer src="//play.pokemonshowdown.com/js/battle-sound.js"></script>
<script defer src="//play.pokemonshowdown.com/js/battledata.js?0.7209276989879541"></script>
<script defer src="//play.pokemonshowdown.com/data/pokedex-mini.js?0.6111056340867951"></script>
<script defer src="//play.pokemonshowdown.com/data/pokedex-mini-bw.js?0.3532142036491459"></script>
<script defer src="//play.pokemonshowdown.com/data/graphics.js?0.24223875632456182"></script>
<script defer src="//play.pokemonshowdown.com/data/pokedex.js?0.38839984266356864"></script>
<script defer src="//play.pokemonshowdown.com/data/moves.js?0.21866028504024015"></script>
<script defer src="//play.pokemonshowdown.com/data/abilities.js?0.2005157953846628"></script>
<script defer src="//play.pokemonshowdown.com/data/items.js?0.9894211263848525"></script>
<script defer src="//play.pokemonshowdown.com/data/teambuilder-tables.js?0.6008791140282215"></script>
<script defer src="//play.pokemonshowdown.com/js/battle-tooltips.js?0.7580118955022959"></script>
<script defer src="//play.pokemonshowdown.com/js/battle.js?0.6057722274234274"></script>

<script defer src="js/utils.js?e31f9a17"></script>
<script defer src="js/replays-battle.js?7008c182"></script>

<!-- don't scrape this data! just add .json or .log after the URL!
Full API docs: https://github.com/smogon/pokemon-showdown-client/blob/master/WEB-API.md -->
<script type="text/plain" class="log" id="replaylog-smogtours-gen3ou-797034">
|inactive|Battle timer is ON: inactive players will automatically lose when time's up.
|t:|1728596436
|gametype|singles
|player|p1|xtina xendrix|lorelei-gen1|
|player|p2|Dhgss|ethan|
|teamsize|p1|6
|teamsize|p2|6
|gen|3
|tier|[Gen 3] OU
|rule|Sleep Clause Mod: Limit one foe put to sleep
|rule|Switch Priority Clause Mod: Faster Pokémon switch first
|rule|Species Clause: Limit one of each Pokémon
|rule|OHKO Clause: OHKO moves are banned
|rule|Evasion Items Clause: Evasion items are banned
|rule|Evasion Moves Clause: Evasion moves are banned
|rule|Endless Battle Clause: Forcing endless battles is banned
|rule|HP Percentage Mod: HP is shown in percentages
|rule|One Boost Passer Clause: Limit one Baton Passer that has a way to boost its stats
|rule|Freeze Clause Mod: Limit one foe frozen
|
|t:|1728596436
|start
|switch|p1a: Tyranitar|Tyranitar, M|100/100
|switch|p2a: Zapdos|Zapdos|100/100
|-weather|Sandstorm|[from] ability: Sand Stream|[of] p1a: Tyranitar
|turn|1
|c|☆xtina xendrix|hf
|
|t:|1728596444
|move|p2a: Zapdos|Baton Pass|p2a: Zapdos
|c|☆Dhgss|hf
|
|t:|1728596452
|switch|p2a: Swampert|Swampert, M|100/100|[from] Baton Pass
|move|p1a: Tyranitar|Rock Slide|p2a: Swampert|[miss]
|-miss|p1a: Tyranitar|p2a: Swampert
|
|-weather|Sandstorm|[upkeep]
|upkeep
|turn|2
|
|t:|1728596463
|switch|p1a: Celebi|Celebi|100/100
|move|p2a: Swampert|Hydro Pump|p1a: Celebi
|-resisted|p1a: Celebi
|-damage|p1a: Celebi|86/100
|
|-weather|Sandstorm|[upkeep]
|-damage|p1a: Celebi|80/100|[from] Sandstorm
|-heal|p1a: Celebi|86/100|[from] item: Leftovers
|upkeep
|turn|3
|
|t:|1728596476
|switch|p2a: Celebi|Celebi|100/100
|move|p1a: Celebi|Leech Seed|p2a: Celebi
|-immune|p2a: Celebi
|
|-weather|Sandstorm|[upkeep]
|-damage|p1a: Celebi|80/100|[from] Sandstorm
|-damage|p2a: Celebi|94/100|[from] Sandstorm
|-heal|p1a: Celebi|86/100|[from] item: Leftovers
|-heal|p2a: Celebi|100/100|[from] item: Leftovers
|upkeep
|turn|4
|
|t:|1728596493
|switch|p1a: Skarmory|Skarmory, M|100/100
|move|p2a: Celebi|Baton Pass|p2a: Celebi
|
|t:|1728596500
|switch|p2a: Zapdos|Zapdos|100/100|[from] Baton Pass
|
|-weather|Sandstorm|[upkeep]
|-damage|p2a: Zapdos|94/100|[from] Sandstorm
|-heal|p2a: Zapdos|100/100|[from] item: Leftovers
|upkeep
|turn|5
|inactive|xtina xendrix has 270 seconds left.
|
|t:|1728596531
|move|p2a: Zapdos|Thunderbolt|p1a: Skarmory
|-supereffective|p1a: Skarmory
|-damage|p1a: Skarmory|6/100
|move|p1a: Skarmory|Spikes|p2a: Zapdos
|-sidestart|p2: Dhgss|Spikes
|
|-weather|Sandstorm|[upkeep]
|-damage|p2a: Zapdos|94/100|[from] Sandstorm
|-heal|p2a: Zapdos|100/100|[from] item: Leftovers
|-heal|p1a: Skarmory|12/100|[from] item: Leftovers
|upkeep
|turn|6
|inactive|xtina xendrix has 270 seconds left.
|
|t:|1728596547
|switch|p1a: Celebi|Celebi|86/100
|move|p2a: Zapdos|Thunderbolt|p1a: Celebi
|-resisted|p1a: Celebi
|-damage|p1a: Celebi|66/100
|
|-weather|Sandstorm|[upkeep]
|-damage|p2a: Zapdos|94/100|[from] Sandstorm
|-damage|p1a: Celebi|59/100|[from] Sandstorm
|-heal|p2a: Zapdos|100/100|[from] item: Leftovers
|-heal|p1a: Celebi|66/100|[from] item: Leftovers
|upkeep
|turn|7
|
|t:|1728596558
|move|p2a: Zapdos|Baton Pass|p2a: Zapdos
|inactive|Dhgss has 270 seconds left.
|
|t:|1728596579
|switch|p2a: Tyranitar|Tyranitar, M|100/100|[from] Baton Pass
|-damage|p2a: Tyranitar|88/100|[from] Spikes
|move|p1a: Celebi|Hidden Power|p2a: Tyranitar
|-resisted|p2a: Tyranitar
|-damage|p2a: Tyranitar|79/100
|
|-weather|Sandstorm|[upkeep]
|-damage|p1a: Celebi|59/100|[from] Sandstorm
|-heal|p1a: Celebi|66/100|[from] item: Leftovers
|-heal|p2a: Tyranitar|85/100|[from] item: Leftovers
|upkeep
|turn|8
|inactive|Dhgss has 270 seconds left.
|inactive|xtina xendrix has 270 seconds left.
|
|t:|1728596615
|move|p1a: Celebi|Giga Drain|p2a: Tyranitar
|-supereffective|p2a: Tyranitar
|-damage|p2a: Tyranitar|36/100
|-heal|p1a: Celebi|91/100|[from] drain|[of] p2a: Tyranitar
|move|p2a: Tyranitar|Hidden Power|p1a: Celebi
|-supereffective|p1a: Celebi
|-damage|p1a: Celebi|0 fnt
|faint|p1a: Celebi
|
|t:|1728596630
|switch|p1a: Salamence|Salamence, F|100/100
|-ability|p1a: Salamence|Intimidate|boost
|-unboost|p2a: Tyranitar|atk|1
|
|-weather|Sandstorm|[upkeep]
|-damage|p1a: Salamence|94/100|[from] Sandstorm
|-heal|p1a: Salamence|100/100|[from] item: Leftovers
|-heal|p2a: Tyranitar|43/100|[from] item: Leftovers
|upkeep
|turn|9
|
|t:|1728596640
|switch|p2a: Swampert|Swampert, M|100/100
|-damage|p2a: Swampert|88/100|[from] Spikes
|move|p1a: Salamence|Hydro Pump|p2a: Swampert
|-damage|p2a: Swampert|50/100
|
|-weather|Sandstorm|[upkeep]
|-damage|p1a: Salamence|94/100|[from] Sandstorm
|-heal|p1a: Salamence|100/100|[from] item: Leftovers
|-heal|p2a: Swampert|56/100|[from] item: Leftovers
|upkeep
|turn|10
|
|t:|1728596656
|switch|p1a: Gengar|Gengar, F|100/100
|move|p2a: Swampert|Protect||[still]
|-fail|p2a: Swampert
|
|-weather|Sandstorm|[upkeep]
|-damage|p1a: Gengar|95/100|[from] Sandstorm
|-heal|p1a: Gengar|100/100|[from] item: Leftovers
|-heal|p2a: Swampert|62/100|[from] item: Leftovers
|upkeep
|turn|11
|
|t:|1728596664
|move|p2a: Swampert|Protect|p2a: Swampert
|-singleturn|p2a: Swampert|Protect
|move|p1a: Gengar|Ice Punch|p2a: Swampert
|-activate|p2a: Swampert|Protect
|
|-weather|Sandstorm|[upkeep]
|-damage|p1a: Gengar|95/100|[from] Sandstorm
|-heal|p1a: Gengar|100/100|[from] item: Leftovers
|-heal|p2a: Swampert|68/100|[from] item: Leftovers
|upkeep
|turn|12
|inactive|Dhgss has 270 seconds left.
|inactive|Dhgss has 240 seconds left.
|
|t:|1728596714
|switch|p2a: Celebi|Celebi|100/100
|-damage|p2a: Celebi|88/100|[from] Spikes
|move|p1a: Gengar|Will-O-Wisp|p2a: Celebi
|-status|p2a: Celebi|brn
|
|-weather|Sandstorm|[upkeep]
|-damage|p1a: Gengar|95/100|[from] Sandstorm
|-damage|p2a: Celebi|82/100 brn|[from] Sandstorm
|-heal|p1a: Gengar|100/100|[from] item: Leftovers
|-heal|p2a: Celebi|88/100 brn|[from] item: Leftovers
|-damage|p2a: Celebi|76/100 brn|[from] brn
|upkeep
|turn|13
|inactive|xtina xendrix has 270 seconds left.
|
|t:|1728596729
|switch|p1a: Tyranitar|Tyranitar, M|100/100
|move|p2a: Celebi|Leech Seed|p1a: Tyranitar
|-start|p1a: Tyranitar|move: Leech Seed
|
|-weather|Sandstorm|[upkeep]
|-damage|p2a: Celebi|70/100 brn|[from] Sandstorm
|-heal|p2a: Celebi|76/100 brn|[from] item: Leftovers
|-damage|p2a: Celebi|63/100 brn|[from] brn
|-damage|p1a: Tyranitar|88/100|[from] Leech Seed|[of] p2a: Celebi
|-heal|p2a: Celebi|76/100 brn|[silent]
|upkeep
|turn|14
|inactive|Dhgss has 240 seconds left.
|
|t:|1728596750
|-singleturn|p1a: Tyranitar|move: Focus Punch
|-curestatus|p2a: Celebi|brn|[from] ability: Natural Cure
|switch|p2a: Swampert|Swampert, M|68/100
|-damage|p2a: Swampert|56/100|[from] Spikes
|move|p1a: Tyranitar|Focus Punch|p2a: Swampert
|-damage|p2a: Swampert|19/100
|
|-weather|Sandstorm|[upkeep]
|-heal|p1a: Tyranitar|94/100|[from] item: Leftovers
|-damage|p1a: Tyranitar|82/100|[from] Leech Seed|[of] p2a: Swampert
|-heal|p2a: Swampert|31/100|[silent]
|-heal|p2a: Swampert|37/100|[from] item: Leftovers
|upkeep
|turn|15
|inactive|Dhgss has 240 seconds left.
|inactive|xtina xendrix has 270 seconds left.
|
|t:|1728596781
|switch|p1a: Skarmory|Skarmory, M|12/100
|move|p2a: Swampert|Hydro Pump|p1a: Skarmory
|-damage|p1a: Skarmory|0 fnt
|faint|p1a: Skarmory
|
|t:|1728596788
|switch|p1a: Gengar|Gengar, F|100/100
|
|-weather|Sandstorm|[upkeep]
|-damage|p1a: Gengar|95/100|[from] Sandstorm
|-heal|p1a: Gengar|100/100|[from] item: Leftovers
|-heal|p2a: Swampert|44/100|[from] item: Leftovers
|upkeep
|turn|16
|
|t:|1728596796
|move|p2a: Swampert|Protect|p2a: Swampert
|-singleturn|p2a: Swampert|Protect
|move|p1a: Gengar|Ice Punch|p2a: Swampert
|-activate|p2a: Swampert|Protect
|
|-weather|Sandstorm|[upkeep]
|-damage|p1a: Gengar|95/100|[from] Sandstorm
|-heal|p1a: Gengar|100/100|[from] item: Leftovers
|-heal|p2a: Swampert|50/100|[from] item: Leftovers
|upkeep
|turn|17
|inactive|xtina xendrix has 270 seconds left.
|inactive|Dhgss has 210 seconds left.
|
|t:|1728596829
|switch|p2a: Tyranitar|Tyranitar, M|43/100
|-damage|p2a: Tyranitar|30/100|[from] Spikes
|move|p1a: Gengar|Will-O-Wisp|p2a: Tyranitar
|-status|p2a: Tyranitar|brn
|
|-weather|Sandstorm|[upkeep]
|-damage|p1a: Gengar|95/100|[from] Sandstorm
|-heal|p1a: Gengar|100/100|[from] item: Leftovers
|-heal|p2a: Tyranitar|36/100 brn|[from] item: Leftovers
|-damage|p2a: Tyranitar|24/100 brn|[from] brn
|upkeep
|turn|18
|inactive|xtina xendrix has 270 seconds left.
|
|t:|1728596850
|move|p1a: Gengar|Thunderbolt|p2a: Tyranitar
|-damage|p2a: Tyranitar|1/100 brn
|move|p2a: Tyranitar|Rock Slide|p1a: Gengar
|-damage|p1a: Gengar|61/100
|
|-weather|Sandstorm|[upkeep]
|-damage|p1a: Gengar|55/100|[from] Sandstorm
|-heal|p1a: Gengar|61/100|[from] item: Leftovers
|-heal|p2a: Tyranitar|7/100 brn|[from] item: Leftovers
|-damage|p2a: Tyranitar|0 fnt|[from] brn
|faint|p2a: Tyranitar
|upkeep
|inactive|Dhgss has 210 seconds left.
|
|t:|1728596870
|switch|p2a: Celebi|Celebi|76/100
|-damage|p2a: Celebi|63/100|[from] Spikes
|turn|19
|
|t:|1728596876
|move|p1a: Gengar|Taunt|p2a: Celebi
|-start|p2a: Celebi|move: Taunt
|cant|p2a: Celebi|move: Taunt|Baton Pass
|
|-weather|Sandstorm|[upkeep]
|-damage|p1a: Gengar|55/100|[from] Sandstorm
|-damage|p2a: Celebi|57/100|[from] Sandstorm
|-heal|p1a: Gengar|61/100|[from] item: Leftovers
|-heal|p2a: Celebi|63/100|[from] item: Leftovers
|upkeep
|turn|20
|inactive|Dhgss has 210 seconds left.
|
|t:|1728596897
|move|p1a: Gengar|Ice Punch|p2a: Celebi
|-supereffective|p2a: Celebi
|-damage|p2a: Celebi|38/100
|move|p2a: Celebi|Psychic|p1a: Gengar
|-supereffective|p1a: Gengar
|-damage|p1a: Gengar|0 fnt
|faint|p1a: Gengar
|inactive|xtina xendrix has 270 seconds left.
|inactive|xtina xendrix has 240 seconds left.
|
|t:|1728596974
|switch|p1a: Salamence|Salamence, F|100/100
|-ability|p1a: Salamence|Intimidate|boost
|-unboost|p2a: Celebi|atk|1
|
|-weather|Sandstorm|[upkeep]
|-damage|p1a: Salamence|94/100|[from] Sandstorm
|-damage|p2a: Celebi|31/100|[from] Sandstorm
|-heal|p1a: Salamence|100/100|[from] item: Leftovers
|-heal|p2a: Celebi|38/100|[from] item: Leftovers
|-end|p2a: Celebi|move: Taunt|[silent]
|upkeep
|turn|21
|
|t:|1728596997
|move|p1a: Salamence|Fire Blast|p2a: Celebi
|-supereffective|p2a: Celebi
|-damage|p2a: Celebi|0 fnt
|faint|p2a: Celebi
|inactive|Dhgss has 180 seconds left.
|
|t:|1728597030
|switch|p2a: Starmie|Starmie|100/100
|-damage|p2a: Starmie|88/100|[from] Spikes
|
|-weather|Sandstorm|[upkeep]
|-damage|p2a: Starmie|82/100|[from] Sandstorm
|-damage|p1a: Salamence|94/100|[from] Sandstorm
|-heal|p2a: Starmie|88/100|[from] item: Leftovers
|-heal|p1a: Salamence|100/100|[from] item: Leftovers
|upkeep
|turn|22
|
|t:|1728597045
|move|p2a: Starmie|Ice Beam|p1a: Salamence
|-supereffective|p1a: Salamence
|-damage|p1a: Salamence|0 fnt
|faint|p1a: Salamence
|
|t:|1728597048
|switch|p1a: Tyranitar|Tyranitar, M|82/100
|
|-weather|Sandstorm|[upkeep]
|-damage|p2a: Starmie|82/100|[from] Sandstorm
|-heal|p2a: Starmie|88/100|[from] item: Leftovers
|-heal|p1a: Tyranitar|88/100|[from] item: Leftovers
|upkeep
|turn|23
|inactive|Dhgss has 180 seconds left.
|
|t:|1728597072
|switch|p2a: Zapdos|Zapdos|100/100
|move|p1a: Tyranitar|Hidden Power|p2a: Zapdos
|-resisted|p2a: Zapdos
|-damage|p2a: Zapdos|83/100
|
|-weather|Sandstorm|[upkeep]
|-damage|p2a: Zapdos|77/100|[from] Sandstorm
|-heal|p2a: Zapdos|83/100|[from] item: Leftovers
|-heal|p1a: Tyranitar|94/100|[from] item: Leftovers
|upkeep
|turn|24
|inactive|xtina xendrix has 240 seconds left.
|
|t:|1728597080
|move|p2a: Zapdos|Thunderbolt|p1a: Tyranitar
|-damage|p1a: Tyranitar|51/100
|move|p1a: Tyranitar|Rock Slide|p2a: Zapdos
|-supereffective|p2a: Zapdos
|-damage|p2a: Zapdos|0 fnt
|faint|p2a: Zapdos
|
|t:|1728597088
|switch|p2a: Dugtrio|Dugtrio, M|100/100
|-damage|p2a: Dugtrio|88/100|[from] Spikes
|
|-weather|Sandstorm|[upkeep]
|-heal|p1a: Tyranitar|57/100|[from] item: Leftovers
|upkeep
|turn|25
|inactive|Dhgss has 180 seconds left.
|
|t:|1728597100
|move|p2a: Dugtrio|Earthquake|p1a: Tyranitar
|-supereffective|p1a: Tyranitar
|-damage|p1a: Tyranitar|0 fnt
|faint|p1a: Tyranitar
|
|t:|1728597102
|switch|p1a: Metagross|Metagross|100/100
|
|-weather|Sandstorm|[upkeep]
|upkeep
|turn|26
|
|t:|1728597108
|move|p2a: Dugtrio|Earthquake|p1a: Metagross
|-supereffective|p1a: Metagross
|-damage|p1a: Metagross|5/100
|move|p1a: Metagross|Agility|p1a: Metagross
|-boost|p1a: Metagross|spe|2
|
|-weather|Sandstorm|[upkeep]
|-heal|p1a: Metagross|12/100|[from] item: Leftovers
|upkeep
|turn|27
|
|t:|1728597120
|move|p1a: Metagross|Meteor Mash|p2a: Dugtrio
|-damage|p2a: Dugtrio|0 fnt
|-boost|p1a: Metagross|atk|1
|faint|p2a: Dugtrio
|c|☆Dhgss|lol
|inactive|Dhgss has 180 seconds left.
|c|☆xtina xendrix|i played awful thi set but it's mons, let's see what happens
|
|t:|1728597156
|switch|p2a: Swampert|Swampert, M|50/100
|-damage|p2a: Swampert|37/100|[from] Spikes
|
|-weather|Sandstorm|[upkeep]
|-heal|p1a: Metagross|18/100|[from] item: Leftovers
|-heal|p2a: Swampert|44/100|[from] item: Leftovers
|upkeep
|turn|28
|inactive|xtina xendrix has 270 seconds left.
|c|☆xtina xendrix|eq crit save me
|c|☆xtina xendrix|from my dogshit gameplay
|
|t:|1728597184
|move|p2a: Swampert|Protect|p2a: Swampert
|-singleturn|p2a: Swampert|Protect
|move|p1a: Metagross|Earthquake|p2a: Swampert
|-activate|p2a: Swampert|Protect
|
|-weather|Sandstorm|[upkeep]
|-heal|p1a: Metagross|24/100|[from] item: Leftovers
|-heal|p2a: Swampert|50/100|[from] item: Leftovers
|upkeep
|turn|29
|c|☆Dhgss|haha
|c|☆Dhgss|if you get it, i'll die of sadness :(
|inactive|Dhgss has 150 seconds left.
|
|t:|1728597210
|move|p1a: Metagross|Earthquake|p2a: Swampert
|-damage|p2a: Swampert|10/100
|move|p2a: Swampert|Earthquake|p1a: Metagross
|-supereffective|p1a: Metagross
|-damage|p1a: Metagross|0 fnt
|faint|p1a: Metagross
|
|win|Dhgss
|c|☆xtina xendrix|ggs
|c|☆Dhgss|GGs!
|c|☆xtina xendrix|/log xtina xendrix made the replay of this battle unlisted.
|player|p1|

</script>
<script type="application/json" class="data" id="replaydata-smogtours-gen3ou-797034">
{"id":"smogtours-gen3ou-797034","format":"[Gen 3] OU","players":["xtina xendrix","Dhgss"],"uploadtime":1728597210,"views":124,"formatid":"gen3ou","rating":null,"private":1,"password":null}
</script>

<script defer src="js/replays.js?9d40a366"></script>
