<!DOCTYPE html>
<meta charset="utf-8" />
<meta name="viewport" content="width=device-width" />

<title>[Gen 3] OU: felipe01788 vs. Usbreon - Replays - Pok&eacute;mon Showdown!</title>

<meta name="description" content="Watch a replay of a Pok&eacute;mon battle between felipe01788 and Usbreon! Format: [Gen 3] OU; Date: Oct 4, 2024" />
<!--

Hey, you! Looking in the source for the replay log?

You can find them in JSON format, just add `.json` at the end of a replay URL.

https://replay.pokemonshowdown.com/gen7randomdoublesbattle-865046831.json

Or, if you only need the log itself, add `.log` instead:

https://replay.pokemonshowdown.com/gen7randomdoublesbattle-865046831.log

-->

<link rel="stylesheet" href="//pokemonshowdown.com/style/global.css?0.767286132409787" />
<link rel="stylesheet" href="//play.pokemonshowdown.com/style/font-awesome.css?0.9266228007934947" />
<link rel="stylesheet" href="//play.pokemonshowdown.com/style/battle.css?0.7924700842790926" />
<link rel="stylesheet" href="//play.pokemonshowdown.com/style/utilichart.css?0.8777417872839479" />

<!-- Global site tag (gtag.js) - Google Analytics -->
<script async src="https://www.googletagmanager.com/gtag/js?id=UA-26211653-1"></script>
<script>
  window.dataLayer = window.dataLayer || [];
  function gtag(){dataLayer.push(arguments);}
  gtag('js', new Date());

  gtag('config', 'UA-26211653-1');
</script>
<!-- End Google Analytics -->
<!-- Venatus Ad Manager - Install in <HEAD> of page -->
	<script src="https://hb.vntsm.com/v3/live/ad-manager.min.js" type="text/javascript" data-site-id="642aba63ec9a7b11c3c9c1be" data-mode="scan" async></script>
<!-- / Venatus Ad Manager -->

<style>
	@media (max-width:820px) {
		.battle {
			margin: 0 auto;
		}
		.battle-log {
			margin: 7px auto 0;
			max-width: 640px;
			height: 300px;
			position: static;
		}
	}
	.optgroup {
		display: inline-block;
		line-height: 22px;
		font-size: 10pt;
	}
	.optgroup .button {
		height: 25px;
		padding-top: 0;
		padding-bottom: 0;
	}
	.optgroup button.button {
		padding-left: 12px;
		padding-right: 12px;
	}
	.linklist {
		list-style: none;
		margin: 0.5em 0;
		padding: 0;
	}
	.linklist li {
		padding: 2px 0;
	}
	.sidebar {
		float: left;
		width: 320px;
	}
	.bar-wrapper {
		max-width: 1100px;
		margin: 0 auto;
	}
	.bar-wrapper.has-sidebar {
		max-width: 1430px;
	}
	.mainbar {
		margin: 0;
		padding-right: 1px;
	}
	.mainbar.has-sidebar {
		margin-left: 330px;
	}
	@media (min-width: 1511px) {
		.sidebar {
			width: 400px;
		}
		.bar-wrapper.has-sidebar {
			max-width: 1510px;
		}
		.mainbar.has-sidebar {
			margin-left: 410px;
		}
	}
	.section.first-section {
		margin-top: 9px;
	}
	.blocklink small {
		white-space: normal;
	}
	.button {
		vertical-align: middle;
	}
	.replay-controls {
		padding-top: 10px;
	}
	.replay-controls h1 {
		font-size: 16pt;
		font-weight: normal;
		color: #CCC;
	}
	.pagelink {
		text-align: center;
	}
	.pagelink a {
		width: 150px;
	}
	.textbox, .button {
		font-size: 11pt;
		vertical-align: middle;
	}
	@media (max-width: 450px) {
		.button {
			font-size: 9pt;
		}
	}
</style>

<div>

	<header>
		<div class="nav-wrapper"><ul class="nav">
			<li><a class="button nav-first" href="//pokemonshowdown.com/"><img src="//pokemonshowdown.com/images/pokemonshowdownbeta.png" srcset="//pokemonshowdown.com/images/pokemonshowdownbeta.png 1x, //pokemonshowdown.com/images/pokemonshowdownbeta@2x.png 2x" alt="Pok&eacute;mon Showdown" width="146" height="44" /> Home</a></li>
			<li><a class="button" href="//pokemonshowdown.com/dex/">Pok&eacute;dex</a></li>
			<li><a class="button cur" href="/">Replays</a></li>
			<li><a class="button" href="//pokemonshowdown.com/ladder/">Ladder</a></li>
			<li><a class="button nav-last" href="//pokemonshowdown.com/forums/">Forum</a></li>
			<li><a class="button greenbutton nav-first nav-last" href="//play.pokemonshowdown.com/">Play</a></li>
		</ul></div>
	</header>

	<div class="main" id="main">

		<noscript><section class="section">You need to enable JavaScript to use this page; sorry!</section></noscript>

	</div>

</div>

<script defer nomodule src="//play.pokemonshowdown.com/js/lib/ps-polyfill.js"></script>
<script defer src="//play.pokemonshowdown.com/js/lib/preact.min.js"></script>

<script defer src="//play.pokemonshowdown.com/config/config.js?6dec07f6"></script>
<script defer src="//play.pokemonshowdown.com/js/lib/jquery-1.11.0.min.js"></script>
<script defer src="//play.pokemonshowdown.com/js/lib/html-sanitizer-minified.js"></script>
<script defer src="//play.pokemonshowdown.com/js/battle-sound.js"></script>
<script defer src="//play.pokemonshowdown.com/js/battledata.js?0.6315294753075389"></script>
<script defer src="//play.pokemonshowdown.com/data/pokedex-mini.js?0.7603743185311358"></script>
<script defer src="//play.pokemonshowdown.com/data/pokedex-mini-bw.js?0.030888842834281283"></script>
<script defer src="//play.pokemonshowdown.com/data/graphics.js?0.05593094747507488"></script>
<script defer src="//play.pokemonshowdown.com/data/pokedex.js?0.47064822249611904"></script>
<script defer src="//play.pokemonshowdown.com/data/moves.js?0.8583693120512459"></script>
<script defer src="//play.pokemonshowdown.com/data/abilities.js?0.16017181182386842"></script>
<script defer src="//play.pokemonshowdown.com/data/items.js?0.4163379185673943"></script>
<script defer src="//play.pokemonshowdown.com/data/teambuilder-tables.js?0.31075597372830477"></script>
<script defer src="//play.pokemonshowdown.com/js/battle-tooltips.js?0.6536193500708172"></script>
<script defer src="//play.pokemonshowdown.com/js/battle.js?0.1916591943277901"></script>

<script defer src="js/utils.js?e31f9a17"></script>
<script defer src="js/replays-battle.js?7008c182"></script>

<!-- don't scrape this data! just add .json or .log after the URL!
Full API docs: https://github.com/smogon/pokemon-showdown-client/blob/master/WEB-API.md -->
<script type="text/plain" class="log" id="replaylog-smogtours-gen3ou-794535">
|inactive|Battle timer is ON: inactive players will automatically lose when time's up.
|t:|1728047046
|gametype|singles
|player|p1|felipe01788|169|
|player|p2|Usbreon|sailor|
|teamsize|p1|6
|teamsize|p2|6
|gen|3
|tier|[Gen 3] OU
|rule|Sleep Clause Mod: Limit one foe put to sleep
|rule|Switch Priority Clause Mod: Faster Pokémon switch first
|rule|Species Clause: Limit one of each Pokémon
|rule|OHKO Clause: OHKO moves are banned
|rule|Evasion Items Clause: Evasion items are banned
|rule|Evasion Moves Clause: Evasion moves are banned
|rule|Endless Battle Clause: Forcing endless battles is banned
|rule|HP Percentage Mod: HP is shown in percentages
|rule|One Boost Passer Clause: Limit one Baton Passer that has a way to boost its stats
|rule|Freeze Clause Mod: Limit one foe frozen
|
|t:|1728047046
|start
|switch|p1a: Zapdos|Zapdos|100/100
|switch|p2a: Vaporeon|Vaporeon, M|100/100
|turn|1
|
|t:|1728047060
|move|p1a: Zapdos|Thunderbolt|p2a: Vaporeon
|-supereffective|p2a: Vaporeon
|-damage|p2a: Vaporeon|22/100
|move|p2a: Vaporeon|Ice Beam|p1a: Zapdos
|-supereffective|p1a: Zapdos
|-damage|p1a: Zapdos|35/100
|
|-heal|p1a: Zapdos|41/100|[from] item: Leftovers
|-enditem|p2a: Vaporeon|Salac Berry|[eat]
|-boost|p2a: Vaporeon|spe|1|[from] item: Salac Berry
|upkeep
|turn|2
|
|t:|1728047075
|switch|p1a: Swampert|Swampert, M|100/100
|move|p2a: Vaporeon|Ice Beam|p1a: Swampert
|-damage|p1a: Swampert|71/100
|-status|p1a: Swampert|frz
|
|-heal|p1a: Swampert|77/100 frz|[from] item: Leftovers
|upkeep
|turn|3
|c|☆Usbreon|damn
|
|t:|1728047090
|move|p2a: Vaporeon|Baton Pass|p2a: Vaporeon
|
|t:|1728047101
|switch|p2a: Tyranitar|Tyranitar, F|100/100|[from] Baton Pass
|-weather|Sandstorm|[from] ability: Sand Stream|[of] p2a: Tyranitar
|cant|p1a: Swampert|frz
|
|-weather|Sandstorm|[upkeep]
|-heal|p1a: Swampert|84/100 frz|[from] item: Leftovers
|upkeep
|turn|4
|c|☆felipe01788|thats compensation for the rock slide miss
|
|t:|1728047114
|move|p2a: Tyranitar|Hidden Power|p1a: Swampert
|-supereffective|p1a: Swampert
|-damage|p1a: Swampert|25/100 frz
|-curestatus|p1a: Swampert|frz|[msg]
|move|p1a: Swampert|Hydro Pump|p2a: Tyranitar
|-supereffective|p2a: Tyranitar
|-damage|p2a: Tyranitar|0 fnt
|faint|p2a: Tyranitar
|
|t:|1728047122
|switch|p2a: Vaporeon|Vaporeon, M|22/100
|
|-weather|Sandstorm|[upkeep]
|-damage|p2a: Vaporeon|16/100|[from] Sandstorm
|-heal|p1a: Swampert|31/100|[from] item: Leftovers
|upkeep
|turn|5
|
|t:|1728047138
|move|p2a: Vaporeon|Surf|p1a: Swampert
|-damage|p1a: Swampert|0 fnt
|faint|p1a: Swampert
|
|t:|1728047143
|switch|p1a: Zapdos|Zapdos|41/100
|
|-weather|Sandstorm|[upkeep]
|-damage|p1a: Zapdos|35/100|[from] Sandstorm
|-damage|p2a: Vaporeon|10/100|[from] Sandstorm
|-heal|p1a: Zapdos|41/100|[from] item: Leftovers
|upkeep
|turn|6
|
|t:|1728047148
|switch|p2a: Swampert|Swampert, M|100/100
|move|p1a: Zapdos|Thunderbolt|p2a: Swampert
|-immune|p2a: Swampert
|
|-weather|Sandstorm|[upkeep]
|-damage|p1a: Zapdos|35/100|[from] Sandstorm
|-heal|p1a: Zapdos|41/100|[from] item: Leftovers
|upkeep
|turn|7
|
|t:|1728047155
|switch|p2a: Vaporeon|Vaporeon, M|10/100
|move|p1a: Zapdos|Hidden Power|p2a: Vaporeon
|-supereffective|p2a: Vaporeon
|-damage|p2a: Vaporeon|0 fnt
|faint|p2a: Vaporeon
|
|t:|1728047166
|switch|p2a: Regice|Regice|100/100
|
|-weather|Sandstorm|[upkeep]
|-damage|p1a: Zapdos|35/100|[from] Sandstorm
|-damage|p2a: Regice|94/100|[from] Sandstorm
|-heal|p1a: Zapdos|41/100|[from] item: Leftovers
|-heal|p2a: Regice|100/100|[from] item: Leftovers
|upkeep
|turn|8
|
|t:|1728047184
|switch|p1a: Snorlax|Snorlax, M|100/100
|move|p2a: Regice|Ice Beam|p1a: Snorlax
|-damage|p1a: Snorlax|73/100
|
|-weather|Sandstorm|[upkeep]
|-damage|p2a: Regice|94/100|[from] Sandstorm
|-damage|p1a: Snorlax|67/100|[from] Sandstorm
|-heal|p2a: Regice|100/100|[from] item: Leftovers
|-heal|p1a: Snorlax|73/100|[from] item: Leftovers
|upkeep
|turn|9
|
|t:|1728047196
|switch|p2a: Medicham|Medicham, M|100/100
|move|p1a: Snorlax|Body Slam|p2a: Medicham
|-damage|p2a: Medicham|31/100
|
|-weather|Sandstorm|[upkeep]
|-damage|p2a: Medicham|25/100|[from] Sandstorm
|-damage|p1a: Snorlax|67/100|[from] Sandstorm
|-heal|p1a: Snorlax|73/100|[from] item: Leftovers
|upkeep
|turn|10
|
|t:|1728047210
|switch|p1a: Tyranitar|Tyranitar, F|100/100
|move|p2a: Medicham|Brick Break|p1a: Tyranitar
|-supereffective|p1a: Tyranitar
|-damage|p1a: Tyranitar|0 fnt
|faint|p1a: Tyranitar
|
|t:|1728047217
|switch|p1a: Charizard|Charizard, F|100/100
|
|-weather|Sandstorm|[upkeep]
|-damage|p1a: Charizard|94/100|[from] Sandstorm
|-damage|p2a: Medicham|19/100|[from] Sandstorm
|-heal|p1a: Charizard|100/100|[from] item: Leftovers
|upkeep
|turn|11
|
|t:|1728047242
|switch|p2a: Swampert|Swampert, M|100/100
|move|p1a: Charizard|Hidden Power|p2a: Swampert
|-damage|p2a: Swampert|75/100
|
|-weather|Sandstorm|[upkeep]
|-damage|p1a: Charizard|94/100|[from] Sandstorm
|-heal|p1a: Charizard|100/100|[from] item: Leftovers
|-heal|p2a: Swampert|81/100|[from] item: Leftovers
|upkeep
|turn|12
|
|t:|1728047253
|switch|p1a: Breloom|Breloom, F|100/100
|move|p2a: Swampert|Surf|p1a: Breloom
|-resisted|p1a: Breloom
|-damage|p1a: Breloom|62/100
|
|-weather|Sandstorm|[upkeep]
|-damage|p1a: Breloom|56/100|[from] Sandstorm
|-heal|p1a: Breloom|62/100|[from] item: Leftovers
|-heal|p2a: Swampert|88/100|[from] item: Leftovers
|upkeep
|turn|13
|
|t:|1728047260
|switch|p2a: Medicham|Medicham, M|19/100
|move|p1a: Breloom|Spore|p2a: Medicham
|-status|p2a: Medicham|slp|[from] move: Spore
|
|-weather|Sandstorm|[upkeep]
|-damage|p2a: Medicham|13/100 slp|[from] Sandstorm
|-damage|p1a: Breloom|56/100|[from] Sandstorm
|-heal|p1a: Breloom|62/100|[from] item: Leftovers
|upkeep
|turn|14
|
|t:|1728047264
|-singleturn|p1a: Breloom|move: Focus Punch
|switch|p2a: Salamence|Salamence, M|100/100
|-ability|p2a: Salamence|Intimidate|boost
|-unboost|p1a: Breloom|atk|1
|move|p1a: Breloom|Focus Punch|p2a: Salamence
|-resisted|p2a: Salamence
|-damage|p2a: Salamence|68/100
|
|-weather|Sandstorm|[upkeep]
|-damage|p2a: Salamence|62/100|[from] Sandstorm
|-damage|p1a: Breloom|56/100|[from] Sandstorm
|-heal|p2a: Salamence|68/100|[from] item: Leftovers
|-heal|p1a: Breloom|62/100|[from] item: Leftovers
|upkeep
|turn|15
|
|t:|1728047275
|switch|p1a: Zapdos|Zapdos|41/100
|move|p2a: Salamence|Hidden Power|p1a: Zapdos
|-resisted|p1a: Zapdos
|-damage|p1a: Zapdos|18/100
|
|-weather|Sandstorm|[upkeep]
|-damage|p1a: Zapdos|12/100|[from] Sandstorm
|-damage|p2a: Salamence|62/100|[from] Sandstorm
|-heal|p1a: Zapdos|18/100|[from] item: Leftovers
|-heal|p2a: Salamence|68/100|[from] item: Leftovers
|upkeep
|turn|16
|
|t:|1728047286
|switch|p2a: Regice|Regice|100/100
|move|p1a: Zapdos|Thunder Wave|p2a: Regice
|-status|p2a: Regice|par
|
|-weather|Sandstorm|[upkeep]
|-damage|p1a: Zapdos|12/100|[from] Sandstorm
|-damage|p2a: Regice|94/100 par|[from] Sandstorm
|-heal|p1a: Zapdos|18/100|[from] item: Leftovers
|-heal|p2a: Regice|100/100 par|[from] item: Leftovers
|upkeep
|turn|17
|
|t:|1728047291
|switch|p1a: Snorlax|Snorlax, M|73/100
|move|p2a: Regice|Ice Beam|p1a: Snorlax
|-damage|p1a: Snorlax|45/100
|
|-weather|Sandstorm|[upkeep]
|-damage|p1a: Snorlax|39/100|[from] Sandstorm
|-damage|p2a: Regice|94/100 par|[from] Sandstorm
|-heal|p1a: Snorlax|45/100|[from] item: Leftovers
|-heal|p2a: Regice|100/100 par|[from] item: Leftovers
|upkeep
|turn|18
|
|t:|1728047298
|move|p1a: Snorlax|Body Slam|p2a: Regice
|-damage|p2a: Regice|63/100 par
|move|p2a: Regice|Ice Beam|p1a: Snorlax
|-crit|p1a: Snorlax
|-damage|p1a: Snorlax|0 fnt
|faint|p1a: Snorlax
|c|☆Usbreon|mb
|
|t:|1728047305
|switch|p1a: Breloom|Breloom, F|62/100
|
|-weather|Sandstorm|[upkeep]
|-damage|p1a: Breloom|56/100|[from] Sandstorm
|-damage|p2a: Regice|57/100 par|[from] Sandstorm
|-heal|p1a: Breloom|62/100|[from] item: Leftovers
|-heal|p2a: Regice|63/100 par|[from] item: Leftovers
|upkeep
|turn|19
|
|t:|1728047316
|switch|p1a: Zapdos|Zapdos|18/100
|move|p2a: Regice|Ice Beam|p1a: Zapdos
|-supereffective|p1a: Zapdos
|-damage|p1a: Zapdos|0 fnt
|faint|p1a: Zapdos
|
|t:|1728047319
|switch|p1a: Charizard|Charizard, F|100/100
|
|-weather|Sandstorm|[upkeep]
|-damage|p1a: Charizard|94/100|[from] Sandstorm
|-damage|p2a: Regice|57/100 par|[from] Sandstorm
|-heal|p1a: Charizard|100/100|[from] item: Leftovers
|-heal|p2a: Regice|63/100 par|[from] item: Leftovers
|upkeep
|turn|20
|
|t:|1728047328
|move|p1a: Charizard|Toxic||[still]
|-fail|p1a: Charizard
|move|p2a: Regice|Ice Beam|p1a: Charizard
|-damage|p1a: Charizard|37/100
|
|-weather|Sandstorm|[upkeep]
|-damage|p1a: Charizard|31/100|[from] Sandstorm
|-damage|p2a: Regice|57/100 par|[from] Sandstorm
|-heal|p1a: Charizard|37/100|[from] item: Leftovers
|-heal|p2a: Regice|63/100 par|[from] item: Leftovers
|upkeep
|turn|21
|
|t:|1728047334
|move|p1a: Charizard|Fire Blast|p2a: Regice
|-supereffective|p2a: Regice
|-damage|p2a: Regice|11/100 par
|move|p2a: Regice|Ice Beam|p1a: Charizard
|-damage|p1a: Charizard|0 fnt
|faint|p1a: Charizard
|
|t:|1728047339
|switch|p1a: Breloom|Breloom, F|62/100
|
|-weather|Sandstorm|[upkeep]
|-damage|p1a: Breloom|56/100|[from] Sandstorm
|-damage|p2a: Regice|5/100 par|[from] Sandstorm
|-heal|p1a: Breloom|62/100|[from] item: Leftovers
|-heal|p2a: Regice|11/100 par|[from] item: Leftovers
|upkeep
|turn|22
|
|t:|1728047341
|move|p1a: Breloom|Brick Break|p2a: Regice
|-supereffective|p2a: Regice
|-damage|p2a: Regice|0 fnt
|faint|p2a: Regice
|
|t:|1728047344
|switch|p2a: Salamence|Salamence, M|68/100
|-ability|p2a: Salamence|Intimidate|boost
|-unboost|p1a: Breloom|atk|1
|
|-weather|Sandstorm|[upkeep]
|-damage|p2a: Salamence|62/100|[from] Sandstorm
|-damage|p1a: Breloom|56/100|[from] Sandstorm
|-heal|p2a: Salamence|68/100|[from] item: Leftovers
|-heal|p1a: Breloom|62/100|[from] item: Leftovers
|upkeep
|turn|23
|c|☆felipe01788|gg
|c|☆Usbreon|gg
|
|t:|1728047349
|move|p2a: Salamence|Hidden Power|p1a: Breloom
|-supereffective|p1a: Breloom
|-damage|p1a: Breloom|0 fnt
|faint|p1a: Breloom
|
|win|Usbreon
|player|p1|
|player|p1|felipe01788|169|
|player|p1|
|player|p2|
|player|p1|felipe01788|169|

</script>
<script type="application/json" class="data" id="replaydata-smogtours-gen3ou-794535">
{"id":"smogtours-gen3ou-794535","format":"[Gen 3] OU","players":["felipe01788","Usbreon"],"uploadtime":1728047349,"views":119,"formatid":"gen3ou","rating":null,"private":0,"password":null}
</script>

<script defer src="js/replays.js?9d40a366"></script>
