<!DOCTYPE html>
<meta charset="utf-8" />
<meta name="viewport" content="width=device-width" />

<title>[Gen 3] OU: PotatoZ4 vs. lax - Replays - Pok&eacute;mon Showdown!</title>

<meta name="description" content="Watch a replay of a Pok&eacute;mon battle between PotatoZ4 and lax! Format: [Gen 3] OU; Date: Oct 7, 2024" />
<!--

Hey, you! Looking in the source for the replay log?

You can find them in JSON format, just add `.json` at the end of a replay URL.

https://replay.pokemonshowdown.com/gen7randomdoublesbattle-865046831.json

Or, if you only need the log itself, add `.log` instead:

https://replay.pokemonshowdown.com/gen7randomdoublesbattle-865046831.log

-->

<link rel="stylesheet" href="//pokemonshowdown.com/style/global.css?0.023195364461161105" />
<link rel="stylesheet" href="//play.pokemonshowdown.com/style/font-awesome.css?0.13261647063804238" />
<link rel="stylesheet" href="//play.pokemonshowdown.com/style/battle.css?0.8753245789963631" />
<link rel="stylesheet" href="//play.pokemonshowdown.com/style/utilichart.css?0.8627959624976733" />

<!-- Global site tag (gtag.js) - Google Analytics -->
<script async src="https://www.googletagmanager.com/gtag/js?id=UA-26211653-1"></script>
<script>
  window.dataLayer = window.dataLayer || [];
  function gtag(){dataLayer.push(arguments);}
  gtag('js', new Date());

  gtag('config', 'UA-26211653-1');
</script>
<!-- End Google Analytics -->
<!-- Venatus Ad Manager - Install in <HEAD> of page -->
	<script src="https://hb.vntsm.com/v3/live/ad-manager.min.js" type="text/javascript" data-site-id="642aba63ec9a7b11c3c9c1be" data-mode="scan" async></script>
<!-- / Venatus Ad Manager -->

<style>
	@media (max-width:820px) {
		.battle {
			margin: 0 auto;
		}
		.battle-log {
			margin: 7px auto 0;
			max-width: 640px;
			height: 300px;
			position: static;
		}
	}
	.optgroup {
		display: inline-block;
		line-height: 22px;
		font-size: 10pt;
	}
	.optgroup .button {
		height: 25px;
		padding-top: 0;
		padding-bottom: 0;
	}
	.optgroup button.button {
		padding-left: 12px;
		padding-right: 12px;
	}
	.linklist {
		list-style: none;
		margin: 0.5em 0;
		padding: 0;
	}
	.linklist li {
		padding: 2px 0;
	}
	.sidebar {
		float: left;
		width: 320px;
	}
	.bar-wrapper {
		max-width: 1100px;
		margin: 0 auto;
	}
	.bar-wrapper.has-sidebar {
		max-width: 1430px;
	}
	.mainbar {
		margin: 0;
		padding-right: 1px;
	}
	.mainbar.has-sidebar {
		margin-left: 330px;
	}
	@media (min-width: 1511px) {
		.sidebar {
			width: 400px;
		}
		.bar-wrapper.has-sidebar {
			max-width: 1510px;
		}
		.mainbar.has-sidebar {
			margin-left: 410px;
		}
	}
	.section.first-section {
		margin-top: 9px;
	}
	.blocklink small {
		white-space: normal;
	}
	.button {
		vertical-align: middle;
	}
	.replay-controls {
		padding-top: 10px;
	}
	.replay-controls h1 {
		font-size: 16pt;
		font-weight: normal;
		color: #CCC;
	}
	.pagelink {
		text-align: center;
	}
	.pagelink a {
		width: 150px;
	}
	.textbox, .button {
		font-size: 11pt;
		vertical-align: middle;
	}
	@media (max-width: 450px) {
		.button {
			font-size: 9pt;
		}
	}
</style>

<div>

	<header>
		<div class="nav-wrapper"><ul class="nav">
			<li><a class="button nav-first" href="//pokemonshowdown.com/"><img src="//pokemonshowdown.com/images/pokemonshowdownbeta.png" srcset="//pokemonshowdown.com/images/pokemonshowdownbeta.png 1x, //pokemonshowdown.com/images/pokemonshowdownbeta@2x.png 2x" alt="Pok&eacute;mon Showdown" width="146" height="44" /> Home</a></li>
			<li><a class="button" href="//pokemonshowdown.com/dex/">Pok&eacute;dex</a></li>
			<li><a class="button cur" href="/">Replays</a></li>
			<li><a class="button" href="//pokemonshowdown.com/ladder/">Ladder</a></li>
			<li><a class="button nav-last" href="//pokemonshowdown.com/forums/">Forum</a></li>
			<li><a class="button greenbutton nav-first nav-last" href="//play.pokemonshowdown.com/">Play</a></li>
		</ul></div>
	</header>

	<div class="main" id="main">

		<noscript><section class="section">You need to enable JavaScript to use this page; sorry!</section></noscript>

	</div>

</div>

<script defer nomodule src="//play.pokemonshowdown.com/js/lib/ps-polyfill.js"></script>
<script defer src="//play.pokemonshowdown.com/js/lib/preact.min.js"></script>

<script defer src="//play.pokemonshowdown.com/config/config.js?2bddbc15"></script>
<script defer src="//play.pokemonshowdown.com/js/lib/jquery-1.11.0.min.js"></script>
<script defer src="//play.pokemonshowdown.com/js/lib/html-sanitizer-minified.js"></script>
<script defer src="//play.pokemonshowdown.com/js/battle-sound.js"></script>
<script defer src="//play.pokemonshowdown.com/js/battledata.js?0.7209276989879541"></script>
<script defer src="//play.pokemonshowdown.com/data/pokedex-mini.js?0.6111056340867951"></script>
<script defer src="//play.pokemonshowdown.com/data/pokedex-mini-bw.js?0.3532142036491459"></script>
<script defer src="//play.pokemonshowdown.com/data/graphics.js?0.24223875632456182"></script>
<script defer src="//play.pokemonshowdown.com/data/pokedex.js?0.38839984266356864"></script>
<script defer src="//play.pokemonshowdown.com/data/moves.js?0.21866028504024015"></script>
<script defer src="//play.pokemonshowdown.com/data/abilities.js?0.2005157953846628"></script>
<script defer src="//play.pokemonshowdown.com/data/items.js?0.9894211263848525"></script>
<script defer src="//play.pokemonshowdown.com/data/teambuilder-tables.js?0.6008791140282215"></script>
<script defer src="//play.pokemonshowdown.com/js/battle-tooltips.js?0.7580118955022959"></script>
<script defer src="//play.pokemonshowdown.com/js/battle.js?0.6057722274234274"></script>

<script defer src="js/utils.js?e31f9a17"></script>
<script defer src="js/replays-battle.js?7008c182"></script>

<!-- don't scrape this data! just add .json or .log after the URL!
Full API docs: https://github.com/smogon/pokemon-showdown-client/blob/master/WEB-API.md -->
<script type="text/plain" class="log" id="replaylog-smogtours-gen3ou-796175">
|inactive|Battle timer is ON: inactive players will automatically lose when time's up.
|t:|1728323164
|gametype|singles
|player|p1|PotatoZ4|2|
|player|p2|lax|#lax|
|teamsize|p1|6
|teamsize|p2|6
|gen|3
|tier|[Gen 3] OU
|rule|Sleep Clause Mod: Limit one foe put to sleep
|rule|Switch Priority Clause Mod: Faster Pokémon switch first
|rule|Species Clause: Limit one of each Pokémon
|rule|OHKO Clause: OHKO moves are banned
|rule|Evasion Items Clause: Evasion items are banned
|rule|Evasion Moves Clause: Evasion moves are banned
|rule|Endless Battle Clause: Forcing endless battles is banned
|rule|HP Percentage Mod: HP is shown in percentages
|rule|One Boost Passer Clause: Limit one Baton Passer that has a way to boost its stats
|rule|Freeze Clause Mod: Limit one foe frozen
|
|t:|1728323164
|start
|switch|p1a: Zapdos|Zapdos|100/100
|switch|p2a: Jirachi|Jirachi|100/100
|turn|1
|inactive|PotatoZ4 has 270 seconds left.
|
|t:|1728323196
|move|p2a: Jirachi|Ice Punch|p1a: Zapdos
|-supereffective|p1a: Zapdos
|-damage|p1a: Zapdos|55/100
|move|p1a: Zapdos|Thunderbolt|p2a: Jirachi
|-damage|p2a: Jirachi|46/100
|
|-heal|p2a: Jirachi|52/100|[from] item: Leftovers
|-heal|p1a: Zapdos|61/100|[from] item: Leftovers
|upkeep
|turn|2
|
|t:|1728323220
|switch|p2a: Blissey|Blissey, F|100/100
|move|p1a: Zapdos|Thunderbolt|p2a: Blissey
|-damage|p2a: Blissey|79/100
|
|-heal|p1a: Zapdos|67/100|[from] item: Leftovers
|-heal|p2a: Blissey|85/100|[from] item: Leftovers
|upkeep
|turn|3
|
|t:|1728323236
|switch|p1a: Gengar|Gengar, F|100/100
|move|p2a: Blissey|Ice Beam|p1a: Gengar
|-damage|p1a: Gengar|65/100
|
|-heal|p1a: Gengar|71/100|[from] item: Leftovers
|-heal|p2a: Blissey|91/100|[from] item: Leftovers
|upkeep
|turn|4
|inactive|PotatoZ4 has 270 seconds left.
|
|t:|1728323273
|move|p1a: Gengar|Perish Song|p1a: Gengar
|-start|p1a: Gengar|perish3|[silent]
|-start|p2a: Blissey|perish3|[silent]
|-fieldactivate|move: Perish Song
|move|p2a: Blissey|Ice Beam|p1a: Gengar
|-damage|p1a: Gengar|37/100
|
|-heal|p1a: Gengar|43/100|[from] item: Leftovers
|-heal|p2a: Blissey|97/100|[from] item: Leftovers
|-start|p1a: Gengar|perish3
|-start|p2a: Blissey|perish3
|upkeep
|turn|5
|inactive|lax has 270 seconds left.
|
|t:|1728323306
|move|p1a: Gengar|Mean Look|p2a: Blissey
|-activate|p2a: Blissey|trapped
|move|p2a: Blissey|Ice Beam|p1a: Gengar
|-damage|p1a: Gengar|12/100
|
|-heal|p1a: Gengar|18/100|[from] item: Leftovers
|-heal|p2a: Blissey|100/100|[from] item: Leftovers
|-start|p1a: Gengar|perish2
|-start|p2a: Blissey|perish2
|upkeep
|turn|6
|
|t:|1728323331
|move|p1a: Gengar|Destiny Bond|p1a: Gengar
|-singlemove|p1a: Gengar|Destiny Bond
|move|p2a: Blissey|Ice Beam|p1a: Gengar
|-damage|p1a: Gengar|0 fnt
|faint|p1a: Gengar
|-activate|p1a: Gengar|move: Destiny Bond
|faint|p2a: Blissey
|
|t:|1728323347
|switch|p1a: Zapdos|Zapdos|67/100
|switch|p2a: Jirachi|Jirachi|52/100
|
|-heal|p2a: Jirachi|59/100|[from] item: Leftovers
|-heal|p1a: Zapdos|73/100|[from] item: Leftovers
|upkeep
|turn|7
|
|t:|1728323362
|move|p2a: Jirachi|Ice Punch|p1a: Zapdos
|-supereffective|p1a: Zapdos
|-damage|p1a: Zapdos|29/100
|move|p1a: Zapdos|Thunderbolt|p2a: Jirachi
|-damage|p2a: Jirachi|6/100
|
|-heal|p2a: Jirachi|12/100|[from] item: Leftovers
|-heal|p1a: Zapdos|35/100|[from] item: Leftovers
|upkeep
|turn|8
|inactive|PotatoZ4 has 240 seconds left.
|
|t:|1728323390
|switch|p1a: Metagross|Metagross|100/100
|move|p2a: Jirachi|Ice Punch|p1a: Metagross
|-resisted|p1a: Metagross
|-damage|p1a: Metagross|89/100
|
|-heal|p2a: Jirachi|18/100|[from] item: Leftovers
|-heal|p1a: Metagross|95/100|[from] item: Leftovers
|upkeep
|turn|9
|inactive|PotatoZ4 has 240 seconds left.
|
|t:|1728323420
|switch|p2a: Starmie|Starmie|100/100
|switch|p1a: Dugtrio|Dugtrio, F|100/100
|
|upkeep
|turn|10
|inactive|PotatoZ4 has 240 seconds left.
|
|t:|1728323433
|move|p1a: Dugtrio|Protect|p1a: Dugtrio
|-singleturn|p1a: Dugtrio|Protect
|move|p2a: Starmie|Surf|p1a: Dugtrio
|-activate|p1a: Dugtrio|Protect
|
|upkeep
|turn|11
|inactive|PotatoZ4 has 240 seconds left.
|
|t:|1728323447
|switch|p1a: Celebi|Celebi|100/100
|move|p2a: Starmie|Surf|p1a: Celebi
|-resisted|p1a: Celebi
|-damage|p1a: Celebi|89/100
|
|-heal|p1a: Celebi|96/100|[from] item: Leftovers
|upkeep
|turn|12
|
|t:|1728323459
|move|p2a: Starmie|Thunder Wave|p1a: Celebi
|-status|p1a: Celebi|par
|move|p1a: Celebi|Baton Pass|p1a: Celebi
|
|t:|1728323462
|-curestatus|p1a: Celebi|par|[from] ability: Natural Cure
|switch|p1a: Zapdos|Zapdos|35/100|[from] Baton Pass
|
|-heal|p1a: Zapdos|42/100|[from] item: Leftovers
|upkeep
|turn|13
|
|t:|1728323482
|switch|p2a: Celebi|Celebi|100/100
|switch|p1a: Metagross|Metagross|95/100
|
|-heal|p1a: Metagross|100/100|[from] item: Leftovers
|upkeep
|turn|14
|
|t:|1728323493
|switch|p2a: Starmie|Starmie|100/100
|move|p1a: Metagross|Meteor Mash|p2a: Starmie
|-resisted|p2a: Starmie
|-damage|p2a: Starmie|67/100
|
|-heal|p2a: Starmie|73/100|[from] item: Leftovers
|upkeep
|turn|15
|
|t:|1728323509
|move|p2a: Starmie|Thunder Wave|p1a: Metagross
|-status|p1a: Metagross|par
|move|p1a: Metagross|Meteor Mash|p2a: Starmie
|-resisted|p2a: Starmie
|-damage|p2a: Starmie|43/100
|
|-heal|p2a: Starmie|49/100|[from] item: Leftovers
|upkeep
|turn|16
|
|t:|1728323516
|move|p2a: Starmie|Recover|p2a: Starmie
|-heal|p2a: Starmie|99/100
|move|p1a: Metagross|Meteor Mash|p2a: Starmie
|-resisted|p2a: Starmie
|-damage|p2a: Starmie|65/100
|
|-heal|p2a: Starmie|71/100|[from] item: Leftovers
|upkeep
|turn|17
|
|t:|1728323543
|move|p2a: Starmie|Surf|p1a: Metagross
|-damage|p1a: Metagross|68/100 par
|move|p1a: Metagross|Meteor Mash|p2a: Starmie
|-resisted|p2a: Starmie
|-crit|p2a: Starmie
|-damage|p2a: Starmie|7/100
|-boost|p1a: Metagross|atk|1
|
|-heal|p2a: Starmie|13/100|[from] item: Leftovers
|-heal|p1a: Metagross|74/100 par|[from] item: Leftovers
|upkeep
|turn|18
|inactive|PotatoZ4 has 270 seconds left.
|
|t:|1728323554
|move|p2a: Starmie|Surf|p1a: Metagross
|-damage|p1a: Metagross|38/100 par
|cant|p1a: Metagross|par
|
|-heal|p2a: Starmie|19/100|[from] item: Leftovers
|-heal|p1a: Metagross|44/100 par|[from] item: Leftovers
|upkeep
|turn|19
|inactive|PotatoZ4 has 270 seconds left.
|
|t:|1728323567
|move|p2a: Starmie|Recover|p2a: Starmie
|-heal|p2a: Starmie|69/100
|cant|p1a: Metagross|par
|
|-heal|p2a: Starmie|75/100|[from] item: Leftovers
|-heal|p1a: Metagross|50/100 par|[from] item: Leftovers
|upkeep
|turn|20
|inactive|PotatoZ4 has 270 seconds left.
|
|t:|1728323573
|move|p2a: Starmie|Surf|p1a: Metagross
|-damage|p1a: Metagross|19/100 par
|cant|p1a: Metagross|par
|
|-heal|p2a: Starmie|81/100|[from] item: Leftovers
|-heal|p1a: Metagross|25/100 par|[from] item: Leftovers
|upkeep
|turn|21
|
|t:|1728323576
|cant|p1a: Metagross|par
|move|p2a: Starmie|Surf|p1a: Metagross
|-damage|p1a: Metagross|0 fnt
|faint|p1a: Metagross
|c|☆lax|mb
|
|t:|1728323581
|switch|p1a: Zapdos|Zapdos|42/100
|
|-heal|p2a: Starmie|88/100|[from] item: Leftovers
|-heal|p1a: Zapdos|48/100|[from] item: Leftovers
|upkeep
|turn|22
|
|t:|1728323603
|move|p2a: Starmie|Thunder Wave|p1a: Zapdos
|-status|p1a: Zapdos|par
|move|p1a: Zapdos|Thunderbolt|p2a: Starmie
|-supereffective|p2a: Starmie
|-damage|p2a: Starmie|0 fnt
|faint|p2a: Starmie
|
|t:|1728323622
|switch|p2a: Celebi|Celebi|100/100
|
|-heal|p1a: Zapdos|54/100 par|[from] item: Leftovers
|upkeep
|turn|23
|
|t:|1728323640
|switch|p1a: Celebi|Celebi|96/100
|move|p2a: Celebi|Calm Mind|p2a: Celebi
|-boost|p2a: Celebi|spa|1
|-boost|p2a: Celebi|spd|1
|
|-heal|p1a: Celebi|100/100|[from] item: Leftovers
|upkeep
|turn|24
|
|t:|1728323647
|move|p2a: Celebi|Calm Mind|p2a: Celebi
|-boost|p2a: Celebi|spa|1
|-boost|p2a: Celebi|spd|1
|move|p1a: Celebi|Perish Song|p1a: Celebi
|-start|p1a: Celebi|perish3|[silent]
|-start|p2a: Celebi|perish3|[silent]
|-fieldactivate|move: Perish Song
|
|-start|p2a: Celebi|perish3
|-start|p1a: Celebi|perish3
|upkeep
|turn|25
|
|t:|1728323662
|switch|p2a: Porygon2|Porygon2|100/100
|-ability|p2a: Porygon2|Natural Cure|[from] ability: Trace|[of] p1a: Celebi
|move|p1a: Celebi|Psychic|p2a: Porygon2
|-damage|p2a: Porygon2|70/100
|
|-heal|p2a: Porygon2|76/100|[from] item: Leftovers
|-start|p1a: Celebi|perish2
|upkeep
|turn|26
|
|t:|1728323674
|switch|p1a: Zapdos|Zapdos|54/100 par
|move|p2a: Porygon2|Recover|p2a: Porygon2
|-heal|p2a: Porygon2|100/100
|
|-heal|p1a: Zapdos|60/100 par|[from] item: Leftovers
|upkeep
|turn|27
|
|t:|1728323687
|move|p2a: Porygon2|Ice Beam|p1a: Zapdos
|-supereffective|p1a: Zapdos
|-damage|p1a: Zapdos|18/100 par
|move|p1a: Zapdos|Thunderbolt|p2a: Porygon2
|-damage|p2a: Porygon2|52/100
|
|-heal|p2a: Porygon2|58/100|[from] item: Leftovers
|-heal|p1a: Zapdos|24/100 par|[from] item: Leftovers
|upkeep
|turn|28
|
|t:|1728323707
|move|p2a: Porygon2|Recover|p2a: Porygon2
|-heal|p2a: Porygon2|100/100
|move|p1a: Zapdos|Thunderbolt|p2a: Porygon2
|-damage|p2a: Porygon2|56/100
|
|-heal|p2a: Porygon2|62/100|[from] item: Leftovers
|-heal|p1a: Zapdos|30/100 par|[from] item: Leftovers
|upkeep
|turn|29
|
|t:|1728323712
|move|p2a: Porygon2|Recover|p2a: Porygon2
|-heal|p2a: Porygon2|100/100
|move|p1a: Zapdos|Thunderbolt|p2a: Porygon2
|-damage|p2a: Porygon2|53/100
|
|-heal|p2a: Porygon2|59/100|[from] item: Leftovers
|-heal|p1a: Zapdos|37/100 par|[from] item: Leftovers
|upkeep
|turn|30
|
|t:|1728323716
|move|p2a: Porygon2|Recover|p2a: Porygon2
|-heal|p2a: Porygon2|100/100
|cant|p1a: Zapdos|par
|
|-heal|p1a: Zapdos|43/100 par|[from] item: Leftovers
|upkeep
|turn|31
|
|t:|1728323724
|switch|p1a: Suicune|Suicune|100/100
|move|p2a: Porygon2|Ice Beam|p1a: Suicune
|-resisted|p1a: Suicune
|-damage|p1a: Suicune|93/100
|
|-heal|p1a: Suicune|99/100|[from] item: Leftovers
|upkeep
|turn|32
|
|t:|1728323730
|switch|p1a: Celebi|Celebi|100/100
|move|p2a: Porygon2|Thunder Wave|p1a: Celebi
|-status|p1a: Celebi|par
|
|upkeep
|turn|33
|
|t:|1728323749
|move|p2a: Porygon2|Ice Beam|p1a: Celebi
|-supereffective|p1a: Celebi
|-crit|p1a: Celebi
|-damage|p1a: Celebi|32/100 par
|cant|p1a: Celebi|par
|
|-heal|p1a: Celebi|38/100 par|[from] item: Leftovers
|upkeep
|turn|34
|
|t:|1728323762
|-curestatus|p1a: Celebi|par|[from] ability: Natural Cure
|switch|p1a: Suicune|Suicune|99/100
|move|p2a: Porygon2|Ice Beam|p1a: Suicune
|-resisted|p1a: Suicune
|-damage|p1a: Suicune|91/100
|
|-heal|p1a: Suicune|98/100|[from] item: Leftovers
|upkeep
|turn|35
|
|t:|1728323777
|move|p1a: Suicune|Calm Mind|p1a: Suicune
|-boost|p1a: Suicune|spa|1
|-boost|p1a: Suicune|spd|1
|move|p2a: Porygon2|Thunder Wave|p1a: Suicune
|-status|p1a: Suicune|par
|
|-heal|p1a: Suicune|100/100 par|[from] item: Leftovers
|upkeep
|turn|36
|
|t:|1728323779
|switch|p2a: Celebi|Celebi|100/100
|move|p1a: Suicune|Calm Mind|p1a: Suicune
|-boost|p1a: Suicune|spa|1
|-boost|p1a: Suicune|spd|1
|
|upkeep
|turn|37
|
|t:|1728323788
|move|p2a: Celebi|Leech Seed|p1a: Suicune
|-start|p1a: Suicune|move: Leech Seed
|move|p1a: Suicune|Ice Beam|p2a: Celebi
|-supereffective|p2a: Celebi
|-damage|p2a: Celebi|36/100
|
|-heal|p2a: Celebi|42/100|[from] item: Leftovers
|-damage|p1a: Suicune|88/100 par|[from] Leech Seed|[of] p2a: Celebi
|-heal|p2a: Celebi|55/100|[silent]
|upkeep
|turn|38
|
|t:|1728323795
|move|p2a: Celebi|Recover|p2a: Celebi
|-heal|p2a: Celebi|100/100
|move|p1a: Suicune|Calm Mind|p1a: Suicune
|-boost|p1a: Suicune|spa|1
|-boost|p1a: Suicune|spd|1
|
|-heal|p1a: Suicune|94/100 par|[from] item: Leftovers
|-damage|p1a: Suicune|82/100 par|[from] Leech Seed|[of] p2a: Celebi
|upkeep
|turn|39
|
|t:|1728323801
|move|p2a: Celebi|Calm Mind|p2a: Celebi
|-boost|p2a: Celebi|spa|1
|-boost|p2a: Celebi|spd|1
|move|p1a: Suicune|Calm Mind|p1a: Suicune
|-boost|p1a: Suicune|spa|1
|-boost|p1a: Suicune|spd|1
|
|-heal|p1a: Suicune|88/100 par|[from] item: Leftovers
|-damage|p1a: Suicune|76/100 par|[from] Leech Seed|[of] p2a: Celebi
|upkeep
|turn|40
|
|t:|1728323805
|move|p2a: Celebi|Calm Mind|p2a: Celebi
|-boost|p2a: Celebi|spa|1
|-boost|p2a: Celebi|spd|1
|cant|p1a: Suicune|par
|
|-heal|p1a: Suicune|82/100 par|[from] item: Leftovers
|-damage|p1a: Suicune|69/100 par|[from] Leech Seed|[of] p2a: Celebi
|upkeep
|turn|41
|
|t:|1728323811
|move|p2a: Celebi|Calm Mind|p2a: Celebi
|-boost|p2a: Celebi|spa|1
|-boost|p2a: Celebi|spd|1
|move|p1a: Suicune|Rest|p1a: Suicune
|-status|p1a: Suicune|slp|[from] move: Rest
|-heal|p1a: Suicune|100/100 slp|[silent]
|
|-damage|p1a: Suicune|88/100 slp|[from] Leech Seed|[of] p2a: Celebi
|upkeep
|turn|42
|
|t:|1728323815
|move|p2a: Celebi|Calm Mind|p2a: Celebi
|-boost|p2a: Celebi|spa|1
|-boost|p2a: Celebi|spd|1
|cant|p1a: Suicune|slp
|
|-heal|p1a: Suicune|94/100 slp|[from] item: Leftovers
|-damage|p1a: Suicune|82/100 slp|[from] Leech Seed|[of] p2a: Celebi
|upkeep
|turn|43
|
|t:|1728323817
|move|p2a: Celebi|Calm Mind|p2a: Celebi
|-boost|p2a: Celebi|spa|1
|-boost|p2a: Celebi|spd|1
|cant|p1a: Suicune|slp
|
|-heal|p1a: Suicune|88/100 slp|[from] item: Leftovers
|-damage|p1a: Suicune|76/100 slp|[from] Leech Seed|[of] p2a: Celebi
|upkeep
|turn|44
|
|t:|1728323819
|move|p2a: Celebi|Calm Mind|p2a: Celebi
|-boost|p2a: Celebi|spa|1
|-boost|p2a: Celebi|spd|1
|-curestatus|p1a: Suicune|slp|[msg]
|move|p1a: Suicune|Ice Beam|p2a: Celebi
|-supereffective|p2a: Celebi
|-damage|p2a: Celebi|74/100
|
|-heal|p2a: Celebi|80/100|[from] item: Leftovers
|-heal|p1a: Suicune|82/100|[from] item: Leftovers
|-damage|p1a: Suicune|69/100|[from] Leech Seed|[of] p2a: Celebi
|-heal|p2a: Celebi|93/100|[silent]
|upkeep
|turn|45
|
|t:|1728323822
|move|p2a: Celebi|Psychic|p1a: Suicune
|-damage|p1a: Suicune|39/100
|move|p1a: Suicune|Ice Beam|p2a: Celebi
|-supereffective|p2a: Celebi
|-crit|p2a: Celebi
|-damage|p2a: Celebi|0 fnt
|faint|p2a: Celebi
|
|t:|1728323827
|switch|p2a: Dugtrio|Dugtrio, M|100/100
|
|-heal|p1a: Suicune|45/100|[from] item: Leftovers
|-damage|p1a: Suicune|33/100|[from] Leech Seed|[of] p2a: Dugtrio
|upkeep
|turn|46
|
|t:|1728323837
|move|p2a: Dugtrio|Earthquake|p1a: Suicune
|-damage|p1a: Suicune|4/100
|move|p1a: Suicune|Surf|p2a: Dugtrio
|-supereffective|p2a: Dugtrio
|-damage|p2a: Dugtrio|0 fnt
|faint|p2a: Dugtrio
|
|t:|1728323856
|switch|p2a: Porygon2|Porygon2|100/100
|-ability|p2a: Porygon2|Pressure|[from] ability: Trace|[of] p1a: Suicune
|
|-heal|p1a: Suicune|10/100|[from] item: Leftovers
|-damage|p1a: Suicune|0 fnt|[from] Leech Seed|[of] p2a: Porygon2
|faint|p1a: Suicune
|upkeep
|
|t:|1728323870
|switch|p1a: Celebi|Celebi|38/100
|turn|47
|
|t:|1728323879
|move|p1a: Celebi|Recover|p1a: Celebi
|-heal|p1a: Celebi|88/100
|move|p2a: Porygon2|Ice Beam|p1a: Celebi
|-supereffective|p1a: Celebi
|-damage|p1a: Celebi|55/100
|
|-heal|p1a: Celebi|61/100|[from] item: Leftovers
|upkeep
|turn|48
|
|t:|1728323885
|switch|p2a: Jirachi|Jirachi|18/100
|move|p1a: Celebi|Perish Song|p1a: Celebi
|-start|p1a: Celebi|perish3|[silent]
|-start|p2a: Jirachi|perish3|[silent]
|-fieldactivate|move: Perish Song
|
|-heal|p2a: Jirachi|25/100|[from] item: Leftovers
|-heal|p1a: Celebi|67/100|[from] item: Leftovers
|-start|p2a: Jirachi|perish3
|-start|p1a: Celebi|perish3
|upkeep
|turn|49
|
|t:|1728323895
|switch|p2a: Porygon2|Porygon2|100/100
|-ability|p2a: Porygon2|Natural Cure|[from] ability: Trace|[of] p1a: Celebi
|move|p1a: Celebi|Recover|p1a: Celebi
|-heal|p1a: Celebi|100/100
|
|-start|p1a: Celebi|perish2
|upkeep
|turn|50
|
|t:|1728323902
|move|p1a: Celebi|Perish Song|p1a: Celebi
|-start|p2a: Porygon2|perish3|[silent]
|-fieldactivate|move: Perish Song
|move|p2a: Porygon2|Ice Beam|p1a: Celebi
|-supereffective|p1a: Celebi
|-damage|p1a: Celebi|67/100
|
|-heal|p1a: Celebi|74/100|[from] item: Leftovers
|-start|p1a: Celebi|perish1
|-start|p2a: Porygon2|perish3
|upkeep
|turn|51
|
|t:|1728323930
|switch|p1a: Dugtrio|Dugtrio, F|100/100
|switch|p2a: Jirachi|Jirachi|25/100
|
|-heal|p2a: Jirachi|31/100|[from] item: Leftovers
|upkeep
|turn|52
|
|t:|1728323936
|move|p1a: Dugtrio|Earthquake|p2a: Jirachi
|-supereffective|p2a: Jirachi
|-damage|p2a: Jirachi|0 fnt
|faint|p2a: Jirachi
|
|t:|1728323938
|switch|p2a: Porygon2|Porygon2|100/100
|-ability|p2a: Porygon2|Arena Trap|[from] ability: Trace|[of] p1a: Dugtrio
|
|upkeep
|turn|53
|c|☆lax|wp
|
|t:|1728323954
|move|p1a: Dugtrio|Earthquake|p2a: Porygon2
|-damage|p2a: Porygon2|73/100
|move|p2a: Porygon2|Ice Beam|p1a: Dugtrio
|-supereffective|p1a: Dugtrio
|-damage|p1a: Dugtrio|12/100
|
|-heal|p1a: Dugtrio|18/100|[from] item: Leftovers
|-heal|p2a: Porygon2|80/100|[from] item: Leftovers
|upkeep
|turn|54
|c|☆lax|I thought you'd let celebi die so you could trap p2 guaranteed
|c|☆lax|then win with protect
|inactive|PotatoZ4 has 270 seconds left.
|
|t:|1728323985
|move|p1a: Dugtrio|Earthquake|p2a: Porygon2
|-damage|p2a: Porygon2|53/100
|move|p2a: Porygon2|Hidden Power|p1a: Dugtrio
|-damage|p1a: Dugtrio|0 fnt
|faint|p1a: Dugtrio
|
|t:|1728323988
|switch|p1a: Celebi|Celebi|74/100
|
|-heal|p1a: Celebi|80/100|[from] item: Leftovers
|-heal|p2a: Porygon2|59/100|[from] item: Leftovers
|upkeep
|turn|55
|
|t:|1728323994
|move|p1a: Celebi|Perish Song|p1a: Celebi
|-start|p1a: Celebi|perish3|[silent]
|-start|p2a: Porygon2|perish3|[silent]
|-fieldactivate|move: Perish Song
|move|p2a: Porygon2|Ice Beam|p1a: Celebi
|-supereffective|p1a: Celebi
|-damage|p1a: Celebi|47/100
|-status|p1a: Celebi|frz
|
|-heal|p1a: Celebi|53/100 frz|[from] item: Leftovers
|-heal|p2a: Porygon2|65/100|[from] item: Leftovers
|-start|p1a: Celebi|perish3
|-start|p2a: Porygon2|perish3
|upkeep
|turn|56
|c|☆PotatoZ4|ooh
|
|t:|1728324008
|cant|p1a: Celebi|frz
|move|p2a: Porygon2|Ice Beam|p1a: Celebi
|-supereffective|p1a: Celebi
|-damage|p1a: Celebi|21/100 frz
|
|-heal|p1a: Celebi|27/100 frz|[from] item: Leftovers
|-heal|p2a: Porygon2|71/100|[from] item: Leftovers
|-start|p1a: Celebi|perish2
|-start|p2a: Porygon2|perish2
|upkeep
|turn|57
|inactive|PotatoZ4 has 270 seconds left.
|
|t:|1728324026
|cant|p1a: Celebi|frz
|move|p2a: Porygon2|Ice Beam|p1a: Celebi
|-supereffective|p1a: Celebi
|-damage|p1a: Celebi|0 fnt
|faint|p1a: Celebi
|inactive|PotatoZ4 has 270 seconds left.
|
|t:|1728324032
|switch|p1a: Zapdos|Zapdos|43/100 par
|
|-heal|p2a: Porygon2|78/100|[from] item: Leftovers
|-heal|p1a: Zapdos|49/100 par|[from] item: Leftovers
|-start|p2a: Porygon2|perish1
|upkeep
|turn|58
|
|t:|1728324036
|move|p2a: Porygon2|Ice Beam|p1a: Zapdos
|-supereffective|p1a: Zapdos
|-damage|p1a: Zapdos|6/100 par
|move|p1a: Zapdos|Thunderbolt|p2a: Porygon2
|-damage|p2a: Porygon2|32/100
|
|-heal|p2a: Porygon2|38/100|[from] item: Leftovers
|-heal|p1a: Zapdos|12/100 par|[from] item: Leftovers
|-start|p2a: Porygon2|perish0
|upkeep
|faint|p2a: Porygon2
|
|win|PotatoZ4
|c|☆PotatoZ4|gg
|c|☆lax|gg

</script>
<script type="application/json" class="data" id="replaydata-smogtours-gen3ou-796175">
{"id":"smogtours-gen3ou-796175","format":"[Gen 3] OU","players":["PotatoZ4","lax"],"uploadtime":1728324036,"views":117,"formatid":"gen3ou","rating":null,"private":0,"password":null}
</script>

<script defer src="js/replays.js?9d40a366"></script>
