<!DOCTYPE html>
<meta charset="utf-8" />
<meta name="viewport" content="width=device-width" />

<title>[Gen 3] OU: Ramsus776 vs. Precure Moonlight - Replays - Pok&eacute;mon Showdown!</title>

<meta name="description" content="Watch a replay of a Pok&eacute;mon battle between Ramsus776 and Precure Moonlight! Format: [Gen 3] OU; Date: Oct 19, 2024" />
<!--

Hey, you! Looking in the source for the replay log?

You can find them in JSON format, just add `.json` at the end of a replay URL.

https://replay.pokemonshowdown.com/gen7randomdoublesbattle-865046831.json

Or, if you only need the log itself, add `.log` instead:

https://replay.pokemonshowdown.com/gen7randomdoublesbattle-865046831.log

-->

<link rel="stylesheet" href="//pokemonshowdown.com/style/global.css?0.023195364461161105" />
<link rel="stylesheet" href="//play.pokemonshowdown.com/style/font-awesome.css?0.13261647063804238" />
<link rel="stylesheet" href="//play.pokemonshowdown.com/style/battle.css?0.8753245789963631" />
<link rel="stylesheet" href="//play.pokemonshowdown.com/style/utilichart.css?0.8627959624976733" />

<!-- Global site tag (gtag.js) - Google Analytics -->
<script async src="https://www.googletagmanager.com/gtag/js?id=UA-26211653-1"></script>
<script>
  window.dataLayer = window.dataLayer || [];
  function gtag(){dataLayer.push(arguments);}
  gtag('js', new Date());

  gtag('config', 'UA-26211653-1');
</script>
<!-- End Google Analytics -->
<!-- Venatus Ad Manager - Install in <HEAD> of page -->
	<script src="https://hb.vntsm.com/v3/live/ad-manager.min.js" type="text/javascript" data-site-id="642aba63ec9a7b11c3c9c1be" data-mode="scan" async></script>
<!-- / Venatus Ad Manager -->

<style>
	@media (max-width:820px) {
		.battle {
			margin: 0 auto;
		}
		.battle-log {
			margin: 7px auto 0;
			max-width: 640px;
			height: 300px;
			position: static;
		}
	}
	.optgroup {
		display: inline-block;
		line-height: 22px;
		font-size: 10pt;
	}
	.optgroup .button {
		height: 25px;
		padding-top: 0;
		padding-bottom: 0;
	}
	.optgroup button.button {
		padding-left: 12px;
		padding-right: 12px;
	}
	.linklist {
		list-style: none;
		margin: 0.5em 0;
		padding: 0;
	}
	.linklist li {
		padding: 2px 0;
	}
	.sidebar {
		float: left;
		width: 320px;
	}
	.bar-wrapper {
		max-width: 1100px;
		margin: 0 auto;
	}
	.bar-wrapper.has-sidebar {
		max-width: 1430px;
	}
	.mainbar {
		margin: 0;
		padding-right: 1px;
	}
	.mainbar.has-sidebar {
		margin-left: 330px;
	}
	@media (min-width: 1511px) {
		.sidebar {
			width: 400px;
		}
		.bar-wrapper.has-sidebar {
			max-width: 1510px;
		}
		.mainbar.has-sidebar {
			margin-left: 410px;
		}
	}
	.section.first-section {
		margin-top: 9px;
	}
	.blocklink small {
		white-space: normal;
	}
	.button {
		vertical-align: middle;
	}
	.replay-controls {
		padding-top: 10px;
	}
	.replay-controls h1 {
		font-size: 16pt;
		font-weight: normal;
		color: #CCC;
	}
	.pagelink {
		text-align: center;
	}
	.pagelink a {
		width: 150px;
	}
	.textbox, .button {
		font-size: 11pt;
		vertical-align: middle;
	}
	@media (max-width: 450px) {
		.button {
			font-size: 9pt;
		}
	}
</style>

<div>

	<header>
		<div class="nav-wrapper"><ul class="nav">
			<li><a class="button nav-first" href="//pokemonshowdown.com/"><img src="//pokemonshowdown.com/images/pokemonshowdownbeta.png" srcset="//pokemonshowdown.com/images/pokemonshowdownbeta.png 1x, //pokemonshowdown.com/images/pokemonshowdownbeta@2x.png 2x" alt="Pok&eacute;mon Showdown" width="146" height="44" /> Home</a></li>
			<li><a class="button" href="//pokemonshowdown.com/dex/">Pok&eacute;dex</a></li>
			<li><a class="button cur" href="/">Replays</a></li>
			<li><a class="button" href="//pokemonshowdown.com/ladder/">Ladder</a></li>
			<li><a class="button nav-last" href="//pokemonshowdown.com/forums/">Forum</a></li>
			<li><a class="button greenbutton nav-first nav-last" href="//play.pokemonshowdown.com/">Play</a></li>
		</ul></div>
	</header>

	<div class="main" id="main">

		<noscript><section class="section">You need to enable JavaScript to use this page; sorry!</section></noscript>

	</div>

</div>

<script defer nomodule src="//play.pokemonshowdown.com/js/lib/ps-polyfill.js"></script>
<script defer src="//play.pokemonshowdown.com/js/lib/preact.min.js"></script>

<script defer src="//play.pokemonshowdown.com/config/config.js?2bddbc15"></script>
<script defer src="//play.pokemonshowdown.com/js/lib/jquery-1.11.0.min.js"></script>
<script defer src="//play.pokemonshowdown.com/js/lib/html-sanitizer-minified.js"></script>
<script defer src="//play.pokemonshowdown.com/js/battle-sound.js"></script>
<script defer src="//play.pokemonshowdown.com/js/battledata.js?0.7209276989879541"></script>
<script defer src="//play.pokemonshowdown.com/data/pokedex-mini.js?0.6111056340867951"></script>
<script defer src="//play.pokemonshowdown.com/data/pokedex-mini-bw.js?0.3532142036491459"></script>
<script defer src="//play.pokemonshowdown.com/data/graphics.js?0.24223875632456182"></script>
<script defer src="//play.pokemonshowdown.com/data/pokedex.js?0.38839984266356864"></script>
<script defer src="//play.pokemonshowdown.com/data/moves.js?0.21866028504024015"></script>
<script defer src="//play.pokemonshowdown.com/data/abilities.js?0.2005157953846628"></script>
<script defer src="//play.pokemonshowdown.com/data/items.js?0.9894211263848525"></script>
<script defer src="//play.pokemonshowdown.com/data/teambuilder-tables.js?0.6008791140282215"></script>
<script defer src="//play.pokemonshowdown.com/js/battle-tooltips.js?0.7580118955022959"></script>
<script defer src="//play.pokemonshowdown.com/js/battle.js?0.6057722274234274"></script>

<script defer src="js/utils.js?e31f9a17"></script>
<script defer src="js/replays-battle.js?7008c182"></script>

<!-- don't scrape this data! just add .json or .log after the URL!
Full API docs: https://github.com/smogon/pokemon-showdown-client/blob/master/WEB-API.md -->
<script type="text/plain" class="log" id="replaylog-smogtours-gen3ou-799813">
|inactive|Battle timer is ON: inactive players will automatically lose when time's up.
|t:|1729331845
|gametype|singles
|player|p1|Ramsus776|burgh|
|player|p2|Precure Moonlight|miku-ground|
|teamsize|p1|6
|teamsize|p2|6
|gen|3
|tier|[Gen 3] OU
|rule|Sleep Clause Mod: Limit one foe put to sleep
|rule|Switch Priority Clause Mod: Faster Pokémon switch first
|rule|Species Clause: Limit one of each Pokémon
|rule|OHKO Clause: OHKO moves are banned
|rule|Evasion Items Clause: Evasion items are banned
|rule|Evasion Moves Clause: Evasion moves are banned
|rule|Endless Battle Clause: Forcing endless battles is banned
|rule|HP Percentage Mod: HP is shown in percentages
|rule|One Boost Passer Clause: Limit one Baton Passer that has a way to boost its stats
|rule|Freeze Clause Mod: Limit one foe frozen
|
|t:|1729331845
|start
|switch|p1a: Yammers|Hariyama, F|100/100
|switch|p2a: Zapdos|Zapdos|100/100
|turn|1
|
|t:|1729331857
|move|p2a: Zapdos|Thunderbolt|p1a: Yammers
|-damage|p1a: Yammers|58/100
|-status|p1a: Yammers|par
|move|p1a: Yammers|Knock Off|p2a: Zapdos
|-damage|p2a: Zapdos|98/100
|-enditem|p2a: Zapdos|Leftovers|[from] move: Knock Off|[of] p1a: Yammers
|-hint|In Gens 3-4, Knock Off only makes the target's item unusable; it cannot obtain a new item.
|
|-heal|p1a: Yammers|64/100 par|[from] item: Leftovers
|upkeep
|turn|2
|
|t:|1729331867
|switch|p1a: Tu mom|Blissey, F|100/100
|move|p2a: Zapdos|Thunderbolt|p1a: Tu mom
|-damage|p1a: Tu mom|84/100
|
|-heal|p1a: Tu mom|90/100|[from] item: Leftovers
|upkeep
|turn|3
|
|t:|1729331879
|move|p2a: Zapdos|Baton Pass|p2a: Zapdos
|
|t:|1729331882
|switch|p2a: Tyranitar|Tyranitar, M|100/100|[from] Baton Pass
|-weather|Sandstorm|[from] ability: Sand Stream|[of] p2a: Tyranitar
|move|p1a: Tu mom|Aromatherapy|p1a: Tu mom
|-cureteam|p1a: Tu mom|[from] move: Aromatherapy
|
|-weather|Sandstorm|[upkeep]
|-damage|p1a: Tu mom|84/100|[from] Sandstorm
|-heal|p1a: Tu mom|90/100|[from] item: Leftovers
|upkeep
|turn|4
|
|t:|1729331892
|-singleturn|p2a: Tyranitar|move: Focus Punch
|switch|p1a: Millie|Milotic, M|100/100
|move|p2a: Tyranitar|Focus Punch|p1a: Millie
|-damage|p1a: Millie|58/100
|
|-weather|Sandstorm|[upkeep]
|-damage|p1a: Millie|52/100|[from] Sandstorm
|-heal|p1a: Millie|58/100|[from] item: Leftovers
|upkeep
|turn|5
|
|t:|1729331902
|switch|p2a: Celebi|Celebi|100/100
|move|p1a: Millie|Surf|p2a: Celebi
|-resisted|p2a: Celebi
|-damage|p2a: Celebi|91/100
|
|-weather|Sandstorm|[upkeep]
|-damage|p2a: Celebi|85/100|[from] Sandstorm
|-damage|p1a: Millie|52/100|[from] Sandstorm
|-heal|p2a: Celebi|91/100|[from] item: Leftovers
|-heal|p1a: Millie|58/100|[from] item: Leftovers
|upkeep
|turn|6
|
|t:|1729331914
|move|p2a: Celebi|Baton Pass|p2a: Celebi
|
|t:|1729331928
|switch|p2a: Tyranitar|Tyranitar, M|100/100|[from] Baton Pass
|move|p1a: Millie|Recover|p1a: Millie
|-heal|p1a: Millie|100/100
|
|-weather|Sandstorm|[upkeep]
|-damage|p1a: Millie|94/100|[from] Sandstorm
|-heal|p1a: Millie|100/100|[from] item: Leftovers
|upkeep
|turn|7
|
|t:|1729331940
|switch|p2a: Celebi|Celebi|91/100
|move|p1a: Millie|Surf|p2a: Celebi
|-resisted|p2a: Celebi
|-damage|p2a: Celebi|80/100
|
|-weather|Sandstorm|[upkeep]
|-damage|p2a: Celebi|74/100|[from] Sandstorm
|-damage|p1a: Millie|94/100|[from] Sandstorm
|-heal|p2a: Celebi|80/100|[from] item: Leftovers
|-heal|p1a: Millie|100/100|[from] item: Leftovers
|upkeep
|turn|8
|
|t:|1729331950
|move|p2a: Celebi|Calm Mind|p2a: Celebi
|-boost|p2a: Celebi|spa|1
|-boost|p2a: Celebi|spd|1
|move|p1a: Millie|Toxic|p2a: Celebi
|-status|p2a: Celebi|tox
|
|-weather|Sandstorm|[upkeep]
|-damage|p2a: Celebi|74/100 tox|[from] Sandstorm
|-damage|p1a: Millie|94/100|[from] Sandstorm
|-heal|p2a: Celebi|80/100 tox|[from] item: Leftovers
|-damage|p2a: Celebi|74/100 tox|[from] psn
|-heal|p1a: Millie|100/100|[from] item: Leftovers
|upkeep
|turn|9
|
|t:|1729331963
|switch|p1a: Alcachofa|Tyranitar, M|100/100
|move|p2a: Celebi|Baton Pass|p2a: Celebi
|
|t:|1729331973
|-curestatus|p2a: Celebi|tox|[from] ability: Natural Cure
|switch|p2a: Starmie|Starmie|100/100|[from] Baton Pass
|
|-weather|Sandstorm|[upkeep]
|-damage|p2a: Starmie|94/100|[from] Sandstorm
|-heal|p2a: Starmie|100/100|[from] item: Leftovers
|upkeep
|turn|10
|inactive|Precure Moonlight has 270 seconds left.
|
|t:|1729331995
|switch|p1a: Tu mom|Blissey, F|90/100
|move|p2a: Starmie|Thunderbolt|p1a: Tu mom
|-damage|p1a: Tu mom|75/100
|
|-weather|Sandstorm|[upkeep]
|-damage|p2a: Starmie|94/100|[from] Sandstorm
|-damage|p1a: Tu mom|69/100|[from] Sandstorm
|-heal|p2a: Starmie|100/100|[from] item: Leftovers
|-heal|p1a: Tu mom|75/100|[from] item: Leftovers
|upkeep
|turn|11
|inactive|Precure Moonlight has 270 seconds left.
|
|t:|1729332010
|switch|p2a: Tyranitar|Tyranitar, M|100/100
|move|p1a: Tu mom|Soft-Boiled|p1a: Tu mom
|-heal|p1a: Tu mom|100/100
|
|-weather|Sandstorm|[upkeep]
|-damage|p1a: Tu mom|94/100|[from] Sandstorm
|-heal|p1a: Tu mom|100/100|[from] item: Leftovers
|upkeep
|turn|12
|
|t:|1729332019
|switch|p2a: Zapdos|Zapdos|98/100
|move|p1a: Tu mom|Seismic Toss|p2a: Zapdos
|-damage|p2a: Zapdos|67/100
|
|-weather|Sandstorm|[upkeep]
|-damage|p2a: Zapdos|61/100|[from] Sandstorm
|-damage|p1a: Tu mom|94/100|[from] Sandstorm
|-heal|p1a: Tu mom|100/100|[from] item: Leftovers
|upkeep
|turn|13
|
|t:|1729332028
|move|p2a: Zapdos|Baton Pass|p2a: Zapdos
|
|t:|1729332031
|switch|p2a: Tyranitar|Tyranitar, M|100/100|[from] Baton Pass
|move|p1a: Tu mom|Seismic Toss|p2a: Tyranitar
|-damage|p2a: Tyranitar|76/100
|
|-weather|Sandstorm|[upkeep]
|-damage|p1a: Tu mom|94/100|[from] Sandstorm
|-heal|p2a: Tyranitar|82/100|[from] item: Leftovers
|-heal|p1a: Tu mom|100/100|[from] item: Leftovers
|upkeep
|turn|14
|
|t:|1729332050
|switch|p1a: Yammers|Hariyama, F|64/100
|move|p2a: Tyranitar|Rock Slide|p1a: Yammers
|-resisted|p1a: Yammers
|-damage|p1a: Yammers|49/100
|
|-weather|Sandstorm|[upkeep]
|-damage|p1a: Yammers|43/100|[from] Sandstorm
|-heal|p2a: Tyranitar|88/100|[from] item: Leftovers
|-heal|p1a: Yammers|49/100|[from] item: Leftovers
|upkeep
|turn|15
|
|t:|1729332064
|switch|p2a: Zapdos|Zapdos|61/100
|move|p1a: Yammers|Knock Off|p2a: Zapdos
|-damage|p2a: Zapdos|58/100
|
|-weather|Sandstorm|[upkeep]
|-damage|p2a: Zapdos|52/100|[from] Sandstorm
|-damage|p1a: Yammers|43/100|[from] Sandstorm
|-heal|p1a: Yammers|49/100|[from] item: Leftovers
|upkeep
|turn|16
|
|t:|1729332073
|move|p2a: Zapdos|Baton Pass|p2a: Zapdos
|
|t:|1729332085
|switch|p2a: Celebi|Celebi|74/100|[from] Baton Pass
|move|p1a: Yammers|Rest|p1a: Yammers
|-status|p1a: Yammers|slp|[from] move: Rest
|-heal|p1a: Yammers|100/100 slp|[silent]
|
|-weather|Sandstorm|[upkeep]
|-damage|p2a: Celebi|68/100|[from] Sandstorm
|-damage|p1a: Yammers|94/100 slp|[from] Sandstorm
|-heal|p2a: Celebi|74/100|[from] item: Leftovers
|-heal|p1a: Yammers|100/100 slp|[from] item: Leftovers
|upkeep
|turn|17
|
|t:|1729332097
|switch|p1a: Alcachofa|Tyranitar, M|100/100
|move|p2a: Celebi|Baton Pass|p2a: Celebi
|
|t:|1729332101
|switch|p2a: Starmie|Starmie|100/100|[from] Baton Pass
|
|-weather|Sandstorm|[upkeep]
|-damage|p2a: Starmie|94/100|[from] Sandstorm
|-heal|p2a: Starmie|100/100|[from] item: Leftovers
|upkeep
|turn|18
|
|t:|1729332114
|switch|p2a: Dugtrio|Dugtrio, F|100/100
|move|p1a: Alcachofa|Crunch|p2a: Dugtrio
|-damage|p2a: Dugtrio|37/100
|
|-weather|Sandstorm|[upkeep]
|upkeep
|turn|19
|
|t:|1729332129
|move|p2a: Dugtrio|Earthquake|p1a: Alcachofa
|-supereffective|p1a: Alcachofa
|-damage|p1a: Alcachofa|10/100
|move|p1a: Alcachofa|Crunch|p2a: Dugtrio
|-damage|p2a: Dugtrio|0 fnt
|faint|p2a: Dugtrio
|
|t:|1729332144
|switch|p2a: Zapdos|Zapdos|52/100
|
|-weather|Sandstorm|[upkeep]
|-damage|p2a: Zapdos|46/100|[from] Sandstorm
|-heal|p1a: Alcachofa|17/100|[from] item: Leftovers
|upkeep
|turn|20
|
|t:|1729332150
|switch|p1a: Tu mom|Blissey, F|100/100
|move|p2a: Zapdos|Thunderbolt|p1a: Tu mom
|-damage|p1a: Tu mom|83/100
|
|-weather|Sandstorm|[upkeep]
|-damage|p2a: Zapdos|40/100|[from] Sandstorm
|-damage|p1a: Tu mom|77/100|[from] Sandstorm
|-heal|p1a: Tu mom|83/100|[from] item: Leftovers
|upkeep
|turn|21
|
|t:|1729332159
|move|p2a: Zapdos|Baton Pass|p2a: Zapdos
|
|t:|1729332161
|switch|p2a: Tyranitar|Tyranitar, M|88/100|[from] Baton Pass
|move|p1a: Tu mom|Aromatherapy|p1a: Tu mom
|-cureteam|p1a: Tu mom|[from] move: Aromatherapy
|
|-weather|Sandstorm|[upkeep]
|-damage|p1a: Tu mom|77/100|[from] Sandstorm
|-heal|p2a: Tyranitar|94/100|[from] item: Leftovers
|-heal|p1a: Tu mom|83/100|[from] item: Leftovers
|upkeep
|turn|22
|
|t:|1729332170
|-singleturn|p2a: Tyranitar|move: Focus Punch
|switch|p1a: Yammers|Hariyama, F|100/100
|move|p2a: Tyranitar|Focus Punch|p1a: Yammers
|-damage|p1a: Yammers|54/100
|
|-weather|Sandstorm|[upkeep]
|-damage|p1a: Yammers|48/100|[from] Sandstorm
|-heal|p2a: Tyranitar|100/100|[from] item: Leftovers
|-heal|p1a: Yammers|54/100|[from] item: Leftovers
|upkeep
|turn|23
|
|t:|1729332184
|switch|p2a: Zapdos|Zapdos|40/100
|move|p1a: Yammers|Cross Chop|p2a: Zapdos
|-resisted|p2a: Zapdos
|-damage|p2a: Zapdos|14/100
|
|-weather|Sandstorm|[upkeep]
|-damage|p2a: Zapdos|7/100|[from] Sandstorm
|-damage|p1a: Yammers|48/100|[from] Sandstorm
|-heal|p1a: Yammers|54/100|[from] item: Leftovers
|upkeep
|turn|24
|
|t:|1729332204
|move|p2a: Zapdos|Thunderbolt|p1a: Yammers
|-damage|p1a: Yammers|7/100
|move|p1a: Yammers|Rest|p1a: Yammers
|-status|p1a: Yammers|slp|[from] move: Rest
|-heal|p1a: Yammers|100/100 slp|[silent]
|
|-weather|Sandstorm|[upkeep]
|-damage|p2a: Zapdos|1/100|[from] Sandstorm
|-damage|p1a: Yammers|94/100 slp|[from] Sandstorm
|-heal|p1a: Yammers|100/100 slp|[from] item: Leftovers
|upkeep
|turn|25
|
|t:|1729332219
|switch|p1a: Tu mom|Blissey, F|83/100
|move|p2a: Zapdos|Baton Pass|p2a: Zapdos
|
|t:|1729332224
|switch|p2a: Tyranitar|Tyranitar, M|100/100|[from] Baton Pass
|
|-weather|Sandstorm|[upkeep]
|-damage|p1a: Tu mom|77/100|[from] Sandstorm
|-heal|p1a: Tu mom|83/100|[from] item: Leftovers
|upkeep
|turn|26
|
|t:|1729332237
|-singleturn|p2a: Tyranitar|move: Focus Punch
|switch|p1a: Boo|Gengar, F|100/100
|move|p2a: Tyranitar|Focus Punch|p1a: Boo
|-immune|p1a: Boo
|
|-weather|Sandstorm|[upkeep]
|-damage|p1a: Boo|94/100|[from] Sandstorm
|-heal|p1a: Boo|100/100|[from] item: Leftovers
|upkeep
|turn|27
|
|t:|1729332253
|switch|p2a: Celebi|Celebi|74/100
|move|p1a: Boo|Will-O-Wisp|p2a: Celebi|[miss]
|-miss|p1a: Boo|p2a: Celebi
|
|-weather|Sandstorm|[upkeep]
|-damage|p1a: Boo|94/100|[from] Sandstorm
|-damage|p2a: Celebi|68/100|[from] Sandstorm
|-heal|p1a: Boo|100/100|[from] item: Leftovers
|-heal|p2a: Celebi|74/100|[from] item: Leftovers
|upkeep
|turn|28
|
|t:|1729332273
|switch|p1a: Alcachofa|Tyranitar, M|17/100
|move|p2a: Celebi|Baton Pass|p2a: Celebi
|inactive|Precure Moonlight has 270 seconds left.
|
|t:|1729332287
|switch|p2a: Starmie|Starmie|100/100|[from] Baton Pass
|
|-weather|Sandstorm|[upkeep]
|-damage|p2a: Starmie|94/100|[from] Sandstorm
|-heal|p2a: Starmie|100/100|[from] item: Leftovers
|-heal|p1a: Alcachofa|23/100|[from] item: Leftovers
|upkeep
|turn|29
|inactive|Precure Moonlight has 270 seconds left.
|
|t:|1729332304
|switch|p1a: Tu mom|Blissey, F|83/100
|move|p2a: Starmie|Ice Beam|p1a: Tu mom
|-damage|p1a: Tu mom|73/100
|
|-weather|Sandstorm|[upkeep]
|-damage|p2a: Starmie|94/100|[from] Sandstorm
|-damage|p1a: Tu mom|67/100|[from] Sandstorm
|-heal|p2a: Starmie|100/100|[from] item: Leftovers
|-heal|p1a: Tu mom|73/100|[from] item: Leftovers
|upkeep
|turn|30
|inactive|Precure Moonlight has 270 seconds left.
|
|t:|1729332317
|switch|p2a: Tyranitar|Tyranitar, M|100/100
|move|p1a: Tu mom|Aromatherapy|p1a: Tu mom
|-cureteam|p1a: Tu mom|[from] move: Aromatherapy
|
|-weather|Sandstorm|[upkeep]
|-damage|p1a: Tu mom|67/100|[from] Sandstorm
|-heal|p1a: Tu mom|73/100|[from] item: Leftovers
|upkeep
|turn|31
|inactive|Precure Moonlight has 270 seconds left.
|
|t:|1729332326
|-singleturn|p2a: Tyranitar|move: Focus Punch
|switch|p1a: Yammers|Hariyama, F|100/100
|move|p2a: Tyranitar|Focus Punch|p1a: Yammers
|-damage|p1a: Yammers|58/100
|
|-weather|Sandstorm|[upkeep]
|-damage|p1a: Yammers|52/100|[from] Sandstorm
|-heal|p1a: Yammers|58/100|[from] item: Leftovers
|upkeep
|turn|32
|
|t:|1729332336
|switch|p2a: Zapdos|Zapdos|1/100
|move|p1a: Yammers|Cross Chop|p2a: Zapdos|[miss]
|-miss|p1a: Yammers|p2a: Zapdos
|
|-weather|Sandstorm|[upkeep]
|-damage|p2a: Zapdos|0 fnt|[from] Sandstorm
|-damage|p1a: Yammers|52/100|[from] Sandstorm
|faint|p2a: Zapdos
|-heal|p1a: Yammers|58/100|[from] item: Leftovers
|upkeep
|inactive|Precure Moonlight has 270 seconds left.
|
|t:|1729332347
|switch|p2a: Celebi|Celebi|74/100
|turn|33
|
|t:|1729332353
|switch|p1a: Alcachofa|Tyranitar, M|23/100
|move|p2a: Celebi|Psychic|p1a: Alcachofa
|-immune|p1a: Alcachofa
|
|-weather|Sandstorm|[upkeep]
|-damage|p2a: Celebi|68/100|[from] Sandstorm
|-heal|p2a: Celebi|74/100|[from] item: Leftovers
|-heal|p1a: Alcachofa|29/100|[from] item: Leftovers
|upkeep
|turn|34
|
|t:|1729332367
|move|p2a: Celebi|Baton Pass|p2a: Celebi
|
|t:|1729332374
|switch|p2a: Swampert|Swampert, F|100/100|[from] Baton Pass
|move|p1a: Alcachofa|Roar|p2a: Swampert
|drag|p2a: Starmie|Starmie|100/100
|
|-weather|Sandstorm|[upkeep]
|-damage|p2a: Starmie|94/100|[from] Sandstorm
|-heal|p2a: Starmie|100/100|[from] item: Leftovers
|-heal|p1a: Alcachofa|35/100|[from] item: Leftovers
|upkeep
|turn|35
|
|t:|1729332395
|switch|p2a: Tyranitar|Tyranitar, M|100/100
|switch|p1a: Millie|Milotic, M|100/100
|
|-weather|Sandstorm|[upkeep]
|-damage|p1a: Millie|94/100|[from] Sandstorm
|-heal|p1a: Millie|100/100|[from] item: Leftovers
|upkeep
|turn|36
|
|t:|1729332403
|switch|p2a: Celebi|Celebi|74/100
|move|p1a: Millie|Surf|p2a: Celebi
|-resisted|p2a: Celebi
|-damage|p2a: Celebi|64/100
|
|-weather|Sandstorm|[upkeep]
|-damage|p2a: Celebi|58/100|[from] Sandstorm
|-damage|p1a: Millie|94/100|[from] Sandstorm
|-heal|p2a: Celebi|64/100|[from] item: Leftovers
|-heal|p1a: Millie|100/100|[from] item: Leftovers
|upkeep
|turn|37
|
|t:|1729332427
|switch|p1a: Alcachofa|Tyranitar, M|35/100
|move|p2a: Celebi|Psychic|p1a: Alcachofa
|-immune|p1a: Alcachofa
|
|-weather|Sandstorm|[upkeep]
|-damage|p2a: Celebi|58/100|[from] Sandstorm
|-heal|p2a: Celebi|64/100|[from] item: Leftovers
|-heal|p1a: Alcachofa|41/100|[from] item: Leftovers
|upkeep
|turn|38
|
|t:|1729332436
|move|p2a: Celebi|Baton Pass|p2a: Celebi
|
|t:|1729332439
|switch|p2a: Swampert|Swampert, F|100/100|[from] Baton Pass
|move|p1a: Alcachofa|Crunch|p2a: Swampert
|-damage|p2a: Swampert|66/100
|
|-weather|Sandstorm|[upkeep]
|-heal|p1a: Alcachofa|48/100|[from] item: Leftovers
|-heal|p2a: Swampert|72/100|[from] item: Leftovers
|upkeep
|turn|39
|
|t:|1729332447
|switch|p1a: Millie|Milotic, M|100/100
|move|p2a: Swampert|Earthquake|p1a: Millie
|-damage|p1a: Millie|71/100
|
|-weather|Sandstorm|[upkeep]
|-damage|p1a: Millie|65/100|[from] Sandstorm
|-heal|p1a: Millie|71/100|[from] item: Leftovers
|-heal|p2a: Swampert|78/100|[from] item: Leftovers
|upkeep
|turn|40
|
|t:|1729332457
|switch|p2a: Celebi|Celebi|64/100
|move|p1a: Millie|Toxic|p2a: Celebi
|-status|p2a: Celebi|tox
|
|-weather|Sandstorm|[upkeep]
|-damage|p2a: Celebi|58/100 tox|[from] Sandstorm
|-damage|p1a: Millie|65/100|[from] Sandstorm
|-heal|p2a: Celebi|64/100 tox|[from] item: Leftovers
|-damage|p2a: Celebi|58/100 tox|[from] psn
|-heal|p1a: Millie|71/100|[from] item: Leftovers
|upkeep
|turn|41
|
|t:|1729332469
|switch|p1a: Alcachofa|Tyranitar, M|48/100
|move|p2a: Celebi|Baton Pass|p2a: Celebi
|
|t:|1729332474
|-curestatus|p2a: Celebi|tox|[from] ability: Natural Cure
|switch|p2a: Starmie|Starmie|100/100|[from] Baton Pass
|
|-weather|Sandstorm|[upkeep]
|-damage|p2a: Starmie|94/100|[from] Sandstorm
|-heal|p2a: Starmie|100/100|[from] item: Leftovers
|-heal|p1a: Alcachofa|54/100|[from] item: Leftovers
|upkeep
|turn|42
|
|t:|1729332490
|switch|p1a: Tu mom|Blissey, F|73/100
|move|p2a: Starmie|Hydro Pump|p1a: Tu mom
|-damage|p1a: Tu mom|54/100
|
|-weather|Sandstorm|[upkeep]
|-damage|p2a: Starmie|94/100|[from] Sandstorm
|-damage|p1a: Tu mom|48/100|[from] Sandstorm
|-heal|p2a: Starmie|100/100|[from] item: Leftovers
|-heal|p1a: Tu mom|54/100|[from] item: Leftovers
|upkeep
|turn|43
|
|t:|1729332500
|switch|p2a: Tyranitar|Tyranitar, M|100/100
|move|p1a: Tu mom|Soft-Boiled|p1a: Tu mom
|-heal|p1a: Tu mom|100/100
|
|-weather|Sandstorm|[upkeep]
|-damage|p1a: Tu mom|94/100|[from] Sandstorm
|-heal|p1a: Tu mom|100/100|[from] item: Leftovers
|upkeep
|turn|44
|
|t:|1729332508
|switch|p1a: Yammers|Hariyama, F|58/100
|move|p2a: Tyranitar|Rock Slide|p1a: Yammers
|-resisted|p1a: Yammers
|-damage|p1a: Yammers|43/100
|
|-weather|Sandstorm|[upkeep]
|-damage|p1a: Yammers|37/100|[from] Sandstorm
|-heal|p1a: Yammers|43/100|[from] item: Leftovers
|upkeep
|turn|45
|
|t:|1729332529
|-singleturn|p2a: Tyranitar|move: Focus Punch
|move|p1a: Yammers|Knock Off|p2a: Tyranitar
|-resisted|p2a: Tyranitar
|-damage|p2a: Tyranitar|99/100
|-enditem|p2a: Tyranitar|Leftovers|[from] move: Knock Off|[of] p1a: Yammers
|move|p2a: Tyranitar|Focus Punch||[still]
|cant|p2a: Tyranitar|Focus Punch|Focus Punch
|
|-weather|Sandstorm|[upkeep]
|-damage|p1a: Yammers|37/100|[from] Sandstorm
|-heal|p1a: Yammers|43/100|[from] item: Leftovers
|upkeep
|turn|46
|
|t:|1729332541
|switch|p2a: Celebi|Celebi|58/100
|move|p1a: Yammers|Knock Off|p2a: Celebi
|-supereffective|p2a: Celebi
|-damage|p2a: Celebi|55/100
|-enditem|p2a: Celebi|Leftovers|[from] move: Knock Off|[of] p1a: Yammers
|
|-weather|Sandstorm|[upkeep]
|-damage|p2a: Celebi|49/100|[from] Sandstorm
|-damage|p1a: Yammers|37/100|[from] Sandstorm
|-heal|p1a: Yammers|43/100|[from] item: Leftovers
|upkeep
|turn|47
|
|t:|1729332552
|move|p2a: Celebi|Recover|p2a: Celebi
|-heal|p2a: Celebi|99/100
|move|p1a: Yammers|Whirlwind|p2a: Celebi
|drag|p2a: Tyranitar|Tyranitar, M|99/100
|
|-weather|Sandstorm|[upkeep]
|-damage|p1a: Yammers|37/100|[from] Sandstorm
|-heal|p1a: Yammers|43/100|[from] item: Leftovers
|upkeep
|turn|48
|
|t:|1729332562
|move|p2a: Tyranitar|Earthquake|p1a: Yammers
|-damage|p1a: Yammers|12/100
|move|p1a: Yammers|Cross Chop|p2a: Tyranitar
|-supereffective|p2a: Tyranitar
|-damage|p2a: Tyranitar|0 fnt
|faint|p2a: Tyranitar
|
|t:|1729332568
|switch|p2a: Starmie|Starmie|100/100
|
|-weather|Sandstorm|[upkeep]
|-damage|p2a: Starmie|94/100|[from] Sandstorm
|-damage|p1a: Yammers|6/100|[from] Sandstorm
|-heal|p2a: Starmie|100/100|[from] item: Leftovers
|-heal|p1a: Yammers|12/100|[from] item: Leftovers
|upkeep
|turn|49
|
|t:|1729332580
|move|p2a: Starmie|Ice Beam|p1a: Yammers
|-damage|p1a: Yammers|0 fnt
|faint|p1a: Yammers
|
|t:|1729332592
|switch|p1a: Spinny Funny|Forretress, M|100/100
|
|-weather|Sandstorm|[upkeep]
|-damage|p2a: Starmie|94/100|[from] Sandstorm
|-heal|p2a: Starmie|100/100|[from] item: Leftovers
|upkeep
|turn|50
|
|t:|1729332600
|move|p2a: Starmie|Hydro Pump|p1a: Spinny Funny
|-damage|p1a: Spinny Funny|55/100
|move|p1a: Spinny Funny|Explosion|p2a: Starmie
|-damage|p2a: Starmie|0 fnt
|faint|p1a: Spinny Funny
|faint|p2a: Starmie
|
|t:|1729332612
|switch|p2a: Celebi|Celebi|99/100
|switch|p1a: Boo|Gengar, F|100/100
|
|-weather|Sandstorm|[upkeep]
|-damage|p1a: Boo|94/100|[from] Sandstorm
|-damage|p2a: Celebi|92/100|[from] Sandstorm
|-heal|p1a: Boo|100/100|[from] item: Leftovers
|upkeep
|turn|51
|
|t:|1729332621
|move|p1a: Boo|Ice Punch|p2a: Celebi
|-supereffective|p2a: Celebi
|-damage|p2a: Celebi|63/100
|move|p2a: Celebi|Psychic|p1a: Boo
|-supereffective|p1a: Boo
|-damage|p1a: Boo|23/100
|-unboost|p1a: Boo|spd|1
|
|-weather|Sandstorm|[upkeep]
|-damage|p1a: Boo|17/100|[from] Sandstorm
|-damage|p2a: Celebi|57/100|[from] Sandstorm
|-heal|p1a: Boo|23/100|[from] item: Leftovers
|upkeep
|turn|52
|
|t:|1729332632
|move|p1a: Boo|Explosion|p2a: Celebi
|-damage|p2a: Celebi|4/100
|faint|p1a: Boo
|
|t:|1729332637
|switch|p1a: Millie|Milotic, M|71/100
|
|-weather|Sandstorm|[upkeep]
|-damage|p2a: Celebi|0 fnt|[from] Sandstorm
|-damage|p1a: Millie|65/100|[from] Sandstorm
|faint|p2a: Celebi
|-heal|p1a: Millie|71/100|[from] item: Leftovers
|upkeep
|
|t:|1729332643
|switch|p2a: Swampert|Swampert, F|78/100
|turn|53
|
|t:|1729332647
|move|p1a: Millie|Recover|p1a: Millie
|-heal|p1a: Millie|100/100
|move|p2a: Swampert|Earthquake|p1a: Millie
|-crit|p1a: Millie
|-damage|p1a: Millie|44/100
|
|-weather|Sandstorm|[upkeep]
|-damage|p1a: Millie|38/100|[from] Sandstorm
|-heal|p1a: Millie|44/100|[from] item: Leftovers
|-heal|p2a: Swampert|85/100|[from] item: Leftovers
|upkeep
|turn|54
|
|t:|1729332657
|move|p1a: Millie|Recover|p1a: Millie
|-heal|p1a: Millie|94/100
|move|p2a: Swampert|Earthquake|p1a: Millie
|-damage|p1a: Millie|67/100
|
|-weather|Sandstorm|[upkeep]
|-damage|p1a: Millie|61/100|[from] Sandstorm
|-heal|p1a: Millie|67/100|[from] item: Leftovers
|-heal|p2a: Swampert|91/100|[from] item: Leftovers
|upkeep
|turn|55
|
|t:|1729332666
|move|p1a: Millie|Toxic|p2a: Swampert|[miss]
|-miss|p1a: Millie|p2a: Swampert
|move|p2a: Swampert|Earthquake|p1a: Millie
|-damage|p1a: Millie|40/100
|
|-weather|Sandstorm|[upkeep]
|-damage|p1a: Millie|34/100|[from] Sandstorm
|-heal|p1a: Millie|40/100|[from] item: Leftovers
|-heal|p2a: Swampert|97/100|[from] item: Leftovers
|upkeep
|turn|56
|
|t:|1729332675
|move|p1a: Millie|Recover|p1a: Millie
|-heal|p1a: Millie|90/100
|move|p2a: Swampert|Earthquake|p1a: Millie
|-damage|p1a: Millie|63/100
|
|-weather|Sandstorm|[upkeep]
|-damage|p1a: Millie|57/100|[from] Sandstorm
|-heal|p1a: Millie|63/100|[from] item: Leftovers
|-heal|p2a: Swampert|100/100|[from] item: Leftovers
|upkeep
|turn|57
|
|t:|1729332684
|move|p1a: Millie|Toxic|p2a: Swampert
|-status|p2a: Swampert|tox
|move|p2a: Swampert|Earthquake|p1a: Millie
|-damage|p1a: Millie|36/100
|
|-weather|Sandstorm|[upkeep]
|-damage|p1a: Millie|29/100|[from] Sandstorm
|-heal|p1a: Millie|36/100|[from] item: Leftovers
|-damage|p2a: Swampert|94/100 tox|[from] psn
|upkeep
|turn|58
|
|t:|1729332693
|move|p1a: Millie|Recover|p1a: Millie
|-heal|p1a: Millie|86/100
|move|p2a: Swampert|Earthquake|p1a: Millie
|-damage|p1a: Millie|60/100
|
|-weather|Sandstorm|[upkeep]
|-damage|p1a: Millie|54/100|[from] Sandstorm
|-heal|p1a: Millie|60/100|[from] item: Leftovers
|-heal|p2a: Swampert|100/100 tox|[from] item: Leftovers
|-damage|p2a: Swampert|88/100 tox|[from] psn
|upkeep
|turn|59
|
|t:|1729332703
|move|p1a: Millie|Recover|p1a: Millie
|-heal|p1a: Millie|100/100
|move|p2a: Swampert|Earthquake|p1a: Millie
|-damage|p1a: Millie|73/100
|
|-weather|Sandstorm|[upkeep]
|-damage|p1a: Millie|67/100|[from] Sandstorm
|-heal|p1a: Millie|73/100|[from] item: Leftovers
|-heal|p2a: Swampert|94/100 tox|[from] item: Leftovers
|-damage|p2a: Swampert|76/100 tox|[from] psn
|upkeep
|turn|60
|c|☆Precure Moonlight|gg
|-message|Precure Moonlight forfeited.
|
|win|Ramsus776

</script>
<script type="application/json" class="data" id="replaydata-smogtours-gen3ou-799813">
{"id":"smogtours-gen3ou-799813","format":"[Gen 3] OU","players":["Ramsus776","Precure Moonlight"],"uploadtime":1729332711,"views":75,"formatid":"gen3ou","rating":null,"private":0,"password":null}
</script>

<script defer src="js/replays.js?9d40a366"></script>
