<!DOCTYPE html>
<meta charset="utf-8" />
<meta name="viewport" content="width=device-width" />

<title>[Gen 3] OU: OfTheLethani vs. charku - Replays - Pok&eacute;mon Showdown!</title>

<meta name="description" content="Watch a replay of a Pok&eacute;mon battle between OfTheLethani and charku! Format: [Gen 3] OU; Date: Oct 28, 2024" />
<!--

Hey, you! Looking in the source for the replay log?

You can find them in JSON format, just add `.json` at the end of a replay URL.

https://replay.pokemonshowdown.com/gen7randomdoublesbattle-865046831.json

Or, if you only need the log itself, add `.log` instead:

https://replay.pokemonshowdown.com/gen7randomdoublesbattle-865046831.log

-->

<link rel="stylesheet" href="//pokemonshowdown.com/style/global.css?0.023195364461161105" />
<link rel="stylesheet" href="//play.pokemonshowdown.com/style/font-awesome.css?0.13261647063804238" />
<link rel="stylesheet" href="//play.pokemonshowdown.com/style/battle.css?0.8753245789963631" />
<link rel="stylesheet" href="//play.pokemonshowdown.com/style/utilichart.css?0.8627959624976733" />

<!-- Global site tag (gtag.js) - Google Analytics -->
<script async src="https://www.googletagmanager.com/gtag/js?id=UA-26211653-1"></script>
<script>
  window.dataLayer = window.dataLayer || [];
  function gtag(){dataLayer.push(arguments);}
  gtag('js', new Date());

  gtag('config', 'UA-26211653-1');
</script>
<!-- End Google Analytics -->
<!-- Venatus Ad Manager - Install in <HEAD> of page -->
	<script src="https://hb.vntsm.com/v3/live/ad-manager.min.js" type="text/javascript" data-site-id="642aba63ec9a7b11c3c9c1be" data-mode="scan" async></script>
<!-- / Venatus Ad Manager -->

<style>
	@media (max-width:820px) {
		.battle {
			margin: 0 auto;
		}
		.battle-log {
			margin: 7px auto 0;
			max-width: 640px;
			height: 300px;
			position: static;
		}
	}
	.optgroup {
		display: inline-block;
		line-height: 22px;
		font-size: 10pt;
	}
	.optgroup .button {
		height: 25px;
		padding-top: 0;
		padding-bottom: 0;
	}
	.optgroup button.button {
		padding-left: 12px;
		padding-right: 12px;
	}
	.linklist {
		list-style: none;
		margin: 0.5em 0;
		padding: 0;
	}
	.linklist li {
		padding: 2px 0;
	}
	.sidebar {
		float: left;
		width: 320px;
	}
	.bar-wrapper {
		max-width: 1100px;
		margin: 0 auto;
	}
	.bar-wrapper.has-sidebar {
		max-width: 1430px;
	}
	.mainbar {
		margin: 0;
		padding-right: 1px;
	}
	.mainbar.has-sidebar {
		margin-left: 330px;
	}
	@media (min-width: 1511px) {
		.sidebar {
			width: 400px;
		}
		.bar-wrapper.has-sidebar {
			max-width: 1510px;
		}
		.mainbar.has-sidebar {
			margin-left: 410px;
		}
	}
	.section.first-section {
		margin-top: 9px;
	}
	.blocklink small {
		white-space: normal;
	}
	.button {
		vertical-align: middle;
	}
	.replay-controls {
		padding-top: 10px;
	}
	.replay-controls h1 {
		font-size: 16pt;
		font-weight: normal;
		color: #CCC;
	}
	.pagelink {
		text-align: center;
	}
	.pagelink a {
		width: 150px;
	}
	.textbox, .button {
		font-size: 11pt;
		vertical-align: middle;
	}
	@media (max-width: 450px) {
		.button {
			font-size: 9pt;
		}
	}
</style>

<div>

	<header>
		<div class="nav-wrapper"><ul class="nav">
			<li><a class="button nav-first" href="//pokemonshowdown.com/"><img src="//pokemonshowdown.com/images/pokemonshowdownbeta.png" srcset="//pokemonshowdown.com/images/pokemonshowdownbeta.png 1x, //pokemonshowdown.com/images/pokemonshowdownbeta@2x.png 2x" alt="Pok&eacute;mon Showdown" width="146" height="44" /> Home</a></li>
			<li><a class="button" href="//pokemonshowdown.com/dex/">Pok&eacute;dex</a></li>
			<li><a class="button cur" href="/">Replays</a></li>
			<li><a class="button" href="//pokemonshowdown.com/ladder/">Ladder</a></li>
			<li><a class="button nav-last" href="//pokemonshowdown.com/forums/">Forum</a></li>
			<li><a class="button greenbutton nav-first nav-last" href="//play.pokemonshowdown.com/">Play</a></li>
		</ul></div>
	</header>

	<div class="main" id="main">

		<noscript><section class="section">You need to enable JavaScript to use this page; sorry!</section></noscript>

	</div>

</div>

<script defer nomodule src="//play.pokemonshowdown.com/js/lib/ps-polyfill.js"></script>
<script defer src="//play.pokemonshowdown.com/js/lib/preact.min.js"></script>

<script defer src="//play.pokemonshowdown.com/config/config.js?2bddbc15"></script>
<script defer src="//play.pokemonshowdown.com/js/lib/jquery-1.11.0.min.js"></script>
<script defer src="//play.pokemonshowdown.com/js/lib/html-sanitizer-minified.js"></script>
<script defer src="//play.pokemonshowdown.com/js/battle-sound.js"></script>
<script defer src="//play.pokemonshowdown.com/js/battledata.js?0.7209276989879541"></script>
<script defer src="//play.pokemonshowdown.com/data/pokedex-mini.js?0.6111056340867951"></script>
<script defer src="//play.pokemonshowdown.com/data/pokedex-mini-bw.js?0.3532142036491459"></script>
<script defer src="//play.pokemonshowdown.com/data/graphics.js?0.24223875632456182"></script>
<script defer src="//play.pokemonshowdown.com/data/pokedex.js?0.38839984266356864"></script>
<script defer src="//play.pokemonshowdown.com/data/moves.js?0.21866028504024015"></script>
<script defer src="//play.pokemonshowdown.com/data/abilities.js?0.2005157953846628"></script>
<script defer src="//play.pokemonshowdown.com/data/items.js?0.9894211263848525"></script>
<script defer src="//play.pokemonshowdown.com/data/teambuilder-tables.js?0.6008791140282215"></script>
<script defer src="//play.pokemonshowdown.com/js/battle-tooltips.js?0.7580118955022959"></script>
<script defer src="//play.pokemonshowdown.com/js/battle.js?0.6057722274234274"></script>

<script defer src="js/utils.js?e31f9a17"></script>
<script defer src="js/replays-battle.js?7008c182"></script>

<!-- don't scrape this data! just add .json or .log after the URL!
Full API docs: https://github.com/smogon/pokemon-showdown-client/blob/master/WEB-API.md -->
<script type="text/plain" class="log" id="replaylog-smogtours-gen3ou-803095">
|inactive|Battle timer is ON: inactive players will automatically lose when time's up.
|t:|1730138713
|gametype|singles
|player|p1|OfTheLethani|gardenia-masters|
|player|p2|charku|1|
|teamsize|p1|6
|teamsize|p2|6
|gen|3
|tier|[Gen 3] OU
|rule|Sleep Clause Mod: Limit one foe put to sleep
|rule|Switch Priority Clause Mod: Faster Pokémon switch first
|rule|Species Clause: Limit one of each Pokémon
|rule|OHKO Clause: OHKO moves are banned
|rule|Evasion Items Clause: Evasion items are banned
|rule|Evasion Moves Clause: Evasion moves are banned
|rule|Endless Battle Clause: Forcing endless battles is banned
|rule|HP Percentage Mod: HP is shown in percentages
|rule|One Boost Passer Clause: Limit one Baton Passer that has a way to boost its stats
|rule|Freeze Clause Mod: Limit one foe frozen
|
|t:|1730138713
|start
|switch|p1a: Zapdos|Zapdos|100/100
|switch|p2a: Regirock|Regirock|100/100
|turn|1
|inactive|OfTheLethani has 270 seconds left.
|inactive|charku has 270 seconds left.
|c|☆OfTheLethani|glhf
|c|☆charku|glhf
|inactive|OfTheLethani has 240 seconds left.
|inactive|charku has 240 seconds left.
|
|t:|1730138795
|switch|p1a: Jirachi|Jirachi|100/100
|move|p2a: Regirock|Hidden Power|p1a: Jirachi
|-resisted|p1a: Jirachi
|-damage|p1a: Jirachi|87/100
|
|-heal|p1a: Jirachi|94/100|[from] item: Leftovers
|upkeep
|turn|2
|
|t:|1730138812
|switch|p2a: Suicune|Suicune|100/100
|move|p1a: Jirachi|Toxic|p2a: Suicune
|-status|p2a: Suicune|tox
|
|-heal|p1a: Jirachi|99/100|[from] item: Leftovers
|-damage|p2a: Suicune|94/100 tox|[from] psn
|upkeep
|turn|3
|inactive|OfTheLethani has 270 seconds left.
|
|t:|1730138860
|switch|p1a: Zapdos|Zapdos|100/100
|move|p2a: Suicune|Surf|p1a: Zapdos
|-damage|p1a: Zapdos|73/100
|
|-heal|p1a: Zapdos|79/100|[from] item: Leftovers
|-heal|p2a: Suicune|100/100 tox|[from] item: Leftovers
|-damage|p2a: Suicune|88/100 tox|[from] psn
|upkeep
|turn|4
|inactive|charku has 270 seconds left.
|inactive|charku has 240 seconds left.
|inactive|charku has 210 seconds left.
|
|t:|1730138971
|switch|p2a: Dragonite|Dragonite, M|100/100
|move|p1a: Zapdos|Thunderbolt|p2a: Dragonite
|-damage|p2a: Dragonite|64/100
|
|-heal|p1a: Zapdos|86/100|[from] item: Leftovers
|-heal|p2a: Dragonite|70/100|[from] item: Leftovers
|upkeep
|turn|5
|inactive|OfTheLethani has 240 seconds left.
|
|t:|1730139009
|switch|p2a: Regirock|Regirock|100/100
|move|p1a: Zapdos|Thunderbolt|p2a: Regirock
|-damage|p2a: Regirock|59/100
|-status|p2a: Regirock|par
|
|-heal|p1a: Zapdos|92/100|[from] item: Leftovers
|-heal|p2a: Regirock|65/100 par|[from] item: Leftovers
|upkeep
|turn|6
|inactive|charku has 180 seconds left.
|
|t:|1730139031
|switch|p1a: Jirachi|Jirachi|99/100
|move|p2a: Regirock|Explosion|p1a: Jirachi
|-resisted|p1a: Jirachi
|-damage|p1a: Jirachi|37/100
|faint|p2a: Regirock
|inactive|charku has 150 seconds left.
|
|t:|1730139072
|switch|p2a: Dragonite|Dragonite, M|70/100
|
|-heal|p1a: Jirachi|44/100|[from] item: Leftovers
|-heal|p2a: Dragonite|76/100|[from] item: Leftovers
|upkeep
|turn|7
|
|t:|1730139091
|-singleturn|p2a: Dragonite|move: Focus Punch
|move|p1a: Jirachi|Toxic|p2a: Dragonite
|-status|p2a: Dragonite|tox
|move|p2a: Dragonite|Focus Punch|p1a: Jirachi
|-damage|p1a: Jirachi|0 fnt
|faint|p1a: Jirachi
|inactive|OfTheLethani has 210 seconds left.
|inactive|OfTheLethani has 180 seconds left.
|
|t:|1730139164
|switch|p1a: Ptéra|Aerodactyl, F|100/100
|
|-heal|p2a: Dragonite|82/100 tox|[from] item: Leftovers
|-damage|p2a: Dragonite|76/100 tox|[from] psn
|upkeep
|turn|8
|inactive|charku has 150 seconds left.
|
|t:|1730139187
|switch|p2a: Snorlax|Snorlax, F|100/100
|move|p1a: Ptéra|Rock Slide|p2a: Snorlax
|-damage|p2a: Snorlax|61/100
|
|-heal|p2a: Snorlax|67/100|[from] item: Leftovers
|upkeep
|turn|9
|inactive|charku has 150 seconds left.
|inactive|OfTheLethani has 150 seconds left.
|
|t:|1730139227
|switch|p1a: Airmure|Skarmory, M|100/100
|switch|p2a: Metagross|Metagross|100/100
|
|upkeep
|turn|10
|
|t:|1730139233
|switch|p2a: Dragonite|Dragonite, M|76/100 tox
|move|p1a: Airmure|Roar|p2a: Dragonite
|drag|p2a: Snorlax|Snorlax, F|67/100
|
|-heal|p2a: Snorlax|73/100|[from] item: Leftovers
|upkeep
|turn|11
|inactive|OfTheLethani has 150 seconds left.
|
|t:|1730139240
|switch|p2a: Magneton|Magneton|100/100
|move|p1a: Airmure|Spikes|p2a: Magneton
|-sidestart|p2: charku|Spikes
|
|upkeep
|turn|12
|inactive|OfTheLethani has 150 seconds left.
|
|t:|1730139257
|move|p1a: Airmure|Spikes|p2a: Magneton
|-sidestart|p2: charku|Spikes
|move|p2a: Magneton|Thunderbolt|p1a: Airmure
|-supereffective|p1a: Airmure
|-damage|p1a: Airmure|8/100
|
|-heal|p1a: Airmure|14/100|[from] item: Leftovers
|upkeep
|turn|13
|inactive|OfTheLethani has 150 seconds left.
|
|t:|1730139271
|move|p2a: Magneton|Thunderbolt|p1a: Airmure
|-supereffective|p1a: Airmure
|-damage|p1a: Airmure|0 fnt
|faint|p1a: Airmure
|
|t:|1730139299
|switch|p1a: Libégon|Flygon, F|100/100
|
|upkeep
|turn|14
|
|t:|1730139317
|switch|p2a: Dragonite|Dragonite, M|76/100 tox
|move|p1a: Libégon|Earthquake|p2a: Dragonite
|-immune|p2a: Dragonite
|
|-heal|p2a: Dragonite|82/100 tox|[from] item: Leftovers
|-damage|p2a: Dragonite|76/100 tox|[from] psn
|upkeep
|turn|15
|
|t:|1730139325
|move|p1a: Libégon|Flamethrower|p2a: Dragonite
|-resisted|p2a: Dragonite
|-damage|p2a: Dragonite|69/100 tox
|move|p2a: Dragonite|Heal Bell|p2a: Dragonite
|-activate|p2a: Dragonite|move: Heal Bell
|-curestatus|p2a: Dragonite|tox|[silent]
|-curestatus|p2: Suicune|tox|[silent]
|
|-heal|p2a: Dragonite|75/100|[from] item: Leftovers
|upkeep
|turn|16
|
|t:|1730139342
|move|p1a: Libégon|Toxic|p2a: Dragonite
|-status|p2a: Dragonite|tox
|move|p2a: Dragonite|Substitute|p2a: Dragonite
|-start|p2a: Dragonite|Substitute
|-damage|p2a: Dragonite|50/100 tox
|
|-heal|p2a: Dragonite|56/100 tox|[from] item: Leftovers
|-damage|p2a: Dragonite|50/100 tox|[from] psn
|upkeep
|turn|17
|
|t:|1730139354
|switch|p1a: Zapdos|Zapdos|92/100
|move|p2a: Dragonite|Heal Bell|p2a: Dragonite
|-activate|p2a: Dragonite|move: Heal Bell
|-curestatus|p2a: Dragonite|tox|[silent]
|
|-heal|p1a: Zapdos|98/100|[from] item: Leftovers
|-heal|p2a: Dragonite|56/100|[from] item: Leftovers
|upkeep
|turn|18
|
|t:|1730139362
|-singleturn|p2a: Dragonite|move: Focus Punch
|move|p1a: Zapdos|Thunderbolt|p2a: Dragonite
|-crit|p2a: Dragonite
|-end|p2a: Dragonite|Substitute
|move|p2a: Dragonite|Focus Punch|p1a: Zapdos
|-resisted|p1a: Zapdos
|-damage|p1a: Zapdos|68/100
|
|-heal|p1a: Zapdos|74/100|[from] item: Leftovers
|-heal|p2a: Dragonite|62/100|[from] item: Leftovers
|upkeep
|turn|19
|
|t:|1730139372
|switch|p2a: Magneton|Magneton|100/100
|-damage|p2a: Magneton|84/100|[from] Spikes
|move|p1a: Zapdos|Thunderbolt|p2a: Magneton
|-resisted|p2a: Magneton
|-damage|p2a: Magneton|55/100
|
|-heal|p1a: Zapdos|80/100|[from] item: Leftovers
|-heal|p2a: Magneton|61/100|[from] item: Leftovers
|upkeep
|turn|20
|
|t:|1730139385
|switch|p1a: Libégon|Flygon, F|100/100
|move|p2a: Magneton|Toxic|p1a: Libégon
|-status|p1a: Libégon|tox
|
|-damage|p1a: Libégon|94/100 tox|[from] psn
|-heal|p2a: Magneton|67/100|[from] item: Leftovers
|upkeep
|turn|21
|
|t:|1730139396
|switch|p2a: Snorlax|Snorlax, F|73/100
|-damage|p2a: Snorlax|57/100|[from] Spikes
|move|p1a: Libégon|Earthquake|p2a: Snorlax
|-damage|p2a: Snorlax|29/100
|
|-heal|p1a: Libégon|100/100 tox|[from] item: Leftovers
|-damage|p1a: Libégon|88/100 tox|[from] psn
|-heal|p2a: Snorlax|35/100|[from] item: Leftovers
|upkeep
|turn|22
|inactive|charku has 210 seconds left.
|
|t:|1730139412
|move|p1a: Libégon|Protect|p1a: Libégon
|-singleturn|p1a: Libégon|Protect
|move|p2a: Snorlax|Shadow Ball|p1a: Libégon
|-activate|p1a: Libégon|Protect
|
|-heal|p1a: Libégon|94/100 tox|[from] item: Leftovers
|-damage|p1a: Libégon|76/100 tox|[from] psn
|-heal|p2a: Snorlax|41/100|[from] item: Leftovers
|upkeep
|turn|23
|
|t:|1730139433
|switch|p1a: Tyranocif|Tyranitar, M|100/100
|-weather|Sandstorm|[from] ability: Sand Stream|[of] p1a: Tyranocif
|move|p2a: Snorlax|Self-Destruct|p1a: Tyranocif
|-resisted|p1a: Tyranocif
|-damage|p1a: Tyranocif|5/100
|faint|p2a: Snorlax
|inactive|charku has 210 seconds left.
|
|t:|1730139472
|switch|p2a: Suicune|Suicune|88/100
|-damage|p2a: Suicune|72/100|[from] Spikes
|
|-weather|Sandstorm|[upkeep]
|-damage|p2a: Suicune|65/100|[from] Sandstorm
|-heal|p2a: Suicune|72/100|[from] item: Leftovers
|-heal|p1a: Tyranocif|11/100|[from] item: Leftovers
|upkeep
|turn|24
|
|t:|1730139488
|switch|p1a: Zapdos|Zapdos|80/100
|move|p2a: Suicune|Surf|p1a: Zapdos
|-damage|p1a: Zapdos|54/100
|
|-weather|Sandstorm|[upkeep]
|-damage|p1a: Zapdos|48/100|[from] Sandstorm
|-damage|p2a: Suicune|65/100|[from] Sandstorm
|-heal|p1a: Zapdos|54/100|[from] item: Leftovers
|-heal|p2a: Suicune|72/100|[from] item: Leftovers
|upkeep
|turn|25
|
|t:|1730139499
|switch|p2a: Magneton|Magneton|67/100
|-damage|p2a: Magneton|50/100|[from] Spikes
|move|p1a: Zapdos|Thunderbolt|p2a: Magneton
|-resisted|p2a: Magneton
|-damage|p2a: Magneton|21/100
|
|-weather|Sandstorm|[upkeep]
|-damage|p1a: Zapdos|48/100|[from] Sandstorm
|-heal|p1a: Zapdos|54/100|[from] item: Leftovers
|-heal|p2a: Magneton|27/100|[from] item: Leftovers
|upkeep
|turn|26
|
|t:|1730139509
|move|p1a: Zapdos|Thunderbolt|p2a: Magneton
|-resisted|p2a: Magneton
|-damage|p2a: Magneton|0 fnt
|faint|p2a: Magneton
|
|t:|1730139514
|switch|p2a: Metagross|Metagross|100/100
|-damage|p2a: Metagross|84/100|[from] Spikes
|
|-weather|Sandstorm|[upkeep]
|-damage|p1a: Zapdos|48/100|[from] Sandstorm
|-heal|p1a: Zapdos|54/100|[from] item: Leftovers
|-heal|p2a: Metagross|90/100|[from] item: Leftovers
|upkeep
|turn|27
|
|t:|1730139531
|move|p2a: Metagross|Agility|p2a: Metagross
|-boost|p2a: Metagross|spe|2
|move|p1a: Zapdos|Roar|p2a: Metagross
|drag|p2a: Suicune|Suicune|72/100
|-damage|p2a: Suicune|55/100|[from] Spikes
|
|-weather|Sandstorm|[upkeep]
|-damage|p1a: Zapdos|48/100|[from] Sandstorm
|-damage|p2a: Suicune|49/100|[from] Sandstorm
|-heal|p1a: Zapdos|54/100|[from] item: Leftovers
|-heal|p2a: Suicune|55/100|[from] item: Leftovers
|upkeep
|turn|28
|inactive|charku has 210 seconds left.
|
|t:|1730139550
|switch|p2a: Metagross|Metagross|90/100
|-damage|p2a: Metagross|74/100|[from] Spikes
|move|p1a: Zapdos|Thunderbolt|p2a: Metagross
|-damage|p2a: Metagross|34/100
|
|-weather|Sandstorm|[upkeep]
|-damage|p1a: Zapdos|48/100|[from] Sandstorm
|-heal|p1a: Zapdos|54/100|[from] item: Leftovers
|-heal|p2a: Metagross|40/100|[from] item: Leftovers
|upkeep
|turn|29
|inactive|charku has 210 seconds left.
|
|t:|1730139565
|move|p1a: Zapdos|Thunderbolt|p2a: Metagross
|-damage|p2a: Metagross|0 fnt
|faint|p2a: Metagross
|
|t:|1730139568
|switch|p2a: Dragonite|Dragonite, M|62/100
|
|-weather|Sandstorm|[upkeep]
|-damage|p1a: Zapdos|48/100|[from] Sandstorm
|-damage|p2a: Dragonite|56/100|[from] Sandstorm
|-heal|p1a: Zapdos|54/100|[from] item: Leftovers
|-heal|p2a: Dragonite|62/100|[from] item: Leftovers
|upkeep
|turn|30
|inactive|charku has 210 seconds left.
|
|t:|1730139591
|move|p1a: Zapdos|Thunderbolt|p2a: Dragonite
|-damage|p2a: Dragonite|27/100
|move|p2a: Dragonite|Hidden Power|p1a: Zapdos
|-resisted|p1a: Zapdos
|-crit|p1a: Zapdos
|-damage|p1a: Zapdos|12/100
|
|-weather|Sandstorm|[upkeep]
|-damage|p1a: Zapdos|6/100|[from] Sandstorm
|-damage|p2a: Dragonite|21/100|[from] Sandstorm
|-heal|p1a: Zapdos|12/100|[from] item: Leftovers
|-heal|p2a: Dragonite|27/100|[from] item: Leftovers
|upkeep
|turn|31
|
|t:|1730139602
|move|p1a: Zapdos|Thunderbolt|p2a: Dragonite
|-damage|p2a: Dragonite|0 fnt
|faint|p2a: Dragonite
|
|t:|1730139604
|switch|p2a: Suicune|Suicune|55/100
|-damage|p2a: Suicune|38/100|[from] Spikes
|
|-weather|Sandstorm|[upkeep]
|-damage|p1a: Zapdos|6/100|[from] Sandstorm
|-damage|p2a: Suicune|32/100|[from] Sandstorm
|-heal|p1a: Zapdos|12/100|[from] item: Leftovers
|-heal|p2a: Suicune|38/100|[from] item: Leftovers
|upkeep
|turn|32
|inactive|OfTheLethani has 150 seconds left.
|
|t:|1730139612
|move|p1a: Zapdos|Thunderbolt|p2a: Suicune
|-supereffective|p2a: Suicune
|-damage|p2a: Suicune|0 fnt
|faint|p2a: Suicune
|
|win|OfTheLethani
|c|☆charku|gg
|c|☆OfTheLethani|gg
|c|☆charku|ready for game 2 whenever you are
|player|p2|
|player|p2|charku|1|

</script>
<script type="application/json" class="data" id="replaydata-smogtours-gen3ou-803095">
{"id":"smogtours-gen3ou-803095","format":"[Gen 3] OU","players":["OfTheLethani","charku"],"uploadtime":1730139612,"views":78,"formatid":"gen3ou","rating":null,"private":0,"password":null}
</script>

<script defer src="js/replays.js?9d40a366"></script>
