<!DOCTYPE html>
<meta charset="utf-8" />
<meta name="viewport" content="width=device-width" />

<title>[Gen 3] OU: salto vs. Calm Stiege - Replays - Pok&eacute;mon Showdown!</title>

<meta name="description" content="Watch a replay of a Pok&eacute;mon battle between salto and Calm Stiege! Format: [Gen 3] OU; Date: Oct 17, 2024" />
<!--

Hey, you! Looking in the source for the replay log?

You can find them in JSON format, just add `.json` at the end of a replay URL.

https://replay.pokemonshowdown.com/gen7randomdoublesbattle-865046831.json

Or, if you only need the log itself, add `.log` instead:

https://replay.pokemonshowdown.com/gen7randomdoublesbattle-865046831.log

-->

<link rel="stylesheet" href="//pokemonshowdown.com/style/global.css?0.023195364461161105" />
<link rel="stylesheet" href="//play.pokemonshowdown.com/style/font-awesome.css?0.13261647063804238" />
<link rel="stylesheet" href="//play.pokemonshowdown.com/style/battle.css?0.8753245789963631" />
<link rel="stylesheet" href="//play.pokemonshowdown.com/style/utilichart.css?0.8627959624976733" />

<!-- Global site tag (gtag.js) - Google Analytics -->
<script async src="https://www.googletagmanager.com/gtag/js?id=UA-26211653-1"></script>
<script>
  window.dataLayer = window.dataLayer || [];
  function gtag(){dataLayer.push(arguments);}
  gtag('js', new Date());

  gtag('config', 'UA-26211653-1');
</script>
<!-- End Google Analytics -->
<!-- Venatus Ad Manager - Install in <HEAD> of page -->
	<script src="https://hb.vntsm.com/v3/live/ad-manager.min.js" type="text/javascript" data-site-id="642aba63ec9a7b11c3c9c1be" data-mode="scan" async></script>
<!-- / Venatus Ad Manager -->

<style>
	@media (max-width:820px) {
		.battle {
			margin: 0 auto;
		}
		.battle-log {
			margin: 7px auto 0;
			max-width: 640px;
			height: 300px;
			position: static;
		}
	}
	.optgroup {
		display: inline-block;
		line-height: 22px;
		font-size: 10pt;
	}
	.optgroup .button {
		height: 25px;
		padding-top: 0;
		padding-bottom: 0;
	}
	.optgroup button.button {
		padding-left: 12px;
		padding-right: 12px;
	}
	.linklist {
		list-style: none;
		margin: 0.5em 0;
		padding: 0;
	}
	.linklist li {
		padding: 2px 0;
	}
	.sidebar {
		float: left;
		width: 320px;
	}
	.bar-wrapper {
		max-width: 1100px;
		margin: 0 auto;
	}
	.bar-wrapper.has-sidebar {
		max-width: 1430px;
	}
	.mainbar {
		margin: 0;
		padding-right: 1px;
	}
	.mainbar.has-sidebar {
		margin-left: 330px;
	}
	@media (min-width: 1511px) {
		.sidebar {
			width: 400px;
		}
		.bar-wrapper.has-sidebar {
			max-width: 1510px;
		}
		.mainbar.has-sidebar {
			margin-left: 410px;
		}
	}
	.section.first-section {
		margin-top: 9px;
	}
	.blocklink small {
		white-space: normal;
	}
	.button {
		vertical-align: middle;
	}
	.replay-controls {
		padding-top: 10px;
	}
	.replay-controls h1 {
		font-size: 16pt;
		font-weight: normal;
		color: #CCC;
	}
	.pagelink {
		text-align: center;
	}
	.pagelink a {
		width: 150px;
	}
	.textbox, .button {
		font-size: 11pt;
		vertical-align: middle;
	}
	@media (max-width: 450px) {
		.button {
			font-size: 9pt;
		}
	}
</style>

<div>

	<header>
		<div class="nav-wrapper"><ul class="nav">
			<li><a class="button nav-first" href="//pokemonshowdown.com/"><img src="//pokemonshowdown.com/images/pokemonshowdownbeta.png" srcset="//pokemonshowdown.com/images/pokemonshowdownbeta.png 1x, //pokemonshowdown.com/images/pokemonshowdownbeta@2x.png 2x" alt="Pok&eacute;mon Showdown" width="146" height="44" /> Home</a></li>
			<li><a class="button" href="//pokemonshowdown.com/dex/">Pok&eacute;dex</a></li>
			<li><a class="button cur" href="/">Replays</a></li>
			<li><a class="button" href="//pokemonshowdown.com/ladder/">Ladder</a></li>
			<li><a class="button nav-last" href="//pokemonshowdown.com/forums/">Forum</a></li>
			<li><a class="button greenbutton nav-first nav-last" href="//play.pokemonshowdown.com/">Play</a></li>
		</ul></div>
	</header>

	<div class="main" id="main">

		<noscript><section class="section">You need to enable JavaScript to use this page; sorry!</section></noscript>

	</div>

</div>

<script defer nomodule src="//play.pokemonshowdown.com/js/lib/ps-polyfill.js"></script>
<script defer src="//play.pokemonshowdown.com/js/lib/preact.min.js"></script>

<script defer src="//play.pokemonshowdown.com/config/config.js?2bddbc15"></script>
<script defer src="//play.pokemonshowdown.com/js/lib/jquery-1.11.0.min.js"></script>
<script defer src="//play.pokemonshowdown.com/js/lib/html-sanitizer-minified.js"></script>
<script defer src="//play.pokemonshowdown.com/js/battle-sound.js"></script>
<script defer src="//play.pokemonshowdown.com/js/battledata.js?0.7209276989879541"></script>
<script defer src="//play.pokemonshowdown.com/data/pokedex-mini.js?0.6111056340867951"></script>
<script defer src="//play.pokemonshowdown.com/data/pokedex-mini-bw.js?0.3532142036491459"></script>
<script defer src="//play.pokemonshowdown.com/data/graphics.js?0.24223875632456182"></script>
<script defer src="//play.pokemonshowdown.com/data/pokedex.js?0.38839984266356864"></script>
<script defer src="//play.pokemonshowdown.com/data/moves.js?0.21866028504024015"></script>
<script defer src="//play.pokemonshowdown.com/data/abilities.js?0.2005157953846628"></script>
<script defer src="//play.pokemonshowdown.com/data/items.js?0.9894211263848525"></script>
<script defer src="//play.pokemonshowdown.com/data/teambuilder-tables.js?0.6008791140282215"></script>
<script defer src="//play.pokemonshowdown.com/js/battle-tooltips.js?0.7580118955022959"></script>
<script defer src="//play.pokemonshowdown.com/js/battle.js?0.6057722274234274"></script>

<script defer src="js/utils.js?e31f9a17"></script>
<script defer src="js/replays-battle.js?7008c182"></script>

<!-- don't scrape this data! just add .json or .log after the URL!
Full API docs: https://github.com/smogon/pokemon-showdown-client/blob/master/WEB-API.md -->
<script type="text/plain" class="log" id="replaylog-smogtours-gen3ou-799269">
|inactive|Battle timer is ON: inactive players will automatically lose when time's up.
|t:|1729177416
|gametype|singles
|player|p1|salto|grimsley|
|player|p2|Calm Stiege|266|
|teamsize|p1|6
|teamsize|p2|6
|gen|3
|tier|[Gen 3] OU
|rule|Sleep Clause Mod: Limit one foe put to sleep
|rule|Switch Priority Clause Mod: Faster Pokémon switch first
|rule|Species Clause: Limit one of each Pokémon
|rule|OHKO Clause: OHKO moves are banned
|rule|Evasion Items Clause: Evasion items are banned
|rule|Evasion Moves Clause: Evasion moves are banned
|rule|Endless Battle Clause: Forcing endless battles is banned
|rule|HP Percentage Mod: HP is shown in percentages
|rule|One Boost Passer Clause: Limit one Baton Passer that has a way to boost its stats
|rule|Freeze Clause Mod: Limit one foe frozen
|
|t:|1729177416
|start
|switch|p1a: Alakazam|Alakazam, M|100/100
|switch|p2a: Zapdos|Zapdos|100/100
|turn|1
|
|t:|1729177420
|move|p1a: Alakazam|Trick|p2a: Zapdos
|-activate|p1a: Alakazam|move: Trick|[of] p2a: Zapdos
|-item|p2a: Zapdos|Choice Band|[from] move: Trick
|-item|p1a: Alakazam|Choice Band|[from] move: Trick
|move|p2a: Zapdos|Drill Peck|p1a: Alakazam
|-damage|p1a: Alakazam|0 fnt
|faint|p1a: Alakazam
|c|☆Calm Stiege|hfgl
|
|t:|1729177427
|switch|p1a: Forretress|Forretress, F|100/100
|
|upkeep
|turn|2
|
|t:|1729177430
|switch|p2a: Charizard|Charizard, F|100/100
|move|p1a: Forretress|Spikes|p2a: Charizard
|-sidestart|p2: Calm Stiege|Spikes
|
|upkeep
|turn|3
|
|t:|1729177433
|switch|p1a: Suicune|Suicune|100/100
|move|p2a: Charizard|Substitute|p2a: Charizard
|-start|p2a: Charizard|Substitute
|-damage|p2a: Charizard|76/100
|
|-heal|p2a: Charizard|82/100|[from] item: Leftovers
|upkeep
|turn|4
|
|t:|1729177435
|move|p2a: Charizard|Hidden Power|p1a: Suicune
|-supereffective|p1a: Suicune
|-damage|p1a: Suicune|68/100
|move|p1a: Suicune|Surf|p2a: Charizard
|-supereffective|p2a: Charizard
|-end|p2a: Charizard|Substitute
|
|-heal|p2a: Charizard|88/100|[from] item: Leftovers
|-heal|p1a: Suicune|74/100|[from] item: Leftovers
|upkeep
|turn|5
|
|t:|1729177439
|switch|p2a: Celebi|Celebi|100/100
|-damage|p2a: Celebi|88/100|[from] Spikes
|move|p1a: Suicune|Surf|p2a: Celebi
|-resisted|p2a: Celebi
|-damage|p2a: Celebi|75/100
|
|-heal|p2a: Celebi|81/100|[from] item: Leftovers
|-heal|p1a: Suicune|80/100|[from] item: Leftovers
|upkeep
|turn|6
|
|t:|1729177449
|switch|p1a: Dusclops|Dusclops, M|100/100
|move|p2a: Celebi|Leech Seed|p1a: Dusclops
|-start|p1a: Dusclops|move: Leech Seed
|
|-heal|p2a: Celebi|87/100|[from] item: Leftovers
|-damage|p1a: Dusclops|88/100|[from] Leech Seed|[of] p2a: Celebi
|-heal|p2a: Celebi|97/100|[silent]
|upkeep
|turn|7
|
|t:|1729177458
|switch|p1a: Forretress|Forretress, F|100/100
|move|p2a: Celebi|Psychic|p1a: Forretress
|-resisted|p1a: Forretress
|-damage|p1a: Forretress|80/100
|-unboost|p1a: Forretress|spd|1
|
|-heal|p2a: Celebi|100/100|[from] item: Leftovers
|-heal|p1a: Forretress|86/100|[from] item: Leftovers
|upkeep
|turn|8
|
|t:|1729177462
|switch|p1a: Dusclops|Dusclops, M|88/100
|move|p2a: Celebi|Leech Seed|p1a: Dusclops
|-start|p1a: Dusclops|move: Leech Seed
|
|-heal|p1a: Dusclops|94/100|[from] item: Leftovers
|-damage|p1a: Dusclops|82/100|[from] Leech Seed|[of] p2a: Celebi
|upkeep
|turn|9
|
|t:|1729177465
|switch|p1a: Forretress|Forretress, F|86/100
|move|p2a: Celebi|Psychic|p1a: Forretress
|-resisted|p1a: Forretress
|-crit|p1a: Forretress
|-damage|p1a: Forretress|45/100
|
|-heal|p1a: Forretress|51/100|[from] item: Leftovers
|upkeep
|turn|10
|
|t:|1729177468
|move|p2a: Celebi|Leech Seed|p1a: Forretress
|-start|p1a: Forretress|move: Leech Seed
|move|p1a: Forretress|Spikes|p2a: Celebi
|-sidestart|p2: Calm Stiege|Spikes
|
|-heal|p1a: Forretress|57/100|[from] item: Leftovers
|-damage|p1a: Forretress|45/100|[from] Leech Seed|[of] p2a: Celebi
|upkeep
|turn|11
|
|t:|1729177471
|switch|p1a: Dusclops|Dusclops, M|82/100
|move|p2a: Celebi|Psychic|p1a: Dusclops
|-damage|p1a: Dusclops|41/100
|
|-heal|p1a: Dusclops|47/100|[from] item: Leftovers
|upkeep
|turn|12
|
|t:|1729177476
|move|p2a: Celebi|Giga Drain|p1a: Dusclops
|-damage|p1a: Dusclops|19/100
|move|p1a: Dusclops|Pain Split|p2a: Celebi
|-sethp|p2a: Celebi|58/100|[from] move: Pain Split|[silent]
|-sethp|p1a: Dusclops|70/100|[from] move: Pain Split
|
|-heal|p2a: Celebi|64/100|[from] item: Leftovers
|-heal|p1a: Dusclops|76/100|[from] item: Leftovers
|upkeep
|turn|13
|
|t:|1729177487
|move|p2a: Celebi|Leech Seed|p1a: Dusclops
|-start|p1a: Dusclops|move: Leech Seed
|move|p1a: Dusclops|Ice Beam|p2a: Celebi
|-supereffective|p2a: Celebi
|-damage|p2a: Celebi|35/100
|
|-heal|p2a: Celebi|41/100|[from] item: Leftovers
|-heal|p1a: Dusclops|82/100|[from] item: Leftovers
|-damage|p1a: Dusclops|70/100|[from] Leech Seed|[of] p2a: Celebi
|-heal|p2a: Celebi|51/100|[silent]
|upkeep
|turn|14
|
|t:|1729177491
|switch|p1a: Forretress|Forretress, F|45/100
|move|p2a: Celebi|Psychic|p1a: Forretress
|-resisted|p1a: Forretress
|-damage|p1a: Forretress|24/100
|
|-heal|p2a: Celebi|57/100|[from] item: Leftovers
|-heal|p1a: Forretress|30/100|[from] item: Leftovers
|upkeep
|turn|15
|
|t:|1729177495
|move|p2a: Celebi|Hidden Power|p1a: Forretress
|-supereffective|p1a: Forretress
|-damage|p1a: Forretress|0 fnt
|faint|p1a: Forretress
|
|t:|1729177502
|switch|p1a: Metagross|Metagross|100/100
|
|-heal|p2a: Celebi|64/100|[from] item: Leftovers
|upkeep
|turn|16
|
|t:|1729177505
|move|p2a: Celebi|Leech Seed|p1a: Metagross
|-start|p1a: Metagross|move: Leech Seed
|move|p1a: Metagross|Meteor Mash|p2a: Celebi
|-damage|p2a: Celebi|3/100
|-boost|p1a: Metagross|atk|1
|
|-heal|p2a: Celebi|10/100|[from] item: Leftovers
|-damage|p1a: Metagross|88/100|[from] Leech Seed|[of] p2a: Celebi
|-heal|p2a: Celebi|22/100|[silent]
|upkeep
|turn|17
|
|t:|1729177509
|switch|p2a: Charizard|Charizard, F|88/100
|switch|p1a: Zapdos|Zapdos|100/100
|
|-heal|p2a: Charizard|94/100|[from] item: Leftovers
|upkeep
|turn|18
|
|t:|1729177515
|switch|p2a: Blissey|Blissey, F|100/100
|-damage|p2a: Blissey|84/100|[from] Spikes
|move|p1a: Zapdos|Thunderbolt|p2a: Blissey
|-damage|p2a: Blissey|64/100
|
|-heal|p2a: Blissey|70/100|[from] item: Leftovers
|upkeep
|turn|19
|
|t:|1729177521
|switch|p1a: Metagross|Metagross|88/100
|move|p2a: Blissey|Calm Mind|p2a: Blissey
|-boost|p2a: Blissey|spa|1
|-boost|p2a: Blissey|spd|1
|
|-heal|p2a: Blissey|76/100|[from] item: Leftovers
|upkeep
|turn|20
|
|t:|1729177525
|move|p1a: Metagross|Meteor Mash|p2a: Blissey
|-damage|p2a: Blissey|19/100
|move|p2a: Blissey|Thunderbolt|p1a: Metagross
|-damage|p1a: Metagross|48/100
|-status|p1a: Metagross|par
|-enditem|p1a: Metagross|Lum Berry|[eat]
|-curestatus|p1a: Metagross|par|[msg]
|
|-heal|p2a: Blissey|25/100|[from] item: Leftovers
|upkeep
|turn|21
|
|t:|1729177535
|switch|p1a: Zapdos|Zapdos|100/100
|switch|p2a: Forretress|Forretress, M|100/100
|-damage|p2a: Forretress|84/100|[from] Spikes
|
|-heal|p2a: Forretress|90/100|[from] item: Leftovers
|upkeep
|turn|22
|
|t:|1729177540
|switch|p1a: Dusclops|Dusclops, M|70/100
|move|p2a: Forretress|Spikes|p1a: Dusclops
|-sidestart|p1: salto|Spikes
|
|-heal|p2a: Forretress|96/100|[from] item: Leftovers
|-heal|p1a: Dusclops|75/100|[from] item: Leftovers
|upkeep
|turn|23
|
|t:|1729177545
|switch|p2a: Charizard|Charizard, F|94/100
|move|p1a: Dusclops|Calm Mind|p1a: Dusclops
|-boost|p1a: Dusclops|spa|1
|-boost|p1a: Dusclops|spd|1
|
|-heal|p2a: Charizard|99/100|[from] item: Leftovers
|-heal|p1a: Dusclops|81/100|[from] item: Leftovers
|upkeep
|turn|24
|
|t:|1729177548
|move|p2a: Charizard|Fire Blast|p1a: Dusclops
|-damage|p1a: Dusclops|46/100
|move|p1a: Dusclops|Ice Beam|p2a: Charizard
|-damage|p2a: Charizard|67/100
|
|-heal|p2a: Charizard|73/100|[from] item: Leftovers
|-heal|p1a: Dusclops|52/100|[from] item: Leftovers
|upkeep
|turn|25
|
|t:|1729177553
|move|p2a: Charizard|Substitute|p2a: Charizard
|-start|p2a: Charizard|Substitute
|-damage|p2a: Charizard|48/100
|move|p1a: Dusclops|Pain Split||[still]
|-fail|p1a: Dusclops
|
|-heal|p2a: Charizard|54/100|[from] item: Leftovers
|-heal|p1a: Dusclops|58/100|[from] item: Leftovers
|upkeep
|turn|26
|
|t:|1729177555
|move|p2a: Charizard|Fire Blast|p1a: Dusclops
|-damage|p1a: Dusclops|18/100
|move|p1a: Dusclops|Ice Beam|p2a: Charizard
|-end|p2a: Charizard|Substitute
|
|-heal|p2a: Charizard|60/100|[from] item: Leftovers
|-heal|p1a: Dusclops|24/100|[from] item: Leftovers
|upkeep
|turn|27
|
|t:|1729177560
|move|p2a: Charizard|Fire Blast|p1a: Dusclops
|-damage|p1a: Dusclops|0 fnt
|faint|p1a: Dusclops
|
|t:|1729177563
|switch|p1a: Zapdos|Zapdos|100/100
|
|-heal|p2a: Charizard|66/100|[from] item: Leftovers
|upkeep
|turn|28
|
|t:|1729177568
|switch|p2a: Forretress|Forretress, M|96/100
|-damage|p2a: Forretress|80/100|[from] Spikes
|move|p1a: Zapdos|Thunderbolt|p2a: Forretress
|-damage|p2a: Forretress|26/100
|-status|p2a: Forretress|par
|
|-heal|p2a: Forretress|32/100 par|[from] item: Leftovers
|upkeep
|turn|29
|
|t:|1729177570
|move|p1a: Zapdos|Thunderbolt|p2a: Forretress
|-damage|p2a: Forretress|0 fnt
|faint|p2a: Forretress
|
|t:|1729177573
|switch|p2a: Snorlax|Snorlax, M|100/100
|-damage|p2a: Snorlax|84/100|[from] Spikes
|
|-heal|p2a: Snorlax|90/100|[from] item: Leftovers
|upkeep
|turn|30
|
|t:|1729177579
|move|p1a: Zapdos|Thunder Wave|p2a: Snorlax
|-status|p2a: Snorlax|par
|move|p2a: Snorlax|Curse|p2a: Snorlax
|-unboost|p2a: Snorlax|spe|1
|-boost|p2a: Snorlax|atk|1
|-boost|p2a: Snorlax|def|1
|
|-heal|p2a: Snorlax|96/100 par|[from] item: Leftovers
|upkeep
|turn|31
|
|t:|1729177584
|switch|p1a: Suicune|Suicune|80/100
|-damage|p1a: Suicune|68/100|[from] Spikes
|move|p2a: Snorlax|Shadow Ball|p1a: Suicune
|-damage|p1a: Suicune|49/100
|-unboost|p1a: Suicune|spd|1
|
|-heal|p1a: Suicune|55/100|[from] item: Leftovers
|-heal|p2a: Snorlax|100/100 par|[from] item: Leftovers
|upkeep
|turn|32
|
|t:|1729177589
|move|p2a: Snorlax|Return|p1a: Suicune
|-crit|p1a: Suicune
|-damage|p1a: Suicune|0 fnt
|faint|p1a: Suicune
|
|t:|1729177594
|switch|p1a: Metagross|Metagross|48/100
|-damage|p1a: Metagross|36/100|[from] Spikes
|
|upkeep
|turn|33
|
|t:|1729177597
|move|p1a: Metagross|Meteor Mash|p2a: Snorlax
|-damage|p2a: Snorlax|67/100 par
|move|p2a: Snorlax|Shadow Ball|p1a: Metagross
|-damage|p1a: Metagross|11/100
|
|-heal|p2a: Snorlax|73/100 par|[from] item: Leftovers
|upkeep
|turn|34
|
|t:|1729177603
|move|p1a: Metagross|Explosion|p2a: Snorlax
|-damage|p2a: Snorlax|0 fnt
|faint|p1a: Metagross
|faint|p2a: Snorlax
|
|t:|1729177609
|switch|p1a: Zapdos|Zapdos|100/100
|switch|p2a: Celebi|Celebi|22/100
|-damage|p2a: Celebi|5/100|[from] Spikes
|
|-heal|p2a: Celebi|12/100|[from] item: Leftovers
|upkeep
|turn|35
|
|t:|1729177611
|move|p1a: Zapdos|Thunderbolt|p2a: Celebi
|-resisted|p2a: Celebi
|-damage|p2a: Celebi|0 fnt
|faint|p2a: Celebi
|
|t:|1729177619
|switch|p2a: Zapdos|Zapdos|100/100
|
|upkeep
|turn|36
|
|t:|1729177626
|move|p1a: Zapdos|Thunderbolt|p2a: Zapdos
|-damage|p2a: Zapdos|42/100
|move|p2a: Zapdos|Facade|p1a: Zapdos
|-damage|p1a: Zapdos|61/100
|
|-heal|p1a: Zapdos|67/100|[from] item: Leftovers
|upkeep
|turn|37
|
|t:|1729177630
|move|p1a: Zapdos|Thunderbolt|p2a: Zapdos
|-damage|p2a: Zapdos|0 fnt
|faint|p2a: Zapdos
|
|t:|1729177632
|switch|p2a: Blissey|Blissey, F|25/100
|-damage|p2a: Blissey|9/100|[from] Spikes
|
|-heal|p1a: Zapdos|73/100|[from] item: Leftovers
|-heal|p2a: Blissey|15/100|[from] item: Leftovers
|upkeep
|turn|38
|
|t:|1729177634
|move|p1a: Zapdos|Thunderbolt|p2a: Blissey
|-damage|p2a: Blissey|0 fnt
|faint|p2a: Blissey
|
|t:|1729177635
|switch|p2a: Charizard|Charizard, F|66/100
|
|-heal|p1a: Zapdos|80/100|[from] item: Leftovers
|-heal|p2a: Charizard|72/100|[from] item: Leftovers
|upkeep
|turn|39
|
|t:|1729177637
|move|p1a: Zapdos|Thunderbolt|p2a: Charizard
|-supereffective|p2a: Charizard
|-damage|p2a: Charizard|0 fnt
|faint|p2a: Charizard
|
|win|salto
|c|☆salto|gg
|c|☆Calm Stiege|gg
|player|p1|
|player|p1|salto|grimsley|

</script>
<script type="application/json" class="data" id="replaydata-smogtours-gen3ou-799269">
{"id":"smogtours-gen3ou-799269","format":"[Gen 3] OU","players":["salto","Calm Stiege"],"uploadtime":1729177637,"views":85,"formatid":"gen3ou","rating":null,"private":0,"password":null}
</script>

<script defer src="js/replays.js?9d40a366"></script>
