<!DOCTYPE html>
<meta charset="utf-8" />
<meta name="viewport" content="width=device-width" />

<title>[Gen 3] OU: ALlCE vs. xXEricXx - Replays - Pok&eacute;mon Showdown!</title>

<meta name="description" content="Watch a replay of a Pok&eacute;mon battle between ALlCE and xXEricXx! Format: [Gen 3] OU; Date: Oct 23, 2024" />
<!--

Hey, you! Looking in the source for the replay log?

You can find them in JSON format, just add `.json` at the end of a replay URL.

https://replay.pokemonshowdown.com/gen7randomdoublesbattle-865046831.json

Or, if you only need the log itself, add `.log` instead:

https://replay.pokemonshowdown.com/gen7randomdoublesbattle-865046831.log

-->

<link rel="stylesheet" href="//pokemonshowdown.com/style/global.css?0.767286132409787" />
<link rel="stylesheet" href="//play.pokemonshowdown.com/style/font-awesome.css?0.9266228007934947" />
<link rel="stylesheet" href="//play.pokemonshowdown.com/style/battle.css?0.7924700842790926" />
<link rel="stylesheet" href="//play.pokemonshowdown.com/style/utilichart.css?0.8777417872839479" />

<!-- Global site tag (gtag.js) - Google Analytics -->
<script async src="https://www.googletagmanager.com/gtag/js?id=UA-26211653-1"></script>
<script>
  window.dataLayer = window.dataLayer || [];
  function gtag(){dataLayer.push(arguments);}
  gtag('js', new Date());

  gtag('config', 'UA-26211653-1');
</script>
<!-- End Google Analytics -->
<!-- Venatus Ad Manager - Install in <HEAD> of page -->
	<script src="https://hb.vntsm.com/v3/live/ad-manager.min.js" type="text/javascript" data-site-id="642aba63ec9a7b11c3c9c1be" data-mode="scan" async></script>
<!-- / Venatus Ad Manager -->

<style>
	@media (max-width:820px) {
		.battle {
			margin: 0 auto;
		}
		.battle-log {
			margin: 7px auto 0;
			max-width: 640px;
			height: 300px;
			position: static;
		}
	}
	.optgroup {
		display: inline-block;
		line-height: 22px;
		font-size: 10pt;
	}
	.optgroup .button {
		height: 25px;
		padding-top: 0;
		padding-bottom: 0;
	}
	.optgroup button.button {
		padding-left: 12px;
		padding-right: 12px;
	}
	.linklist {
		list-style: none;
		margin: 0.5em 0;
		padding: 0;
	}
	.linklist li {
		padding: 2px 0;
	}
	.sidebar {
		float: left;
		width: 320px;
	}
	.bar-wrapper {
		max-width: 1100px;
		margin: 0 auto;
	}
	.bar-wrapper.has-sidebar {
		max-width: 1430px;
	}
	.mainbar {
		margin: 0;
		padding-right: 1px;
	}
	.mainbar.has-sidebar {
		margin-left: 330px;
	}
	@media (min-width: 1511px) {
		.sidebar {
			width: 400px;
		}
		.bar-wrapper.has-sidebar {
			max-width: 1510px;
		}
		.mainbar.has-sidebar {
			margin-left: 410px;
		}
	}
	.section.first-section {
		margin-top: 9px;
	}
	.blocklink small {
		white-space: normal;
	}
	.button {
		vertical-align: middle;
	}
	.replay-controls {
		padding-top: 10px;
	}
	.replay-controls h1 {
		font-size: 16pt;
		font-weight: normal;
		color: #CCC;
	}
	.pagelink {
		text-align: center;
	}
	.pagelink a {
		width: 150px;
	}
	.textbox, .button {
		font-size: 11pt;
		vertical-align: middle;
	}
	@media (max-width: 450px) {
		.button {
			font-size: 9pt;
		}
	}
</style>

<div>

	<header>
		<div class="nav-wrapper"><ul class="nav">
			<li><a class="button nav-first" href="//pokemonshowdown.com/"><img src="//pokemonshowdown.com/images/pokemonshowdownbeta.png" srcset="//pokemonshowdown.com/images/pokemonshowdownbeta.png 1x, //pokemonshowdown.com/images/pokemonshowdownbeta@2x.png 2x" alt="Pok&eacute;mon Showdown" width="146" height="44" /> Home</a></li>
			<li><a class="button" href="//pokemonshowdown.com/dex/">Pok&eacute;dex</a></li>
			<li><a class="button cur" href="/">Replays</a></li>
			<li><a class="button" href="//pokemonshowdown.com/ladder/">Ladder</a></li>
			<li><a class="button nav-last" href="//pokemonshowdown.com/forums/">Forum</a></li>
			<li><a class="button greenbutton nav-first nav-last" href="//play.pokemonshowdown.com/">Play</a></li>
		</ul></div>
	</header>

	<div class="main" id="main">

		<noscript><section class="section">You need to enable JavaScript to use this page; sorry!</section></noscript>

	</div>

</div>

<script defer nomodule src="//play.pokemonshowdown.com/js/lib/ps-polyfill.js"></script>
<script defer src="//play.pokemonshowdown.com/js/lib/preact.min.js"></script>

<script defer src="//play.pokemonshowdown.com/config/config.js?6dec07f6"></script>
<script defer src="//play.pokemonshowdown.com/js/lib/jquery-1.11.0.min.js"></script>
<script defer src="//play.pokemonshowdown.com/js/lib/html-sanitizer-minified.js"></script>
<script defer src="//play.pokemonshowdown.com/js/battle-sound.js"></script>
<script defer src="//play.pokemonshowdown.com/js/battledata.js?0.6315294753075389"></script>
<script defer src="//play.pokemonshowdown.com/data/pokedex-mini.js?0.7603743185311358"></script>
<script defer src="//play.pokemonshowdown.com/data/pokedex-mini-bw.js?0.030888842834281283"></script>
<script defer src="//play.pokemonshowdown.com/data/graphics.js?0.05593094747507488"></script>
<script defer src="//play.pokemonshowdown.com/data/pokedex.js?0.47064822249611904"></script>
<script defer src="//play.pokemonshowdown.com/data/moves.js?0.8583693120512459"></script>
<script defer src="//play.pokemonshowdown.com/data/abilities.js?0.16017181182386842"></script>
<script defer src="//play.pokemonshowdown.com/data/items.js?0.4163379185673943"></script>
<script defer src="//play.pokemonshowdown.com/data/teambuilder-tables.js?0.31075597372830477"></script>
<script defer src="//play.pokemonshowdown.com/js/battle-tooltips.js?0.6536193500708172"></script>
<script defer src="//play.pokemonshowdown.com/js/battle.js?0.1916591943277901"></script>

<script defer src="js/utils.js?e31f9a17"></script>
<script defer src="js/replays-battle.js?7008c182"></script>

<!-- don't scrape this data! just add .json or .log after the URL!
Full API docs: https://github.com/smogon/pokemon-showdown-client/blob/master/WEB-API.md -->
<script type="text/plain" class="log" id="replaylog-smogtours-gen3ou-801475">
|inactive|Battle timer is ON: inactive players will automatically lose when time's up.
|t:|1729725728
|gametype|singles
|player|p1|ALlCE|#splxvsharks|
|player|p2|xXEricXx|red|
|teamsize|p1|6
|teamsize|p2|6
|gen|3
|tier|[Gen 3] OU
|rule|Sleep Clause Mod: Limit one foe put to sleep
|rule|Switch Priority Clause Mod: Faster Pokémon switch first
|rule|Species Clause: Limit one of each Pokémon
|rule|OHKO Clause: OHKO moves are banned
|rule|Evasion Items Clause: Evasion items are banned
|rule|Evasion Moves Clause: Evasion moves are banned
|rule|Endless Battle Clause: Forcing endless battles is banned
|rule|HP Percentage Mod: HP is shown in percentages
|rule|One Boost Passer Clause: Limit one Baton Passer that has a way to boost its stats
|rule|Freeze Clause Mod: Limit one foe frozen
|
|t:|1729725728
|start
|switch|p1a: Tyranitar|Tyranitar, F|100/100
|switch|p2a: Tyranitar|Tyranitar, F|100/100
|-weather|Sandstorm|[from] ability: Sand Stream|[of] p2a: Tyranitar
|turn|1
|c|☆xXEricXx|hf
|c|☆ALlCE|hf!
|c|☆ALlCE|/log ALlCE made the replay of this battle unlisted.
|inactive|ALlCE has 270 seconds left.
|
|t:|1729725784
|switch|p2a: Swampert|Swampert, M|100/100
|switch|p1a: Skarmory|Skarmory, F|100/100
|
|-weather|Sandstorm|[upkeep]
|upkeep
|turn|2
|
|t:|1729725814
|switch|p2a: Gengar|Gengar, M|100/100
|move|p1a: Skarmory|Toxic|p2a: Gengar
|-immune|p2a: Gengar
|
|-weather|Sandstorm|[upkeep]
|-damage|p2a: Gengar|95/100|[from] Sandstorm
|-heal|p2a: Gengar|100/100|[from] item: Leftovers
|upkeep
|turn|3
|
|t:|1729725825
|switch|p2a: Swampert|Swampert, M|100/100
|switch|p1a: Celebi|Celebi|100/100
|
|-weather|Sandstorm|[upkeep]
|-damage|p1a: Celebi|94/100|[from] Sandstorm
|-heal|p1a: Celebi|100/100|[from] item: Leftovers
|upkeep
|turn|4
|
|t:|1729725844
|switch|p2a: Skarmory|Skarmory, F|100/100
|move|p1a: Celebi|Leech Seed|p2a: Skarmory
|-start|p2a: Skarmory|move: Leech Seed
|
|-weather|Sandstorm|[upkeep]
|-damage|p1a: Celebi|94/100|[from] Sandstorm
|-heal|p1a: Celebi|100/100|[from] item: Leftovers
|-damage|p2a: Skarmory|88/100|[from] Leech Seed|[of] p1a: Celebi
|upkeep
|turn|5
|
|t:|1729725855
|switch|p2a: Tyranitar|Tyranitar, F|100/100
|move|p1a: Celebi|Hidden Power|p2a: Tyranitar
|-resisted|p2a: Tyranitar
|-damage|p2a: Tyranitar|91/100
|
|-weather|Sandstorm|[upkeep]
|-damage|p1a: Celebi|94/100|[from] Sandstorm
|-heal|p1a: Celebi|100/100|[from] item: Leftovers
|upkeep
|turn|6
|inactive|xXEricXx has 270 seconds left.
|
|t:|1729725872
|switch|p1a: Skarmory|Skarmory, F|100/100
|switch|p2a: Jirachi|Jirachi|100/100
|
|-weather|Sandstorm|[upkeep]
|upkeep
|turn|7
|
|t:|1729725879
|move|p2a: Jirachi|Thunderbolt|p1a: Skarmory
|-supereffective|p1a: Skarmory
|-damage|p1a: Skarmory|45/100
|move|p1a: Skarmory|Spikes|p2a: Jirachi
|-sidestart|p2: xXEricXx|Spikes
|
|-weather|Sandstorm|[upkeep]
|-heal|p1a: Skarmory|51/100|[from] item: Leftovers
|upkeep
|turn|8
|
|t:|1729725888
|switch|p1a: Swampert|Swampert, M|100/100
|move|p2a: Jirachi|Ice Punch|p1a: Swampert
|-damage|p1a: Swampert|80/100
|
|-weather|Sandstorm|[upkeep]
|-heal|p1a: Swampert|86/100|[from] item: Leftovers
|upkeep
|turn|9
|
|t:|1729725904
|switch|p2a: Celebi|Celebi|100/100
|-damage|p2a: Celebi|88/100|[from] Spikes
|move|p1a: Swampert|Surf|p2a: Celebi
|-resisted|p2a: Celebi
|-damage|p2a: Celebi|73/100
|
|-weather|Sandstorm|[upkeep]
|-damage|p2a: Celebi|67/100|[from] Sandstorm
|-heal|p2a: Celebi|73/100|[from] item: Leftovers
|-heal|p1a: Swampert|92/100|[from] item: Leftovers
|upkeep
|turn|10
|
|t:|1729725912
|switch|p1a: Celebi|Celebi|100/100
|move|p2a: Celebi|Hidden Power|p1a: Celebi
|-supereffective|p1a: Celebi
|-damage|p1a: Celebi|64/100
|
|-weather|Sandstorm|[upkeep]
|-damage|p2a: Celebi|67/100|[from] Sandstorm
|-damage|p1a: Celebi|58/100|[from] Sandstorm
|-heal|p2a: Celebi|73/100|[from] item: Leftovers
|-heal|p1a: Celebi|64/100|[from] item: Leftovers
|upkeep
|turn|11
|
|t:|1729725930
|switch|p1a: Aerodactyl|Aerodactyl, F|100/100
|move|p2a: Celebi|Hidden Power|p1a: Aerodactyl
|-resisted|p1a: Aerodactyl
|-damage|p1a: Aerodactyl|86/100
|
|-weather|Sandstorm|[upkeep]
|-damage|p2a: Celebi|67/100|[from] Sandstorm
|-heal|p2a: Celebi|73/100|[from] item: Leftovers
|upkeep
|turn|12
|inactive|xXEricXx has 270 seconds left.
|
|t:|1729725947
|switch|p1a: Celebi|Celebi|64/100
|switch|p2a: Swampert|Swampert, M|100/100
|-damage|p2a: Swampert|88/100|[from] Spikes
|
|-weather|Sandstorm|[upkeep]
|-damage|p1a: Celebi|58/100|[from] Sandstorm
|-heal|p1a: Celebi|64/100|[from] item: Leftovers
|-heal|p2a: Swampert|94/100|[from] item: Leftovers
|upkeep
|turn|13
|inactive|xXEricXx has 270 seconds left.
|
|t:|1729725961
|switch|p2a: Skarmory|Skarmory, F|88/100
|move|p1a: Celebi|Leech Seed|p2a: Skarmory
|-start|p2a: Skarmory|move: Leech Seed
|
|-weather|Sandstorm|[upkeep]
|-damage|p1a: Celebi|58/100|[from] Sandstorm
|-heal|p1a: Celebi|64/100|[from] item: Leftovers
|-heal|p2a: Skarmory|94/100|[from] item: Leftovers
|-damage|p2a: Skarmory|82/100|[from] Leech Seed|[of] p1a: Celebi
|-heal|p1a: Celebi|75/100|[silent]
|upkeep
|turn|14
|
|t:|1729725967
|move|p1a: Celebi|Hidden Power|p2a: Skarmory
|-supereffective|p2a: Skarmory
|-damage|p2a: Skarmory|42/100
|move|p2a: Skarmory|Spikes|p1a: Celebi
|-sidestart|p1: ALlCE|Spikes
|
|-weather|Sandstorm|[upkeep]
|-damage|p1a: Celebi|68/100|[from] Sandstorm
|-heal|p1a: Celebi|75/100|[from] item: Leftovers
|-heal|p2a: Skarmory|48/100|[from] item: Leftovers
|-damage|p2a: Skarmory|35/100|[from] Leech Seed|[of] p1a: Celebi
|-heal|p1a: Celebi|85/100|[silent]
|upkeep
|turn|15
|
|t:|1729725976
|switch|p2a: Jirachi|Jirachi|100/100
|-damage|p2a: Jirachi|88/100|[from] Spikes
|move|p1a: Celebi|Giga Drain|p2a: Jirachi
|-resisted|p2a: Jirachi
|-damage|p2a: Jirachi|76/100
|-heal|p1a: Celebi|92/100|[from] drain|[of] p2a: Jirachi
|
|-weather|Sandstorm|[upkeep]
|-damage|p1a: Celebi|85/100|[from] Sandstorm
|-heal|p1a: Celebi|92/100|[from] item: Leftovers
|-heal|p2a: Jirachi|82/100|[from] item: Leftovers
|upkeep
|turn|16
|
|t:|1729725992
|move|p1a: Celebi|Leech Seed|p2a: Jirachi
|-start|p2a: Jirachi|move: Leech Seed
|move|p2a: Jirachi|Ice Punch|p1a: Celebi
|-supereffective|p1a: Celebi
|-damage|p1a: Celebi|48/100
|
|-weather|Sandstorm|[upkeep]
|-damage|p1a: Celebi|42/100|[from] Sandstorm
|-heal|p1a: Celebi|48/100|[from] item: Leftovers
|-heal|p2a: Jirachi|88/100|[from] item: Leftovers
|-damage|p2a: Jirachi|76/100|[from] Leech Seed|[of] p1a: Celebi
|-heal|p1a: Celebi|61/100|[silent]
|upkeep
|turn|17
|
|t:|1729726008
|switch|p2a: Gengar|Gengar, M|100/100
|move|p1a: Celebi|Hidden Power|p2a: Gengar
|-crit|p2a: Gengar
|-damage|p2a: Gengar|49/100
|
|-weather|Sandstorm|[upkeep]
|-damage|p2a: Gengar|43/100|[from] Sandstorm
|-damage|p1a: Celebi|55/100|[from] Sandstorm
|-heal|p2a: Gengar|49/100|[from] item: Leftovers
|-heal|p1a: Celebi|61/100|[from] item: Leftovers
|upkeep
|turn|18
|inactive|xXEricXx has 270 seconds left.
|
|t:|1729726034
|move|p2a: Gengar|Ice Punch|p1a: Celebi
|-supereffective|p1a: Celebi
|-crit|p1a: Celebi
|-damage|p1a: Celebi|0 fnt
|faint|p1a: Celebi
|c|☆ALlCE|o
|inactive|ALlCE has 270 seconds left.
|
|t:|1729726066
|switch|p1a: Aerodactyl|Aerodactyl, F|86/100
|
|-weather|Sandstorm|[upkeep]
|-damage|p2a: Gengar|43/100|[from] Sandstorm
|-heal|p2a: Gengar|49/100|[from] item: Leftovers
|upkeep
|turn|19
|inactive|ALlCE has 270 seconds left.
|inactive|xXEricXx has 270 seconds left.
|
|t:|1729726079
|switch|p2a: Jirachi|Jirachi|76/100
|-damage|p2a: Jirachi|63/100|[from] Spikes
|move|p1a: Aerodactyl|Rock Slide|p2a: Jirachi
|-resisted|p2a: Jirachi
|-damage|p2a: Jirachi|43/100
|
|-weather|Sandstorm|[upkeep]
|-heal|p2a: Jirachi|50/100|[from] item: Leftovers
|upkeep
|turn|20
|
|t:|1729726088
|switch|p1a: Swampert|Swampert, M|92/100
|-damage|p1a: Swampert|80/100|[from] Spikes
|move|p2a: Jirachi|Ice Punch|p1a: Swampert
|-damage|p1a: Swampert|60/100
|-status|p1a: Swampert|frz
|
|-weather|Sandstorm|[upkeep]
|-heal|p2a: Jirachi|56/100|[from] item: Leftovers
|-heal|p1a: Swampert|66/100 frz|[from] item: Leftovers
|upkeep
|turn|21
|
|t:|1729726103
|switch|p1a: Jirachi|Jirachi|100/100
|-damage|p1a: Jirachi|88/100|[from] Spikes
|move|p2a: Jirachi|Substitute|p2a: Jirachi
|-start|p2a: Jirachi|Substitute
|-damage|p2a: Jirachi|31/100
|
|-weather|Sandstorm|[upkeep]
|-heal|p2a: Jirachi|37/100|[from] item: Leftovers
|-heal|p1a: Jirachi|94/100|[from] item: Leftovers
|upkeep
|turn|22
|
|t:|1729726108
|move|p2a: Jirachi|Calm Mind|p2a: Jirachi
|-boost|p2a: Jirachi|spa|1
|-boost|p2a: Jirachi|spd|1
|move|p1a: Jirachi|Fire Punch|p2a: Jirachi
|-supereffective|p2a: Jirachi
|-end|p2a: Jirachi|Substitute
|
|-weather|Sandstorm|[upkeep]
|-heal|p2a: Jirachi|43/100|[from] item: Leftovers
|-heal|p1a: Jirachi|100/100|[from] item: Leftovers
|upkeep
|turn|23
|
|t:|1729726117
|move|p2a: Jirachi|Calm Mind|p2a: Jirachi
|-boost|p2a: Jirachi|spa|1
|-boost|p2a: Jirachi|spd|1
|move|p1a: Jirachi|Fire Punch|p2a: Jirachi
|-supereffective|p2a: Jirachi
|-damage|p2a: Jirachi|23/100
|
|-weather|Sandstorm|[upkeep]
|-heal|p2a: Jirachi|29/100|[from] item: Leftovers
|upkeep
|turn|24
|
|t:|1729726122
|move|p2a: Jirachi|Substitute|p2a: Jirachi
|-start|p2a: Jirachi|Substitute
|-damage|p2a: Jirachi|4/100
|move|p1a: Jirachi|Fire Punch|p2a: Jirachi
|-supereffective|p2a: Jirachi
|-activate|p2a: Jirachi|Substitute|[damage]
|
|-weather|Sandstorm|[upkeep]
|-heal|p2a: Jirachi|10/100|[from] item: Leftovers
|upkeep
|turn|25
|
|t:|1729726124
|move|p2a: Jirachi|Thunderbolt|p1a: Jirachi
|-damage|p1a: Jirachi|49/100
|move|p1a: Jirachi|Fire Punch|p2a: Jirachi
|-supereffective|p2a: Jirachi
|-end|p2a: Jirachi|Substitute
|
|-weather|Sandstorm|[upkeep]
|-heal|p2a: Jirachi|17/100|[from] item: Leftovers
|-heal|p1a: Jirachi|55/100|[from] item: Leftovers
|upkeep
|turn|26
|
|t:|1729726133
|move|p2a: Jirachi|Thunderbolt|p1a: Jirachi
|-damage|p1a: Jirachi|0 fnt
|faint|p1a: Jirachi
|
|t:|1729726140
|switch|p1a: Aerodactyl|Aerodactyl, F|86/100
|
|-weather|Sandstorm|[upkeep]
|-heal|p2a: Jirachi|23/100|[from] item: Leftovers
|upkeep
|turn|27
|
|t:|1729726168
|move|p1a: Aerodactyl|Earthquake|p2a: Jirachi
|-supereffective|p2a: Jirachi
|-damage|p2a: Jirachi|0 fnt
|faint|p2a: Jirachi
|inactive|xXEricXx has 270 seconds left.
|
|t:|1729726194
|switch|p2a: Gengar|Gengar, M|49/100
|
|-weather|Sandstorm|[upkeep]
|-damage|p2a: Gengar|43/100|[from] Sandstorm
|-heal|p2a: Gengar|49/100|[from] item: Leftovers
|upkeep
|turn|28
|
|t:|1729726197
|switch|p1a: Swampert|Swampert, M|66/100 frz
|-damage|p1a: Swampert|53/100 frz|[from] Spikes
|move|p2a: Gengar|Ice Punch|p1a: Swampert
|-damage|p1a: Swampert|33/100 frz
|
|-weather|Sandstorm|[upkeep]
|-damage|p2a: Gengar|43/100|[from] Sandstorm
|-heal|p2a: Gengar|49/100|[from] item: Leftovers
|-heal|p1a: Swampert|39/100 frz|[from] item: Leftovers
|upkeep
|turn|29
|inactive|xXEricXx has 270 seconds left.
|
|t:|1729726206
|move|p2a: Gengar|Ice Punch|p1a: Swampert
|-damage|p1a: Swampert|22/100 frz
|-curestatus|p1a: Swampert|frz|[msg]
|move|p1a: Swampert|Surf|p2a: Gengar
|-damage|p2a: Gengar|0 fnt
|faint|p2a: Gengar
|inactive|xXEricXx has 270 seconds left.
|
|t:|1729726218
|switch|p2a: Tyranitar|Tyranitar, F|91/100
|-damage|p2a: Tyranitar|78/100|[from] Spikes
|
|-weather|Sandstorm|[upkeep]
|-heal|p1a: Swampert|28/100|[from] item: Leftovers
|upkeep
|turn|30
|
|t:|1729726223
|move|p2a: Tyranitar|Hidden Power|p1a: Swampert
|-supereffective|p1a: Swampert
|-damage|p1a: Swampert|0 fnt
|faint|p1a: Swampert
|
|t:|1729726235
|switch|p1a: Tyranitar|Tyranitar, F|100/100
|-damage|p1a: Tyranitar|88/100|[from] Spikes
|
|-weather|Sandstorm|[upkeep]
|upkeep
|turn|31
|
|t:|1729726246
|move|p2a: Tyranitar|Brick Break|p1a: Tyranitar
|-supereffective|p1a: Tyranitar
|-damage|p1a: Tyranitar|20/100
|move|p1a: Tyranitar|Dragon Dance|p1a: Tyranitar
|-boost|p1a: Tyranitar|atk|1
|-boost|p1a: Tyranitar|spe|1
|
|-weather|Sandstorm|[upkeep]
|upkeep
|turn|32
|inactive|xXEricXx has 270 seconds left.
|
|t:|1729726277
|move|p1a: Tyranitar|Earthquake|p2a: Tyranitar
|-supereffective|p2a: Tyranitar
|-damage|p2a: Tyranitar|0 fnt
|faint|p2a: Tyranitar
|
|t:|1729726280
|switch|p2a: Swampert|Swampert, M|94/100
|-damage|p2a: Swampert|82/100|[from] Spikes
|
|-weather|Sandstorm|[upkeep]
|-heal|p2a: Swampert|88/100|[from] item: Leftovers
|upkeep
|turn|33
|inactive|xXEricXx has 270 seconds left.
|
|t:|1729726301
|move|p1a: Tyranitar|Rest|p1a: Tyranitar
|-status|p1a: Tyranitar|slp|[from] move: Rest
|-heal|p1a: Tyranitar|100/100 slp|[silent]
|-enditem|p1a: Tyranitar|Chesto Berry|[eat]
|-curestatus|p1a: Tyranitar|slp|[msg]
|move|p2a: Swampert|Ice Beam|p1a: Tyranitar
|-damage|p1a: Tyranitar|79/100
|
|-weather|Sandstorm|[upkeep]
|-heal|p2a: Swampert|94/100|[from] item: Leftovers
|upkeep
|turn|34
|
|t:|1729726309
|move|p1a: Tyranitar|Earthquake|p2a: Swampert
|-damage|p2a: Swampert|51/100
|move|p2a: Swampert|Hydro Pump|p1a: Tyranitar|[miss]
|-miss|p2a: Swampert|p1a: Tyranitar
|
|-weather|Sandstorm|[upkeep]
|-heal|p2a: Swampert|57/100|[from] item: Leftovers
|upkeep
|turn|35
|
|t:|1729726314
|move|p1a: Tyranitar|Earthquake|p2a: Swampert
|-damage|p2a: Swampert|8/100
|move|p2a: Swampert|Hydro Pump|p1a: Tyranitar|[miss]
|-miss|p2a: Swampert|p1a: Tyranitar
|
|-weather|Sandstorm|[upkeep]
|-heal|p2a: Swampert|14/100|[from] item: Leftovers
|upkeep
|turn|36
|c|☆ALlCE|gg
|
|t:|1729726319
|move|p1a: Tyranitar|Earthquake|p2a: Swampert
|-damage|p2a: Swampert|0 fnt
|faint|p2a: Swampert
|
|t:|1729726325
|switch|p2a: Celebi|Celebi|73/100
|-damage|p2a: Celebi|60/100|[from] Spikes
|
|-weather|Sandstorm|[upkeep]
|-damage|p2a: Celebi|54/100|[from] Sandstorm
|-heal|p2a: Celebi|60/100|[from] item: Leftovers
|upkeep
|turn|37
|
|t:|1729726328
|move|p1a: Tyranitar|Rock Slide|p2a: Celebi
|-damage|p2a: Celebi|13/100
|move|p2a: Celebi|Giga Drain|p1a: Tyranitar
|-supereffective|p1a: Tyranitar
|-damage|p1a: Tyranitar|33/100
|-heal|p2a: Celebi|35/100|[from] drain|[of] p1a: Tyranitar
|
|-weather|Sandstorm|[upkeep]
|-damage|p2a: Celebi|29/100|[from] Sandstorm
|-heal|p2a: Celebi|35/100|[from] item: Leftovers
|upkeep
|turn|38
|
|t:|1729726335
|move|p1a: Tyranitar|Rock Slide|p2a: Celebi
|-damage|p2a: Celebi|0 fnt
|faint|p2a: Celebi
|
|t:|1729726337
|switch|p2a: Skarmory|Skarmory, F|35/100
|
|-weather|Sandstorm|[upkeep]
|-heal|p2a: Skarmory|41/100|[from] item: Leftovers
|upkeep
|turn|39
|
|t:|1729726341
|move|p1a: Tyranitar|Rock Slide|p2a: Skarmory
|-damage|p2a: Skarmory|0 fnt
|faint|p2a: Skarmory
|
|win|ALlCE
|c|☆xXEricXx|gg
|player|p2|

</script>
<script type="application/json" class="data" id="replaydata-smogtours-gen3ou-801475">
{"id":"smogtours-gen3ou-801475","format":"[Gen 3] OU","players":["ALlCE","xXEricXx"],"uploadtime":1729726341,"views":123,"formatid":"gen3ou","rating":null,"private":1,"password":null}
</script>

<script defer src="js/replays.js?9d40a366"></script>
