<!DOCTYPE html>
<meta charset="utf-8" />
<meta name="viewport" content="width=device-width" />

<title>[Gen 3] OU: Depres_ionCher_y vs. Dhgss - Replays - Pok&eacute;mon Showdown!</title>

<meta name="description" content="Watch a replay of a Pok&eacute;mon battle between Depres_ionCher_y and Dhgss! Format: [Gen 3] OU; Date: Oct 19, 2024" />
<!--

Hey, you! Looking in the source for the replay log?

You can find them in JSON format, just add `.json` at the end of a replay URL.

https://replay.pokemonshowdown.com/gen7randomdoublesbattle-865046831.json

Or, if you only need the log itself, add `.log` instead:

https://replay.pokemonshowdown.com/gen7randomdoublesbattle-865046831.log

-->

<link rel="stylesheet" href="//pokemonshowdown.com/style/global.css?0.023195364461161105" />
<link rel="stylesheet" href="//play.pokemonshowdown.com/style/font-awesome.css?0.13261647063804238" />
<link rel="stylesheet" href="//play.pokemonshowdown.com/style/battle.css?0.8753245789963631" />
<link rel="stylesheet" href="//play.pokemonshowdown.com/style/utilichart.css?0.8627959624976733" />

<!-- Global site tag (gtag.js) - Google Analytics -->
<script async src="https://www.googletagmanager.com/gtag/js?id=UA-26211653-1"></script>
<script>
  window.dataLayer = window.dataLayer || [];
  function gtag(){dataLayer.push(arguments);}
  gtag('js', new Date());

  gtag('config', 'UA-26211653-1');
</script>
<!-- End Google Analytics -->
<!-- Venatus Ad Manager - Install in <HEAD> of page -->
	<script src="https://hb.vntsm.com/v3/live/ad-manager.min.js" type="text/javascript" data-site-id="642aba63ec9a7b11c3c9c1be" data-mode="scan" async></script>
<!-- / Venatus Ad Manager -->

<style>
	@media (max-width:820px) {
		.battle {
			margin: 0 auto;
		}
		.battle-log {
			margin: 7px auto 0;
			max-width: 640px;
			height: 300px;
			position: static;
		}
	}
	.optgroup {
		display: inline-block;
		line-height: 22px;
		font-size: 10pt;
	}
	.optgroup .button {
		height: 25px;
		padding-top: 0;
		padding-bottom: 0;
	}
	.optgroup button.button {
		padding-left: 12px;
		padding-right: 12px;
	}
	.linklist {
		list-style: none;
		margin: 0.5em 0;
		padding: 0;
	}
	.linklist li {
		padding: 2px 0;
	}
	.sidebar {
		float: left;
		width: 320px;
	}
	.bar-wrapper {
		max-width: 1100px;
		margin: 0 auto;
	}
	.bar-wrapper.has-sidebar {
		max-width: 1430px;
	}
	.mainbar {
		margin: 0;
		padding-right: 1px;
	}
	.mainbar.has-sidebar {
		margin-left: 330px;
	}
	@media (min-width: 1511px) {
		.sidebar {
			width: 400px;
		}
		.bar-wrapper.has-sidebar {
			max-width: 1510px;
		}
		.mainbar.has-sidebar {
			margin-left: 410px;
		}
	}
	.section.first-section {
		margin-top: 9px;
	}
	.blocklink small {
		white-space: normal;
	}
	.button {
		vertical-align: middle;
	}
	.replay-controls {
		padding-top: 10px;
	}
	.replay-controls h1 {
		font-size: 16pt;
		font-weight: normal;
		color: #CCC;
	}
	.pagelink {
		text-align: center;
	}
	.pagelink a {
		width: 150px;
	}
	.textbox, .button {
		font-size: 11pt;
		vertical-align: middle;
	}
	@media (max-width: 450px) {
		.button {
			font-size: 9pt;
		}
	}
</style>

<div>

	<header>
		<div class="nav-wrapper"><ul class="nav">
			<li><a class="button nav-first" href="//pokemonshowdown.com/"><img src="//pokemonshowdown.com/images/pokemonshowdownbeta.png" srcset="//pokemonshowdown.com/images/pokemonshowdownbeta.png 1x, //pokemonshowdown.com/images/pokemonshowdownbeta@2x.png 2x" alt="Pok&eacute;mon Showdown" width="146" height="44" /> Home</a></li>
			<li><a class="button" href="//pokemonshowdown.com/dex/">Pok&eacute;dex</a></li>
			<li><a class="button cur" href="/">Replays</a></li>
			<li><a class="button" href="//pokemonshowdown.com/ladder/">Ladder</a></li>
			<li><a class="button nav-last" href="//pokemonshowdown.com/forums/">Forum</a></li>
			<li><a class="button greenbutton nav-first nav-last" href="//play.pokemonshowdown.com/">Play</a></li>
		</ul></div>
	</header>

	<div class="main" id="main">

		<noscript><section class="section">You need to enable JavaScript to use this page; sorry!</section></noscript>

	</div>

</div>

<script defer nomodule src="//play.pokemonshowdown.com/js/lib/ps-polyfill.js"></script>
<script defer src="//play.pokemonshowdown.com/js/lib/preact.min.js"></script>

<script defer src="//play.pokemonshowdown.com/config/config.js?2bddbc15"></script>
<script defer src="//play.pokemonshowdown.com/js/lib/jquery-1.11.0.min.js"></script>
<script defer src="//play.pokemonshowdown.com/js/lib/html-sanitizer-minified.js"></script>
<script defer src="//play.pokemonshowdown.com/js/battle-sound.js"></script>
<script defer src="//play.pokemonshowdown.com/js/battledata.js?0.7209276989879541"></script>
<script defer src="//play.pokemonshowdown.com/data/pokedex-mini.js?0.6111056340867951"></script>
<script defer src="//play.pokemonshowdown.com/data/pokedex-mini-bw.js?0.3532142036491459"></script>
<script defer src="//play.pokemonshowdown.com/data/graphics.js?0.24223875632456182"></script>
<script defer src="//play.pokemonshowdown.com/data/pokedex.js?0.38839984266356864"></script>
<script defer src="//play.pokemonshowdown.com/data/moves.js?0.21866028504024015"></script>
<script defer src="//play.pokemonshowdown.com/data/abilities.js?0.2005157953846628"></script>
<script defer src="//play.pokemonshowdown.com/data/items.js?0.9894211263848525"></script>
<script defer src="//play.pokemonshowdown.com/data/teambuilder-tables.js?0.6008791140282215"></script>
<script defer src="//play.pokemonshowdown.com/js/battle-tooltips.js?0.7580118955022959"></script>
<script defer src="//play.pokemonshowdown.com/js/battle.js?0.6057722274234274"></script>

<script defer src="js/utils.js?e31f9a17"></script>
<script defer src="js/replays-battle.js?7008c182"></script>

<!-- don't scrape this data! just add .json or .log after the URL!
Full API docs: https://github.com/smogon/pokemon-showdown-client/blob/master/WEB-API.md -->
<script type="text/plain" class="log" id="replaylog-smogtours-gen3ou-799866">
|inactive|Battle timer is ON: inactive players will automatically lose when time's up.
|t:|1729347090
|gametype|singles
|player|p1|Depres_ionCher_y|waitress-gen4|
|player|p2|Dhgss|ethan|
|teamsize|p1|6
|teamsize|p2|6
|gen|3
|tier|[Gen 3] OU
|rule|Sleep Clause Mod: Limit one foe put to sleep
|rule|Switch Priority Clause Mod: Faster Pokémon switch first
|rule|Species Clause: Limit one of each Pokémon
|rule|OHKO Clause: OHKO moves are banned
|rule|Evasion Items Clause: Evasion items are banned
|rule|Evasion Moves Clause: Evasion moves are banned
|rule|Endless Battle Clause: Forcing endless battles is banned
|rule|HP Percentage Mod: HP is shown in percentages
|rule|One Boost Passer Clause: Limit one Baton Passer that has a way to boost its stats
|rule|Freeze Clause Mod: Limit one foe frozen
|
|t:|1729347090
|start
|switch|p1a: Tyranitar|Tyranitar, F|100/100
|switch|p2a: Salamence|Salamence, M|100/100
|-ability|p2a: Salamence|Intimidate|boost
|-unboost|p1a: Tyranitar|atk|1
|-weather|Sandstorm|[from] ability: Sand Stream|[of] p1a: Tyranitar
|turn|1
|c|☆Depres_ionCher_y|glhf
|c|☆Dhgss|hf
|
|t:|1729347108
|switch|p1a: Milotic|Milotic, F|100/100
|move|p2a: Salamence|Brick Break|p1a: Milotic
|-damage|p1a: Milotic|67/100
|
|-weather|Sandstorm|[upkeep]
|-damage|p2a: Salamence|94/100|[from] Sandstorm
|-damage|p1a: Milotic|61/100|[from] Sandstorm
|-heal|p1a: Milotic|67/100|[from] item: Leftovers
|upkeep
|turn|2
|
|t:|1729347113
|switch|p2a: Forretress|Forretress, F|100/100
|move|p1a: Milotic|Recover|p1a: Milotic
|-heal|p1a: Milotic|100/100
|
|-weather|Sandstorm|[upkeep]
|-damage|p1a: Milotic|94/100|[from] Sandstorm
|-heal|p1a: Milotic|100/100|[from] item: Leftovers
|upkeep
|turn|3
|
|t:|1729347120
|move|p1a: Milotic|Surf|p2a: Forretress
|-damage|p2a: Forretress|69/100
|move|p2a: Forretress|Spikes|p1a: Milotic
|-sidestart|p1: Depres_ionCher_y|Spikes
|
|-weather|Sandstorm|[upkeep]
|-damage|p1a: Milotic|94/100|[from] Sandstorm
|-heal|p1a: Milotic|100/100|[from] item: Leftovers
|-heal|p2a: Forretress|75/100|[from] item: Leftovers
|upkeep
|turn|4
|
|t:|1729347131
|switch|p2a: Milotic|Milotic, M|100/100
|move|p1a: Milotic|Surf|p2a: Milotic
|-resisted|p2a: Milotic
|-damage|p2a: Milotic|88/100
|
|-weather|Sandstorm|[upkeep]
|-damage|p1a: Milotic|94/100|[from] Sandstorm
|-damage|p2a: Milotic|82/100|[from] Sandstorm
|-heal|p1a: Milotic|100/100|[from] item: Leftovers
|-heal|p2a: Milotic|88/100|[from] item: Leftovers
|upkeep
|turn|5
|
|t:|1729347136
|move|p1a: Milotic|Toxic|p2a: Milotic|[miss]
|-miss|p1a: Milotic|p2a: Milotic
|move|p2a: Milotic|Toxic|p1a: Milotic
|-status|p1a: Milotic|tox
|
|-weather|Sandstorm|[upkeep]
|-damage|p1a: Milotic|94/100 tox|[from] Sandstorm
|-damage|p2a: Milotic|82/100|[from] Sandstorm
|-heal|p1a: Milotic|100/100 tox|[from] item: Leftovers
|-heal|p2a: Milotic|88/100|[from] item: Leftovers
|-damage|p1a: Milotic|94/100 tox|[from] psn
|upkeep
|turn|6
|
|t:|1729347156
|move|p2a: Milotic|Surf|p1a: Milotic
|-resisted|p1a: Milotic
|-damage|p1a: Milotic|83/100 tox
|move|p1a: Milotic|Refresh|p1a: Milotic
|-curestatus|p1a: Milotic|tox|[msg]
|
|-weather|Sandstorm|[upkeep]
|-damage|p1a: Milotic|77/100|[from] Sandstorm
|-damage|p2a: Milotic|82/100|[from] Sandstorm
|-heal|p1a: Milotic|83/100|[from] item: Leftovers
|-heal|p2a: Milotic|88/100|[from] item: Leftovers
|upkeep
|turn|7
|
|t:|1729347173
|move|p1a: Milotic|Toxic|p2a: Milotic
|-status|p2a: Milotic|tox
|move|p2a: Milotic|Toxic|p1a: Milotic
|-status|p1a: Milotic|tox
|
|-weather|Sandstorm|[upkeep]
|-damage|p2a: Milotic|82/100 tox|[from] Sandstorm
|-damage|p1a: Milotic|77/100 tox|[from] Sandstorm
|-heal|p1a: Milotic|83/100 tox|[from] item: Leftovers
|-heal|p2a: Milotic|88/100 tox|[from] item: Leftovers
|-damage|p1a: Milotic|77/100 tox|[from] psn
|-damage|p2a: Milotic|82/100 tox|[from] psn
|upkeep
|turn|8
|
|t:|1729347179
|switch|p1a: Skarmory|Skarmory, M|100/100
|move|p2a: Milotic|Refresh|p2a: Milotic
|-curestatus|p2a: Milotic|tox|[msg]
|
|-weather|Sandstorm|[upkeep]
|-damage|p2a: Milotic|76/100|[from] Sandstorm
|-heal|p2a: Milotic|82/100|[from] item: Leftovers
|upkeep
|turn|9
|
|t:|1729347185
|switch|p2a: Forretress|Forretress, F|75/100
|move|p1a: Skarmory|Spikes|p2a: Forretress
|-sidestart|p2: Dhgss|Spikes
|
|-weather|Sandstorm|[upkeep]
|-heal|p2a: Forretress|82/100|[from] item: Leftovers
|upkeep
|turn|10
|
|t:|1729347193
|move|p2a: Forretress|Rapid Spin|p1a: Skarmory
|-resisted|p1a: Skarmory
|-damage|p1a: Skarmory|99/100
|-sideend|p2: Dhgss|Spikes|[from] move: Rapid Spin|[of] p2a: Forretress
|move|p1a: Skarmory|Roar|p2a: Forretress
|drag|p2a: Tyranitar|Tyranitar, M|100/100
|
|-weather|Sandstorm|[upkeep]
|-heal|p1a: Skarmory|100/100|[from] item: Leftovers
|upkeep
|turn|11
|
|t:|1729347207
|switch|p2a: Forretress|Forretress, F|82/100
|switch|p1a: Tyranitar|Tyranitar, F|100/100
|-damage|p1a: Tyranitar|88/100|[from] Spikes
|
|-weather|Sandstorm|[upkeep]
|-heal|p1a: Tyranitar|94/100|[from] item: Leftovers
|-heal|p2a: Forretress|88/100|[from] item: Leftovers
|upkeep
|turn|12
|
|t:|1729347215
|switch|p2a: Milotic|Milotic, M|82/100
|move|p1a: Tyranitar|Rock Slide|p2a: Milotic
|-damage|p2a: Milotic|47/100
|
|-weather|Sandstorm|[upkeep]
|-damage|p2a: Milotic|41/100|[from] Sandstorm
|-heal|p2a: Milotic|47/100|[from] item: Leftovers
|-heal|p1a: Tyranitar|100/100|[from] item: Leftovers
|upkeep
|turn|13
|
|t:|1729347221
|-singleturn|p1a: Tyranitar|move: Focus Punch
|move|p2a: Milotic|Recover|p2a: Milotic
|-heal|p2a: Milotic|97/100
|move|p1a: Tyranitar|Focus Punch|p2a: Milotic
|-damage|p2a: Milotic|54/100
|
|-weather|Sandstorm|[upkeep]
|-damage|p2a: Milotic|47/100|[from] Sandstorm
|-heal|p2a: Milotic|54/100|[from] item: Leftovers
|upkeep
|turn|14
|
|t:|1729347234
|switch|p1a: Milotic|Milotic, F|77/100 tox
|-damage|p1a: Milotic|64/100 tox|[from] Spikes
|move|p2a: Milotic|Surf|p1a: Milotic
|-resisted|p1a: Milotic
|-damage|p1a: Milotic|52/100 tox
|
|-weather|Sandstorm|[upkeep]
|-damage|p2a: Milotic|47/100|[from] Sandstorm
|-damage|p1a: Milotic|46/100 tox|[from] Sandstorm
|-heal|p1a: Milotic|52/100 tox|[from] item: Leftovers
|-heal|p2a: Milotic|54/100|[from] item: Leftovers
|-damage|p1a: Milotic|46/100 tox|[from] psn
|upkeep
|turn|15
|
|t:|1729347242
|move|p1a: Milotic|Recover|p1a: Milotic
|-heal|p1a: Milotic|96/100 tox
|move|p2a: Milotic|Recover|p2a: Milotic
|-heal|p2a: Milotic|100/100
|
|-weather|Sandstorm|[upkeep]
|-damage|p2a: Milotic|94/100|[from] Sandstorm
|-damage|p1a: Milotic|90/100 tox|[from] Sandstorm
|-heal|p2a: Milotic|100/100|[from] item: Leftovers
|-heal|p1a: Milotic|96/100 tox|[from] item: Leftovers
|-damage|p1a: Milotic|83/100 tox|[from] psn
|upkeep
|turn|16
|
|t:|1729347259
|switch|p2a: Jolteon|Jolteon, M|100/100
|move|p1a: Milotic|Refresh|p1a: Milotic
|-curestatus|p1a: Milotic|tox|[msg]
|
|-weather|Sandstorm|[upkeep]
|-damage|p2a: Jolteon|94/100|[from] Sandstorm
|-damage|p1a: Milotic|77/100|[from] Sandstorm
|-heal|p2a: Jolteon|100/100|[from] item: Leftovers
|-heal|p1a: Milotic|83/100|[from] item: Leftovers
|upkeep
|turn|17
|
|t:|1729347266
|switch|p1a: Claydol|Claydol|100/100
|move|p2a: Jolteon|Substitute|p2a: Jolteon
|-start|p2a: Jolteon|Substitute
|-damage|p2a: Jolteon|76/100
|
|-weather|Sandstorm|[upkeep]
|-damage|p2a: Jolteon|69/100|[from] Sandstorm
|-heal|p2a: Jolteon|76/100|[from] item: Leftovers
|upkeep
|turn|18
|inactive|Dhgss has 270 seconds left.
|
|t:|1729347297
|move|p2a: Jolteon|Hidden Power|p1a: Claydol
|-supereffective|p1a: Claydol
|-damage|p1a: Claydol|70/100
|move|p1a: Claydol|Rapid Spin|p2a: Jolteon
|-activate|p2a: Jolteon|Substitute|[damage]
|-sideend|p1: Depres_ionCher_y|Spikes|[from] move: Rapid Spin|[of] p1a: Claydol
|
|-weather|Sandstorm|[upkeep]
|-damage|p2a: Jolteon|69/100|[from] Sandstorm
|-heal|p2a: Jolteon|76/100|[from] item: Leftovers
|-heal|p1a: Claydol|76/100|[from] item: Leftovers
|upkeep
|turn|19
|inactive|Dhgss has 270 seconds left.
|
|t:|1729347308
|switch|p1a: Blissey|Blissey, F|100/100
|move|p2a: Jolteon|Baton Pass|p2a: Jolteon
|inactive|Dhgss has 270 seconds left.
|
|t:|1729347313
|switch|p2a: Tyranitar|Tyranitar, M|100/100|[from] Baton Pass
|
|-weather|Sandstorm|[upkeep]
|-damage|p1a: Blissey|94/100|[from] Sandstorm
|-heal|p1a: Blissey|100/100|[from] item: Leftovers
|upkeep
|turn|20
|
|t:|1729347321
|switch|p1a: Skarmory|Skarmory, M|100/100
|move|p2a: Tyranitar|Rock Slide|p1a: Skarmory
|-damage|p1a: Skarmory|71/100
|
|-weather|Sandstorm|[upkeep]
|-heal|p1a: Skarmory|77/100|[from] item: Leftovers
|upkeep
|turn|21
|
|t:|1729347329
|move|p2a: Tyranitar|Rock Slide|p1a: Skarmory
|-damage|p1a: Skarmory|45/100
|move|p1a: Skarmory|Roar|p2a: Tyranitar
|drag|p2a: Salamence|Salamence, M|94/100
|-ability|p2a: Salamence|Intimidate|boost
|-unboost|p1a: Skarmory|atk|1
|
|-weather|Sandstorm|[upkeep]
|-damage|p2a: Salamence|88/100|[from] Sandstorm
|-heal|p1a: Skarmory|51/100|[from] item: Leftovers
|upkeep
|turn|22
|
|t:|1729347340
|switch|p2a: Forretress|Forretress, F|88/100
|move|p1a: Skarmory|Protect||[still]
|-fail|p1a: Skarmory
|
|-weather|Sandstorm|[upkeep]
|-heal|p1a: Skarmory|57/100|[from] item: Leftovers
|-heal|p2a: Forretress|94/100|[from] item: Leftovers
|upkeep
|turn|23
|
|t:|1729347345
|switch|p1a: Tyranitar|Tyranitar, F|100/100
|move|p2a: Forretress|Spikes|p1a: Tyranitar
|-sidestart|p1: Depres_ionCher_y|Spikes
|
|-weather|Sandstorm|[upkeep]
|-heal|p2a: Forretress|99/100|[from] item: Leftovers
|upkeep
|turn|24
|
|t:|1729347357
|move|p1a: Tyranitar|Rock Slide|p2a: Forretress
|-damage|p2a: Forretress|69/100
|move|p2a: Forretress|Hidden Power|p1a: Tyranitar
|-supereffective|p1a: Tyranitar
|-crit|p1a: Tyranitar
|-damage|p1a: Tyranitar|34/100
|
|-weather|Sandstorm|[upkeep]
|-heal|p1a: Tyranitar|40/100|[from] item: Leftovers
|-heal|p2a: Forretress|76/100|[from] item: Leftovers
|upkeep
|turn|25
|
|t:|1729347370
|move|p1a: Tyranitar|Rock Slide|p2a: Forretress
|-damage|p2a: Forretress|46/100
|move|p2a: Forretress|Hidden Power|p1a: Tyranitar
|-supereffective|p1a: Tyranitar
|-damage|p1a: Tyranitar|3/100
|
|-weather|Sandstorm|[upkeep]
|-heal|p1a: Tyranitar|9/100|[from] item: Leftovers
|-heal|p2a: Forretress|52/100|[from] item: Leftovers
|upkeep
|turn|26
|
|t:|1729347386
|move|p1a: Tyranitar|Rock Slide|p2a: Forretress
|-damage|p2a: Forretress|18/100
|cant|p2a: Forretress|flinch
|
|-weather|Sandstorm|[upkeep]
|-heal|p1a: Tyranitar|15/100|[from] item: Leftovers
|-heal|p2a: Forretress|25/100|[from] item: Leftovers
|upkeep
|turn|27
|
|t:|1729347396
|-singleturn|p1a: Tyranitar|move: Focus Punch
|switch|p2a: Milotic|Milotic, M|100/100
|move|p1a: Tyranitar|Focus Punch|p2a: Milotic
|-damage|p2a: Milotic|60/100
|
|-weather|Sandstorm|[upkeep]
|-damage|p2a: Milotic|54/100|[from] Sandstorm
|-heal|p2a: Milotic|60/100|[from] item: Leftovers
|-heal|p1a: Tyranitar|21/100|[from] item: Leftovers
|upkeep
|turn|28
|
|t:|1729347406
|switch|p1a: Blissey|Blissey, F|100/100
|-damage|p1a: Blissey|88/100|[from] Spikes
|move|p2a: Milotic|Surf|p1a: Blissey
|-damage|p1a: Blissey|75/100
|
|-weather|Sandstorm|[upkeep]
|-damage|p2a: Milotic|54/100|[from] Sandstorm
|-damage|p1a: Blissey|69/100|[from] Sandstorm
|-heal|p2a: Milotic|60/100|[from] item: Leftovers
|-heal|p1a: Blissey|75/100|[from] item: Leftovers
|upkeep
|turn|29
|
|t:|1729347415
|move|p2a: Milotic|Recover|p2a: Milotic
|-heal|p2a: Milotic|100/100
|move|p1a: Blissey|Thunderbolt|p2a: Milotic
|-supereffective|p2a: Milotic
|-damage|p2a: Milotic|64/100
|
|-weather|Sandstorm|[upkeep]
|-damage|p2a: Milotic|58/100|[from] Sandstorm
|-damage|p1a: Blissey|69/100|[from] Sandstorm
|-heal|p2a: Milotic|64/100|[from] item: Leftovers
|-heal|p1a: Blissey|75/100|[from] item: Leftovers
|upkeep
|turn|30
|
|t:|1729347433
|switch|p2a: Jirachi|Jirachi|100/100
|move|p1a: Blissey|Thunderbolt|p2a: Jirachi
|-damage|p2a: Jirachi|84/100
|
|-weather|Sandstorm|[upkeep]
|-damage|p1a: Blissey|69/100|[from] Sandstorm
|-heal|p2a: Jirachi|90/100|[from] item: Leftovers
|-heal|p1a: Blissey|75/100|[from] item: Leftovers
|upkeep
|turn|31
|
|t:|1729347450
|switch|p1a: Milotic|Milotic, F|83/100
|-damage|p1a: Milotic|71/100|[from] Spikes
|move|p2a: Jirachi|Body Slam|p1a: Milotic
|-damage|p1a: Milotic|58/100
|-status|p1a: Milotic|par
|
|-weather|Sandstorm|[upkeep]
|-damage|p1a: Milotic|52/100 par|[from] Sandstorm
|-heal|p2a: Jirachi|97/100|[from] item: Leftovers
|-heal|p1a: Milotic|58/100 par|[from] item: Leftovers
|upkeep
|turn|32
|
|t:|1729347467
|move|p2a: Jirachi|Wish|p2a: Jirachi
|move|p1a: Milotic|Recover|p1a: Milotic
|-heal|p1a: Milotic|100/100 par
|
|-weather|Sandstorm|[upkeep]
|-damage|p1a: Milotic|94/100 par|[from] Sandstorm
|-heal|p2a: Jirachi|100/100|[from] item: Leftovers
|-heal|p1a: Milotic|100/100 par|[from] item: Leftovers
|upkeep
|turn|33
|
|t:|1729347475
|switch|p2a: Jolteon|Jolteon, M|76/100
|move|p1a: Milotic|Surf|p2a: Jolteon
|-damage|p2a: Jolteon|34/100
|
|-heal|p2a: Jolteon|84/100|[from] move: Wish|[wisher] Jirachi
|-weather|Sandstorm|[upkeep]
|-damage|p2a: Jolteon|78/100|[from] Sandstorm
|-damage|p1a: Milotic|94/100 par|[from] Sandstorm
|-heal|p2a: Jolteon|84/100|[from] item: Leftovers
|-heal|p1a: Milotic|100/100 par|[from] item: Leftovers
|upkeep
|turn|34
|
|t:|1729347486
|switch|p1a: Blissey|Blissey, F|75/100
|-damage|p1a: Blissey|63/100|[from] Spikes
|move|p2a: Jolteon|Substitute|p2a: Jolteon
|-start|p2a: Jolteon|Substitute
|-damage|p2a: Jolteon|59/100
|
|-weather|Sandstorm|[upkeep]
|-damage|p2a: Jolteon|53/100|[from] Sandstorm
|-damage|p1a: Blissey|57/100|[from] Sandstorm
|-heal|p2a: Jolteon|59/100|[from] item: Leftovers
|-heal|p1a: Blissey|63/100|[from] item: Leftovers
|upkeep
|turn|35
|
|t:|1729347504
|move|p2a: Jolteon|Baton Pass|p2a: Jolteon
|
|t:|1729347519
|switch|p2a: Salamence|Salamence, M|88/100|[from] Baton Pass
|-ability|p2a: Salamence|Intimidate|boost
|-unboost|p1a: Blissey|atk|1
|move|p1a: Blissey|Ice Beam|p2a: Salamence
|-supereffective|p2a: Salamence
|-end|p2a: Salamence|Substitute
|
|-weather|Sandstorm|[upkeep]
|-damage|p2a: Salamence|82/100|[from] Sandstorm
|-damage|p1a: Blissey|57/100|[from] Sandstorm
|-heal|p1a: Blissey|63/100|[from] item: Leftovers
|upkeep
|turn|36
|
|t:|1729347531
|switch|p1a: Milotic|Milotic, F|100/100 par
|-damage|p1a: Milotic|88/100 par|[from] Spikes
|move|p2a: Salamence|Brick Break|p1a: Milotic
|-damage|p1a: Milotic|65/100 par
|
|-weather|Sandstorm|[upkeep]
|-damage|p2a: Salamence|76/100|[from] Sandstorm
|-damage|p1a: Milotic|59/100 par|[from] Sandstorm
|-heal|p1a: Milotic|65/100 par|[from] item: Leftovers
|upkeep
|turn|37
|inactive|Dhgss has 270 seconds left.
|
|t:|1729347553
|switch|p2a: Milotic|Milotic, M|64/100
|move|p1a: Milotic|Recover|p1a: Milotic
|-heal|p1a: Milotic|100/100 par
|
|-weather|Sandstorm|[upkeep]
|-damage|p2a: Milotic|58/100|[from] Sandstorm
|-damage|p1a: Milotic|94/100 par|[from] Sandstorm
|-heal|p2a: Milotic|64/100|[from] item: Leftovers
|-heal|p1a: Milotic|100/100 par|[from] item: Leftovers
|upkeep
|turn|38
|inactive|Dhgss has 270 seconds left.
|
|t:|1729347561
|switch|p1a: Blissey|Blissey, F|63/100
|-damage|p1a: Blissey|51/100|[from] Spikes
|move|p2a: Milotic|Recover|p2a: Milotic
|-heal|p2a: Milotic|100/100
|
|-weather|Sandstorm|[upkeep]
|-damage|p2a: Milotic|94/100|[from] Sandstorm
|-damage|p1a: Blissey|44/100|[from] Sandstorm
|-heal|p2a: Milotic|100/100|[from] item: Leftovers
|-heal|p1a: Blissey|51/100|[from] item: Leftovers
|upkeep
|turn|39
|
|t:|1729347571
|move|p2a: Milotic|Toxic|p1a: Blissey
|-status|p1a: Blissey|tox
|move|p1a: Blissey|Soft-Boiled|p1a: Blissey
|-heal|p1a: Blissey|100/100 tox
|
|-weather|Sandstorm|[upkeep]
|-damage|p2a: Milotic|94/100|[from] Sandstorm
|-damage|p1a: Blissey|94/100 tox|[from] Sandstorm
|-heal|p2a: Milotic|100/100|[from] item: Leftovers
|-heal|p1a: Blissey|100/100 tox|[from] item: Leftovers
|-damage|p1a: Blissey|94/100 tox|[from] psn
|upkeep
|turn|40
|inactive|Dhgss has 270 seconds left.
|
|t:|1729347587
|switch|p2a: Jolteon|Jolteon, M|59/100
|-curestatus|p1a: Blissey|tox|[from] ability: Natural Cure
|switch|p1a: Milotic|Milotic, F|100/100 par
|-damage|p1a: Milotic|88/100 par|[from] Spikes
|
|-weather|Sandstorm|[upkeep]
|-damage|p2a: Jolteon|53/100|[from] Sandstorm
|-damage|p1a: Milotic|82/100 par|[from] Sandstorm
|-heal|p2a: Jolteon|59/100|[from] item: Leftovers
|-heal|p1a: Milotic|88/100 par|[from] item: Leftovers
|upkeep
|turn|41
|
|t:|1729347597
|switch|p1a: Claydol|Claydol|76/100
|move|p2a: Jolteon|Thunderbolt|p1a: Claydol
|-immune|p1a: Claydol
|
|-weather|Sandstorm|[upkeep]
|-damage|p2a: Jolteon|53/100|[from] Sandstorm
|-heal|p2a: Jolteon|59/100|[from] item: Leftovers
|-heal|p1a: Claydol|82/100|[from] item: Leftovers
|upkeep
|turn|42
|
|t:|1729347609
|move|p2a: Jolteon|Baton Pass|p2a: Jolteon
|
|t:|1729347612
|switch|p2a: Milotic|Milotic, M|100/100|[from] Baton Pass
|move|p1a: Claydol|Rapid Spin|p2a: Milotic
|-damage|p2a: Milotic|98/100
|-sideend|p1: Depres_ionCher_y|Spikes|[from] move: Rapid Spin|[of] p1a: Claydol
|
|-weather|Sandstorm|[upkeep]
|-damage|p2a: Milotic|92/100|[from] Sandstorm
|-heal|p2a: Milotic|98/100|[from] item: Leftovers
|-heal|p1a: Claydol|88/100|[from] item: Leftovers
|upkeep
|turn|43
|
|t:|1729347621
|switch|p1a: Milotic|Milotic, F|88/100 par
|move|p2a: Milotic|Toxic||[still]
|-fail|p2a: Milotic
|
|-weather|Sandstorm|[upkeep]
|-damage|p2a: Milotic|92/100|[from] Sandstorm
|-damage|p1a: Milotic|82/100 par|[from] Sandstorm
|-heal|p2a: Milotic|98/100|[from] item: Leftovers
|-heal|p1a: Milotic|88/100 par|[from] item: Leftovers
|upkeep
|turn|44
|
|t:|1729347626
|switch|p2a: Jirachi|Jirachi|100/100
|cant|p1a: Milotic|par
|
|-weather|Sandstorm|[upkeep]
|-damage|p1a: Milotic|82/100 par|[from] Sandstorm
|-heal|p1a: Milotic|88/100 par|[from] item: Leftovers
|upkeep
|turn|45
|
|t:|1729347631
|move|p2a: Jirachi|Wish|p2a: Jirachi
|move|p1a: Milotic|Refresh|p1a: Milotic
|-curestatus|p1a: Milotic|par|[msg]
|
|-weather|Sandstorm|[upkeep]
|-damage|p1a: Milotic|82/100|[from] Sandstorm
|-heal|p1a: Milotic|88/100|[from] item: Leftovers
|upkeep
|turn|46
|
|t:|1729347639
|move|p2a: Jirachi|Body Slam|p1a: Milotic
|-damage|p1a: Milotic|74/100
|move|p1a: Milotic|Surf|p2a: Jirachi
|-damage|p2a: Jirachi|79/100
|
|-heal|p2a: Jirachi|100/100|[from] move: Wish|[wisher] Jirachi
|-weather|Sandstorm|[upkeep]
|-damage|p1a: Milotic|68/100|[from] Sandstorm
|-heal|p1a: Milotic|74/100|[from] item: Leftovers
|upkeep
|turn|47
|
|t:|1729347650
|switch|p1a: Tyranitar|Tyranitar, F|21/100
|move|p2a: Jirachi|Wish|p2a: Jirachi
|
|-weather|Sandstorm|[upkeep]
|-heal|p1a: Tyranitar|28/100|[from] item: Leftovers
|upkeep
|turn|48
|
|t:|1729347662
|switch|p2a: Milotic|Milotic, M|98/100
|move|p1a: Tyranitar|Rock Slide|p2a: Milotic
|-damage|p2a: Milotic|64/100
|
|-heal|p2a: Milotic|100/100|[from] move: Wish|[wisher] Jirachi
|-weather|Sandstorm|[upkeep]
|-damage|p2a: Milotic|94/100|[from] Sandstorm
|-heal|p2a: Milotic|100/100|[from] item: Leftovers
|-heal|p1a: Tyranitar|34/100|[from] item: Leftovers
|upkeep
|turn|49
|
|t:|1729347669
|switch|p1a: Milotic|Milotic, F|74/100
|move|p2a: Milotic|Surf|p1a: Milotic
|-resisted|p1a: Milotic
|-damage|p1a: Milotic|62/100
|
|-weather|Sandstorm|[upkeep]
|-damage|p2a: Milotic|94/100|[from] Sandstorm
|-damage|p1a: Milotic|56/100|[from] Sandstorm
|-heal|p2a: Milotic|100/100|[from] item: Leftovers
|-heal|p1a: Milotic|62/100|[from] item: Leftovers
|upkeep
|turn|50
|
|t:|1729347679
|move|p1a: Milotic|Recover|p1a: Milotic
|-heal|p1a: Milotic|100/100
|move|p2a: Milotic|Toxic|p1a: Milotic
|-status|p1a: Milotic|tox
|
|-weather|Sandstorm|[upkeep]
|-damage|p1a: Milotic|94/100 tox|[from] Sandstorm
|-damage|p2a: Milotic|94/100|[from] Sandstorm
|-heal|p2a: Milotic|100/100|[from] item: Leftovers
|-heal|p1a: Milotic|100/100 tox|[from] item: Leftovers
|-damage|p1a: Milotic|94/100 tox|[from] psn
|upkeep
|turn|51
|
|t:|1729347690
|switch|p2a: Jirachi|Jirachi|100/100
|move|p1a: Milotic|Refresh|p1a: Milotic
|-curestatus|p1a: Milotic|tox|[msg]
|
|-weather|Sandstorm|[upkeep]
|-damage|p1a: Milotic|88/100|[from] Sandstorm
|-heal|p1a: Milotic|94/100|[from] item: Leftovers
|upkeep
|turn|52
|
|t:|1729347697
|switch|p1a: Tyranitar|Tyranitar, F|34/100
|move|p2a: Jirachi|Body Slam|p1a: Tyranitar
|-resisted|p1a: Tyranitar
|-damage|p1a: Tyranitar|26/100
|
|-weather|Sandstorm|[upkeep]
|-heal|p1a: Tyranitar|33/100|[from] item: Leftovers
|upkeep
|turn|53
|
|t:|1729347706
|move|p2a: Jirachi|Body Slam|p1a: Tyranitar
|-resisted|p1a: Tyranitar
|-damage|p1a: Tyranitar|26/100
|move|p1a: Tyranitar|Rock Slide|p2a: Jirachi
|-resisted|p2a: Jirachi
|-damage|p2a: Jirachi|84/100
|
|-weather|Sandstorm|[upkeep]
|-heal|p2a: Jirachi|90/100|[from] item: Leftovers
|-heal|p1a: Tyranitar|32/100|[from] item: Leftovers
|upkeep
|turn|54
|
|t:|1729347716
|move|p2a: Jirachi|Body Slam|p1a: Tyranitar
|-resisted|p1a: Tyranitar
|-damage|p1a: Tyranitar|24/100
|-status|p1a: Tyranitar|par
|cant|p1a: Tyranitar|par
|
|-weather|Sandstorm|[upkeep]
|-heal|p2a: Jirachi|97/100|[from] item: Leftovers
|-heal|p1a: Tyranitar|30/100 par|[from] item: Leftovers
|upkeep
|turn|55
|
|t:|1729347731
|switch|p2a: Milotic|Milotic, M|100/100
|move|p1a: Tyranitar|Earthquake|p2a: Milotic
|-damage|p2a: Milotic|73/100
|
|-weather|Sandstorm|[upkeep]
|-damage|p2a: Milotic|67/100|[from] Sandstorm
|-heal|p2a: Milotic|73/100|[from] item: Leftovers
|-heal|p1a: Tyranitar|36/100 par|[from] item: Leftovers
|upkeep
|turn|56
|
|t:|1729347741
|switch|p1a: Milotic|Milotic, F|94/100
|move|p2a: Milotic|Surf|p1a: Milotic
|-resisted|p1a: Milotic
|-damage|p1a: Milotic|83/100
|
|-weather|Sandstorm|[upkeep]
|-damage|p1a: Milotic|77/100|[from] Sandstorm
|-damage|p2a: Milotic|67/100|[from] Sandstorm
|-heal|p2a: Milotic|73/100|[from] item: Leftovers
|-heal|p1a: Milotic|83/100|[from] item: Leftovers
|upkeep
|turn|57
|
|t:|1729347746
|switch|p1a: Skarmory|Skarmory, M|57/100
|move|p2a: Milotic|Toxic|p1a: Skarmory|[miss]
|-miss|p2a: Milotic|p1a: Skarmory
|
|-weather|Sandstorm|[upkeep]
|-damage|p2a: Milotic|67/100|[from] Sandstorm
|-heal|p2a: Milotic|73/100|[from] item: Leftovers
|-heal|p1a: Skarmory|63/100|[from] item: Leftovers
|upkeep
|turn|58
|
|t:|1729347751
|switch|p2a: Forretress|Forretress, F|25/100
|move|p1a: Skarmory|Spikes|p2a: Forretress
|-sidestart|p2: Dhgss|Spikes
|
|-weather|Sandstorm|[upkeep]
|-heal|p1a: Skarmory|69/100|[from] item: Leftovers
|-heal|p2a: Forretress|31/100|[from] item: Leftovers
|upkeep
|turn|59
|
|t:|1729347757
|move|p1a: Skarmory|Drill Peck|p2a: Forretress
|-damage|p2a: Forretress|13/100
|move|p2a: Forretress|Spikes|p1a: Skarmory
|-sidestart|p1: Depres_ionCher_y|Spikes
|
|-weather|Sandstorm|[upkeep]
|-heal|p1a: Skarmory|75/100|[from] item: Leftovers
|-heal|p2a: Forretress|20/100|[from] item: Leftovers
|upkeep
|turn|60
|
|t:|1729347764
|switch|p2a: Jolteon|Jolteon, M|59/100
|-damage|p2a: Jolteon|47/100|[from] Spikes
|move|p1a: Skarmory|Drill Peck|p2a: Jolteon
|-resisted|p2a: Jolteon
|-damage|p2a: Jolteon|28/100
|
|-weather|Sandstorm|[upkeep]
|-damage|p2a: Jolteon|22/100|[from] Sandstorm
|-heal|p2a: Jolteon|28/100|[from] item: Leftovers
|-heal|p1a: Skarmory|81/100|[from] item: Leftovers
|upkeep
|turn|61
|
|t:|1729347774
|move|p1a: Skarmory|Protect|p1a: Skarmory
|-singleturn|p1a: Skarmory|Protect
|move|p2a: Jolteon|Thunderbolt|p1a: Skarmory
|-activate|p1a: Skarmory|Protect
|
|-weather|Sandstorm|[upkeep]
|-damage|p2a: Jolteon|22/100|[from] Sandstorm
|-heal|p2a: Jolteon|28/100|[from] item: Leftovers
|-heal|p1a: Skarmory|87/100|[from] item: Leftovers
|upkeep
|turn|62
|
|t:|1729347784
|switch|p1a: Blissey|Blissey, F|94/100
|-damage|p1a: Blissey|82/100|[from] Spikes
|move|p2a: Jolteon|Baton Pass|p2a: Jolteon
|inactive|Dhgss has 270 seconds left.
|
|t:|1729347822
|switch|p2a: Tyranitar|Tyranitar, M|100/100|[from] Baton Pass
|-damage|p2a: Tyranitar|88/100|[from] Spikes
|
|-weather|Sandstorm|[upkeep]
|-damage|p1a: Blissey|76/100|[from] Sandstorm
|-heal|p2a: Tyranitar|94/100|[from] item: Leftovers
|-heal|p1a: Blissey|82/100|[from] item: Leftovers
|upkeep
|turn|63
|
|t:|1729347832
|switch|p1a: Milotic|Milotic, F|83/100
|-damage|p1a: Milotic|70/100|[from] Spikes
|move|p2a: Tyranitar|Rock Slide|p1a: Milotic
|-crit|p1a: Milotic
|-damage|p1a: Milotic|12/100
|
|-weather|Sandstorm|[upkeep]
|-damage|p1a: Milotic|6/100|[from] Sandstorm
|-heal|p2a: Tyranitar|100/100|[from] item: Leftovers
|-heal|p1a: Milotic|12/100|[from] item: Leftovers
|upkeep
|turn|64
|
|t:|1729347858
|switch|p1a: Skarmory|Skarmory, M|87/100
|move|p2a: Tyranitar|Earthquake|p1a: Skarmory
|-immune|p1a: Skarmory
|
|-weather|Sandstorm|[upkeep]
|-heal|p1a: Skarmory|93/100|[from] item: Leftovers
|upkeep
|turn|65
|inactive|Dhgss has 240 seconds left.
|
|t:|1729347894
|switch|p2a: Jirachi|Jirachi|97/100
|-damage|p2a: Jirachi|84/100|[from] Spikes
|move|p1a: Skarmory|Roar|p2a: Jirachi
|drag|p2a: Milotic|Milotic, M|73/100
|-damage|p2a: Milotic|61/100|[from] Spikes
|
|-weather|Sandstorm|[upkeep]
|-damage|p2a: Milotic|55/100|[from] Sandstorm
|-heal|p2a: Milotic|61/100|[from] item: Leftovers
|-heal|p1a: Skarmory|99/100|[from] item: Leftovers
|upkeep
|turn|66
|
|t:|1729347903
|move|p2a: Milotic|Recover|p2a: Milotic
|-heal|p2a: Milotic|100/100
|move|p1a: Skarmory|Spikes|p2a: Milotic
|-sidestart|p2: Dhgss|Spikes
|
|-weather|Sandstorm|[upkeep]
|-damage|p2a: Milotic|94/100|[from] Sandstorm
|-heal|p2a: Milotic|100/100|[from] item: Leftovers
|-heal|p1a: Skarmory|100/100|[from] item: Leftovers
|upkeep
|turn|67
|
|t:|1729347914
|move|p2a: Milotic|Surf|p1a: Skarmory
|-damage|p1a: Skarmory|68/100
|move|p1a: Skarmory|Spikes|p2a: Milotic
|-sidestart|p2: Dhgss|Spikes
|
|-weather|Sandstorm|[upkeep]
|-damage|p2a: Milotic|94/100|[from] Sandstorm
|-heal|p2a: Milotic|100/100|[from] item: Leftovers
|-heal|p1a: Skarmory|74/100|[from] item: Leftovers
|upkeep
|turn|68
|
|t:|1729347919
|move|p1a: Skarmory|Protect|p1a: Skarmory
|-singleturn|p1a: Skarmory|Protect
|move|p2a: Milotic|Surf|p1a: Skarmory
|-activate|p1a: Skarmory|Protect
|
|-weather|Sandstorm|[upkeep]
|-damage|p2a: Milotic|94/100|[from] Sandstorm
|-heal|p2a: Milotic|100/100|[from] item: Leftovers
|-heal|p1a: Skarmory|80/100|[from] item: Leftovers
|upkeep
|turn|69
|
|t:|1729347922
|move|p2a: Milotic|Surf|p1a: Skarmory
|-damage|p1a: Skarmory|49/100
|move|p1a: Skarmory|Roar|p2a: Milotic
|drag|p2a: Salamence|Salamence, M|76/100
|-ability|p2a: Salamence|Intimidate|boost
|-unboost|p1a: Skarmory|atk|1
|
|-weather|Sandstorm|[upkeep]
|-damage|p2a: Salamence|70/100|[from] Sandstorm
|-heal|p1a: Skarmory|55/100|[from] item: Leftovers
|upkeep
|turn|70
|inactive|Dhgss has 240 seconds left.
|
|t:|1729347952
|move|p1a: Skarmory|Protect|p1a: Skarmory
|-singleturn|p1a: Skarmory|Protect
|move|p2a: Salamence|Brick Break|p1a: Skarmory
|-activate|p1a: Skarmory|Protect
|
|-weather|Sandstorm|[upkeep]
|-damage|p2a: Salamence|64/100|[from] Sandstorm
|-heal|p1a: Skarmory|61/100|[from] item: Leftovers
|upkeep
|turn|71
|
|t:|1729347955
|switch|p1a: Claydol|Claydol|88/100
|move|p2a: Salamence|Brick Break|p1a: Claydol
|-resisted|p1a: Claydol
|-damage|p1a: Claydol|67/100
|
|-weather|Sandstorm|[upkeep]
|-damage|p2a: Salamence|58/100|[from] Sandstorm
|-heal|p1a: Claydol|73/100|[from] item: Leftovers
|upkeep
|turn|72
|inactive|Dhgss has 240 seconds left.
|inactive|Dhgss has 210 seconds left.
|
|t:|1729348000
|switch|p2a: Forretress|Forretress, F|20/100
|-damage|p2a: Forretress|0 fnt|[from] Spikes
|faint|p2a: Forretress
|
|t:|1729348011
|switch|p2a: Milotic|Milotic, M|100/100
|-damage|p2a: Milotic|76/100|[from] Spikes
|
|-weather|Sandstorm|[upkeep]
|-damage|p2a: Milotic|70/100|[from] Sandstorm
|-heal|p2a: Milotic|76/100|[from] item: Leftovers
|-heal|p1a: Claydol|80/100|[from] item: Leftovers
|upkeep
|turn|73
|
|t:|1729348015
|move|p2a: Milotic|Surf|p1a: Claydol
|-supereffective|p1a: Claydol
|-damage|p1a: Claydol|29/100
|move|p1a: Claydol|Rapid Spin|p2a: Milotic
|-damage|p2a: Milotic|73/100
|-sideend|p1: Depres_ionCher_y|Spikes|[from] move: Rapid Spin|[of] p1a: Claydol
|
|-weather|Sandstorm|[upkeep]
|-damage|p2a: Milotic|67/100|[from] Sandstorm
|-heal|p2a: Milotic|73/100|[from] item: Leftovers
|-heal|p1a: Claydol|35/100|[from] item: Leftovers
|upkeep
|turn|74
|
|t:|1729348033
|move|p2a: Milotic|Surf|p1a: Claydol
|-supereffective|p1a: Claydol
|-damage|p1a: Claydol|0 fnt
|faint|p1a: Claydol
|
|t:|1729348052
|switch|p1a: Milotic|Milotic, F|12/100
|
|-weather|Sandstorm|[upkeep]
|-damage|p2a: Milotic|67/100|[from] Sandstorm
|-damage|p1a: Milotic|6/100|[from] Sandstorm
|-heal|p2a: Milotic|73/100|[from] item: Leftovers
|-heal|p1a: Milotic|12/100|[from] item: Leftovers
|upkeep
|turn|75
|
|t:|1729348061
|switch|p2a: Jolteon|Jolteon, M|28/100
|-damage|p2a: Jolteon|3/100|[from] Spikes
|move|p1a: Milotic|Recover|p1a: Milotic
|-heal|p1a: Milotic|62/100
|
|-weather|Sandstorm|[upkeep]
|-damage|p2a: Jolteon|0 fnt|[from] Sandstorm
|-damage|p1a: Milotic|56/100|[from] Sandstorm
|faint|p2a: Jolteon
|-heal|p1a: Milotic|62/100|[from] item: Leftovers
|upkeep
|
|t:|1729348071
|switch|p2a: Jirachi|Jirachi|84/100
|-damage|p2a: Jirachi|59/100|[from] Spikes
|turn|76
|
|t:|1729348074
|move|p2a: Jirachi|Wish|p2a: Jirachi
|move|p1a: Milotic|Recover|p1a: Milotic
|-heal|p1a: Milotic|100/100
|
|-weather|Sandstorm|[upkeep]
|-damage|p1a: Milotic|94/100|[from] Sandstorm
|-heal|p2a: Jirachi|65/100|[from] item: Leftovers
|-heal|p1a: Milotic|100/100|[from] item: Leftovers
|upkeep
|turn|77
|
|t:|1729348078
|move|p2a: Jirachi|Body Slam|p1a: Milotic
|-damage|p1a: Milotic|86/100
|-status|p1a: Milotic|par
|cant|p1a: Milotic|par
|
|-heal|p2a: Jirachi|100/100|[from] move: Wish|[wisher] Jirachi
|-weather|Sandstorm|[upkeep]
|-damage|p1a: Milotic|80/100 par|[from] Sandstorm
|-heal|p1a: Milotic|86/100 par|[from] item: Leftovers
|upkeep
|turn|78
|
|t:|1729348086
|move|p2a: Jirachi|Wish|p2a: Jirachi
|move|p1a: Milotic|Refresh|p1a: Milotic
|-curestatus|p1a: Milotic|par|[msg]
|
|-weather|Sandstorm|[upkeep]
|-damage|p1a: Milotic|80/100|[from] Sandstorm
|-heal|p1a: Milotic|86/100|[from] item: Leftovers
|upkeep
|turn|79
|
|t:|1729348095
|switch|p2a: Salamence|Salamence, M|58/100
|-ability|p2a: Salamence|Intimidate|boost
|-unboost|p1a: Milotic|atk|1
|move|p1a: Milotic|Surf|p2a: Salamence
|-resisted|p2a: Salamence
|-damage|p2a: Salamence|39/100
|
|-heal|p2a: Salamence|89/100|[from] move: Wish|[wisher] Jirachi
|-weather|Sandstorm|[upkeep]
|-damage|p2a: Salamence|83/100|[from] Sandstorm
|-damage|p1a: Milotic|80/100|[from] Sandstorm
|-heal|p1a: Milotic|86/100|[from] item: Leftovers
|upkeep
|turn|80
|
|t:|1729348107
|move|p2a: Salamence|Hidden Power|p1a: Milotic
|-damage|p1a: Milotic|38/100
|move|p1a: Milotic|Recover|p1a: Milotic
|-heal|p1a: Milotic|88/100
|
|-weather|Sandstorm|[upkeep]
|-damage|p2a: Salamence|77/100|[from] Sandstorm
|-damage|p1a: Milotic|81/100|[from] Sandstorm
|-heal|p1a: Milotic|88/100|[from] item: Leftovers
|upkeep
|turn|81
|
|t:|1729348115
|switch|p1a: Skarmory|Skarmory, M|61/100
|move|p2a: Salamence|Hidden Power|p1a: Skarmory
|-resisted|p1a: Skarmory
|-crit|p1a: Skarmory
|-damage|p1a: Skarmory|17/100
|
|-weather|Sandstorm|[upkeep]
|-damage|p2a: Salamence|71/100|[from] Sandstorm
|-heal|p1a: Skarmory|23/100|[from] item: Leftovers
|upkeep
|turn|82
|
|t:|1729348125
|switch|p2a: Jirachi|Jirachi|100/100
|-damage|p2a: Jirachi|75/100|[from] Spikes
|move|p1a: Skarmory|Drill Peck|p2a: Jirachi
|-resisted|p2a: Jirachi
|-damage|p2a: Jirachi|66/100
|
|-weather|Sandstorm|[upkeep]
|-heal|p2a: Jirachi|72/100|[from] item: Leftovers
|-heal|p1a: Skarmory|29/100|[from] item: Leftovers
|upkeep
|turn|83
|
|t:|1729348135
|switch|p1a: Tyranitar|Tyranitar, F|36/100 par
|move|p2a: Jirachi|Wish|p2a: Jirachi
|
|-weather|Sandstorm|[upkeep]
|-heal|p2a: Jirachi|78/100|[from] item: Leftovers
|-heal|p1a: Tyranitar|43/100 par|[from] item: Leftovers
|upkeep
|turn|84
|inactive|Dhgss has 270 seconds left.
|
|t:|1729348149
|switch|p2a: Milotic|Milotic, M|73/100
|-damage|p2a: Milotic|48/100|[from] Spikes
|move|p1a: Tyranitar|Rock Slide|p2a: Milotic
|-damage|p2a: Milotic|15/100
|
|-heal|p2a: Milotic|65/100|[from] move: Wish|[wisher] Jirachi
|-weather|Sandstorm|[upkeep]
|-damage|p2a: Milotic|59/100|[from] Sandstorm
|-heal|p2a: Milotic|65/100|[from] item: Leftovers
|-heal|p1a: Tyranitar|49/100 par|[from] item: Leftovers
|upkeep
|turn|85
|inactive|Dhgss has 270 seconds left.
|
|t:|1729348160
|switch|p1a: Blissey|Blissey, F|82/100
|move|p2a: Milotic|Recover|p2a: Milotic
|-heal|p2a: Milotic|100/100
|
|-weather|Sandstorm|[upkeep]
|-damage|p2a: Milotic|94/100|[from] Sandstorm
|-damage|p1a: Blissey|76/100|[from] Sandstorm
|-heal|p2a: Milotic|100/100|[from] item: Leftovers
|-heal|p1a: Blissey|82/100|[from] item: Leftovers
|upkeep
|turn|86
|
|t:|1729348164
|move|p2a: Milotic|Toxic|p1a: Blissey
|-status|p1a: Blissey|tox
|move|p1a: Blissey|Thunderbolt|p2a: Milotic
|-supereffective|p2a: Milotic
|-damage|p2a: Milotic|62/100
|
|-weather|Sandstorm|[upkeep]
|-damage|p2a: Milotic|56/100|[from] Sandstorm
|-damage|p1a: Blissey|76/100 tox|[from] Sandstorm
|-heal|p2a: Milotic|62/100|[from] item: Leftovers
|-heal|p1a: Blissey|82/100 tox|[from] item: Leftovers
|-damage|p1a: Blissey|76/100 tox|[from] psn
|upkeep
|turn|87
|
|t:|1729348173
|-curestatus|p1a: Blissey|tox|[from] ability: Natural Cure
|switch|p1a: Milotic|Milotic, F|88/100
|move|p2a: Milotic|Recover|p2a: Milotic
|-heal|p2a: Milotic|100/100
|
|-weather|Sandstorm|[upkeep]
|-damage|p2a: Milotic|94/100|[from] Sandstorm
|-damage|p1a: Milotic|81/100|[from] Sandstorm
|-heal|p1a: Milotic|88/100|[from] item: Leftovers
|-heal|p2a: Milotic|100/100|[from] item: Leftovers
|upkeep
|turn|88
|
|t:|1729348181
|switch|p1a: Blissey|Blissey, F|76/100
|move|p2a: Milotic|Toxic|p1a: Blissey
|-status|p1a: Blissey|tox
|
|-weather|Sandstorm|[upkeep]
|-damage|p2a: Milotic|94/100|[from] Sandstorm
|-damage|p1a: Blissey|70/100 tox|[from] Sandstorm
|-heal|p2a: Milotic|100/100|[from] item: Leftovers
|-heal|p1a: Blissey|76/100 tox|[from] item: Leftovers
|-damage|p1a: Blissey|70/100 tox|[from] psn
|upkeep
|turn|89
|
|t:|1729348191
|switch|p2a: Tyranitar|Tyranitar, M|100/100
|-damage|p2a: Tyranitar|76/100|[from] Spikes
|move|p1a: Blissey|Soft-Boiled|p1a: Blissey
|-heal|p1a: Blissey|100/100 tox
|
|-weather|Sandstorm|[upkeep]
|-damage|p1a: Blissey|94/100 tox|[from] Sandstorm
|-heal|p2a: Tyranitar|82/100|[from] item: Leftovers
|-heal|p1a: Blissey|100/100 tox|[from] item: Leftovers
|-damage|p1a: Blissey|88/100 tox|[from] psn
|upkeep
|turn|90
|
|t:|1729348202
|-curestatus|p1a: Blissey|tox|[from] ability: Natural Cure
|switch|p1a: Dugtrio|Dugtrio, F|100/100
|move|p2a: Tyranitar|Dragon Dance|p2a: Tyranitar
|-boost|p2a: Tyranitar|atk|1
|-boost|p2a: Tyranitar|spe|1
|
|-weather|Sandstorm|[upkeep]
|-heal|p2a: Tyranitar|88/100|[from] item: Leftovers
|upkeep
|turn|91
|
|t:|1729348211
|move|p1a: Dugtrio|Earthquake|p2a: Tyranitar
|-supereffective|p2a: Tyranitar
|-damage|p2a: Tyranitar|5/100
|move|p2a: Tyranitar|Earthquake|p1a: Dugtrio
|-crit|p1a: Dugtrio
|-damage|p1a: Dugtrio|0 fnt
|faint|p1a: Dugtrio
|
|t:|1729348217
|switch|p1a: Milotic|Milotic, F|88/100
|
|-weather|Sandstorm|[upkeep]
|-damage|p1a: Milotic|81/100|[from] Sandstorm
|-heal|p2a: Tyranitar|11/100|[from] item: Leftovers
|-heal|p1a: Milotic|88/100|[from] item: Leftovers
|upkeep
|turn|92
|
|t:|1729348241
|move|p2a: Tyranitar|Rock Slide|p1a: Milotic
|-damage|p1a: Milotic|47/100
|move|p1a: Milotic|Surf|p2a: Tyranitar
|-supereffective|p2a: Tyranitar
|-damage|p2a: Tyranitar|0 fnt
|faint|p2a: Tyranitar
|inactive|Dhgss has 270 seconds left.
|
|t:|1729348262
|switch|p2a: Salamence|Salamence, M|71/100
|-ability|p2a: Salamence|Intimidate|boost
|-unboost|p1a: Milotic|atk|1
|
|-weather|Sandstorm|[upkeep]
|-damage|p2a: Salamence|65/100|[from] Sandstorm
|-damage|p1a: Milotic|41/100|[from] Sandstorm
|-heal|p1a: Milotic|47/100|[from] item: Leftovers
|upkeep
|turn|93
|inactive|Dhgss has 270 seconds left.
|
|t:|1729348271
|switch|p1a: Tyranitar|Tyranitar, F|49/100 par
|move|p2a: Salamence|Hidden Power|p1a: Tyranitar
|-resisted|p1a: Tyranitar
|-damage|p1a: Tyranitar|24/100 par
|
|-weather|Sandstorm|[upkeep]
|-damage|p2a: Salamence|59/100|[from] Sandstorm
|-heal|p1a: Tyranitar|30/100 par|[from] item: Leftovers
|upkeep
|turn|94
|inactive|Dhgss has 270 seconds left.
|
|t:|1729348309
|switch|p2a: Jirachi|Jirachi|78/100
|-damage|p2a: Jirachi|53/100|[from] Spikes
|move|p1a: Tyranitar|Rock Slide|p2a: Jirachi
|-resisted|p2a: Jirachi
|-damage|p2a: Jirachi|36/100
|
|-weather|Sandstorm|[upkeep]
|-heal|p2a: Jirachi|42/100|[from] item: Leftovers
|-heal|p1a: Tyranitar|36/100 par|[from] item: Leftovers
|upkeep
|turn|95
|
|t:|1729348318
|move|p2a: Jirachi|Wish|p2a: Jirachi
|cant|p1a: Tyranitar|par
|
|-weather|Sandstorm|[upkeep]
|-heal|p2a: Jirachi|48/100|[from] item: Leftovers
|-heal|p1a: Tyranitar|43/100 par|[from] item: Leftovers
|upkeep
|turn|96
|
|t:|1729348327
|switch|p2a: Salamence|Salamence, M|59/100
|-ability|p2a: Salamence|Intimidate|boost
|-unboost|p1a: Tyranitar|atk|1
|move|p1a: Tyranitar|Rock Slide|p2a: Salamence
|-supereffective|p2a: Salamence
|-damage|p2a: Salamence|0 fnt
|faint|p2a: Salamence
|c|☆Dhgss|wp
|
|t:|1729348339
|switch|p2a: Jirachi|Jirachi|48/100
|-damage|p2a: Jirachi|23/100|[from] Spikes
|
|-heal|p2a: Jirachi|73/100|[from] move: Wish|[wisher] Jirachi
|-weather|Sandstorm|[upkeep]
|-heal|p2a: Jirachi|79/100|[from] item: Leftovers
|-heal|p1a: Tyranitar|49/100 par|[from] item: Leftovers
|upkeep
|turn|97
|
|t:|1729348347
|switch|p1a: Skarmory|Skarmory, M|29/100
|move|p2a: Jirachi|Wish|p2a: Jirachi
|
|-weather|Sandstorm|[upkeep]
|-heal|p2a: Jirachi|86/100|[from] item: Leftovers
|-heal|p1a: Skarmory|35/100|[from] item: Leftovers
|upkeep
|turn|98
|
|t:|1729348352
|move|p1a: Skarmory|Protect|p1a: Skarmory
|-singleturn|p1a: Skarmory|Protect
|move|p2a: Jirachi|Fire Punch|p1a: Skarmory
|-activate|p1a: Skarmory|Protect
|
|-heal|p2a: Jirachi|100/100|[from] move: Wish|[wisher] Jirachi
|-weather|Sandstorm|[upkeep]
|-heal|p1a: Skarmory|41/100|[from] item: Leftovers
|upkeep
|turn|99
|
|t:|1729348357
|move|p2a: Jirachi|Fire Punch|p1a: Skarmory
|-supereffective|p1a: Skarmory
|-damage|p1a: Skarmory|7/100
|move|p1a: Skarmory|Roar|p2a: Jirachi
|drag|p2a: Milotic|Milotic, M|100/100
|-damage|p2a: Milotic|76/100|[from] Spikes
|
|-weather|Sandstorm|[upkeep]
|-damage|p2a: Milotic|70/100|[from] Sandstorm
|-heal|p2a: Milotic|76/100|[from] item: Leftovers
|-heal|p1a: Skarmory|13/100|[from] item: Leftovers
|upkeep
|turn|100
|
|t:|1729348363
|move|p2a: Milotic|Surf|p1a: Skarmory
|-damage|p1a: Skarmory|0 fnt
|faint|p1a: Skarmory
|
|t:|1729348365
|switch|p1a: Milotic|Milotic, F|47/100
|
|-weather|Sandstorm|[upkeep]
|-damage|p2a: Milotic|70/100|[from] Sandstorm
|-damage|p1a: Milotic|41/100|[from] Sandstorm
|-heal|p1a: Milotic|47/100|[from] item: Leftovers
|-heal|p2a: Milotic|76/100|[from] item: Leftovers
|upkeep
|turn|101
|
|t:|1729348372
|move|p1a: Milotic|Recover|p1a: Milotic
|-heal|p1a: Milotic|97/100
|move|p2a: Milotic|Toxic|p1a: Milotic
|-status|p1a: Milotic|tox
|
|-weather|Sandstorm|[upkeep]
|-damage|p2a: Milotic|70/100|[from] Sandstorm
|-damage|p1a: Milotic|91/100 tox|[from] Sandstorm
|-heal|p1a: Milotic|97/100 tox|[from] item: Leftovers
|-heal|p2a: Milotic|76/100|[from] item: Leftovers
|-damage|p1a: Milotic|91/100 tox|[from] psn
|upkeep
|turn|102
|
|t:|1729348381
|switch|p2a: Jirachi|Jirachi|100/100
|-damage|p2a: Jirachi|75/100|[from] Spikes
|move|p1a: Milotic|Refresh|p1a: Milotic
|-curestatus|p1a: Milotic|tox|[msg]
|
|-weather|Sandstorm|[upkeep]
|-damage|p1a: Milotic|85/100|[from] Sandstorm
|-heal|p2a: Jirachi|82/100|[from] item: Leftovers
|-heal|p1a: Milotic|91/100|[from] item: Leftovers
|upkeep
|turn|103
|
|t:|1729348390
|switch|p1a: Tyranitar|Tyranitar, F|49/100 par
|move|p2a: Jirachi|Body Slam|p1a: Tyranitar
|-resisted|p1a: Tyranitar
|-damage|p1a: Tyranitar|41/100 par
|
|-weather|Sandstorm|[upkeep]
|-heal|p2a: Jirachi|88/100|[from] item: Leftovers
|-heal|p1a: Tyranitar|47/100 par|[from] item: Leftovers
|upkeep
|turn|104
|
|t:|1729348394
|move|p2a: Jirachi|Wish|p2a: Jirachi
|cant|p1a: Tyranitar|par
|
|-weather|Sandstorm|[upkeep]
|-heal|p2a: Jirachi|94/100|[from] item: Leftovers
|-heal|p1a: Tyranitar|54/100 par|[from] item: Leftovers
|upkeep
|turn|105
|
|t:|1729348400
|switch|p2a: Milotic|Milotic, M|76/100
|-damage|p2a: Milotic|51/100|[from] Spikes
|cant|p1a: Tyranitar|par
|
|-heal|p2a: Milotic|100/100|[from] move: Wish|[wisher] Jirachi
|-weather|Sandstorm|[upkeep]
|-damage|p2a: Milotic|94/100|[from] Sandstorm
|-heal|p2a: Milotic|100/100|[from] item: Leftovers
|-heal|p1a: Tyranitar|60/100 par|[from] item: Leftovers
|upkeep
|turn|106
|
|t:|1729348407
|switch|p1a: Milotic|Milotic, F|91/100
|move|p2a: Milotic|Surf|p1a: Milotic
|-resisted|p1a: Milotic
|-damage|p1a: Milotic|78/100
|
|-weather|Sandstorm|[upkeep]
|-damage|p1a: Milotic|72/100|[from] Sandstorm
|-damage|p2a: Milotic|94/100|[from] Sandstorm
|-heal|p2a: Milotic|100/100|[from] item: Leftovers
|-heal|p1a: Milotic|78/100|[from] item: Leftovers
|upkeep
|turn|107
|
|t:|1729348412
|move|p1a: Milotic|Recover|p1a: Milotic
|-heal|p1a: Milotic|100/100
|move|p2a: Milotic|Toxic|p1a: Milotic
|-status|p1a: Milotic|tox
|
|-weather|Sandstorm|[upkeep]
|-damage|p2a: Milotic|94/100|[from] Sandstorm
|-damage|p1a: Milotic|94/100 tox|[from] Sandstorm
|-heal|p1a: Milotic|100/100 tox|[from] item: Leftovers
|-heal|p2a: Milotic|100/100|[from] item: Leftovers
|-damage|p1a: Milotic|94/100 tox|[from] psn
|upkeep
|turn|108
|
|t:|1729348422
|switch|p2a: Jirachi|Jirachi|94/100
|-damage|p2a: Jirachi|69/100|[from] Spikes
|move|p1a: Milotic|Refresh|p1a: Milotic
|-curestatus|p1a: Milotic|tox|[msg]
|
|-weather|Sandstorm|[upkeep]
|-damage|p1a: Milotic|88/100|[from] Sandstorm
|-heal|p2a: Jirachi|75/100|[from] item: Leftovers
|-heal|p1a: Milotic|94/100|[from] item: Leftovers
|upkeep
|turn|109
|
|t:|1729348436
|switch|p1a: Tyranitar|Tyranitar, F|60/100 par
|move|p2a: Jirachi|Body Slam|p1a: Tyranitar
|-resisted|p1a: Tyranitar
|-damage|p1a: Tyranitar|53/100 par
|
|-weather|Sandstorm|[upkeep]
|-heal|p2a: Jirachi|81/100|[from] item: Leftovers
|-heal|p1a: Tyranitar|59/100 par|[from] item: Leftovers
|upkeep
|turn|110
|-message|Dhgss forfeited.
|
|win|Depres_ionCher_y
|c|☆Dhgss|GG
|c|☆Depres_ionCher_y|ggs

</script>
<script type="application/json" class="data" id="replaydata-smogtours-gen3ou-799866">
{"id":"smogtours-gen3ou-799866","format":"[Gen 3] OU","players":["Depres_ionCher_y","Dhgss"],"uploadtime":1729348445,"views":130,"formatid":"gen3ou","rating":null,"private":0,"password":null}
</script>

<script defer src="js/replays.js?9d40a366"></script>
