<!DOCTYPE html>
<meta charset="utf-8" />
<meta name="viewport" content="width=device-width" />

<title>[Gen 3] OU: Precure Moonlight vs. Just_Leonardo - Replays - Pok&eacute;mon Showdown!</title>

<meta name="description" content="Watch a replay of a Pok&eacute;mon battle between Precure Moonlight and Just_Leonardo! Format: [Gen 3] OU; Date: Oct 5, 2024" />
<!--

Hey, you! Looking in the source for the replay log?

You can find them in JSON format, just add `.json` at the end of a replay URL.

https://replay.pokemonshowdown.com/gen7randomdoublesbattle-865046831.json

Or, if you only need the log itself, add `.log` instead:

https://replay.pokemonshowdown.com/gen7randomdoublesbattle-865046831.log

-->

<link rel="stylesheet" href="//pokemonshowdown.com/style/global.css?0.023195364461161105" />
<link rel="stylesheet" href="//play.pokemonshowdown.com/style/font-awesome.css?0.13261647063804238" />
<link rel="stylesheet" href="//play.pokemonshowdown.com/style/battle.css?0.8753245789963631" />
<link rel="stylesheet" href="//play.pokemonshowdown.com/style/utilichart.css?0.8627959624976733" />

<!-- Global site tag (gtag.js) - Google Analytics -->
<script async src="https://www.googletagmanager.com/gtag/js?id=UA-26211653-1"></script>
<script>
  window.dataLayer = window.dataLayer || [];
  function gtag(){dataLayer.push(arguments);}
  gtag('js', new Date());

  gtag('config', 'UA-26211653-1');
</script>
<!-- End Google Analytics -->
<!-- Venatus Ad Manager - Install in <HEAD> of page -->
	<script src="https://hb.vntsm.com/v3/live/ad-manager.min.js" type="text/javascript" data-site-id="642aba63ec9a7b11c3c9c1be" data-mode="scan" async></script>
<!-- / Venatus Ad Manager -->

<style>
	@media (max-width:820px) {
		.battle {
			margin: 0 auto;
		}
		.battle-log {
			margin: 7px auto 0;
			max-width: 640px;
			height: 300px;
			position: static;
		}
	}
	.optgroup {
		display: inline-block;
		line-height: 22px;
		font-size: 10pt;
	}
	.optgroup .button {
		height: 25px;
		padding-top: 0;
		padding-bottom: 0;
	}
	.optgroup button.button {
		padding-left: 12px;
		padding-right: 12px;
	}
	.linklist {
		list-style: none;
		margin: 0.5em 0;
		padding: 0;
	}
	.linklist li {
		padding: 2px 0;
	}
	.sidebar {
		float: left;
		width: 320px;
	}
	.bar-wrapper {
		max-width: 1100px;
		margin: 0 auto;
	}
	.bar-wrapper.has-sidebar {
		max-width: 1430px;
	}
	.mainbar {
		margin: 0;
		padding-right: 1px;
	}
	.mainbar.has-sidebar {
		margin-left: 330px;
	}
	@media (min-width: 1511px) {
		.sidebar {
			width: 400px;
		}
		.bar-wrapper.has-sidebar {
			max-width: 1510px;
		}
		.mainbar.has-sidebar {
			margin-left: 410px;
		}
	}
	.section.first-section {
		margin-top: 9px;
	}
	.blocklink small {
		white-space: normal;
	}
	.button {
		vertical-align: middle;
	}
	.replay-controls {
		padding-top: 10px;
	}
	.replay-controls h1 {
		font-size: 16pt;
		font-weight: normal;
		color: #CCC;
	}
	.pagelink {
		text-align: center;
	}
	.pagelink a {
		width: 150px;
	}
	.textbox, .button {
		font-size: 11pt;
		vertical-align: middle;
	}
	@media (max-width: 450px) {
		.button {
			font-size: 9pt;
		}
	}
</style>

<div>

	<header>
		<div class="nav-wrapper"><ul class="nav">
			<li><a class="button nav-first" href="//pokemonshowdown.com/"><img src="//pokemonshowdown.com/images/pokemonshowdownbeta.png" srcset="//pokemonshowdown.com/images/pokemonshowdownbeta.png 1x, //pokemonshowdown.com/images/pokemonshowdownbeta@2x.png 2x" alt="Pok&eacute;mon Showdown" width="146" height="44" /> Home</a></li>
			<li><a class="button" href="//pokemonshowdown.com/dex/">Pok&eacute;dex</a></li>
			<li><a class="button cur" href="/">Replays</a></li>
			<li><a class="button" href="//pokemonshowdown.com/ladder/">Ladder</a></li>
			<li><a class="button nav-last" href="//pokemonshowdown.com/forums/">Forum</a></li>
			<li><a class="button greenbutton nav-first nav-last" href="//play.pokemonshowdown.com/">Play</a></li>
		</ul></div>
	</header>

	<div class="main" id="main">

		<noscript><section class="section">You need to enable JavaScript to use this page; sorry!</section></noscript>

	</div>

</div>

<script defer nomodule src="//play.pokemonshowdown.com/js/lib/ps-polyfill.js"></script>
<script defer src="//play.pokemonshowdown.com/js/lib/preact.min.js"></script>

<script defer src="//play.pokemonshowdown.com/config/config.js?2bddbc15"></script>
<script defer src="//play.pokemonshowdown.com/js/lib/jquery-1.11.0.min.js"></script>
<script defer src="//play.pokemonshowdown.com/js/lib/html-sanitizer-minified.js"></script>
<script defer src="//play.pokemonshowdown.com/js/battle-sound.js"></script>
<script defer src="//play.pokemonshowdown.com/js/battledata.js?0.7209276989879541"></script>
<script defer src="//play.pokemonshowdown.com/data/pokedex-mini.js?0.6111056340867951"></script>
<script defer src="//play.pokemonshowdown.com/data/pokedex-mini-bw.js?0.3532142036491459"></script>
<script defer src="//play.pokemonshowdown.com/data/graphics.js?0.24223875632456182"></script>
<script defer src="//play.pokemonshowdown.com/data/pokedex.js?0.38839984266356864"></script>
<script defer src="//play.pokemonshowdown.com/data/moves.js?0.21866028504024015"></script>
<script defer src="//play.pokemonshowdown.com/data/abilities.js?0.2005157953846628"></script>
<script defer src="//play.pokemonshowdown.com/data/items.js?0.9894211263848525"></script>
<script defer src="//play.pokemonshowdown.com/data/teambuilder-tables.js?0.6008791140282215"></script>
<script defer src="//play.pokemonshowdown.com/js/battle-tooltips.js?0.7580118955022959"></script>
<script defer src="//play.pokemonshowdown.com/js/battle.js?0.6057722274234274"></script>

<script defer src="js/utils.js?e31f9a17"></script>
<script defer src="js/replays-battle.js?7008c182"></script>

<!-- don't scrape this data! just add .json or .log after the URL!
Full API docs: https://github.com/smogon/pokemon-showdown-client/blob/master/WEB-API.md -->
<script type="text/plain" class="log" id="replaylog-smogtours-gen3ou-794890">
|inactive|Battle timer is ON: inactive players will automatically lose when time's up.
|t:|1728133378
|gametype|singles
|player|p1|Precure Moonlight|miku-ground|
|player|p2|Just_Leonardo|266|
|teamsize|p1|6
|teamsize|p2|6
|gen|3
|tier|[Gen 3] OU
|rule|Sleep Clause Mod: Limit one foe put to sleep
|rule|Switch Priority Clause Mod: Faster Pokémon switch first
|rule|Species Clause: Limit one of each Pokémon
|rule|OHKO Clause: OHKO moves are banned
|rule|Evasion Items Clause: Evasion items are banned
|rule|Evasion Moves Clause: Evasion moves are banned
|rule|Endless Battle Clause: Forcing endless battles is banned
|rule|HP Percentage Mod: HP is shown in percentages
|rule|One Boost Passer Clause: Limit one Baton Passer that has a way to boost its stats
|rule|Freeze Clause Mod: Limit one foe frozen
|
|t:|1728133378
|start
|switch|p1a: Slaking|Slaking, M, shiny|100/100
|switch|p2a: Rocco|Regirock|100/100
|turn|1
|c|☆Just_Leonardo|hf
|c|☆Precure Moonlight|hf
|inactive|Precure Moonlight has 270 seconds left.
|inactive|Just_Leonardo has 270 seconds left.
|inactive|Just_Leonardo has 240 seconds left.
|
|t:|1728133446
|switch|p1a: Forretress|Forretress, M, shiny|100/100
|move|p2a: Rocco|Thunder Wave|p1a: Forretress
|-status|p1a: Forretress|par
|
|upkeep
|turn|2
|c|+Msousagamer|Slaking Lead into Regirock HEAT
|c|☆Just_Leonardo|Not my most used lead ahah
|c|☆Just_Leonardo|But we having some fun today
|
|t:|1728133472
|switch|p2a: Muzio|Magneton, shiny|100/100
|move|p1a: Forretress|Spikes|p2a: Muzio
|-sidestart|p2: Just_Leonardo|Spikes
|
|upkeep
|turn|3
|
|t:|1728133478
|move|p2a: Muzio|Hidden Power|p1a: Forretress
|-supereffective|p1a: Forretress
|-damage|p1a: Forretress|1/100 par
|move|p1a: Forretress|Earthquake|p2a: Muzio
|-supereffective|p2a: Muzio
|-damage|p2a: Muzio|0 fnt
|faint|p2a: Muzio
|
|t:|1728133491
|switch|p2a: Rocco|Regirock|100/100
|-damage|p2a: Rocco|88/100|[from] Spikes
|
|-heal|p1a: Forretress|7/100 par|[from] item: Leftovers
|upkeep
|turn|4
|
|t:|1728133500
|switch|p1a: Swampert|Swampert, F, shiny|100/100
|move|p2a: Rocco|Earthquake|p1a: Swampert
|-damage|p1a: Swampert|81/100
|
|-heal|p1a: Swampert|87/100|[from] item: Leftovers
|upkeep
|turn|5
|
|t:|1728133515
|switch|p2a: Suicune|Suicune|100/100
|-damage|p2a: Suicune|88/100|[from] Spikes
|move|p1a: Swampert|Roar|p2a: Suicune
|drag|p2a: Drake|Salamence, M|100/100
|-ability|p2a: Drake|Intimidate|boost
|-unboost|p1a: Swampert|atk|1
|
|-heal|p1a: Swampert|93/100|[from] item: Leftovers
|upkeep
|turn|6
|
|t:|1728133529
|switch|p2a: Suicune|Suicune|88/100
|-damage|p2a: Suicune|76/100|[from] Spikes
|switch|p1a: Slaking|Slaking, M, shiny|100/100
|
|-heal|p2a: Suicune|82/100|[from] item: Leftovers
|upkeep
|turn|7
|inactive|Just_Leonardo has 270 seconds left.
|
|t:|1728133561
|switch|p2a: Rocco|Regirock|88/100
|-damage|p2a: Rocco|76/100|[from] Spikes
|move|p1a: Slaking|Earthquake|p2a: Rocco
|-supereffective|p2a: Rocco
|-damage|p2a: Rocco|4/100
|
|upkeep
|turn|8
|inactive|Just_Leonardo has 270 seconds left.
|
|t:|1728133574
|switch|p1a: Forretress|Forretress, M, shiny|7/100 par
|move|p2a: Rocco|Earthquake|p1a: Forretress
|-damage|p1a: Forretress|0 fnt
|faint|p1a: Forretress
|inactive|Precure Moonlight has 270 seconds left.
|
|t:|1728133604
|switch|p1a: Umbreon|Umbreon, F, shiny|100/100
|
|upkeep
|turn|9
|
|t:|1728133610
|move|p2a: Rocco|Explosion|p1a: Umbreon
|-damage|p1a: Umbreon|0 fnt
|faint|p2a: Rocco
|faint|p1a: Umbreon
|
|t:|1728133622
|switch|p2a: Drake|Salamence, M|100/100
|switch|p1a: Slaking|Slaking, M, shiny|100/100
|-ability|p2a: Drake|Intimidate|boost
|-unboost|p1a: Slaking|atk|1
|
|upkeep
|turn|10
|inactive|Precure Moonlight has 270 seconds left.
|inactive|Precure Moonlight has 240 seconds left.
|c|☆Just_Leonardo|Jirachi twinkdeath is one hell of a username
|inactive|Precure Moonlight has 210 seconds left.
|
|t:|1728133728
|switch|p1a: Swampert|Swampert, F, shiny|93/100
|switch|p2a: Cogito|Metagross, shiny|100/100
|-damage|p2a: Cogito|88/100|[from] Spikes
|
|-heal|p2a: Cogito|94/100|[from] item: Leftovers
|-heal|p1a: Swampert|99/100|[from] item: Leftovers
|upkeep
|turn|11
|inactive|Just_Leonardo has 270 seconds left.
|
|t:|1728133748
|switch|p2a: Suicune|Suicune|82/100
|-damage|p2a: Suicune|69/100|[from] Spikes
|move|p1a: Swampert|Earthquake|p2a: Suicune
|-damage|p2a: Suicune|44/100
|
|-heal|p2a: Suicune|50/100|[from] item: Leftovers
|-heal|p1a: Swampert|100/100|[from] item: Leftovers
|upkeep
|turn|12
|inactive|Just_Leonardo has 270 seconds left.
|inactive|Precure Moonlight has 180 seconds left.
|
|t:|1728133771
|switch|p1a: Blissey|Blissey, F|100/100
|move|p2a: Suicune|Surf|p1a: Blissey
|-damage|p1a: Blissey|88/100
|
|-heal|p2a: Suicune|56/100|[from] item: Leftovers
|-heal|p1a: Blissey|94/100|[from] item: Leftovers
|upkeep
|turn|13
|inactive|Precure Moonlight has 180 seconds left.
|inactive|Just_Leonardo has 240 seconds left.
|
|t:|1728133820
|switch|p2a: Ciccio|Snorlax, M|100/100
|-damage|p2a: Ciccio|88/100|[from] Spikes
|move|p1a: Blissey|Seismic Toss|p2a: Ciccio
|-damage|p2a: Ciccio|67/100
|
|-heal|p1a: Blissey|99/100|[from] item: Leftovers
|-heal|p2a: Ciccio|73/100|[from] item: Leftovers
|upkeep
|turn|14
|inactive|Precure Moonlight has 180 seconds left.
|
|t:|1728133829
|move|p1a: Blissey|Sing|p2a: Ciccio|[miss]
|-miss|p1a: Blissey|p2a: Ciccio
|move|p2a: Ciccio|Curse|p2a: Ciccio
|-unboost|p2a: Ciccio|spe|1
|-boost|p2a: Ciccio|atk|1
|-boost|p2a: Ciccio|def|1
|
|-heal|p1a: Blissey|100/100|[from] item: Leftovers
|-heal|p2a: Ciccio|79/100|[from] item: Leftovers
|upkeep
|turn|15
|inactive|Just_Leonardo has 210 seconds left.
|
|t:|1728133866
|switch|p2a: Suicune|Suicune|56/100
|-damage|p2a: Suicune|44/100|[from] Spikes
|move|p1a: Blissey|Sing|p2a: Suicune|[miss]
|-miss|p1a: Blissey|p2a: Suicune
|
|-heal|p2a: Suicune|50/100|[from] item: Leftovers
|upkeep
|turn|16
|
|t:|1728133875
|move|p2a: Suicune|Calm Mind|p2a: Suicune
|-boost|p2a: Suicune|spa|1
|-boost|p2a: Suicune|spd|1
|move|p1a: Blissey|Seismic Toss|p2a: Suicune
|-damage|p2a: Suicune|25/100
|
|-heal|p2a: Suicune|31/100|[from] item: Leftovers
|upkeep
|turn|17
|
|t:|1728133884
|move|p2a: Suicune|Rest|p2a: Suicune
|-status|p2a: Suicune|slp|[from] move: Rest
|-heal|p2a: Suicune|100/100 slp|[silent]
|move|p1a: Blissey|Seismic Toss|p2a: Suicune
|-damage|p2a: Suicune|76/100 slp
|
|-heal|p2a: Suicune|82/100 slp|[from] item: Leftovers
|upkeep
|turn|18
|
|t:|1728133892
|cant|p2a: Suicune|slp
|move|p2a: Suicune|Sleep Talk|p2a: Suicune
|move|p2a: Suicune|Rest|p2a: Suicune|[from]Sleep Talk
|move|p1a: Blissey|Seismic Toss|p2a: Suicune
|-damage|p2a: Suicune|57/100 slp
|
|-heal|p2a: Suicune|63/100 slp|[from] item: Leftovers
|upkeep
|turn|19
|
|t:|1728133917
|switch|p1a: Slaking|Slaking, M, shiny|100/100
|cant|p2a: Suicune|slp
|move|p2a: Suicune|Sleep Talk|p2a: Suicune
|move|p2a: Suicune|Surf|p1a: Slaking|[from]Sleep Talk
|-damage|p1a: Slaking|39/100
|
|-heal|p2a: Suicune|69/100 slp|[from] item: Leftovers
|upkeep
|turn|20
|inactive|Precure Moonlight has 210 seconds left.
|inactive|Just_Leonardo has 210 seconds left.
|
|t:|1728133943
|switch|p2a: Cogito|Metagross, shiny|94/100
|-damage|p2a: Cogito|82/100|[from] Spikes
|move|p1a: Slaking|Hyper Beam|p2a: Cogito
|-resisted|p2a: Cogito
|-damage|p2a: Cogito|18/100
|-mustrecharge|p1a: Slaking
|
|-heal|p2a: Cogito|24/100|[from] item: Leftovers
|upkeep
|turn|21
|inactive|Just_Leonardo has 210 seconds left.
|
|t:|1728133957
|cant|p1a: Slaking|recharge
|move|p2a: Cogito|Meteor Mash|p1a: Slaking
|-damage|p1a: Slaking|0 fnt
|faint|p1a: Slaking
|
|t:|1728133963
|switch|p1a: Moltres|Moltres|100/100
|
|-heal|p2a: Cogito|31/100|[from] item: Leftovers
|upkeep
|turn|22
|inactive|Just_Leonardo has 210 seconds left.
|
|t:|1728133989
|move|p1a: Moltres|Flamethrower|p2a: Cogito
|-supereffective|p2a: Cogito
|-damage|p2a: Cogito|0 fnt
|faint|p2a: Cogito
|inactive|Just_Leonardo has 180 seconds left.
|inactive|Just_Leonardo has 150 seconds left.
|
|t:|1728134045
|switch|p2a: Ciccio|Snorlax, M|79/100
|-damage|p2a: Ciccio|67/100|[from] Spikes
|
|-heal|p2a: Ciccio|73/100|[from] item: Leftovers
|upkeep
|turn|23
|
|t:|1728134053
|move|p1a: Moltres|Flamethrower|p2a: Ciccio
|-damage|p2a: Ciccio|44/100
|move|p2a: Ciccio|Self-Destruct|p1a: Moltres
|-damage|p1a: Moltres|0 fnt
|faint|p2a: Ciccio
|faint|p1a: Moltres
|inactive|Precure Moonlight has 240 seconds left.
|
|t:|1728134066
|switch|p1a: Swampert|Swampert, F, shiny|100/100
|switch|p2a: Suicune|Suicune|69/100 slp
|-damage|p2a: Suicune|57/100 slp|[from] Spikes
|
|-heal|p2a: Suicune|63/100 slp|[from] item: Leftovers
|upkeep
|turn|24
|inactive|Precure Moonlight has 240 seconds left.
|
|t:|1728134079
|cant|p2a: Suicune|slp
|move|p1a: Swampert|Earthquake|p2a: Suicune
|-damage|p2a: Suicune|37/100 slp
|
|-heal|p2a: Suicune|44/100 slp|[from] item: Leftovers
|upkeep
|turn|25
|inactive|Precure Moonlight has 240 seconds left.
|inactive|Precure Moonlight has 210 seconds left.
|
|t:|1728134115
|cant|p2a: Suicune|slp
|move|p1a: Swampert|Roar|p2a: Suicune
|drag|p2a: Drake|Salamence, M|100/100
|-ability|p2a: Drake|Intimidate|boost
|-unboost|p1a: Swampert|atk|1
|
|upkeep
|turn|26
|inactive|Precure Moonlight has 210 seconds left.
|
|t:|1728134126
|switch|p1a: Blissey|Blissey, F|100/100
|move|p2a: Drake|Hidden Power|p1a: Blissey
|-damage|p1a: Blissey|59/100
|
|-heal|p1a: Blissey|65/100|[from] item: Leftovers
|upkeep
|turn|27
|inactive|Just_Leonardo has 180 seconds left.
|inactive|Precure Moonlight has 210 seconds left.
|
|t:|1728134157
|move|p2a: Drake|Rock Slide|p1a: Blissey
|-damage|p1a: Blissey|38/100
|move|p1a: Blissey|Soft-Boiled|p1a: Blissey
|-heal|p1a: Blissey|88/100
|
|-heal|p1a: Blissey|94/100|[from] item: Leftovers
|upkeep
|turn|28
|
|t:|1728134166
|move|p2a: Drake|Hidden Power|p1a: Blissey
|-damage|p1a: Blissey|56/100
|move|p1a: Blissey|Seismic Toss|p2a: Drake
|-damage|p2a: Drake|73/100
|
|-heal|p2a: Drake|79/100|[from] item: Leftovers
|-heal|p1a: Blissey|62/100|[from] item: Leftovers
|upkeep
|turn|29
|inactive|Precure Moonlight has 210 seconds left.
|
|t:|1728134175
|move|p2a: Drake|Dragon Dance|p2a: Drake
|-boost|p2a: Drake|atk|1
|-boost|p2a: Drake|spe|1
|move|p1a: Blissey|Soft-Boiled|p1a: Blissey
|-heal|p1a: Blissey|100/100
|
|-heal|p2a: Drake|85/100|[from] item: Leftovers
|upkeep
|turn|30
|
|t:|1728134186
|switch|p1a: Swampert|Swampert, F, shiny|100/100
|move|p2a: Drake|Hidden Power|p1a: Swampert
|-damage|p1a: Swampert|59/100
|
|-heal|p2a: Drake|91/100|[from] item: Leftovers
|-heal|p1a: Swampert|66/100|[from] item: Leftovers
|upkeep
|turn|31
|
|t:|1728134197
|move|p2a: Drake|Hidden Power|p1a: Swampert
|-damage|p1a: Swampert|23/100
|move|p1a: Swampert|Ice Beam|p2a: Drake
|-supereffective|p2a: Drake
|-damage|p2a: Drake|0 fnt
|faint|p2a: Drake
|
|t:|1728134201
|switch|p2a: Suicune|Suicune|44/100 slp
|-damage|p2a: Suicune|31/100 slp|[from] Spikes
|
|-heal|p2a: Suicune|37/100 slp|[from] item: Leftovers
|-heal|p1a: Swampert|30/100|[from] item: Leftovers
|upkeep
|turn|32
|
|t:|1728134211
|-curestatus|p2a: Suicune|slp|[msg]
|move|p2a: Suicune|Rest|p2a: Suicune
|-status|p2a: Suicune|slp|[from] move: Rest
|-heal|p2a: Suicune|100/100 slp|[silent]
|move|p1a: Swampert|Earthquake|p2a: Suicune
|-damage|p2a: Suicune|75/100 slp
|
|-heal|p2a: Suicune|82/100 slp|[from] item: Leftovers
|-heal|p1a: Swampert|36/100|[from] item: Leftovers
|upkeep
|turn|33
|
|t:|1728134221
|cant|p2a: Suicune|slp
|move|p2a: Suicune|Sleep Talk|p2a: Suicune
|move|p2a: Suicune|Calm Mind|p2a: Suicune|[from]Sleep Talk
|-boost|p2a: Suicune|spa|1
|-boost|p2a: Suicune|spd|1
|move|p1a: Swampert|Earthquake|p2a: Suicune
|-crit|p2a: Suicune
|-damage|p2a: Suicune|33/100 slp
|
|-heal|p2a: Suicune|39/100 slp|[from] item: Leftovers
|-heal|p1a: Swampert|42/100|[from] item: Leftovers
|upkeep
|turn|34
|
|t:|1728134232
|cant|p2a: Suicune|slp
|move|p2a: Suicune|Sleep Talk|p2a: Suicune
|move|p2a: Suicune|Calm Mind|p2a: Suicune|[from]Sleep Talk
|-boost|p2a: Suicune|spa|1
|-boost|p2a: Suicune|spd|1
|move|p1a: Swampert|Earthquake|p2a: Suicune
|-damage|p2a: Suicune|13/100 slp
|
|-heal|p2a: Suicune|20/100 slp|[from] item: Leftovers
|-heal|p1a: Swampert|48/100|[from] item: Leftovers
|upkeep
|turn|35
|
|t:|1728134242
|-curestatus|p2a: Suicune|slp|[msg]
|move|p2a: Suicune|Rest|p2a: Suicune
|-status|p2a: Suicune|slp|[from] move: Rest
|-heal|p2a: Suicune|100/100 slp|[silent]
|move|p1a: Swampert|Earthquake|p2a: Suicune
|-crit|p2a: Suicune
|-damage|p2a: Suicune|47/100 slp
|
|-heal|p2a: Suicune|53/100 slp|[from] item: Leftovers
|-heal|p1a: Swampert|54/100|[from] item: Leftovers
|upkeep
|turn|36
|
|t:|1728134253
|cant|p2a: Suicune|slp
|move|p2a: Suicune|Sleep Talk|p2a: Suicune
|move|p2a: Suicune|Calm Mind|p2a: Suicune|[from]Sleep Talk
|-boost|p2a: Suicune|spa|1
|-boost|p2a: Suicune|spd|1
|move|p1a: Swampert|Earthquake|p2a: Suicune
|-damage|p2a: Suicune|26/100 slp
|
|-heal|p2a: Suicune|32/100 slp|[from] item: Leftovers
|-heal|p1a: Swampert|61/100|[from] item: Leftovers
|upkeep
|turn|37
|
|t:|1728134264
|cant|p2a: Suicune|slp
|move|p2a: Suicune|Sleep Talk|p2a: Suicune
|move|p2a: Suicune|Rest|p2a: Suicune|[from]Sleep Talk
|move|p1a: Swampert|Earthquake|p2a: Suicune
|-damage|p2a: Suicune|5/100 slp
|
|-heal|p2a: Suicune|11/100 slp|[from] item: Leftovers
|-heal|p1a: Swampert|67/100|[from] item: Leftovers
|upkeep
|turn|38
|
|t:|1728134278
|switch|p1a: Blissey|Blissey, F|100/100
|-curestatus|p2a: Suicune|slp|[msg]
|move|p2a: Suicune|Rest|p2a: Suicune
|-status|p2a: Suicune|slp|[from] move: Rest
|-heal|p2a: Suicune|100/100 slp|[silent]
|
|upkeep
|turn|39
|
|t:|1728134287
|cant|p2a: Suicune|slp
|move|p2a: Suicune|Sleep Talk|p2a: Suicune
|move|p2a: Suicune|Rest|p2a: Suicune|[from]Sleep Talk
|move|p1a: Blissey|Seismic Toss|p2a: Suicune
|-damage|p2a: Suicune|76/100 slp
|
|-heal|p2a: Suicune|82/100 slp|[from] item: Leftovers
|upkeep
|turn|40
|
|t:|1728134296
|cant|p2a: Suicune|slp
|move|p2a: Suicune|Sleep Talk|p2a: Suicune
|move|p2a: Suicune|Surf|p1a: Blissey|[from]Sleep Talk
|-damage|p1a: Blissey|69/100
|move|p1a: Blissey|Seismic Toss|p2a: Suicune
|-damage|p2a: Suicune|57/100 slp
|
|-heal|p2a: Suicune|63/100 slp|[from] item: Leftovers
|-heal|p1a: Blissey|75/100|[from] item: Leftovers
|upkeep
|turn|41
|inactive|Precure Moonlight has 240 seconds left.
|inactive|Just_Leonardo has 240 seconds left.
|
|t:|1728134317
|-curestatus|p2a: Suicune|slp|[msg]
|move|p2a: Suicune|Calm Mind|p2a: Suicune
|-boost|p2a: Suicune|spa|1
|-boost|p2a: Suicune|spd|1
|move|p1a: Blissey|Soft-Boiled|p1a: Blissey
|-heal|p1a: Blissey|100/100
|
|-heal|p2a: Suicune|69/100|[from] item: Leftovers
|upkeep
|turn|42
|
|t:|1728134325
|move|p2a: Suicune|Rest|p2a: Suicune
|-status|p2a: Suicune|slp|[from] move: Rest
|-heal|p2a: Suicune|100/100 slp|[silent]
|move|p1a: Blissey|Sing|p2a: Suicune|[miss]
|-miss|p1a: Blissey|p2a: Suicune
|
|upkeep
|turn|43
|inactive|Precure Moonlight has 240 seconds left.
|
|t:|1728134334
|cant|p2a: Suicune|slp
|move|p2a: Suicune|Sleep Talk|p2a: Suicune
|move|p2a: Suicune|Calm Mind|p2a: Suicune|[from]Sleep Talk
|-boost|p2a: Suicune|spa|1
|-boost|p2a: Suicune|spd|1
|move|p1a: Blissey|Aromatherapy|p1a: Blissey
|-cureteam|p1a: Blissey|[from] move: Aromatherapy
|
|upkeep
|turn|44
|
|t:|1728134341
|cant|p2a: Suicune|slp
|move|p2a: Suicune|Sleep Talk|p2a: Suicune
|move|p2a: Suicune|Surf|p1a: Blissey|[from]Sleep Talk
|-damage|p1a: Blissey|55/100
|move|p1a: Blissey|Aromatherapy|p1a: Blissey
|-cureteam|p1a: Blissey|[from] move: Aromatherapy
|
|-heal|p1a: Blissey|62/100|[from] item: Leftovers
|upkeep
|turn|45
|
|t:|1728134351
|-curestatus|p2a: Suicune|slp|[msg]
|move|p2a: Suicune|Calm Mind|p2a: Suicune
|-boost|p2a: Suicune|spa|1
|-boost|p2a: Suicune|spd|1
|move|p1a: Blissey|Sing|p2a: Suicune|[miss]
|-miss|p1a: Blissey|p2a: Suicune
|
|-heal|p1a: Blissey|68/100|[from] item: Leftovers
|upkeep
|turn|46
|
|t:|1728134359
|move|p2a: Suicune|Surf|p1a: Blissey
|-damage|p1a: Blissey|16/100
|move|p1a: Blissey|Sing|p2a: Suicune|[miss]
|-miss|p1a: Blissey|p2a: Suicune
|
|-heal|p1a: Blissey|22/100|[from] item: Leftovers
|upkeep
|turn|47
|
|t:|1728134366
|move|p2a: Suicune|Surf|p1a: Blissey
|-damage|p1a: Blissey|0 fnt
|faint|p1a: Blissey
|
|t:|1728134370
|switch|p1a: Swampert|Swampert, F, shiny|67/100
|
|-heal|p1a: Swampert|73/100|[from] item: Leftovers
|upkeep
|turn|48
|inactive|Precure Moonlight has 270 seconds left.
|
|t:|1728134377
|move|p1a: Swampert|Protect|p1a: Swampert
|-singleturn|p1a: Swampert|Protect
|move|p2a: Suicune|Surf|p1a: Swampert
|-activate|p1a: Swampert|Protect
|
|-heal|p1a: Swampert|79/100|[from] item: Leftovers
|upkeep
|turn|49
|
|t:|1728134383
|move|p2a: Suicune|Surf|p1a: Swampert
|-damage|p1a: Swampert|0 fnt
|faint|p1a: Swampert
|
|win|Just_Leonardo
|c|☆Just_Leonardo|gg
|c|☆Precure Moonlight|gg
|player|p1|
|c|☆Just_Leonardo|Chall me for g2

</script>
<script type="application/json" class="data" id="replaydata-smogtours-gen3ou-794890">
{"id":"smogtours-gen3ou-794890","format":"[Gen 3] OU","players":["Precure Moonlight","Just_Leonardo"],"uploadtime":1728134383,"views":172,"formatid":"gen3ou","rating":null,"private":0,"password":null}
</script>

<script defer src="js/replays.js?9d40a366"></script>
