<!DOCTYPE html>
<meta charset="utf-8" />
<meta name="viewport" content="width=device-width" />

<title>[Gen 3] OU: kittencel vs. antantantantant - Replays - Pok&eacute;mon Showdown!</title>

<meta name="description" content="Watch a replay of a Pok&eacute;mon battle between kittencel and antantantantant! Format: [Gen 3] OU; Date: Oct 23, 2024" />
<!--

Hey, you! Looking in the source for the replay log?

You can find them in JSON format, just add `.json` at the end of a replay URL.

https://replay.pokemonshowdown.com/gen7randomdoublesbattle-865046831.json

Or, if you only need the log itself, add `.log` instead:

https://replay.pokemonshowdown.com/gen7randomdoublesbattle-865046831.log

-->

<link rel="stylesheet" href="//pokemonshowdown.com/style/global.css?0.023195364461161105" />
<link rel="stylesheet" href="//play.pokemonshowdown.com/style/font-awesome.css?0.13261647063804238" />
<link rel="stylesheet" href="//play.pokemonshowdown.com/style/battle.css?0.8753245789963631" />
<link rel="stylesheet" href="//play.pokemonshowdown.com/style/utilichart.css?0.8627959624976733" />

<!-- Global site tag (gtag.js) - Google Analytics -->
<script async src="https://www.googletagmanager.com/gtag/js?id=UA-26211653-1"></script>
<script>
  window.dataLayer = window.dataLayer || [];
  function gtag(){dataLayer.push(arguments);}
  gtag('js', new Date());

  gtag('config', 'UA-26211653-1');
</script>
<!-- End Google Analytics -->
<!-- Venatus Ad Manager - Install in <HEAD> of page -->
	<script src="https://hb.vntsm.com/v3/live/ad-manager.min.js" type="text/javascript" data-site-id="642aba63ec9a7b11c3c9c1be" data-mode="scan" async></script>
<!-- / Venatus Ad Manager -->

<style>
	@media (max-width:820px) {
		.battle {
			margin: 0 auto;
		}
		.battle-log {
			margin: 7px auto 0;
			max-width: 640px;
			height: 300px;
			position: static;
		}
	}
	.optgroup {
		display: inline-block;
		line-height: 22px;
		font-size: 10pt;
	}
	.optgroup .button {
		height: 25px;
		padding-top: 0;
		padding-bottom: 0;
	}
	.optgroup button.button {
		padding-left: 12px;
		padding-right: 12px;
	}
	.linklist {
		list-style: none;
		margin: 0.5em 0;
		padding: 0;
	}
	.linklist li {
		padding: 2px 0;
	}
	.sidebar {
		float: left;
		width: 320px;
	}
	.bar-wrapper {
		max-width: 1100px;
		margin: 0 auto;
	}
	.bar-wrapper.has-sidebar {
		max-width: 1430px;
	}
	.mainbar {
		margin: 0;
		padding-right: 1px;
	}
	.mainbar.has-sidebar {
		margin-left: 330px;
	}
	@media (min-width: 1511px) {
		.sidebar {
			width: 400px;
		}
		.bar-wrapper.has-sidebar {
			max-width: 1510px;
		}
		.mainbar.has-sidebar {
			margin-left: 410px;
		}
	}
	.section.first-section {
		margin-top: 9px;
	}
	.blocklink small {
		white-space: normal;
	}
	.button {
		vertical-align: middle;
	}
	.replay-controls {
		padding-top: 10px;
	}
	.replay-controls h1 {
		font-size: 16pt;
		font-weight: normal;
		color: #CCC;
	}
	.pagelink {
		text-align: center;
	}
	.pagelink a {
		width: 150px;
	}
	.textbox, .button {
		font-size: 11pt;
		vertical-align: middle;
	}
	@media (max-width: 450px) {
		.button {
			font-size: 9pt;
		}
	}
</style>

<div>

	<header>
		<div class="nav-wrapper"><ul class="nav">
			<li><a class="button nav-first" href="//pokemonshowdown.com/"><img src="//pokemonshowdown.com/images/pokemonshowdownbeta.png" srcset="//pokemonshowdown.com/images/pokemonshowdownbeta.png 1x, //pokemonshowdown.com/images/pokemonshowdownbeta@2x.png 2x" alt="Pok&eacute;mon Showdown" width="146" height="44" /> Home</a></li>
			<li><a class="button" href="//pokemonshowdown.com/dex/">Pok&eacute;dex</a></li>
			<li><a class="button cur" href="/">Replays</a></li>
			<li><a class="button" href="//pokemonshowdown.com/ladder/">Ladder</a></li>
			<li><a class="button nav-last" href="//pokemonshowdown.com/forums/">Forum</a></li>
			<li><a class="button greenbutton nav-first nav-last" href="//play.pokemonshowdown.com/">Play</a></li>
		</ul></div>
	</header>

	<div class="main" id="main">

		<noscript><section class="section">You need to enable JavaScript to use this page; sorry!</section></noscript>

	</div>

</div>

<script defer nomodule src="//play.pokemonshowdown.com/js/lib/ps-polyfill.js"></script>
<script defer src="//play.pokemonshowdown.com/js/lib/preact.min.js"></script>

<script defer src="//play.pokemonshowdown.com/config/config.js?2bddbc15"></script>
<script defer src="//play.pokemonshowdown.com/js/lib/jquery-1.11.0.min.js"></script>
<script defer src="//play.pokemonshowdown.com/js/lib/html-sanitizer-minified.js"></script>
<script defer src="//play.pokemonshowdown.com/js/battle-sound.js"></script>
<script defer src="//play.pokemonshowdown.com/js/battledata.js?0.7209276989879541"></script>
<script defer src="//play.pokemonshowdown.com/data/pokedex-mini.js?0.6111056340867951"></script>
<script defer src="//play.pokemonshowdown.com/data/pokedex-mini-bw.js?0.3532142036491459"></script>
<script defer src="//play.pokemonshowdown.com/data/graphics.js?0.24223875632456182"></script>
<script defer src="//play.pokemonshowdown.com/data/pokedex.js?0.38839984266356864"></script>
<script defer src="//play.pokemonshowdown.com/data/moves.js?0.21866028504024015"></script>
<script defer src="//play.pokemonshowdown.com/data/abilities.js?0.2005157953846628"></script>
<script defer src="//play.pokemonshowdown.com/data/items.js?0.9894211263848525"></script>
<script defer src="//play.pokemonshowdown.com/data/teambuilder-tables.js?0.6008791140282215"></script>
<script defer src="//play.pokemonshowdown.com/js/battle-tooltips.js?0.7580118955022959"></script>
<script defer src="//play.pokemonshowdown.com/js/battle.js?0.6057722274234274"></script>

<script defer src="js/utils.js?e31f9a17"></script>
<script defer src="js/replays-battle.js?7008c182"></script>

<!-- don't scrape this data! just add .json or .log after the URL!
Full API docs: https://github.com/smogon/pokemon-showdown-client/blob/master/WEB-API.md -->
<script type="text/plain" class="log" id="replaylog-smogtours-gen3ou-801333">
|inactive|Battle timer is ON: inactive players will automatically lose when time's up.
|t:|1729648414
|gametype|singles
|player|p1|kittencel|lady|
|player|p2|antantantantant|1|
|teamsize|p1|6
|teamsize|p2|6
|gen|3
|tier|[Gen 3] OU
|rule|Sleep Clause Mod: Limit one foe put to sleep
|rule|Switch Priority Clause Mod: Faster Pokémon switch first
|rule|Species Clause: Limit one of each Pokémon
|rule|OHKO Clause: OHKO moves are banned
|rule|Evasion Items Clause: Evasion items are banned
|rule|Evasion Moves Clause: Evasion moves are banned
|rule|Endless Battle Clause: Forcing endless battles is banned
|rule|HP Percentage Mod: HP is shown in percentages
|rule|One Boost Passer Clause: Limit one Baton Passer that has a way to boost its stats
|rule|Freeze Clause Mod: Limit one foe frozen
|
|t:|1729648414
|start
|switch|p1a: Nee Nee Nee|Hariyama, F, shiny|100/100
|switch|p2a: Zapdos|Zapdos|100/100
|turn|1
|c|☆antantantantant|glgl
|c|☆kittencel|glhf
|
|t:|1729648424
|move|p2a: Zapdos|Thunderbolt|p1a: Nee Nee Nee
|-damage|p1a: Nee Nee Nee|59/100
|move|p1a: Nee Nee Nee|Knock Off|p2a: Zapdos
|-damage|p2a: Zapdos|99/100
|-enditem|p2a: Zapdos|Leftovers|[from] move: Knock Off|[of] p1a: Nee Nee Nee
|-hint|In Gens 3-4, Knock Off only makes the target's item unusable; it cannot obtain a new item.
|
|-heal|p1a: Nee Nee Nee|66/100|[from] item: Leftovers
|upkeep
|turn|2
|
|t:|1729648432
|switch|p1a: God-ish|Snorlax, F|100/100
|move|p2a: Zapdos|Thunderbolt|p1a: God-ish
|-damage|p1a: God-ish|78/100
|
|-heal|p1a: God-ish|84/100|[from] item: Leftovers
|upkeep
|turn|3
|
|t:|1729648436
|switch|p2a: Skarmory|Skarmory, M|100/100
|move|p1a: God-ish|Curse|p1a: God-ish
|-unboost|p1a: God-ish|spe|1
|-boost|p1a: God-ish|atk|1
|-boost|p1a: God-ish|def|1
|
|-heal|p1a: God-ish|90/100|[from] item: Leftovers
|upkeep
|turn|4
|
|t:|1729648440
|move|p1a: God-ish|Double-Edge|p2a: Skarmory
|-resisted|p2a: Skarmory
|-damage|p2a: Skarmory|69/100
|-damage|p1a: God-ish|83/100|[from] Recoil|[of] p2a: Skarmory
|move|p2a: Skarmory|Roar|p1a: God-ish
|drag|p1a: Non-breath Oblige|Suicune, shiny|100/100
|
|-heal|p2a: Skarmory|75/100|[from] item: Leftovers
|upkeep
|turn|5
|
|t:|1729648447
|switch|p2a: Zapdos|Zapdos|99/100
|move|p1a: Non-breath Oblige|Calm Mind|p1a: Non-breath Oblige
|-boost|p1a: Non-breath Oblige|spa|1
|-boost|p1a: Non-breath Oblige|spd|1
|
|upkeep
|turn|6
|
|t:|1729648452
|move|p1a: Non-breath Oblige|Ice Beam|p2a: Zapdos
|-supereffective|p2a: Zapdos
|-damage|p2a: Zapdos|44/100
|move|p2a: Zapdos|Thunderbolt|p1a: Non-breath Oblige
|-supereffective|p1a: Non-breath Oblige
|-crit|p1a: Non-breath Oblige
|-damage|p1a: Non-breath Oblige|0 fnt
|faint|p1a: Non-breath Oblige
|c|☆antantantantant|mb
|
|t:|1729648460
|switch|p1a: Nee Nee Nee|Hariyama, F, shiny|66/100
|
|-heal|p1a: Nee Nee Nee|72/100|[from] item: Leftovers
|upkeep
|turn|7
|
|t:|1729648475
|switch|p2a: Milotic|Milotic, M|100/100
|move|p1a: Nee Nee Nee|Rock Slide|p2a: Milotic
|-damage|p2a: Milotic|80/100
|
|-heal|p2a: Milotic|86/100|[from] item: Leftovers
|-heal|p1a: Nee Nee Nee|78/100|[from] item: Leftovers
|upkeep
|turn|8
|
|t:|1729648485
|switch|p2a: Skarmory|Skarmory, M|75/100
|move|p1a: Nee Nee Nee|Knock Off|p2a: Skarmory
|-resisted|p2a: Skarmory
|-damage|p2a: Skarmory|74/100
|-enditem|p2a: Skarmory|Leftovers|[from] move: Knock Off|[of] p1a: Nee Nee Nee
|
|-heal|p1a: Nee Nee Nee|84/100|[from] item: Leftovers
|upkeep
|turn|9
|
|t:|1729648491
|switch|p1a: ReincarnationApple|Salamence, F|100/100
|-ability|p1a: ReincarnationApple|Intimidate|boost
|-unboost|p2a: Skarmory|atk|1
|move|p2a: Skarmory|Spikes|p1a: ReincarnationApple
|-sidestart|p1: kittencel|Spikes
|
|upkeep
|turn|10
|
|t:|1729648503
|move|p1a: ReincarnationApple|Wish|p1a: ReincarnationApple
|move|p2a: Skarmory|Toxic|p1a: ReincarnationApple
|-status|p1a: ReincarnationApple|tox
|
|-damage|p1a: ReincarnationApple|94/100 tox|[from] psn
|upkeep
|turn|11
|
|t:|1729648514
|switch|p2a: Milotic|Milotic, M|86/100
|move|p1a: ReincarnationApple|Fire Blast|p2a: Milotic
|-resisted|p2a: Milotic
|-damage|p2a: Milotic|70/100
|
|-heal|p1a: ReincarnationApple|100/100 tox|[from] move: Wish|[wisher] ReincarnationApple
|-damage|p1a: ReincarnationApple|88/100 tox|[from] psn
|-heal|p2a: Milotic|76/100|[from] item: Leftovers
|upkeep
|turn|12
|
|t:|1729648528
|switch|p2a: Skarmory|Skarmory, M|74/100
|move|p1a: ReincarnationApple|Wish|p1a: ReincarnationApple
|
|-heal|p1a: ReincarnationApple|94/100 tox|[from] item: Leftovers
|-damage|p1a: ReincarnationApple|76/100 tox|[from] psn
|upkeep
|turn|13
|
|t:|1729648534
|switch|p1a: God-ish|Snorlax, F|83/100
|-damage|p1a: God-ish|71/100|[from] Spikes
|switch|p2a: Milotic|Milotic, M|76/100
|
|-heal|p1a: God-ish|100/100|[from] move: Wish|[wisher] ReincarnationApple
|-heal|p2a: Milotic|82/100|[from] item: Leftovers
|upkeep
|turn|14
|
|t:|1729648540
|switch|p2a: Skarmory|Skarmory, M|74/100
|move|p1a: God-ish|Curse|p1a: God-ish
|-unboost|p1a: God-ish|spe|1
|-boost|p1a: God-ish|atk|1
|-boost|p1a: God-ish|def|1
|
|upkeep
|turn|15
|
|t:|1729648543
|move|p2a: Skarmory|Protect|p2a: Skarmory
|-singleturn|p2a: Skarmory|Protect
|move|p1a: God-ish|Double-Edge|p2a: Skarmory
|-activate|p2a: Skarmory|Protect
|
|upkeep
|turn|16
|
|t:|1729648549
|move|p1a: God-ish|Double-Edge|p2a: Skarmory
|-resisted|p2a: Skarmory
|-crit|p2a: Skarmory
|-damage|p2a: Skarmory|0 fnt
|-damage|p1a: God-ish|83/100|[from] Recoil|[of] p2a: Skarmory
|faint|p2a: Skarmory
|
|t:|1729648555
|switch|p2a: Claydol|Claydol|100/100
|
|-heal|p1a: God-ish|89/100|[from] item: Leftovers
|upkeep
|turn|17
|
|t:|1729648561
|switch|p1a: YOZURINA|Claydol|100/100
|move|p2a: Claydol|Psychic|p1a: YOZURINA
|-resisted|p1a: YOZURINA
|-damage|p1a: YOZURINA|91/100
|
|-heal|p1a: YOZURINA|97/100|[from] item: Leftovers
|upkeep
|turn|18
|
|t:|1729648568
|switch|p2a: Milotic|Milotic, M|82/100
|move|p1a: YOZURINA|Rapid Spin|p2a: Milotic
|-damage|p2a: Milotic|79/100
|-sideend|p1: kittencel|Spikes|[from] move: Rapid Spin|[of] p1a: YOZURINA
|
|-heal|p2a: Milotic|85/100|[from] item: Leftovers
|-heal|p1a: YOZURINA|100/100|[from] item: Leftovers
|upkeep
|turn|19
|
|t:|1729648577
|switch|p2a: Claydol|Claydol|100/100
|move|p1a: YOZURINA|Explosion|p2a: Claydol
|-damage|p2a: Claydol|14/100
|faint|p1a: YOZURINA
|
|t:|1729648592
|switch|p1a: ReincarnationApple|Salamence, F|76/100 tox
|-ability|p1a: ReincarnationApple|Intimidate|boost
|-unboost|p2a: Claydol|atk|1
|
|-heal|p1a: ReincarnationApple|82/100 tox|[from] item: Leftovers
|-damage|p1a: ReincarnationApple|76/100 tox|[from] psn
|-heal|p2a: Claydol|20/100|[from] item: Leftovers
|upkeep
|turn|20
|
|t:|1729648605
|switch|p2a: Milotic|Milotic, M|85/100
|move|p1a: ReincarnationApple|Dragon Claw|p2a: Milotic
|-damage|p2a: Milotic|57/100
|
|-heal|p1a: ReincarnationApple|82/100 tox|[from] item: Leftovers
|-damage|p1a: ReincarnationApple|70/100 tox|[from] psn
|-heal|p2a: Milotic|63/100|[from] item: Leftovers
|upkeep
|turn|21
|
|t:|1729648616
|switch|p1a: God-ish|Snorlax, F|89/100
|move|p2a: Milotic|Recover|p2a: Milotic
|-heal|p2a: Milotic|100/100
|
|-heal|p1a: God-ish|96/100|[from] item: Leftovers
|upkeep
|turn|22
|
|t:|1729648621
|switch|p2a: Claydol|Claydol|20/100
|move|p1a: God-ish|Shadow Ball|p2a: Claydol
|-supereffective|p2a: Claydol
|-crit|p2a: Claydol
|-damage|p2a: Claydol|0 fnt
|faint|p2a: Claydol
|
|t:|1729648626
|switch|p2a: Dugtrio|Dugtrio, F|100/100
|
|-heal|p1a: God-ish|100/100|[from] item: Leftovers
|upkeep
|turn|23
|
|t:|1729648630
|move|p2a: Dugtrio|Earthquake|p1a: God-ish
|-damage|p1a: God-ish|55/100
|move|p1a: God-ish|Earthquake|p2a: Dugtrio
|-damage|p2a: Dugtrio|8/100
|
|-heal|p1a: God-ish|61/100|[from] item: Leftovers
|upkeep
|turn|24
|
|t:|1729648633
|move|p2a: Dugtrio|Earthquake|p1a: God-ish
|-damage|p1a: God-ish|12/100
|move|p1a: God-ish|Earthquake|p2a: Dugtrio
|-damage|p2a: Dugtrio|0 fnt
|faint|p2a: Dugtrio
|
|t:|1729648636
|switch|p2a: Zapdos|Zapdos|44/100
|
|-heal|p1a: God-ish|19/100|[from] item: Leftovers
|upkeep
|turn|25
|
|t:|1729648648
|switch|p1a: Nee Nee Nee|Hariyama, F, shiny|84/100
|move|p2a: Zapdos|Thunderbolt|p1a: Nee Nee Nee
|-damage|p1a: Nee Nee Nee|47/100
|
|-heal|p1a: Nee Nee Nee|53/100|[from] item: Leftovers
|upkeep
|turn|26
|
|t:|1729648656
|switch|p2a: Milotic|Milotic, M|100/100
|move|p1a: Nee Nee Nee|Rock Slide|p2a: Milotic
|-damage|p2a: Milotic|80/100
|
|-heal|p2a: Milotic|86/100|[from] item: Leftovers
|-heal|p1a: Nee Nee Nee|59/100|[from] item: Leftovers
|upkeep
|turn|27
|
|t:|1729648662
|switch|p1a: ReincarnationApple|Salamence, F|70/100 tox
|-ability|p1a: ReincarnationApple|Intimidate|boost
|-unboost|p2a: Milotic|atk|1
|move|p2a: Milotic|Surf|p1a: ReincarnationApple
|-resisted|p1a: ReincarnationApple
|-damage|p1a: ReincarnationApple|51/100 tox
|
|-heal|p1a: ReincarnationApple|57/100 tox|[from] item: Leftovers
|-damage|p1a: ReincarnationApple|51/100 tox|[from] psn
|-heal|p2a: Milotic|92/100|[from] item: Leftovers
|upkeep
|turn|28
|
|t:|1729648669
|move|p1a: ReincarnationApple|Wish|p1a: ReincarnationApple
|move|p2a: Milotic|Surf|p1a: ReincarnationApple
|-resisted|p1a: ReincarnationApple
|-damage|p1a: ReincarnationApple|32/100 tox
|
|-heal|p1a: ReincarnationApple|38/100 tox|[from] item: Leftovers
|-damage|p1a: ReincarnationApple|26/100 tox|[from] psn
|-heal|p2a: Milotic|98/100|[from] item: Leftovers
|upkeep
|turn|29
|inactive|kittencel has 270 seconds left.
|
|t:|1729648716
|move|p1a: ReincarnationApple|Hidden Power|p2a: Milotic
|-supereffective|p2a: Milotic
|-damage|p2a: Milotic|64/100
|move|p2a: Milotic|Surf|p1a: ReincarnationApple
|-resisted|p1a: ReincarnationApple
|-damage|p1a: ReincarnationApple|7/100 tox
|
|-heal|p1a: ReincarnationApple|56/100 tox|[from] move: Wish|[wisher] ReincarnationApple
|-heal|p1a: ReincarnationApple|62/100 tox|[from] item: Leftovers
|-damage|p1a: ReincarnationApple|44/100 tox|[from] psn
|-heal|p2a: Milotic|70/100|[from] item: Leftovers
|upkeep
|turn|30
|
|t:|1729648724
|switch|p1a: Ultimate Senpai|Metagross, shiny|100/100
|switch|p2a: Zapdos|Zapdos|44/100
|
|upkeep
|turn|31
|
|t:|1729648728
|switch|p2a: Milotic|Milotic, M|70/100
|move|p1a: Ultimate Senpai|Rock Slide|p2a: Milotic
|-damage|p2a: Milotic|48/100
|
|-heal|p2a: Milotic|54/100|[from] item: Leftovers
|upkeep
|turn|32
|
|t:|1729648735
|switch|p1a: God-ish|Snorlax, F|19/100
|move|p2a: Milotic|Recover|p2a: Milotic
|-heal|p2a: Milotic|100/100
|
|-heal|p1a: God-ish|25/100|[from] item: Leftovers
|upkeep
|turn|33
|
|t:|1729648743
|switch|p1a: Ultimate Senpai|Metagross, shiny|100/100
|move|p2a: Milotic|Surf|p1a: Ultimate Senpai
|-damage|p1a: Ultimate Senpai|62/100
|
|-heal|p1a: Ultimate Senpai|68/100|[from] item: Leftovers
|upkeep
|turn|34
|
|t:|1729648760
|move|p2a: Milotic|Surf|p1a: Ultimate Senpai
|-damage|p1a: Ultimate Senpai|32/100
|move|p1a: Ultimate Senpai|Rock Slide|p2a: Milotic
|-damage|p2a: Milotic|77/100
|
|-heal|p2a: Milotic|83/100|[from] item: Leftovers
|-heal|p1a: Ultimate Senpai|38/100|[from] item: Leftovers
|upkeep
|turn|35
|
|t:|1729648769
|move|p2a: Milotic|Surf|p1a: Ultimate Senpai
|-damage|p1a: Ultimate Senpai|0 fnt
|faint|p1a: Ultimate Senpai
|
|t:|1729648771
|switch|p1a: ReincarnationApple|Salamence, F|44/100 tox
|-ability|p1a: ReincarnationApple|Intimidate|boost
|-unboost|p2a: Milotic|atk|1
|
|-heal|p1a: ReincarnationApple|50/100 tox|[from] item: Leftovers
|-damage|p1a: ReincarnationApple|44/100 tox|[from] psn
|-heal|p2a: Milotic|89/100|[from] item: Leftovers
|upkeep
|turn|36
|
|t:|1729648773
|move|p1a: ReincarnationApple|Wish|p1a: ReincarnationApple
|move|p2a: Milotic|Surf|p1a: ReincarnationApple
|-resisted|p1a: ReincarnationApple
|-damage|p1a: ReincarnationApple|27/100 tox
|
|-heal|p1a: ReincarnationApple|33/100 tox|[from] item: Leftovers
|-damage|p1a: ReincarnationApple|21/100 tox|[from] psn
|-heal|p2a: Milotic|95/100|[from] item: Leftovers
|upkeep
|turn|37
|
|t:|1729648784
|switch|p2a: Zapdos|Zapdos|44/100
|move|p1a: ReincarnationApple|Hidden Power|p2a: Zapdos
|-resisted|p2a: Zapdos
|-damage|p2a: Zapdos|36/100
|
|-heal|p1a: ReincarnationApple|71/100 tox|[from] move: Wish|[wisher] ReincarnationApple
|-heal|p1a: ReincarnationApple|77/100 tox|[from] item: Leftovers
|-damage|p1a: ReincarnationApple|59/100 tox|[from] psn
|upkeep
|turn|38
|
|t:|1729648790
|switch|p1a: Nee Nee Nee|Hariyama, F, shiny|59/100
|move|p2a: Zapdos|Thunderbolt|p1a: Nee Nee Nee
|-damage|p1a: Nee Nee Nee|18/100
|
|-heal|p1a: Nee Nee Nee|25/100|[from] item: Leftovers
|upkeep
|turn|39
|
|t:|1729648797
|move|p2a: Zapdos|Thunderbolt|p1a: Nee Nee Nee
|-damage|p1a: Nee Nee Nee|0 fnt
|faint|p1a: Nee Nee Nee
|
|t:|1729648799
|switch|p1a: ReincarnationApple|Salamence, F|59/100 tox
|-ability|p1a: ReincarnationApple|Intimidate|boost
|-unboost|p2a: Zapdos|atk|1
|
|-heal|p1a: ReincarnationApple|65/100 tox|[from] item: Leftovers
|-damage|p1a: ReincarnationApple|59/100 tox|[from] psn
|upkeep
|turn|40
|
|t:|1729648802
|move|p1a: ReincarnationApple|Wish|p1a: ReincarnationApple
|move|p2a: Zapdos|Thunderbolt|p1a: ReincarnationApple
|-damage|p1a: ReincarnationApple|12/100 tox
|
|-heal|p1a: ReincarnationApple|18/100 tox|[from] item: Leftovers
|-damage|p1a: ReincarnationApple|6/100 tox|[from] psn
|upkeep
|turn|41
|
|t:|1729648807
|move|p1a: ReincarnationApple|Dragon Claw|p2a: Zapdos
|-damage|p2a: Zapdos|9/100
|move|p2a: Zapdos|Thunderbolt|p1a: ReincarnationApple
|-damage|p1a: ReincarnationApple|0 fnt
|faint|p1a: ReincarnationApple
|
|t:|1729648809
|switch|p1a: God-ish|Snorlax, F|25/100
|
|-heal|p1a: God-ish|75/100|[from] move: Wish|[wisher] ReincarnationApple
|-heal|p1a: God-ish|81/100|[from] item: Leftovers
|upkeep
|turn|42
|
|t:|1729648816
|move|p2a: Zapdos|Thunderbolt|p1a: God-ish
|-damage|p1a: God-ish|60/100
|move|p1a: God-ish|Curse|p1a: God-ish
|-unboost|p1a: God-ish|spe|1
|-boost|p1a: God-ish|atk|1
|-boost|p1a: God-ish|def|1
|
|-heal|p1a: God-ish|66/100|[from] item: Leftovers
|upkeep
|turn|43
|
|t:|1729648820
|move|p2a: Zapdos|Thunderbolt|p1a: God-ish
|-damage|p1a: God-ish|43/100
|move|p1a: God-ish|Shadow Ball|p2a: Zapdos
|-damage|p2a: Zapdos|0 fnt
|faint|p2a: Zapdos
|
|t:|1729648822
|switch|p2a: Milotic|Milotic, M|95/100
|
|-heal|p2a: Milotic|100/100|[from] item: Leftovers
|-heal|p1a: God-ish|49/100|[from] item: Leftovers
|upkeep
|turn|44
|inactive|kittencel has 270 seconds left.
|
|t:|1729648855
|move|p2a: Milotic|Surf|p1a: God-ish
|-damage|p1a: God-ish|29/100
|move|p1a: God-ish|Earthquake|p2a: Milotic
|-damage|p2a: Milotic|64/100
|
|-heal|p2a: Milotic|70/100|[from] item: Leftovers
|-heal|p1a: God-ish|35/100|[from] item: Leftovers
|upkeep
|turn|45
|
|t:|1729648860
|move|p2a: Milotic|Surf|p1a: God-ish
|-damage|p1a: God-ish|15/100
|move|p1a: God-ish|Earthquake|p2a: Milotic
|-damage|p2a: Milotic|31/100
|
|-heal|p2a: Milotic|37/100|[from] item: Leftovers
|-heal|p1a: God-ish|22/100|[from] item: Leftovers
|upkeep
|turn|46
|
|t:|1729648864
|move|p2a: Milotic|Surf|p1a: God-ish
|-damage|p1a: God-ish|1/100
|move|p1a: God-ish|Earthquake|p2a: Milotic
|-damage|p2a: Milotic|3/100
|
|-heal|p2a: Milotic|9/100|[from] item: Leftovers
|-heal|p1a: God-ish|7/100|[from] item: Leftovers
|upkeep
|turn|47
|c|☆kittencel|gg
|c|☆kittencel|unfort crit
|c|☆antantantantant|ggs dude
|c|☆kittencel|i was sub
|-message|kittencel forfeited.
|
|win|antantantantant
|c|☆antantantantant|oof 
|c|☆antantantantant|gl rest of tour
|c|☆kittencel|u2
|player|p1|

</script>
<script type="application/json" class="data" id="replaydata-smogtours-gen3ou-801333">
{"id":"smogtours-gen3ou-801333","format":"[Gen 3] OU","players":["kittencel","antantantantant"],"uploadtime":1729648872,"views":153,"formatid":"gen3ou","rating":null,"private":0,"password":null}
</script>

<script defer src="js/replays.js?9d40a366"></script>
