<!DOCTYPE html>
<meta charset="utf-8" />
<meta name="viewport" content="width=device-width" />

<title>[Gen 3] OU: green.9082 vs. Key to Life - Replays - Pok&eacute;mon Showdown!</title>

<meta name="description" content="Watch a replay of a Pok&eacute;mon battle between green.9082 and Key to Life! Format: [Gen 3] OU; Date: Nov 3, 2024" />
<!--

Hey, you! Looking in the source for the replay log?

You can find them in JSON format, just add `.json` at the end of a replay URL.

https://replay.pokemonshowdown.com/gen7randomdoublesbattle-865046831.json

Or, if you only need the log itself, add `.log` instead:

https://replay.pokemonshowdown.com/gen7randomdoublesbattle-865046831.log

-->

<link rel="stylesheet" href="//pokemonshowdown.com/style/global.css?0.023195364461161105" />
<link rel="stylesheet" href="//play.pokemonshowdown.com/style/font-awesome.css?0.13261647063804238" />
<link rel="stylesheet" href="//play.pokemonshowdown.com/style/battle.css?0.8753245789963631" />
<link rel="stylesheet" href="//play.pokemonshowdown.com/style/utilichart.css?0.8627959624976733" />

<!-- Global site tag (gtag.js) - Google Analytics -->
<script async src="https://www.googletagmanager.com/gtag/js?id=UA-26211653-1"></script>
<script>
  window.dataLayer = window.dataLayer || [];
  function gtag(){dataLayer.push(arguments);}
  gtag('js', new Date());

  gtag('config', 'UA-26211653-1');
</script>
<!-- End Google Analytics -->
<!-- Venatus Ad Manager - Install in <HEAD> of page -->
	<script src="https://hb.vntsm.com/v3/live/ad-manager.min.js" type="text/javascript" data-site-id="642aba63ec9a7b11c3c9c1be" data-mode="scan" async></script>
<!-- / Venatus Ad Manager -->

<style>
	@media (max-width:820px) {
		.battle {
			margin: 0 auto;
		}
		.battle-log {
			margin: 7px auto 0;
			max-width: 640px;
			height: 300px;
			position: static;
		}
	}
	.optgroup {
		display: inline-block;
		line-height: 22px;
		font-size: 10pt;
	}
	.optgroup .button {
		height: 25px;
		padding-top: 0;
		padding-bottom: 0;
	}
	.optgroup button.button {
		padding-left: 12px;
		padding-right: 12px;
	}
	.linklist {
		list-style: none;
		margin: 0.5em 0;
		padding: 0;
	}
	.linklist li {
		padding: 2px 0;
	}
	.sidebar {
		float: left;
		width: 320px;
	}
	.bar-wrapper {
		max-width: 1100px;
		margin: 0 auto;
	}
	.bar-wrapper.has-sidebar {
		max-width: 1430px;
	}
	.mainbar {
		margin: 0;
		padding-right: 1px;
	}
	.mainbar.has-sidebar {
		margin-left: 330px;
	}
	@media (min-width: 1511px) {
		.sidebar {
			width: 400px;
		}
		.bar-wrapper.has-sidebar {
			max-width: 1510px;
		}
		.mainbar.has-sidebar {
			margin-left: 410px;
		}
	}
	.section.first-section {
		margin-top: 9px;
	}
	.blocklink small {
		white-space: normal;
	}
	.button {
		vertical-align: middle;
	}
	.replay-controls {
		padding-top: 10px;
	}
	.replay-controls h1 {
		font-size: 16pt;
		font-weight: normal;
		color: #CCC;
	}
	.pagelink {
		text-align: center;
	}
	.pagelink a {
		width: 150px;
	}
	.textbox, .button {
		font-size: 11pt;
		vertical-align: middle;
	}
	@media (max-width: 450px) {
		.button {
			font-size: 9pt;
		}
	}
</style>

<div>

	<header>
		<div class="nav-wrapper"><ul class="nav">
			<li><a class="button nav-first" href="//pokemonshowdown.com/"><img src="//pokemonshowdown.com/images/pokemonshowdownbeta.png" srcset="//pokemonshowdown.com/images/pokemonshowdownbeta.png 1x, //pokemonshowdown.com/images/pokemonshowdownbeta@2x.png 2x" alt="Pok&eacute;mon Showdown" width="146" height="44" /> Home</a></li>
			<li><a class="button" href="//pokemonshowdown.com/dex/">Pok&eacute;dex</a></li>
			<li><a class="button cur" href="/">Replays</a></li>
			<li><a class="button" href="//pokemonshowdown.com/ladder/">Ladder</a></li>
			<li><a class="button nav-last" href="//pokemonshowdown.com/forums/">Forum</a></li>
			<li><a class="button greenbutton nav-first nav-last" href="//play.pokemonshowdown.com/">Play</a></li>
		</ul></div>
	</header>

	<div class="main" id="main">

		<noscript><section class="section">You need to enable JavaScript to use this page; sorry!</section></noscript>

	</div>

</div>

<script defer nomodule src="//play.pokemonshowdown.com/js/lib/ps-polyfill.js"></script>
<script defer src="//play.pokemonshowdown.com/js/lib/preact.min.js"></script>

<script defer src="//play.pokemonshowdown.com/config/config.js?2bddbc15"></script>
<script defer src="//play.pokemonshowdown.com/js/lib/jquery-1.11.0.min.js"></script>
<script defer src="//play.pokemonshowdown.com/js/lib/html-sanitizer-minified.js"></script>
<script defer src="//play.pokemonshowdown.com/js/battle-sound.js"></script>
<script defer src="//play.pokemonshowdown.com/js/battledata.js?0.7209276989879541"></script>
<script defer src="//play.pokemonshowdown.com/data/pokedex-mini.js?0.6111056340867951"></script>
<script defer src="//play.pokemonshowdown.com/data/pokedex-mini-bw.js?0.3532142036491459"></script>
<script defer src="//play.pokemonshowdown.com/data/graphics.js?0.24223875632456182"></script>
<script defer src="//play.pokemonshowdown.com/data/pokedex.js?0.38839984266356864"></script>
<script defer src="//play.pokemonshowdown.com/data/moves.js?0.21866028504024015"></script>
<script defer src="//play.pokemonshowdown.com/data/abilities.js?0.2005157953846628"></script>
<script defer src="//play.pokemonshowdown.com/data/items.js?0.9894211263848525"></script>
<script defer src="//play.pokemonshowdown.com/data/teambuilder-tables.js?0.6008791140282215"></script>
<script defer src="//play.pokemonshowdown.com/js/battle-tooltips.js?0.7580118955022959"></script>
<script defer src="//play.pokemonshowdown.com/js/battle.js?0.6057722274234274"></script>

<script defer src="js/utils.js?e31f9a17"></script>
<script defer src="js/replays-battle.js?7008c182"></script>

<!-- don't scrape this data! just add .json or .log after the URL!
Full API docs: https://github.com/smogon/pokemon-showdown-client/blob/master/WEB-API.md -->
<script type="text/plain" class="log" id="replaylog-smogtours-gen3ou-804618">
|inactive|Battle timer is ON: inactive players will automatically lose when time's up.
|t:|1730670432
|gametype|singles
|player|p1|green.9082|1|
|player|p2|Key to Life|caitlin|
|teamsize|p1|6
|teamsize|p2|6
|gen|3
|tier|[Gen 3] OU
|rule|Sleep Clause Mod: Limit one foe put to sleep
|rule|Switch Priority Clause Mod: Faster Pokémon switch first
|rule|Species Clause: Limit one of each Pokémon
|rule|OHKO Clause: OHKO moves are banned
|rule|Evasion Items Clause: Evasion items are banned
|rule|Evasion Moves Clause: Evasion moves are banned
|rule|Endless Battle Clause: Forcing endless battles is banned
|rule|HP Percentage Mod: HP is shown in percentages
|rule|One Boost Passer Clause: Limit one Baton Passer that has a way to boost its stats
|rule|Freeze Clause Mod: Limit one foe frozen
|
|t:|1730670432
|start
|switch|p1a: Dugtrio|Dugtrio, F|100/100
|switch|p2a: MERRY BAD END|Jirachi|100/100
|turn|1
|
|t:|1730670439
|move|p1a: Dugtrio|Earthquake|p2a: MERRY BAD END
|-supereffective|p2a: MERRY BAD END
|-damage|p2a: MERRY BAD END|3/100
|move|p2a: MERRY BAD END|Body Slam|p1a: Dugtrio
|-damage|p1a: Dugtrio|51/100
|
|-heal|p2a: MERRY BAD END|9/100|[from] item: Leftovers
|upkeep
|turn|2
|
|t:|1730670454
|move|p1a: Dugtrio|Earthquake|p2a: MERRY BAD END
|-supereffective|p2a: MERRY BAD END
|-damage|p2a: MERRY BAD END|0 fnt
|faint|p2a: MERRY BAD END
|
|t:|1730670458
|switch|p2a: JIGSAW PUZZLE|Cloyster, F|100/100
|
|upkeep
|turn|3
|
|t:|1730670471
|switch|p1a: Zapdos|Zapdos|100/100
|move|p2a: JIGSAW PUZZLE|Spikes|p1a: Zapdos
|-sidestart|p1: green.9082|Spikes
|
|upkeep
|turn|4
|
|t:|1730670478
|switch|p2a: FINAL DECLARATION|Tyranitar, M|100/100
|-weather|Sandstorm|[from] ability: Sand Stream|[of] p2a: FINAL DECLARATION
|move|p1a: Zapdos|Substitute|p1a: Zapdos
|-start|p1a: Zapdos|Substitute
|-damage|p1a: Zapdos|76/100
|
|-weather|Sandstorm|[upkeep]
|-damage|p1a: Zapdos|69/100|[from] Sandstorm
|-heal|p1a: Zapdos|76/100|[from] item: Leftovers
|upkeep
|turn|5
|
|t:|1730670492
|move|p1a: Zapdos|Hidden Power|p2a: FINAL DECLARATION
|-supereffective|p2a: FINAL DECLARATION
|-damage|p2a: FINAL DECLARATION|59/100
|move|p2a: FINAL DECLARATION|Rock Slide|p1a: Zapdos
|-supereffective|p1a: Zapdos
|-end|p1a: Zapdos|Substitute
|
|-weather|Sandstorm|[upkeep]
|-damage|p1a: Zapdos|69/100|[from] Sandstorm
|-heal|p1a: Zapdos|76/100|[from] item: Leftovers
|-heal|p2a: FINAL DECLARATION|65/100|[from] item: Leftovers
|upkeep
|turn|6
|
|t:|1730670507
|move|p1a: Zapdos|Baton Pass|p1a: Zapdos
|
|t:|1730670514
|switch|p1a: Celebi|Celebi|100/100|[from] Baton Pass
|-damage|p1a: Celebi|88/100|[from] Spikes
|move|p2a: FINAL DECLARATION|Double-Edge|p1a: Celebi
|-damage|p1a: Celebi|49/100
|-damage|p2a: FINAL DECLARATION|52/100|[from] Recoil|[of] p1a: Celebi
|
|-weather|Sandstorm|[upkeep]
|-damage|p1a: Celebi|43/100|[from] Sandstorm
|-heal|p1a: Celebi|49/100|[from] item: Leftovers
|-heal|p2a: FINAL DECLARATION|58/100|[from] item: Leftovers
|upkeep
|turn|7
|
|t:|1730670537
|switch|p2a: IKASAMA DANCE|Celebi|100/100
|move|p1a: Celebi|Giga Drain|p2a: IKASAMA DANCE
|-resisted|p2a: IKASAMA DANCE
|-damage|p2a: IKASAMA DANCE|90/100
|-heal|p1a: Celebi|54/100|[from] drain|[of] p2a: IKASAMA DANCE
|
|-weather|Sandstorm|[upkeep]
|-damage|p1a: Celebi|48/100|[from] Sandstorm
|-damage|p2a: IKASAMA DANCE|84/100|[from] Sandstorm
|-heal|p1a: Celebi|54/100|[from] item: Leftovers
|-heal|p2a: IKASAMA DANCE|90/100|[from] item: Leftovers
|upkeep
|turn|8
|
|t:|1730670555
|switch|p2a: DÉJÀ VU|Aerodactyl, F|100/100
|move|p1a: Celebi|Calm Mind|p1a: Celebi
|-boost|p1a: Celebi|spa|1
|-boost|p1a: Celebi|spd|1
|
|-weather|Sandstorm|[upkeep]
|-damage|p1a: Celebi|48/100|[from] Sandstorm
|-heal|p1a: Celebi|54/100|[from] item: Leftovers
|upkeep
|turn|9
|
|t:|1730670567
|switch|p1a: Zapdos|Zapdos|76/100
|move|p2a: DÉJÀ VU|Hidden Power|p1a: Zapdos
|-resisted|p1a: Zapdos
|-damage|p1a: Zapdos|58/100
|
|-weather|Sandstorm|[upkeep]
|-damage|p1a: Zapdos|52/100|[from] Sandstorm
|-heal|p1a: Zapdos|58/100|[from] item: Leftovers
|upkeep
|turn|10
|
|t:|1730670577
|switch|p2a: IKASAMA DANCE|Celebi|90/100
|move|p1a: Zapdos|Thunderbolt|p2a: IKASAMA DANCE
|-resisted|p2a: IKASAMA DANCE
|-damage|p2a: IKASAMA DANCE|69/100
|
|-weather|Sandstorm|[upkeep]
|-damage|p1a: Zapdos|52/100|[from] Sandstorm
|-damage|p2a: IKASAMA DANCE|63/100|[from] Sandstorm
|-heal|p1a: Zapdos|58/100|[from] item: Leftovers
|-heal|p2a: IKASAMA DANCE|69/100|[from] item: Leftovers
|upkeep
|turn|11
|
|t:|1730670588
|move|p1a: Zapdos|Substitute|p1a: Zapdos
|-start|p1a: Zapdos|Substitute
|-damage|p1a: Zapdos|33/100
|move|p2a: IKASAMA DANCE|Psychic|p1a: Zapdos
|-end|p1a: Zapdos|Substitute
|
|-weather|Sandstorm|[upkeep]
|-damage|p1a: Zapdos|27/100|[from] Sandstorm
|-damage|p2a: IKASAMA DANCE|63/100|[from] Sandstorm
|-heal|p1a: Zapdos|33/100|[from] item: Leftovers
|-heal|p2a: IKASAMA DANCE|69/100|[from] item: Leftovers
|upkeep
|turn|12
|
|t:|1730670602
|move|p1a: Zapdos|Baton Pass|p1a: Zapdos
|
|t:|1730670604
|switch|p1a: Starmie|Starmie|100/100|[from] Baton Pass
|-damage|p1a: Starmie|88/100|[from] Spikes
|move|p2a: IKASAMA DANCE|Psychic|p1a: Starmie
|-resisted|p1a: Starmie
|-damage|p1a: Starmie|62/100
|
|-weather|Sandstorm|[upkeep]
|-damage|p1a: Starmie|55/100|[from] Sandstorm
|-damage|p2a: IKASAMA DANCE|63/100|[from] Sandstorm
|-heal|p1a: Starmie|62/100|[from] item: Leftovers
|-heal|p2a: IKASAMA DANCE|69/100|[from] item: Leftovers
|upkeep
|turn|13
|
|t:|1730670617
|move|p1a: Starmie|Ice Beam|p2a: IKASAMA DANCE
|-supereffective|p2a: IKASAMA DANCE
|-damage|p2a: IKASAMA DANCE|30/100
|move|p2a: IKASAMA DANCE|Giga Drain|p1a: Starmie
|-supereffective|p1a: Starmie
|-damage|p1a: Starmie|0 fnt
|-heal|p2a: IKASAMA DANCE|56/100|[from] drain|[of] p1a: Starmie
|faint|p1a: Starmie
|
|t:|1730670626
|switch|p1a: Dugtrio|Dugtrio, F|51/100
|-damage|p1a: Dugtrio|39/100|[from] Spikes
|
|-weather|Sandstorm|[upkeep]
|-damage|p2a: IKASAMA DANCE|49/100|[from] Sandstorm
|-heal|p2a: IKASAMA DANCE|56/100|[from] item: Leftovers
|upkeep
|turn|14
|
|t:|1730670635
|move|p1a: Dugtrio|Hidden Power|p2a: IKASAMA DANCE
|-supereffective|p2a: IKASAMA DANCE
|-damage|p2a: IKASAMA DANCE|0 fnt
|faint|p2a: IKASAMA DANCE
|
|t:|1730670648
|switch|p2a: DÉJÀ VU|Aerodactyl, F|100/100
|
|-weather|Sandstorm|[upkeep]
|upkeep
|turn|15
|
|t:|1730670660
|switch|p1a: Zapdos|Zapdos|33/100
|move|p2a: DÉJÀ VU|Rock Slide|p1a: Zapdos
|-supereffective|p1a: Zapdos
|-damage|p1a: Zapdos|0 fnt
|faint|p1a: Zapdos
|
|t:|1730670668
|switch|p1a: Celebi|Celebi|54/100
|-damage|p1a: Celebi|42/100|[from] Spikes
|
|-weather|Sandstorm|[upkeep]
|-damage|p1a: Celebi|36/100|[from] Sandstorm
|-heal|p1a: Celebi|42/100|[from] item: Leftovers
|upkeep
|turn|16
|
|t:|1730670678
|move|p2a: DÉJÀ VU|Rock Slide|p1a: Celebi
|-damage|p1a: Celebi|0 fnt
|faint|p1a: Celebi
|
|t:|1730670683
|switch|p1a: Suicune|Suicune, shiny|100/100
|-damage|p1a: Suicune|88/100|[from] Spikes
|
|-weather|Sandstorm|[upkeep]
|-damage|p1a: Suicune|82/100|[from] Sandstorm
|-heal|p1a: Suicune|88/100|[from] item: Leftovers
|upkeep
|turn|17
|
|t:|1730670692
|switch|p2a: JIGSAW PUZZLE|Cloyster, F|100/100
|move|p1a: Suicune|Surf|p2a: JIGSAW PUZZLE
|-resisted|p2a: JIGSAW PUZZLE
|-damage|p2a: JIGSAW PUZZLE|77/100
|
|-weather|Sandstorm|[upkeep]
|-damage|p2a: JIGSAW PUZZLE|71/100|[from] Sandstorm
|-damage|p1a: Suicune|82/100|[from] Sandstorm
|-heal|p2a: JIGSAW PUZZLE|77/100|[from] item: Leftovers
|-heal|p1a: Suicune|88/100|[from] item: Leftovers
|upkeep
|turn|18
|
|t:|1730670703
|switch|p1a: Dugtrio|Dugtrio, F|39/100
|-damage|p1a: Dugtrio|27/100|[from] Spikes
|move|p2a: JIGSAW PUZZLE|Spikes|p1a: Dugtrio
|-sidestart|p1: green.9082|Spikes
|
|-weather|Sandstorm|[upkeep]
|-damage|p2a: JIGSAW PUZZLE|71/100|[from] Sandstorm
|-heal|p2a: JIGSAW PUZZLE|77/100|[from] item: Leftovers
|upkeep
|turn|19
|
|t:|1730670714
|move|p1a: Dugtrio|Earthquake|p2a: JIGSAW PUZZLE
|-damage|p2a: JIGSAW PUZZLE|29/100
|move|p2a: JIGSAW PUZZLE|Surf|p1a: Dugtrio
|-supereffective|p1a: Dugtrio
|-crit|p1a: Dugtrio
|-damage|p1a: Dugtrio|0 fnt
|faint|p1a: Dugtrio
|
|t:|1730670722
|switch|p1a: Blissey|Blissey, F|100/100
|-damage|p1a: Blissey|84/100|[from] Spikes
|
|-weather|Sandstorm|[upkeep]
|-damage|p2a: JIGSAW PUZZLE|23/100|[from] Sandstorm
|-damage|p1a: Blissey|78/100|[from] Sandstorm
|-heal|p2a: JIGSAW PUZZLE|29/100|[from] item: Leftovers
|-heal|p1a: Blissey|84/100|[from] item: Leftovers
|upkeep
|turn|20
|
|t:|1730670733
|switch|p2a: HELLO DYSTOPIA|Swampert, M|100/100
|move|p1a: Blissey|Thunderbolt|p2a: HELLO DYSTOPIA
|-immune|p2a: HELLO DYSTOPIA
|
|-weather|Sandstorm|[upkeep]
|-damage|p1a: Blissey|78/100|[from] Sandstorm
|-heal|p1a: Blissey|84/100|[from] item: Leftovers
|upkeep
|turn|21
|
|t:|1730670742
|move|p1a: Blissey|Hidden Power|p2a: HELLO DYSTOPIA
|-supereffective|p2a: HELLO DYSTOPIA
|-damage|p2a: HELLO DYSTOPIA|37/100
|move|p2a: HELLO DYSTOPIA|Earthquake|p1a: Blissey
|-damage|p1a: Blissey|51/100
|
|-weather|Sandstorm|[upkeep]
|-damage|p1a: Blissey|45/100|[from] Sandstorm
|-heal|p1a: Blissey|51/100|[from] item: Leftovers
|-heal|p2a: HELLO DYSTOPIA|44/100|[from] item: Leftovers
|upkeep
|turn|22
|
|t:|1730670754
|move|p1a: Blissey|Soft-Boiled|p1a: Blissey
|-heal|p1a: Blissey|100/100
|move|p2a: HELLO DYSTOPIA|Earthquake|p1a: Blissey
|-damage|p1a: Blissey|66/100
|
|-weather|Sandstorm|[upkeep]
|-damage|p1a: Blissey|60/100|[from] Sandstorm
|-heal|p1a: Blissey|66/100|[from] item: Leftovers
|-heal|p2a: HELLO DYSTOPIA|50/100|[from] item: Leftovers
|upkeep
|turn|23
|
|t:|1730670765
|move|p1a: Blissey|Hidden Power|p2a: HELLO DYSTOPIA
|-supereffective|p2a: HELLO DYSTOPIA
|-damage|p2a: HELLO DYSTOPIA|0 fnt
|faint|p2a: HELLO DYSTOPIA
|inactive|Key to Life has 270 seconds left.
|inactive|Key to Life has 240 seconds left.
|
|t:|1730670837
|switch|p2a: FINAL DECLARATION|Tyranitar, M|58/100
|
|-weather|Sandstorm|[upkeep]
|-damage|p1a: Blissey|60/100|[from] Sandstorm
|-heal|p2a: FINAL DECLARATION|64/100|[from] item: Leftovers
|-heal|p1a: Blissey|66/100|[from] item: Leftovers
|upkeep
|turn|24
|
|t:|1730670846
|move|p2a: FINAL DECLARATION|Dragon Dance|p2a: FINAL DECLARATION
|-boost|p2a: FINAL DECLARATION|atk|1
|-boost|p2a: FINAL DECLARATION|spe|1
|move|p1a: Blissey|Hidden Power|p2a: FINAL DECLARATION
|-supereffective|p2a: FINAL DECLARATION
|-damage|p2a: FINAL DECLARATION|33/100
|
|-weather|Sandstorm|[upkeep]
|-damage|p1a: Blissey|60/100|[from] Sandstorm
|-heal|p2a: FINAL DECLARATION|39/100|[from] item: Leftovers
|-heal|p1a: Blissey|66/100|[from] item: Leftovers
|upkeep
|turn|25
|inactive|Key to Life has 240 seconds left.
|
|t:|1730670862
|move|p2a: FINAL DECLARATION|Dragon Dance|p2a: FINAL DECLARATION
|-boost|p2a: FINAL DECLARATION|atk|1
|-boost|p2a: FINAL DECLARATION|spe|1
|move|p1a: Blissey|Thunderbolt|p2a: FINAL DECLARATION
|-damage|p2a: FINAL DECLARATION|17/100
|
|-weather|Sandstorm|[upkeep]
|-damage|p1a: Blissey|60/100|[from] Sandstorm
|-heal|p2a: FINAL DECLARATION|23/100|[from] item: Leftovers
|-heal|p1a: Blissey|66/100|[from] item: Leftovers
|upkeep
|turn|26
|inactive|Key to Life has 240 seconds left.
|
|t:|1730670873
|move|p2a: FINAL DECLARATION|Earthquake|p1a: Blissey
|-damage|p1a: Blissey|1/100
|move|p1a: Blissey|Hidden Power|p2a: FINAL DECLARATION
|-supereffective|p2a: FINAL DECLARATION
|-damage|p2a: FINAL DECLARATION|0 fnt
|faint|p2a: FINAL DECLARATION
|
|t:|1730670877
|switch|p2a: JIGSAW PUZZLE|Cloyster, F|29/100
|
|-weather|Sandstorm|[upkeep]
|-damage|p2a: JIGSAW PUZZLE|23/100|[from] Sandstorm
|-damage|p1a: Blissey|0 fnt|[from] Sandstorm
|faint|p1a: Blissey
|-heal|p2a: JIGSAW PUZZLE|29/100|[from] item: Leftovers
|upkeep
|
|t:|1730670888
|switch|p1a: Suicune|Suicune, shiny|88/100
|-damage|p1a: Suicune|72/100|[from] Spikes
|turn|27
|
|t:|1730670894
|move|p2a: JIGSAW PUZZLE|Explosion|p1a: Suicune
|-damage|p1a: Suicune|5/100
|faint|p2a: JIGSAW PUZZLE
|
|t:|1730670896
|switch|p2a: DÉJÀ VU|Aerodactyl, F|100/100
|
|-weather|Sandstorm|[upkeep]
|-damage|p1a: Suicune|0 fnt|[from] Sandstorm
|faint|p1a: Suicune
|
|win|Key to Life
|upkeep
|player|p1|
|c|☆Key to Life|gg
|player|p1|green.9082|1|
|player|p2|

</script>
<script type="application/json" class="data" id="replaydata-smogtours-gen3ou-804618">
{"id":"smogtours-gen3ou-804618","format":"[Gen 3] OU","players":["green.9082","Key to Life"],"uploadtime":1730670896,"views":45,"formatid":"gen3ou","rating":null,"private":0,"password":null}
</script>

<script defer src="js/replays.js?9d40a366"></script>
