<!DOCTYPE html>
<meta charset="utf-8" />
<meta name="viewport" content="width=device-width" />

<title>[Gen 3] OU: Kollin7 vs. gorditoconbigote - Replays - Pok&eacute;mon Showdown!</title>

<meta name="description" content="Watch a replay of a Pok&eacute;mon battle between Kollin7 and gorditoconbigote! Format: [Gen 3] OU; Date: Oct 22, 2024" />
<!--

Hey, you! Looking in the source for the replay log?

You can find them in JSON format, just add `.json` at the end of a replay URL.

https://replay.pokemonshowdown.com/gen7randomdoublesbattle-865046831.json

Or, if you only need the log itself, add `.log` instead:

https://replay.pokemonshowdown.com/gen7randomdoublesbattle-865046831.log

-->

<link rel="stylesheet" href="//pokemonshowdown.com/style/global.css?0.023195364461161105" />
<link rel="stylesheet" href="//play.pokemonshowdown.com/style/font-awesome.css?0.13261647063804238" />
<link rel="stylesheet" href="//play.pokemonshowdown.com/style/battle.css?0.8753245789963631" />
<link rel="stylesheet" href="//play.pokemonshowdown.com/style/utilichart.css?0.8627959624976733" />

<!-- Global site tag (gtag.js) - Google Analytics -->
<script async src="https://www.googletagmanager.com/gtag/js?id=UA-26211653-1"></script>
<script>
  window.dataLayer = window.dataLayer || [];
  function gtag(){dataLayer.push(arguments);}
  gtag('js', new Date());

  gtag('config', 'UA-26211653-1');
</script>
<!-- End Google Analytics -->
<!-- Venatus Ad Manager - Install in <HEAD> of page -->
	<script src="https://hb.vntsm.com/v3/live/ad-manager.min.js" type="text/javascript" data-site-id="642aba63ec9a7b11c3c9c1be" data-mode="scan" async></script>
<!-- / Venatus Ad Manager -->

<style>
	@media (max-width:820px) {
		.battle {
			margin: 0 auto;
		}
		.battle-log {
			margin: 7px auto 0;
			max-width: 640px;
			height: 300px;
			position: static;
		}
	}
	.optgroup {
		display: inline-block;
		line-height: 22px;
		font-size: 10pt;
	}
	.optgroup .button {
		height: 25px;
		padding-top: 0;
		padding-bottom: 0;
	}
	.optgroup button.button {
		padding-left: 12px;
		padding-right: 12px;
	}
	.linklist {
		list-style: none;
		margin: 0.5em 0;
		padding: 0;
	}
	.linklist li {
		padding: 2px 0;
	}
	.sidebar {
		float: left;
		width: 320px;
	}
	.bar-wrapper {
		max-width: 1100px;
		margin: 0 auto;
	}
	.bar-wrapper.has-sidebar {
		max-width: 1430px;
	}
	.mainbar {
		margin: 0;
		padding-right: 1px;
	}
	.mainbar.has-sidebar {
		margin-left: 330px;
	}
	@media (min-width: 1511px) {
		.sidebar {
			width: 400px;
		}
		.bar-wrapper.has-sidebar {
			max-width: 1510px;
		}
		.mainbar.has-sidebar {
			margin-left: 410px;
		}
	}
	.section.first-section {
		margin-top: 9px;
	}
	.blocklink small {
		white-space: normal;
	}
	.button {
		vertical-align: middle;
	}
	.replay-controls {
		padding-top: 10px;
	}
	.replay-controls h1 {
		font-size: 16pt;
		font-weight: normal;
		color: #CCC;
	}
	.pagelink {
		text-align: center;
	}
	.pagelink a {
		width: 150px;
	}
	.textbox, .button {
		font-size: 11pt;
		vertical-align: middle;
	}
	@media (max-width: 450px) {
		.button {
			font-size: 9pt;
		}
	}
</style>

<div>

	<header>
		<div class="nav-wrapper"><ul class="nav">
			<li><a class="button nav-first" href="//pokemonshowdown.com/"><img src="//pokemonshowdown.com/images/pokemonshowdownbeta.png" srcset="//pokemonshowdown.com/images/pokemonshowdownbeta.png 1x, //pokemonshowdown.com/images/pokemonshowdownbeta@2x.png 2x" alt="Pok&eacute;mon Showdown" width="146" height="44" /> Home</a></li>
			<li><a class="button" href="//pokemonshowdown.com/dex/">Pok&eacute;dex</a></li>
			<li><a class="button cur" href="/">Replays</a></li>
			<li><a class="button" href="//pokemonshowdown.com/ladder/">Ladder</a></li>
			<li><a class="button nav-last" href="//pokemonshowdown.com/forums/">Forum</a></li>
			<li><a class="button greenbutton nav-first nav-last" href="//play.pokemonshowdown.com/">Play</a></li>
		</ul></div>
	</header>

	<div class="main" id="main">

		<noscript><section class="section">You need to enable JavaScript to use this page; sorry!</section></noscript>

	</div>

</div>

<script defer nomodule src="//play.pokemonshowdown.com/js/lib/ps-polyfill.js"></script>
<script defer src="//play.pokemonshowdown.com/js/lib/preact.min.js"></script>

<script defer src="//play.pokemonshowdown.com/config/config.js?2bddbc15"></script>
<script defer src="//play.pokemonshowdown.com/js/lib/jquery-1.11.0.min.js"></script>
<script defer src="//play.pokemonshowdown.com/js/lib/html-sanitizer-minified.js"></script>
<script defer src="//play.pokemonshowdown.com/js/battle-sound.js"></script>
<script defer src="//play.pokemonshowdown.com/js/battledata.js?0.7209276989879541"></script>
<script defer src="//play.pokemonshowdown.com/data/pokedex-mini.js?0.6111056340867951"></script>
<script defer src="//play.pokemonshowdown.com/data/pokedex-mini-bw.js?0.3532142036491459"></script>
<script defer src="//play.pokemonshowdown.com/data/graphics.js?0.24223875632456182"></script>
<script defer src="//play.pokemonshowdown.com/data/pokedex.js?0.38839984266356864"></script>
<script defer src="//play.pokemonshowdown.com/data/moves.js?0.21866028504024015"></script>
<script defer src="//play.pokemonshowdown.com/data/abilities.js?0.2005157953846628"></script>
<script defer src="//play.pokemonshowdown.com/data/items.js?0.9894211263848525"></script>
<script defer src="//play.pokemonshowdown.com/data/teambuilder-tables.js?0.6008791140282215"></script>
<script defer src="//play.pokemonshowdown.com/js/battle-tooltips.js?0.7580118955022959"></script>
<script defer src="//play.pokemonshowdown.com/js/battle.js?0.6057722274234274"></script>

<script defer src="js/utils.js?e31f9a17"></script>
<script defer src="js/replays-battle.js?7008c182"></script>

<!-- don't scrape this data! just add .json or .log after the URL!
Full API docs: https://github.com/smogon/pokemon-showdown-client/blob/master/WEB-API.md -->
<script type="text/plain" class="log" id="replaylog-smogtours-gen3ou-801225">
|inactive|Battle timer is ON: inactive players will automatically lose when time's up.
|t:|1729620773
|gametype|singles
|player|p1|Kollin7|hiker-gen2|
|player|p2|gorditoconbigote|265|
|teamsize|p1|6
|teamsize|p2|6
|gen|3
|tier|[Gen 3] OU
|rule|Sleep Clause Mod: Limit one foe put to sleep
|rule|Switch Priority Clause Mod: Faster Pokémon switch first
|rule|Species Clause: Limit one of each Pokémon
|rule|OHKO Clause: OHKO moves are banned
|rule|Evasion Items Clause: Evasion items are banned
|rule|Evasion Moves Clause: Evasion moves are banned
|rule|Endless Battle Clause: Forcing endless battles is banned
|rule|HP Percentage Mod: HP is shown in percentages
|rule|One Boost Passer Clause: Limit one Baton Passer that has a way to boost its stats
|rule|Freeze Clause Mod: Limit one foe frozen
|
|t:|1729620773
|start
|switch|p1a: Tyranitar|Tyranitar, F|100/100
|switch|p2a: Ronflexn´t|Hariyama, M|100/100
|-weather|Sandstorm|[from] ability: Sand Stream|[of] p1a: Tyranitar
|turn|1
|inactive|Kollin7 also wants the timer to be on.
|c|☆gorditoconbigote|glhf!
|inactive|Kollin7 has 270 seconds left.
|
|t:|1729620818
|switch|p1a: Skarmory|Skarmory, M|100/100
|move|p2a: Ronflexn´t|Knock Off|p1a: Skarmory
|-resisted|p1a: Skarmory
|-damage|p1a: Skarmory|99/100
|-enditem|p1a: Skarmory|Leftovers|[from] move: Knock Off|[of] p2a: Ronflexn´t
|-hint|In Gens 3-4, Knock Off only makes the target's item unusable; it cannot obtain a new item.
|
|-weather|Sandstorm|[upkeep]
|-damage|p2a: Ronflexn´t|94/100|[from] Sandstorm
|-heal|p2a: Ronflexn´t|100/100|[from] item: Leftovers
|upkeep
|turn|2
|
|t:|1729620837
|move|p2a: Ronflexn´t|Cross Chop|p1a: Skarmory
|-damage|p1a: Skarmory|65/100
|move|p1a: Skarmory|Spikes|p2a: Ronflexn´t
|-sidestart|p2: gorditoconbigote|Spikes
|
|-weather|Sandstorm|[upkeep]
|-damage|p2a: Ronflexn´t|94/100|[from] Sandstorm
|-heal|p2a: Ronflexn´t|100/100|[from] item: Leftovers
|upkeep
|turn|3
|
|t:|1729620854
|switch|p1a: Gengar|Gengar, F|100/100
|move|p2a: Ronflexn´t|Cross Chop|p1a: Gengar
|-immune|p1a: Gengar
|
|-weather|Sandstorm|[upkeep]
|-damage|p1a: Gengar|94/100|[from] Sandstorm
|-damage|p2a: Ronflexn´t|94/100|[from] Sandstorm
|-heal|p1a: Gengar|100/100|[from] item: Leftovers
|-heal|p2a: Ronflexn´t|100/100|[from] item: Leftovers
|upkeep
|turn|4
|
|t:|1729620862
|move|p1a: Gengar|Will-O-Wisp|p2a: Ronflexn´t
|-status|p2a: Ronflexn´t|brn
|move|p2a: Ronflexn´t|Knock Off|p1a: Gengar
|-supereffective|p1a: Gengar
|-damage|p1a: Gengar|95/100
|-enditem|p1a: Gengar|Leftovers|[from] move: Knock Off|[of] p2a: Ronflexn´t
|
|-weather|Sandstorm|[upkeep]
|-damage|p1a: Gengar|89/100|[from] Sandstorm
|-damage|p2a: Ronflexn´t|94/100 brn|[from] Sandstorm
|-heal|p2a: Ronflexn´t|100/100 brn|[from] item: Leftovers
|-damage|p2a: Ronflexn´t|88/100 brn|[from] brn
|upkeep
|turn|5
|
|t:|1729620873
|switch|p2a: Pin|Claydol|100/100
|move|p1a: Gengar|Thunderbolt|p2a: Pin
|-immune|p2a: Pin
|
|-weather|Sandstorm|[upkeep]
|-damage|p1a: Gengar|83/100|[from] Sandstorm
|upkeep
|turn|6
|
|t:|1729620886
|move|p1a: Gengar|Giga Drain|p2a: Pin
|-supereffective|p2a: Pin
|-crit|p2a: Pin
|-damage|p2a: Pin|37/100
|-heal|p1a: Gengar|100/100|[from] drain|[of] p2a: Pin
|move|p2a: Pin|Psychic|p1a: Gengar
|-supereffective|p1a: Gengar
|-damage|p1a: Gengar|40/100
|
|-weather|Sandstorm|[upkeep]
|-damage|p1a: Gengar|34/100|[from] Sandstorm
|-heal|p2a: Pin|43/100|[from] item: Leftovers
|upkeep
|turn|7
|
|t:|1729620901
|switch|p2a: Dogora|Blissey, F|100/100
|-damage|p2a: Dogora|88/100|[from] Spikes
|move|p1a: Gengar|Giga Drain|p2a: Dogora
|-damage|p2a: Dogora|80/100
|-heal|p1a: Gengar|42/100|[from] drain|[of] p2a: Dogora
|
|-weather|Sandstorm|[upkeep]
|-damage|p1a: Gengar|36/100|[from] Sandstorm
|-damage|p2a: Dogora|74/100|[from] Sandstorm
|-heal|p2a: Dogora|80/100|[from] item: Leftovers
|upkeep
|turn|8
|
|t:|1729620911
|switch|p1a: Celebi|Celebi|100/100
|switch|p2a: Ronflexn´t|Hariyama, M|88/100 brn
|-damage|p2a: Ronflexn´t|76/100 brn|[from] Spikes
|
|-weather|Sandstorm|[upkeep]
|-damage|p1a: Celebi|94/100|[from] Sandstorm
|-damage|p2a: Ronflexn´t|70/100 brn|[from] Sandstorm
|-heal|p1a: Celebi|100/100|[from] item: Leftovers
|-heal|p2a: Ronflexn´t|76/100 brn|[from] item: Leftovers
|-damage|p2a: Ronflexn´t|63/100 brn|[from] brn
|upkeep
|turn|9
|
|t:|1729620929
|switch|p1a: Skarmory|Skarmory, M|65/100
|switch|p2a: Karmory|Skarmory, F|100/100
|
|-weather|Sandstorm|[upkeep]
|upkeep
|turn|10
|inactive|gorditoconbigote has 270 seconds left.
|inactive|Kollin7 has 270 seconds left.
|
|t:|1729620960
|switch|p1a: Gengar|Gengar, F|36/100
|move|p2a: Karmory|Spikes|p1a: Gengar
|-sidestart|p1: Kollin7|Spikes
|
|-weather|Sandstorm|[upkeep]
|-damage|p1a: Gengar|30/100|[from] Sandstorm
|upkeep
|turn|11
|inactive|gorditoconbigote has 270 seconds left.
|
|t:|1729620973
|move|p2a: Karmory|Protect|p2a: Karmory
|-singleturn|p2a: Karmory|Protect
|move|p1a: Gengar|Will-O-Wisp|p2a: Karmory
|-activate|p2a: Karmory|Protect
|
|-weather|Sandstorm|[upkeep]
|-damage|p1a: Gengar|24/100|[from] Sandstorm
|upkeep
|turn|12
|inactive|gorditoconbigote has 270 seconds left.
|
|t:|1729620984
|move|p1a: Gengar|Will-O-Wisp|p2a: Karmory|[miss]
|-miss|p1a: Gengar|p2a: Karmory
|move|p2a: Karmory|Drill Peck|p1a: Gengar
|-damage|p1a: Gengar|0 fnt
|faint|p1a: Gengar
|
|t:|1729620987
|switch|p1a: Moltres|Moltres|100/100
|
|-weather|Sandstorm|[upkeep]
|-damage|p1a: Moltres|94/100|[from] Sandstorm
|-heal|p1a: Moltres|100/100|[from] item: Leftovers
|upkeep
|turn|13
|inactive|gorditoconbigote has 270 seconds left.
|
|t:|1729621016
|switch|p2a: zZzZz|Milotic, M|100/100
|-damage|p2a: zZzZz|88/100|[from] Spikes
|move|p1a: Moltres|Roar|p2a: zZzZz
|drag|p2a: Karmory|Skarmory, F|100/100
|
|-weather|Sandstorm|[upkeep]
|-damage|p1a: Moltres|94/100|[from] Sandstorm
|-heal|p1a: Moltres|100/100|[from] item: Leftovers
|upkeep
|turn|14
|
|t:|1729621026
|move|p2a: Karmory|Protect|p2a: Karmory
|-singleturn|p2a: Karmory|Protect
|move|p1a: Moltres|Roar|p2a: Karmory
|-activate|p2a: Karmory|Protect
|
|-weather|Sandstorm|[upkeep]
|-damage|p1a: Moltres|94/100|[from] Sandstorm
|-heal|p1a: Moltres|100/100|[from] item: Leftovers
|upkeep
|turn|15
|inactive|gorditoconbigote has 270 seconds left.
|
|t:|1729621031
|switch|p2a: zZzZz|Milotic, M|88/100
|-damage|p2a: zZzZz|76/100|[from] Spikes
|move|p1a: Moltres|Roar|p2a: zZzZz
|drag|p2a: Dogora|Blissey, F|80/100
|-damage|p2a: Dogora|68/100|[from] Spikes
|
|-weather|Sandstorm|[upkeep]
|-damage|p1a: Moltres|94/100|[from] Sandstorm
|-damage|p2a: Dogora|62/100|[from] Sandstorm
|-heal|p1a: Moltres|100/100|[from] item: Leftovers
|-heal|p2a: Dogora|68/100|[from] item: Leftovers
|upkeep
|turn|16
|
|t:|1729621038
|switch|p1a: Celebi|Celebi|100/100
|-damage|p1a: Celebi|88/100|[from] Spikes
|move|p2a: Dogora|Thunder Wave|p1a: Celebi
|-status|p1a: Celebi|par
|
|-weather|Sandstorm|[upkeep]
|-damage|p2a: Dogora|62/100|[from] Sandstorm
|-damage|p1a: Celebi|82/100 par|[from] Sandstorm
|-heal|p2a: Dogora|68/100|[from] item: Leftovers
|-heal|p1a: Celebi|88/100 par|[from] item: Leftovers
|upkeep
|turn|17
|
|t:|1729621049
|switch|p2a: Karmory|Skarmory, F|100/100
|move|p1a: Celebi|Leech Seed|p2a: Karmory
|-start|p2a: Karmory|move: Leech Seed
|
|-weather|Sandstorm|[upkeep]
|-damage|p1a: Celebi|82/100 par|[from] Sandstorm
|-damage|p2a: Karmory|88/100|[from] Leech Seed|[of] p1a: Celebi
|-heal|p1a: Celebi|92/100 par|[silent]
|-heal|p1a: Celebi|98/100 par|[from] item: Leftovers
|upkeep
|turn|18
|
|t:|1729621068
|switch|p2a: Dogora|Blissey, F|68/100
|-damage|p2a: Dogora|55/100|[from] Spikes
|-curestatus|p1a: Celebi|par|[from] ability: Natural Cure
|switch|p1a: Tyranitar|Tyranitar, F|100/100
|-damage|p1a: Tyranitar|88/100|[from] Spikes
|
|-weather|Sandstorm|[upkeep]
|-damage|p2a: Dogora|49/100|[from] Sandstorm
|-heal|p2a: Dogora|55/100|[from] item: Leftovers
|-heal|p1a: Tyranitar|94/100|[from] item: Leftovers
|upkeep
|turn|19
|
|t:|1729621082
|-singleturn|p1a: Tyranitar|move: Focus Punch
|switch|p2a: Ronflexn´t|Hariyama, M|63/100 brn
|-damage|p2a: Ronflexn´t|51/100 brn|[from] Spikes
|move|p1a: Tyranitar|Focus Punch|p2a: Ronflexn´t
|-damage|p2a: Ronflexn´t|15/100 brn
|
|-weather|Sandstorm|[upkeep]
|-damage|p2a: Ronflexn´t|9/100 brn|[from] Sandstorm
|-heal|p2a: Ronflexn´t|15/100 brn|[from] item: Leftovers
|-damage|p2a: Ronflexn´t|3/100 brn|[from] brn
|-heal|p1a: Tyranitar|100/100|[from] item: Leftovers
|upkeep
|turn|20
|inactive|gorditoconbigote has 270 seconds left.
|
|t:|1729621102
|-singleturn|p2a: Ronflexn´t|move: Focus Punch
|switch|p1a: Skarmory|Skarmory, M|65/100
|move|p2a: Ronflexn´t|Focus Punch|p1a: Skarmory
|-damage|p1a: Skarmory|0 fnt
|faint|p1a: Skarmory
|
|t:|1729621109
|switch|p1a: Celebi|Celebi|98/100
|-damage|p1a: Celebi|86/100|[from] Spikes
|
|-weather|Sandstorm|[upkeep]
|-damage|p1a: Celebi|80/100|[from] Sandstorm
|-damage|p2a: Ronflexn´t|0 fnt|[from] Sandstorm
|faint|p2a: Ronflexn´t
|-heal|p1a: Celebi|86/100|[from] item: Leftovers
|upkeep
|inactive|gorditoconbigote has 270 seconds left.
|
|t:|1729621122
|switch|p2a: Dogora|Blissey, F|55/100
|-damage|p2a: Dogora|43/100|[from] Spikes
|turn|21
|
|t:|1729621129
|move|p1a: Celebi|Leech Seed|p2a: Dogora
|-start|p2a: Dogora|move: Leech Seed
|move|p2a: Dogora|Soft-Boiled|p2a: Dogora
|-heal|p2a: Dogora|93/100
|
|-weather|Sandstorm|[upkeep]
|-damage|p1a: Celebi|80/100|[from] Sandstorm
|-damage|p2a: Dogora|87/100|[from] Sandstorm
|-heal|p1a: Celebi|86/100|[from] item: Leftovers
|-heal|p2a: Dogora|93/100|[from] item: Leftovers
|-damage|p2a: Dogora|80/100|[from] Leech Seed|[of] p1a: Celebi
|-heal|p1a: Celebi|100/100|[silent]
|upkeep
|turn|22
|
|t:|1729621139
|move|p1a: Celebi|Toxic|p2a: Dogora
|-status|p2a: Dogora|tox
|move|p2a: Dogora|Thunder Wave|p1a: Celebi
|-status|p1a: Celebi|par
|
|-weather|Sandstorm|[upkeep]
|-damage|p2a: Dogora|74/100 tox|[from] Sandstorm
|-damage|p1a: Celebi|94/100 par|[from] Sandstorm
|-heal|p2a: Dogora|80/100 tox|[from] item: Leftovers
|-damage|p2a: Dogora|68/100 tox|[from] Leech Seed|[of] p1a: Celebi
|-heal|p1a: Celebi|100/100 par|[silent]
|-damage|p2a: Dogora|62/100 tox|[from] psn
|upkeep
|turn|23
|
|t:|1729621146
|-curestatus|p2a: Dogora|tox|[from] ability: Natural Cure
|switch|p2a: Karmory|Skarmory, F|88/100
|-curestatus|p1a: Celebi|par|[from] ability: Natural Cure
|switch|p1a: Moltres|Moltres|100/100
|
|-weather|Sandstorm|[upkeep]
|-damage|p1a: Moltres|94/100|[from] Sandstorm
|-heal|p1a: Moltres|100/100|[from] item: Leftovers
|-heal|p2a: Karmory|94/100|[from] item: Leftovers
|upkeep
|turn|24
|
|t:|1729621154
|move|p2a: Karmory|Protect|p2a: Karmory
|-singleturn|p2a: Karmory|Protect
|move|p1a: Moltres|Fire Blast|p2a: Karmory
|-activate|p2a: Karmory|Protect
|
|-weather|Sandstorm|[upkeep]
|-damage|p1a: Moltres|94/100|[from] Sandstorm
|-heal|p1a: Moltres|100/100|[from] item: Leftovers
|-heal|p2a: Karmory|99/100|[from] item: Leftovers
|upkeep
|turn|25
|
|t:|1729621167
|switch|p2a: zZzZz|Milotic, M|76/100
|-damage|p2a: zZzZz|63/100|[from] Spikes
|move|p1a: Moltres|Fire Blast|p2a: zZzZz
|-resisted|p2a: zZzZz
|-damage|p2a: zZzZz|42/100
|
|-weather|Sandstorm|[upkeep]
|-damage|p1a: Moltres|94/100|[from] Sandstorm
|-damage|p2a: zZzZz|36/100|[from] Sandstorm
|-heal|p1a: Moltres|100/100|[from] item: Leftovers
|-heal|p2a: zZzZz|42/100|[from] item: Leftovers
|upkeep
|turn|26
|
|t:|1729621177
|move|p1a: Moltres|Hidden Power|p2a: zZzZz
|-supereffective|p2a: zZzZz
|-damage|p2a: zZzZz|6/100
|move|p2a: zZzZz|Recover|p2a: zZzZz
|-heal|p2a: zZzZz|56/100
|
|-weather|Sandstorm|[upkeep]
|-damage|p1a: Moltres|94/100|[from] Sandstorm
|-damage|p2a: zZzZz|50/100|[from] Sandstorm
|-heal|p1a: Moltres|100/100|[from] item: Leftovers
|-heal|p2a: zZzZz|56/100|[from] item: Leftovers
|upkeep
|turn|27
|
|t:|1729621183
|move|p1a: Moltres|Hidden Power|p2a: zZzZz
|-supereffective|p2a: zZzZz
|-damage|p2a: zZzZz|19/100
|move|p2a: zZzZz|Recover|p2a: zZzZz
|-heal|p2a: zZzZz|69/100
|
|-weather|Sandstorm|[upkeep]
|-damage|p1a: Moltres|94/100|[from] Sandstorm
|-damage|p2a: zZzZz|63/100|[from] Sandstorm
|-heal|p1a: Moltres|100/100|[from] item: Leftovers
|-heal|p2a: zZzZz|69/100|[from] item: Leftovers
|upkeep
|turn|28
|
|t:|1729621190
|switch|p1a: Celebi|Celebi|100/100
|-damage|p1a: Celebi|88/100|[from] Spikes
|move|p2a: zZzZz|Recover|p2a: zZzZz
|-heal|p2a: zZzZz|100/100
|
|-weather|Sandstorm|[upkeep]
|-damage|p1a: Celebi|82/100|[from] Sandstorm
|-damage|p2a: zZzZz|94/100|[from] Sandstorm
|-heal|p1a: Celebi|88/100|[from] item: Leftovers
|-heal|p2a: zZzZz|100/100|[from] item: Leftovers
|upkeep
|turn|29
|
|t:|1729621200
|move|p1a: Celebi|Leech Seed|p2a: zZzZz
|-start|p2a: zZzZz|move: Leech Seed
|move|p2a: zZzZz|Toxic|p1a: Celebi|[miss]
|-miss|p2a: zZzZz|p1a: Celebi
|
|-weather|Sandstorm|[upkeep]
|-damage|p1a: Celebi|82/100|[from] Sandstorm
|-damage|p2a: zZzZz|94/100|[from] Sandstorm
|-heal|p1a: Celebi|88/100|[from] item: Leftovers
|-heal|p2a: zZzZz|100/100|[from] item: Leftovers
|-damage|p2a: zZzZz|88/100|[from] Leech Seed|[of] p1a: Celebi
|-heal|p1a: Celebi|99/100|[silent]
|upkeep
|turn|30
|
|t:|1729621206
|switch|p2a: Dogora|Blissey, F|62/100
|-damage|p2a: Dogora|49/100|[from] Spikes
|move|p1a: Celebi|Leech Seed|p2a: Dogora
|-start|p2a: Dogora|move: Leech Seed
|
|-weather|Sandstorm|[upkeep]
|-damage|p1a: Celebi|94/100|[from] Sandstorm
|-damage|p2a: Dogora|43/100|[from] Sandstorm
|-heal|p1a: Celebi|99/100|[from] item: Leftovers
|-heal|p2a: Dogora|49/100|[from] item: Leftovers
|-damage|p2a: Dogora|37/100|[from] Leech Seed|[of] p1a: Celebi
|-heal|p1a: Celebi|100/100|[silent]
|upkeep
|turn|31
|
|t:|1729621214
|switch|p1a: Tyranitar|Tyranitar, F|100/100
|-damage|p1a: Tyranitar|88/100|[from] Spikes
|move|p2a: Dogora|Thunder Wave|p1a: Tyranitar
|-status|p1a: Tyranitar|par
|
|-weather|Sandstorm|[upkeep]
|-damage|p2a: Dogora|31/100|[from] Sandstorm
|-heal|p2a: Dogora|37/100|[from] item: Leftovers
|-damage|p2a: Dogora|24/100|[from] Leech Seed|[of] p1a: Tyranitar
|-heal|p1a: Tyranitar|100/100 par|[silent]
|upkeep
|turn|32
|
|t:|1729621220
|-singleturn|p1a: Tyranitar|move: Focus Punch
|switch|p2a: zZzZz|Milotic, M|88/100
|-damage|p2a: zZzZz|76/100|[from] Spikes
|move|p1a: Tyranitar|Focus Punch|p2a: zZzZz
|-damage|p2a: zZzZz|42/100
|
|-weather|Sandstorm|[upkeep]
|-damage|p2a: zZzZz|36/100|[from] Sandstorm
|-heal|p2a: zZzZz|42/100|[from] item: Leftovers
|upkeep
|turn|33
|
|t:|1729621246
|switch|p1a: Celebi|Celebi|100/100
|-damage|p1a: Celebi|88/100|[from] Spikes
|move|p2a: zZzZz|Recover|p2a: zZzZz
|-heal|p2a: zZzZz|92/100
|
|-weather|Sandstorm|[upkeep]
|-damage|p1a: Celebi|82/100|[from] Sandstorm
|-damage|p2a: zZzZz|86/100|[from] Sandstorm
|-heal|p1a: Celebi|88/100|[from] item: Leftovers
|-heal|p2a: zZzZz|92/100|[from] item: Leftovers
|upkeep
|turn|34
|
|t:|1729621258
|switch|p2a: Karmory|Skarmory, F|99/100
|move|p1a: Celebi|Hidden Power|p2a: Karmory
|-resisted|p2a: Karmory
|-damage|p2a: Karmory|95/100
|
|-weather|Sandstorm|[upkeep]
|-damage|p1a: Celebi|82/100|[from] Sandstorm
|-heal|p1a: Celebi|88/100|[from] item: Leftovers
|-heal|p2a: Karmory|100/100|[from] item: Leftovers
|upkeep
|turn|35
|
|t:|1729621265
|move|p1a: Celebi|Leech Seed|p2a: Karmory
|-start|p2a: Karmory|move: Leech Seed
|move|p2a: Karmory|Roar|p1a: Celebi
|drag|p1a: Tyranitar|Tyranitar, F|100/100 par
|-damage|p1a: Tyranitar|88/100 par|[from] Spikes
|
|-weather|Sandstorm|[upkeep]
|-damage|p2a: Karmory|88/100|[from] Leech Seed|[of] p1a: Tyranitar
|-heal|p1a: Tyranitar|98/100 par|[silent]
|-heal|p1a: Tyranitar|100/100 par|[from] item: Leftovers
|upkeep
|turn|36
|
|t:|1729621277
|move|p2a: Karmory|Spikes|p1a: Tyranitar
|-sidestart|p1: Kollin7|Spikes
|cant|p1a: Tyranitar|par
|
|-weather|Sandstorm|[upkeep]
|-heal|p2a: Karmory|94/100|[from] item: Leftovers
|-damage|p2a: Karmory|82/100|[from] Leech Seed|[of] p1a: Tyranitar
|upkeep
|turn|37
|
|t:|1729621287
|switch|p2a: Pin|Claydol|43/100
|move|p1a: Tyranitar|Crunch|p2a: Pin
|-supereffective|p2a: Pin
|-damage|p2a: Pin|0 fnt
|faint|p2a: Pin
|
|t:|1729621311
|switch|p2a: Dogora|Blissey, F|24/100
|-damage|p2a: Dogora|12/100|[from] Spikes
|
|-weather|Sandstorm|[upkeep]
|-damage|p2a: Dogora|6/100|[from] Sandstorm
|-heal|p2a: Dogora|12/100|[from] item: Leftovers
|upkeep
|turn|38
|
|t:|1729621319
|-singleturn|p1a: Tyranitar|move: Focus Punch
|move|p2a: Dogora|Seismic Toss|p1a: Tyranitar
|-damage|p1a: Tyranitar|76/100 par
|move|p1a: Tyranitar|Focus Punch||[still]
|cant|p1a: Tyranitar|Focus Punch|Focus Punch
|
|-weather|Sandstorm|[upkeep]
|-damage|p2a: Dogora|6/100|[from] Sandstorm
|-heal|p2a: Dogora|12/100|[from] item: Leftovers
|-heal|p1a: Tyranitar|82/100 par|[from] item: Leftovers
|upkeep
|turn|39
|
|t:|1729621323
|-singleturn|p1a: Tyranitar|move: Focus Punch
|move|p2a: Dogora|Soft-Boiled|p2a: Dogora
|-heal|p2a: Dogora|62/100
|cant|p1a: Tyranitar|par
|
|-weather|Sandstorm|[upkeep]
|-damage|p2a: Dogora|56/100|[from] Sandstorm
|-heal|p2a: Dogora|62/100|[from] item: Leftovers
|-heal|p1a: Tyranitar|88/100 par|[from] item: Leftovers
|upkeep
|turn|40
|
|t:|1729621328
|switch|p2a: zZzZz|Milotic, M|92/100
|-damage|p2a: zZzZz|80/100|[from] Spikes
|switch|p1a: Celebi|Celebi|88/100
|-damage|p1a: Celebi|72/100|[from] Spikes
|
|-weather|Sandstorm|[upkeep]
|-damage|p1a: Celebi|65/100|[from] Sandstorm
|-damage|p2a: zZzZz|74/100|[from] Sandstorm
|-heal|p1a: Celebi|72/100|[from] item: Leftovers
|-heal|p2a: zZzZz|80/100|[from] item: Leftovers
|upkeep
|turn|41
|
|t:|1729621342
|switch|p2a: Karmory|Skarmory, F|82/100
|move|p1a: Celebi|Hidden Power|p2a: Karmory
|-resisted|p2a: Karmory
|-damage|p2a: Karmory|76/100
|
|-weather|Sandstorm|[upkeep]
|-damage|p1a: Celebi|65/100|[from] Sandstorm
|-heal|p1a: Celebi|72/100|[from] item: Leftovers
|-heal|p2a: Karmory|82/100|[from] item: Leftovers
|upkeep
|turn|42
|
|t:|1729621350
|move|p1a: Celebi|Leech Seed|p2a: Karmory
|-start|p2a: Karmory|move: Leech Seed
|move|p2a: Karmory|Spikes|p1a: Celebi
|-sidestart|p1: Kollin7|Spikes
|
|-weather|Sandstorm|[upkeep]
|-damage|p1a: Celebi|65/100|[from] Sandstorm
|-heal|p1a: Celebi|72/100|[from] item: Leftovers
|-heal|p2a: Karmory|88/100|[from] item: Leftovers
|-damage|p2a: Karmory|76/100|[from] Leech Seed|[of] p1a: Celebi
|-heal|p1a: Celebi|82/100|[silent]
|upkeep
|turn|43
|
|t:|1729621359
|switch|p2a: Dogora|Blissey, F|62/100
|-damage|p2a: Dogora|50/100|[from] Spikes
|move|p1a: Celebi|Hidden Power|p2a: Dogora
|-damage|p2a: Dogora|38/100
|
|-weather|Sandstorm|[upkeep]
|-damage|p1a: Celebi|75/100|[from] Sandstorm
|-damage|p2a: Dogora|32/100|[from] Sandstorm
|-heal|p1a: Celebi|82/100|[from] item: Leftovers
|-heal|p2a: Dogora|38/100|[from] item: Leftovers
|upkeep
|turn|44
|
|t:|1729621367
|move|p1a: Celebi|Leech Seed|p2a: Dogora|[miss]
|-miss|p1a: Celebi|p2a: Dogora
|move|p2a: Dogora|Soft-Boiled|p2a: Dogora
|-heal|p2a: Dogora|88/100
|
|-weather|Sandstorm|[upkeep]
|-damage|p1a: Celebi|75/100|[from] Sandstorm
|-damage|p2a: Dogora|82/100|[from] Sandstorm
|-heal|p1a: Celebi|82/100|[from] item: Leftovers
|-heal|p2a: Dogora|88/100|[from] item: Leftovers
|upkeep
|turn|45
|
|t:|1729621377
|move|p1a: Celebi|Leech Seed|p2a: Dogora
|-start|p2a: Dogora|move: Leech Seed
|move|p2a: Dogora|Ice Beam|p1a: Celebi
|-supereffective|p1a: Celebi
|-damage|p1a: Celebi|48/100
|
|-weather|Sandstorm|[upkeep]
|-damage|p1a: Celebi|41/100|[from] Sandstorm
|-damage|p2a: Dogora|82/100|[from] Sandstorm
|-heal|p1a: Celebi|48/100|[from] item: Leftovers
|-heal|p2a: Dogora|88/100|[from] item: Leftovers
|-damage|p2a: Dogora|76/100|[from] Leech Seed|[of] p1a: Celebi
|-heal|p1a: Celebi|68/100|[silent]
|upkeep
|turn|46
|
|t:|1729621387
|switch|p1a: Tyranitar|Tyranitar, F|88/100 par
|-damage|p1a: Tyranitar|63/100 par|[from] Spikes
|switch|p2a: Karmory|Skarmory, F|76/100
|
|-weather|Sandstorm|[upkeep]
|-heal|p2a: Karmory|82/100|[from] item: Leftovers
|-heal|p1a: Tyranitar|69/100 par|[from] item: Leftovers
|upkeep
|turn|47
|
|t:|1729621398
|move|p1a: Tyranitar|Ice Beam|p2a: Karmory
|-damage|p2a: Karmory|58/100
|move|p2a: Karmory|Roar|p1a: Tyranitar
|drag|p1a: Celebi|Celebi|68/100
|-damage|p1a: Celebi|43/100|[from] Spikes
|
|-weather|Sandstorm|[upkeep]
|-damage|p1a: Celebi|36/100|[from] Sandstorm
|-heal|p1a: Celebi|43/100|[from] item: Leftovers
|-heal|p2a: Karmory|64/100|[from] item: Leftovers
|upkeep
|turn|48
|
|t:|1729621414
|move|p1a: Celebi|Recover|p1a: Celebi
|-heal|p1a: Celebi|93/100
|move|p2a: Karmory|Drill Peck|p1a: Celebi
|-supereffective|p1a: Celebi
|-damage|p1a: Celebi|57/100
|
|-weather|Sandstorm|[upkeep]
|-damage|p1a: Celebi|51/100|[from] Sandstorm
|-heal|p1a: Celebi|57/100|[from] item: Leftovers
|-heal|p2a: Karmory|70/100|[from] item: Leftovers
|upkeep
|turn|49
|
|t:|1729621427
|switch|p2a: HOLA|Dugtrio, M|100/100
|-damage|p2a: HOLA|88/100|[from] Spikes
|move|p1a: Celebi|Leech Seed|p2a: HOLA
|-start|p2a: HOLA|move: Leech Seed
|
|-weather|Sandstorm|[upkeep]
|-damage|p1a: Celebi|51/100|[from] Sandstorm
|-damage|p2a: HOLA|76/100|[from] Leech Seed|[of] p1a: Celebi
|-heal|p1a: Celebi|58/100|[silent]
|-heal|p1a: Celebi|64/100|[from] item: Leftovers
|upkeep
|turn|50
|
|t:|1729621445
|move|p2a: HOLA|Hidden Power|p1a: Celebi
|-supereffective|p1a: Celebi
|-damage|p1a: Celebi|0 fnt
|faint|p1a: Celebi
|
|t:|1729621452
|switch|p1a: Tyranitar|Tyranitar, F|69/100 par
|-damage|p1a: Tyranitar|44/100 par|[from] Spikes
|
|-weather|Sandstorm|[upkeep]
|-damage|p2a: HOLA|64/100|[from] Leech Seed|[of] p1a: Tyranitar
|-heal|p1a: Tyranitar|51/100 par|[silent]
|-heal|p1a: Tyranitar|57/100 par|[from] item: Leftovers
|upkeep
|turn|51
|
|t:|1729621471
|move|p2a: HOLA|Hidden Power|p1a: Tyranitar
|-supereffective|p1a: Tyranitar
|-damage|p1a: Tyranitar|20/100 par
|move|p1a: Tyranitar|Pursuit|p2a: HOLA
|-damage|p2a: HOLA|31/100
|
|-weather|Sandstorm|[upkeep]
|-damage|p2a: HOLA|19/100|[from] Leech Seed|[of] p1a: Tyranitar
|-heal|p1a: Tyranitar|26/100 par|[silent]
|-heal|p1a: Tyranitar|32/100 par|[from] item: Leftovers
|upkeep
|turn|52
|
|t:|1729621481
|-activate|p2a: HOLA|move: Pursuit
|move|p1a: Tyranitar|Pursuit|p2a: HOLA|[from]Pursuit
|-damage|p2a: HOLA|0 fnt
|faint|p2a: HOLA
|-hint|Previously chosen switches continue in Gen 2-4 after a Pursuit target faints.
|switch|p2a: zZzZz|Milotic, M|80/100
|-damage|p2a: zZzZz|67/100|[from] Spikes
|
|-weather|Sandstorm|[upkeep]
|-damage|p2a: zZzZz|61/100|[from] Sandstorm
|-heal|p2a: zZzZz|67/100|[from] item: Leftovers
|-heal|p1a: Tyranitar|38/100 par|[from] item: Leftovers
|upkeep
|turn|53
|
|t:|1729621504
|move|p2a: zZzZz|Recover|p2a: zZzZz
|-heal|p2a: zZzZz|100/100
|move|p1a: Tyranitar|Crunch|p2a: zZzZz
|-damage|p2a: zZzZz|78/100
|
|-weather|Sandstorm|[upkeep]
|-damage|p2a: zZzZz|71/100|[from] Sandstorm
|-heal|p2a: zZzZz|78/100|[from] item: Leftovers
|-heal|p1a: Tyranitar|45/100 par|[from] item: Leftovers
|upkeep
|turn|54
|
|t:|1729621512
|move|p2a: zZzZz|Surf|p1a: Tyranitar
|-supereffective|p1a: Tyranitar
|-damage|p1a: Tyranitar|0 fnt
|faint|p1a: Tyranitar
|inactive|Kollin7 has 270 seconds left.
|
|t:|1729621544
|switch|p1a: Flygon|Flygon, F|100/100
|
|-weather|Sandstorm|[upkeep]
|-damage|p2a: zZzZz|71/100|[from] Sandstorm
|-heal|p2a: zZzZz|78/100|[from] item: Leftovers
|upkeep
|turn|55
|
|t:|1729621558
|switch|p2a: Karmory|Skarmory, F|70/100
|move|p1a: Flygon|Earthquake|p2a: Karmory
|-immune|p2a: Karmory
|
|-weather|Sandstorm|[upkeep]
|-heal|p2a: Karmory|76/100|[from] item: Leftovers
|upkeep
|turn|56
|
|t:|1729621566
|switch|p1a: Moltres|Moltres|100/100
|move|p2a: Karmory|Drill Peck|p1a: Moltres
|-damage|p1a: Moltres|72/100
|
|-weather|Sandstorm|[upkeep]
|-damage|p1a: Moltres|65/100|[from] Sandstorm
|-heal|p1a: Moltres|72/100|[from] item: Leftovers
|-heal|p2a: Karmory|82/100|[from] item: Leftovers
|upkeep
|turn|57
|
|t:|1729621573
|move|p2a: Karmory|Protect|p2a: Karmory
|-singleturn|p2a: Karmory|Protect
|move|p1a: Moltres|Roar|p2a: Karmory
|-activate|p2a: Karmory|Protect
|
|-weather|Sandstorm|[upkeep]
|-damage|p1a: Moltres|65/100|[from] Sandstorm
|-heal|p1a: Moltres|72/100|[from] item: Leftovers
|-heal|p2a: Karmory|88/100|[from] item: Leftovers
|upkeep
|turn|58
|
|t:|1729621593
|switch|p2a: Dogora|Blissey, F|76/100
|-damage|p2a: Dogora|63/100|[from] Spikes
|move|p1a: Moltres|Roar|p2a: Dogora
|drag|p2a: Karmory|Skarmory, F|88/100
|
|-weather|Sandstorm|[upkeep]
|-damage|p1a: Moltres|65/100|[from] Sandstorm
|-heal|p1a: Moltres|72/100|[from] item: Leftovers
|-heal|p2a: Karmory|94/100|[from] item: Leftovers
|upkeep
|turn|59
|
|t:|1729621602
|move|p2a: Karmory|Protect|p2a: Karmory
|-singleturn|p2a: Karmory|Protect
|move|p1a: Moltres|Roar|p2a: Karmory
|-activate|p2a: Karmory|Protect
|
|-weather|Sandstorm|[upkeep]
|-damage|p1a: Moltres|65/100|[from] Sandstorm
|-heal|p1a: Moltres|72/100|[from] item: Leftovers
|-heal|p2a: Karmory|99/100|[from] item: Leftovers
|upkeep
|turn|60
|
|t:|1729621608
|move|p1a: Moltres|Fire Blast|p2a: Karmory
|-supereffective|p2a: Karmory
|-damage|p2a: Karmory|0 fnt
|faint|p2a: Karmory
|
|t:|1729621612
|switch|p2a: Dogora|Blissey, F|63/100
|-damage|p2a: Dogora|51/100|[from] Spikes
|
|-weather|Sandstorm|[upkeep]
|-damage|p1a: Moltres|65/100|[from] Sandstorm
|-damage|p2a: Dogora|45/100|[from] Sandstorm
|-heal|p1a: Moltres|72/100|[from] item: Leftovers
|-heal|p2a: Dogora|51/100|[from] item: Leftovers
|upkeep
|turn|61
|
|t:|1729621624
|move|p2a: Dogora|Soft-Boiled|p2a: Dogora
|-heal|p2a: Dogora|100/100
|move|p1a: Moltres|Roar|p2a: Dogora
|drag|p2a: zZzZz|Milotic, M|78/100
|-damage|p2a: zZzZz|65/100|[from] Spikes
|
|-weather|Sandstorm|[upkeep]
|-damage|p1a: Moltres|65/100|[from] Sandstorm
|-damage|p2a: zZzZz|59/100|[from] Sandstorm
|-heal|p1a: Moltres|72/100|[from] item: Leftovers
|-heal|p2a: zZzZz|65/100|[from] item: Leftovers
|upkeep
|turn|62
|
|t:|1729621634
|move|p1a: Moltres|Hidden Power|p2a: zZzZz
|-supereffective|p2a: zZzZz
|-damage|p2a: zZzZz|30/100
|move|p2a: zZzZz|Recover|p2a: zZzZz
|-heal|p2a: zZzZz|79/100
|
|-weather|Sandstorm|[upkeep]
|-damage|p1a: Moltres|65/100|[from] Sandstorm
|-damage|p2a: zZzZz|73/100|[from] Sandstorm
|-heal|p1a: Moltres|72/100|[from] item: Leftovers
|-heal|p2a: zZzZz|79/100|[from] item: Leftovers
|upkeep
|turn|63
|
|t:|1729621639
|move|p1a: Moltres|Hidden Power|p2a: zZzZz
|-supereffective|p2a: zZzZz
|-damage|p2a: zZzZz|45/100
|move|p2a: zZzZz|Toxic|p1a: Moltres|[miss]
|-miss|p2a: zZzZz|p1a: Moltres
|
|-weather|Sandstorm|[upkeep]
|-damage|p1a: Moltres|65/100|[from] Sandstorm
|-damage|p2a: zZzZz|38/100|[from] Sandstorm
|-heal|p1a: Moltres|72/100|[from] item: Leftovers
|-heal|p2a: zZzZz|45/100|[from] item: Leftovers
|upkeep
|turn|64
|
|t:|1729621646
|move|p1a: Moltres|Hidden Power|p2a: zZzZz
|-supereffective|p2a: zZzZz
|-damage|p2a: zZzZz|12/100
|move|p2a: zZzZz|Recover|p2a: zZzZz
|-heal|p2a: zZzZz|62/100
|
|-weather|Sandstorm|[upkeep]
|-damage|p1a: Moltres|65/100|[from] Sandstorm
|-damage|p2a: zZzZz|56/100|[from] Sandstorm
|-heal|p1a: Moltres|72/100|[from] item: Leftovers
|-heal|p2a: zZzZz|62/100|[from] item: Leftovers
|upkeep
|turn|65
|
|t:|1729621669
|move|p1a: Moltres|Hidden Power|p2a: zZzZz
|-supereffective|p2a: zZzZz
|-damage|p2a: zZzZz|27/100
|move|p2a: zZzZz|Surf|p1a: Moltres
|-supereffective|p1a: Moltres
|-damage|p1a: Moltres|0 fnt
|faint|p1a: Moltres
|
|t:|1729621674
|switch|p1a: Flygon|Flygon, F|100/100
|
|-weather|Sandstorm|[upkeep]
|-damage|p2a: zZzZz|21/100|[from] Sandstorm
|-heal|p2a: zZzZz|27/100|[from] item: Leftovers
|upkeep
|turn|66
|
|t:|1729621682
|move|p1a: Flygon|Earthquake|p2a: zZzZz
|-damage|p2a: zZzZz|0 fnt
|faint|p2a: zZzZz
|
|t:|1729621686
|switch|p2a: Dogora|Blissey, F|100/100
|-damage|p2a: Dogora|88/100|[from] Spikes
|
|-weather|Sandstorm|[upkeep]
|-damage|p2a: Dogora|82/100|[from] Sandstorm
|-heal|p2a: Dogora|88/100|[from] item: Leftovers
|upkeep
|turn|67
|
|t:|1729621690
|move|p1a: Flygon|Rock Slide|p2a: Dogora
|-damage|p2a: Dogora|66/100
|cant|p2a: Dogora|flinch
|
|-weather|Sandstorm|[upkeep]
|-damage|p2a: Dogora|60/100|[from] Sandstorm
|-heal|p2a: Dogora|66/100|[from] item: Leftovers
|upkeep
|turn|68
|
|t:|1729621695
|move|p1a: Flygon|Rock Slide|p2a: Dogora|[miss]
|-miss|p1a: Flygon|p2a: Dogora
|move|p2a: Dogora|Ice Beam|p1a: Flygon
|-supereffective|p1a: Flygon
|-damage|p1a: Flygon|0 fnt
|faint|p1a: Flygon
|
|win|gorditoconbigote
|c|☆gorditoconbigote|ggwp
|c|☆Kollin7|gg

</script>
<script type="application/json" class="data" id="replaydata-smogtours-gen3ou-801225">
{"id":"smogtours-gen3ou-801225","format":"[Gen 3] OU","players":["Kollin7","gorditoconbigote"],"uploadtime":1729621695,"views":120,"formatid":"gen3ou","rating":null,"private":0,"password":null}
</script>

<script defer src="js/replays.js?9d40a366"></script>
