<!DOCTYPE html>
<meta charset="utf-8" />
<meta name="viewport" content="width=device-width" />

<title>[Gen 3] OU: ProfessorKid vs. ylisseanstarlight - Replays - Pok&eacute;mon Showdown!</title>

<meta name="description" content="Watch a replay of a Pok&eacute;mon battle between ProfessorKid and ylisseanstarlight! Format: [Gen 3] OU; Date: Oct 10, 2024" />
<!--

Hey, you! Looking in the source for the replay log?

You can find them in JSON format, just add `.json` at the end of a replay URL.

https://replay.pokemonshowdown.com/gen7randomdoublesbattle-865046831.json

Or, if you only need the log itself, add `.log` instead:

https://replay.pokemonshowdown.com/gen7randomdoublesbattle-865046831.log

-->

<link rel="stylesheet" href="//pokemonshowdown.com/style/global.css?0.023195364461161105" />
<link rel="stylesheet" href="//play.pokemonshowdown.com/style/font-awesome.css?0.13261647063804238" />
<link rel="stylesheet" href="//play.pokemonshowdown.com/style/battle.css?0.8753245789963631" />
<link rel="stylesheet" href="//play.pokemonshowdown.com/style/utilichart.css?0.8627959624976733" />

<!-- Global site tag (gtag.js) - Google Analytics -->
<script async src="https://www.googletagmanager.com/gtag/js?id=UA-26211653-1"></script>
<script>
  window.dataLayer = window.dataLayer || [];
  function gtag(){dataLayer.push(arguments);}
  gtag('js', new Date());

  gtag('config', 'UA-26211653-1');
</script>
<!-- End Google Analytics -->
<!-- Venatus Ad Manager - Install in <HEAD> of page -->
	<script src="https://hb.vntsm.com/v3/live/ad-manager.min.js" type="text/javascript" data-site-id="642aba63ec9a7b11c3c9c1be" data-mode="scan" async></script>
<!-- / Venatus Ad Manager -->

<style>
	@media (max-width:820px) {
		.battle {
			margin: 0 auto;
		}
		.battle-log {
			margin: 7px auto 0;
			max-width: 640px;
			height: 300px;
			position: static;
		}
	}
	.optgroup {
		display: inline-block;
		line-height: 22px;
		font-size: 10pt;
	}
	.optgroup .button {
		height: 25px;
		padding-top: 0;
		padding-bottom: 0;
	}
	.optgroup button.button {
		padding-left: 12px;
		padding-right: 12px;
	}
	.linklist {
		list-style: none;
		margin: 0.5em 0;
		padding: 0;
	}
	.linklist li {
		padding: 2px 0;
	}
	.sidebar {
		float: left;
		width: 320px;
	}
	.bar-wrapper {
		max-width: 1100px;
		margin: 0 auto;
	}
	.bar-wrapper.has-sidebar {
		max-width: 1430px;
	}
	.mainbar {
		margin: 0;
		padding-right: 1px;
	}
	.mainbar.has-sidebar {
		margin-left: 330px;
	}
	@media (min-width: 1511px) {
		.sidebar {
			width: 400px;
		}
		.bar-wrapper.has-sidebar {
			max-width: 1510px;
		}
		.mainbar.has-sidebar {
			margin-left: 410px;
		}
	}
	.section.first-section {
		margin-top: 9px;
	}
	.blocklink small {
		white-space: normal;
	}
	.button {
		vertical-align: middle;
	}
	.replay-controls {
		padding-top: 10px;
	}
	.replay-controls h1 {
		font-size: 16pt;
		font-weight: normal;
		color: #CCC;
	}
	.pagelink {
		text-align: center;
	}
	.pagelink a {
		width: 150px;
	}
	.textbox, .button {
		font-size: 11pt;
		vertical-align: middle;
	}
	@media (max-width: 450px) {
		.button {
			font-size: 9pt;
		}
	}
</style>

<div>

	<header>
		<div class="nav-wrapper"><ul class="nav">
			<li><a class="button nav-first" href="//pokemonshowdown.com/"><img src="//pokemonshowdown.com/images/pokemonshowdownbeta.png" srcset="//pokemonshowdown.com/images/pokemonshowdownbeta.png 1x, //pokemonshowdown.com/images/pokemonshowdownbeta@2x.png 2x" alt="Pok&eacute;mon Showdown" width="146" height="44" /> Home</a></li>
			<li><a class="button" href="//pokemonshowdown.com/dex/">Pok&eacute;dex</a></li>
			<li><a class="button cur" href="/">Replays</a></li>
			<li><a class="button" href="//pokemonshowdown.com/ladder/">Ladder</a></li>
			<li><a class="button nav-last" href="//pokemonshowdown.com/forums/">Forum</a></li>
			<li><a class="button greenbutton nav-first nav-last" href="//play.pokemonshowdown.com/">Play</a></li>
		</ul></div>
	</header>

	<div class="main" id="main">

		<noscript><section class="section">You need to enable JavaScript to use this page; sorry!</section></noscript>

	</div>

</div>

<script defer nomodule src="//play.pokemonshowdown.com/js/lib/ps-polyfill.js"></script>
<script defer src="//play.pokemonshowdown.com/js/lib/preact.min.js"></script>

<script defer src="//play.pokemonshowdown.com/config/config.js?2bddbc15"></script>
<script defer src="//play.pokemonshowdown.com/js/lib/jquery-1.11.0.min.js"></script>
<script defer src="//play.pokemonshowdown.com/js/lib/html-sanitizer-minified.js"></script>
<script defer src="//play.pokemonshowdown.com/js/battle-sound.js"></script>
<script defer src="//play.pokemonshowdown.com/js/battledata.js?0.7209276989879541"></script>
<script defer src="//play.pokemonshowdown.com/data/pokedex-mini.js?0.6111056340867951"></script>
<script defer src="//play.pokemonshowdown.com/data/pokedex-mini-bw.js?0.3532142036491459"></script>
<script defer src="//play.pokemonshowdown.com/data/graphics.js?0.24223875632456182"></script>
<script defer src="//play.pokemonshowdown.com/data/pokedex.js?0.38839984266356864"></script>
<script defer src="//play.pokemonshowdown.com/data/moves.js?0.21866028504024015"></script>
<script defer src="//play.pokemonshowdown.com/data/abilities.js?0.2005157953846628"></script>
<script defer src="//play.pokemonshowdown.com/data/items.js?0.9894211263848525"></script>
<script defer src="//play.pokemonshowdown.com/data/teambuilder-tables.js?0.6008791140282215"></script>
<script defer src="//play.pokemonshowdown.com/js/battle-tooltips.js?0.7580118955022959"></script>
<script defer src="//play.pokemonshowdown.com/js/battle.js?0.6057722274234274"></script>

<script defer src="js/utils.js?e31f9a17"></script>
<script defer src="js/replays-battle.js?7008c182"></script>

<!-- don't scrape this data! just add .json or .log after the URL!
Full API docs: https://github.com/smogon/pokemon-showdown-client/blob/master/WEB-API.md -->
<script type="text/plain" class="log" id="replaylog-smogtours-gen3ou-797067">
|inactive|Battle timer is ON: inactive players will automatically lose when time's up.
|t:|1728601353
|gametype|singles
|player|p1|ProfessorKid|169|
|player|p2|ylisseanstarlight|n|
|teamsize|p1|6
|teamsize|p2|6
|gen|3
|tier|[Gen 3] OU
|rule|Sleep Clause Mod: Limit one foe put to sleep
|rule|Switch Priority Clause Mod: Faster Pokémon switch first
|rule|Species Clause: Limit one of each Pokémon
|rule|OHKO Clause: OHKO moves are banned
|rule|Evasion Items Clause: Evasion items are banned
|rule|Evasion Moves Clause: Evasion moves are banned
|rule|Endless Battle Clause: Forcing endless battles is banned
|rule|HP Percentage Mod: HP is shown in percentages
|rule|One Boost Passer Clause: Limit one Baton Passer that has a way to boost its stats
|rule|Freeze Clause Mod: Limit one foe frozen
|
|t:|1728601353
|start
|switch|p1a: Salamence|Salamence, M|100/100
|switch|p2a: Swampert|Swampert, M|100/100
|-ability|p1a: Salamence|Intimidate|boost
|-unboost|p2a: Swampert|atk|1
|turn|1
|
|t:|1728601371
|switch|p1a: Blissey|Blissey, F|100/100
|move|p2a: Swampert|Ice Beam|p1a: Blissey
|-damage|p1a: Blissey|93/100
|
|-heal|p1a: Blissey|99/100|[from] item: Leftovers
|upkeep
|turn|2
|
|t:|1728601379
|switch|p1a: Salamence|Salamence, M|100/100
|-ability|p1a: Salamence|Intimidate|boost
|-unboost|p2a: Swampert|atk|1
|switch|p2a: Forretress|Forretress, M|100/100
|
|upkeep
|turn|3
|
|t:|1728601390
|switch|p2a: Swampert|Swampert, M|100/100
|move|p1a: Salamence|Hidden Power|p2a: Swampert
|-damage|p2a: Swampert|75/100
|
|-heal|p2a: Swampert|81/100|[from] item: Leftovers
|upkeep
|turn|4
|
|t:|1728601409
|switch|p1a: Suicune|Suicune|100/100
|move|p2a: Swampert|Ice Beam|p1a: Suicune
|-resisted|p1a: Suicune
|-damage|p1a: Suicune|93/100
|
|-heal|p1a: Suicune|99/100|[from] item: Leftovers
|-heal|p2a: Swampert|87/100|[from] item: Leftovers
|upkeep
|turn|5
|
|t:|1728601415
|switch|p2a: Blissey|Blissey, F|100/100
|move|p1a: Suicune|Surf|p2a: Blissey
|-damage|p2a: Blissey|84/100
|
|-heal|p1a: Suicune|100/100|[from] item: Leftovers
|-heal|p2a: Blissey|90/100|[from] item: Leftovers
|upkeep
|turn|6
|
|t:|1728601427
|switch|p1a: Metagross|Metagross|100/100
|move|p2a: Blissey|Toxic|p1a: Metagross
|-immune|p1a: Metagross
|
|-heal|p2a: Blissey|96/100|[from] item: Leftovers
|upkeep
|turn|7
|
|t:|1728601435
|move|p1a: Metagross|Meteor Mash|p2a: Blissey
|-damage|p2a: Blissey|26/100
|move|p2a: Blissey|Counter|p1a: Metagross
|-damage|p1a: Metagross|0 fnt
|faint|p1a: Metagross
|
|t:|1728601442
|switch|p1a: Heracross|Heracross, F|100/100
|
|-heal|p2a: Blissey|32/100|[from] item: Leftovers
|upkeep
|turn|8
|
|t:|1728601451
|switch|p2a: Gengar|Gengar, M|100/100
|move|p1a: Heracross|Swords Dance|p1a: Heracross
|-boost|p1a: Heracross|atk|2
|
|upkeep
|turn|9
|
|t:|1728601455
|move|p2a: Gengar|Fire Punch|p1a: Heracross
|-supereffective|p1a: Heracross
|-damage|p1a: Heracross|53/100
|move|p1a: Heracross|Rock Slide|p2a: Gengar
|-damage|p2a: Gengar|26/100
|
|-heal|p2a: Gengar|32/100|[from] item: Leftovers
|upkeep
|turn|10
|
|t:|1728601462
|move|p2a: Gengar|Fire Punch|p1a: Heracross
|-supereffective|p1a: Heracross
|-damage|p1a: Heracross|0 fnt
|faint|p1a: Heracross
|
|t:|1728601481
|switch|p1a: Suicune|Suicune|100/100
|
|-heal|p2a: Gengar|38/100|[from] item: Leftovers
|upkeep
|turn|11
|
|t:|1728601492
|switch|p1a: Salamence|Salamence, M|100/100
|-ability|p1a: Salamence|Intimidate|boost
|-unboost|p2a: Gengar|atk|1
|move|p2a: Gengar|Taunt|p1a: Salamence
|-start|p1a: Salamence|move: Taunt
|
|-heal|p2a: Gengar|44/100|[from] item: Leftovers
|upkeep
|turn|12
|
|t:|1728601502
|switch|p1a: Blissey|Blissey, F|99/100
|switch|p2a: Forretress|Forretress, M|100/100
|
|-heal|p1a: Blissey|100/100|[from] item: Leftovers
|upkeep
|turn|13
|
|t:|1728601509
|move|p1a: Blissey|Seismic Toss|p2a: Forretress
|-damage|p2a: Forretress|72/100
|move|p2a: Forretress|Spikes|p1a: Blissey
|-sidestart|p1: ProfessorKid|Spikes
|
|-heal|p2a: Forretress|78/100|[from] item: Leftovers
|upkeep
|turn|14
|
|t:|1728601525
|switch|p2a: Tyranitar|Tyranitar, M|100/100
|-weather|Sandstorm|[from] ability: Sand Stream|[of] p2a: Tyranitar
|move|p1a: Blissey|Seismic Toss|p2a: Tyranitar
|-damage|p2a: Tyranitar|76/100
|
|-weather|Sandstorm|[upkeep]
|-damage|p1a: Blissey|94/100|[from] Sandstorm
|-heal|p2a: Tyranitar|82/100|[from] item: Leftovers
|-heal|p1a: Blissey|100/100|[from] item: Leftovers
|upkeep
|turn|15
|
|t:|1728601536
|switch|p1a: Suicune|Suicune|100/100
|-damage|p1a: Suicune|88/100|[from] Spikes
|move|p2a: Tyranitar|Ice Beam|p1a: Suicune
|-resisted|p1a: Suicune
|-damage|p1a: Suicune|78/100
|
|-weather|Sandstorm|[upkeep]
|-damage|p1a: Suicune|72/100|[from] Sandstorm
|-heal|p1a: Suicune|78/100|[from] item: Leftovers
|-heal|p2a: Tyranitar|88/100|[from] item: Leftovers
|upkeep
|turn|16
|
|t:|1728601543
|switch|p2a: Jumpluff|Jumpluff, M|100/100
|move|p1a: Suicune|Calm Mind|p1a: Suicune
|-boost|p1a: Suicune|spa|1
|-boost|p1a: Suicune|spd|1
|
|-weather|Sandstorm|[upkeep]
|-damage|p2a: Jumpluff|94/100|[from] Sandstorm
|-damage|p1a: Suicune|72/100|[from] Sandstorm
|-heal|p2a: Jumpluff|100/100|[from] item: Leftovers
|-heal|p1a: Suicune|78/100|[from] item: Leftovers
|upkeep
|turn|17
|
|t:|1728601556
|move|p2a: Jumpluff|Encore|p1a: Suicune
|-start|p1a: Suicune|Encore
|move|p1a: Suicune|Calm Mind|p1a: Suicune
|-boost|p1a: Suicune|spa|1
|-boost|p1a: Suicune|spd|1
|
|-weather|Sandstorm|[upkeep]
|-damage|p2a: Jumpluff|94/100|[from] Sandstorm
|-damage|p1a: Suicune|72/100|[from] Sandstorm
|-heal|p2a: Jumpluff|100/100|[from] item: Leftovers
|-heal|p1a: Suicune|78/100|[from] item: Leftovers
|upkeep
|turn|18
|
|t:|1728601559
|move|p2a: Jumpluff|Substitute|p2a: Jumpluff
|-start|p2a: Jumpluff|Substitute
|-damage|p2a: Jumpluff|76/100
|move|p1a: Suicune|Calm Mind|p1a: Suicune
|-boost|p1a: Suicune|spa|1
|-boost|p1a: Suicune|spd|1
|
|-weather|Sandstorm|[upkeep]
|-damage|p2a: Jumpluff|69/100|[from] Sandstorm
|-damage|p1a: Suicune|72/100|[from] Sandstorm
|-heal|p2a: Jumpluff|76/100|[from] item: Leftovers
|-heal|p1a: Suicune|78/100|[from] item: Leftovers
|upkeep
|turn|19
|
|t:|1728601568
|move|p2a: Jumpluff|Leech Seed|p1a: Suicune
|-start|p1a: Suicune|move: Leech Seed
|move|p1a: Suicune|Calm Mind|p1a: Suicune
|-boost|p1a: Suicune|spa|1
|-boost|p1a: Suicune|spd|1
|
|-weather|Sandstorm|[upkeep]
|-damage|p2a: Jumpluff|69/100|[from] Sandstorm
|-damage|p1a: Suicune|72/100|[from] Sandstorm
|-heal|p2a: Jumpluff|76/100|[from] item: Leftovers
|-heal|p1a: Suicune|78/100|[from] item: Leftovers
|-damage|p1a: Suicune|65/100|[from] Leech Seed|[of] p2a: Jumpluff
|-heal|p2a: Jumpluff|90/100|[silent]
|upkeep
|turn|20
|
|t:|1728601575
|switch|p1a: Blissey|Blissey, F|100/100
|-damage|p1a: Blissey|88/100|[from] Spikes
|move|p2a: Jumpluff|Sleep Powder|p1a: Blissey
|-status|p1a: Blissey|slp|[from] move: Sleep Powder
|
|-weather|Sandstorm|[upkeep]
|-damage|p2a: Jumpluff|84/100|[from] Sandstorm
|-damage|p1a: Blissey|82/100 slp|[from] Sandstorm
|-heal|p2a: Jumpluff|90/100|[from] item: Leftovers
|-heal|p1a: Blissey|88/100 slp|[from] item: Leftovers
|upkeep
|turn|21
|
|t:|1728601584
|move|p2a: Jumpluff|Leech Seed|p1a: Blissey
|-start|p1a: Blissey|move: Leech Seed
|cant|p1a: Blissey|slp
|
|-weather|Sandstorm|[upkeep]
|-damage|p2a: Jumpluff|84/100|[from] Sandstorm
|-damage|p1a: Blissey|82/100 slp|[from] Sandstorm
|-heal|p2a: Jumpluff|90/100|[from] item: Leftovers
|-heal|p1a: Blissey|88/100 slp|[from] item: Leftovers
|-damage|p1a: Blissey|76/100 slp|[from] Leech Seed|[of] p2a: Jumpluff
|-heal|p2a: Jumpluff|100/100|[silent]
|upkeep
|turn|22
|
|t:|1728601596
|-curestatus|p1a: Blissey|slp|[from] ability: Natural Cure
|switch|p1a: Zapdos|Zapdos|100/100
|move|p2a: Jumpluff|Sleep Powder|p1a: Zapdos
|-status|p1a: Zapdos|slp|[from] move: Sleep Powder
|
|-weather|Sandstorm|[upkeep]
|-damage|p2a: Jumpluff|94/100|[from] Sandstorm
|-damage|p1a: Zapdos|94/100 slp|[from] Sandstorm
|-heal|p2a: Jumpluff|100/100|[from] item: Leftovers
|-heal|p1a: Zapdos|100/100 slp|[from] item: Leftovers
|upkeep
|turn|23
|
|t:|1728601601
|switch|p1a: Salamence|Salamence, M|100/100
|move|p2a: Jumpluff|Leech Seed|p1a: Salamence
|-start|p1a: Salamence|move: Leech Seed
|
|-weather|Sandstorm|[upkeep]
|-damage|p2a: Jumpluff|94/100|[from] Sandstorm
|-damage|p1a: Salamence|94/100|[from] Sandstorm
|-heal|p2a: Jumpluff|100/100|[from] item: Leftovers
|-heal|p1a: Salamence|100/100|[from] item: Leftovers
|-damage|p1a: Salamence|88/100|[from] Leech Seed|[of] p2a: Jumpluff
|upkeep
|turn|24
|
|t:|1728601620
|switch|p2a: Swampert|Swampert, M|87/100
|move|p1a: Salamence|Dragon Dance|p1a: Salamence
|-boost|p1a: Salamence|atk|1
|-boost|p1a: Salamence|spe|1
|
|-weather|Sandstorm|[upkeep]
|-damage|p1a: Salamence|82/100|[from] Sandstorm
|-heal|p1a: Salamence|88/100|[from] item: Leftovers
|-damage|p1a: Salamence|76/100|[from] Leech Seed|[of] p2a: Swampert
|-heal|p2a: Swampert|98/100|[silent]
|-heal|p2a: Swampert|100/100|[from] item: Leftovers
|upkeep
|turn|25
|
|t:|1728601629
|switch|p1a: Blissey|Blissey, F|76/100
|-damage|p1a: Blissey|63/100|[from] Spikes
|move|p2a: Swampert|Ice Beam|p1a: Blissey
|-damage|p1a: Blissey|56/100
|
|-weather|Sandstorm|[upkeep]
|-damage|p1a: Blissey|49/100|[from] Sandstorm
|-heal|p1a: Blissey|56/100|[from] item: Leftovers
|upkeep
|turn|26
|
|t:|1728601644
|move|p1a: Blissey|Seismic Toss|p2a: Swampert
|-damage|p2a: Swampert|76/100
|move|p2a: Swampert|Earthquake|p1a: Blissey
|-crit|p1a: Blissey
|-damage|p1a: Blissey|0 fnt
|faint|p1a: Blissey
|
|t:|1728601651
|switch|p1a: Salamence|Salamence, M|76/100
|-ability|p1a: Salamence|Intimidate|boost
|-unboost|p2a: Swampert|atk|1
|
|-weather|Sandstorm|[upkeep]
|-damage|p1a: Salamence|70/100|[from] Sandstorm
|-heal|p1a: Salamence|76/100|[from] item: Leftovers
|-heal|p2a: Swampert|82/100|[from] item: Leftovers
|upkeep
|turn|27
|
|t:|1728601656
|switch|p1a: Suicune|Suicune|65/100
|-damage|p1a: Suicune|53/100|[from] Spikes
|move|p2a: Swampert|Ice Beam|p1a: Suicune
|-resisted|p1a: Suicune
|-damage|p1a: Suicune|46/100
|
|-weather|Sandstorm|[upkeep]
|-damage|p1a: Suicune|40/100|[from] Sandstorm
|-heal|p1a: Suicune|46/100|[from] item: Leftovers
|-heal|p2a: Swampert|88/100|[from] item: Leftovers
|upkeep
|turn|28
|
|t:|1728601660
|move|p1a: Suicune|Calm Mind|p1a: Suicune
|-boost|p1a: Suicune|spa|1
|-boost|p1a: Suicune|spd|1
|move|p2a: Swampert|Roar|p1a: Suicune
|drag|p1a: Zapdos|Zapdos|100/100 slp
|
|-weather|Sandstorm|[upkeep]
|-damage|p1a: Zapdos|94/100 slp|[from] Sandstorm
|-heal|p1a: Zapdos|100/100 slp|[from] item: Leftovers
|-heal|p2a: Swampert|94/100|[from] item: Leftovers
|upkeep
|turn|29
|
|t:|1728601667
|switch|p2a: Tyranitar|Tyranitar, M|88/100
|cant|p1a: Zapdos|slp
|
|-weather|Sandstorm|[upkeep]
|-damage|p1a: Zapdos|94/100 slp|[from] Sandstorm
|-heal|p1a: Zapdos|100/100 slp|[from] item: Leftovers
|-heal|p2a: Tyranitar|94/100|[from] item: Leftovers
|upkeep
|turn|30
|
|t:|1728601671
|-curestatus|p1a: Zapdos|slp|[msg]
|move|p1a: Zapdos|Substitute|p1a: Zapdos
|-start|p1a: Zapdos|Substitute
|-damage|p1a: Zapdos|76/100
|move|p2a: Tyranitar|Ice Beam|p1a: Zapdos
|-supereffective|p1a: Zapdos
|-end|p1a: Zapdos|Substitute
|
|-weather|Sandstorm|[upkeep]
|-damage|p1a: Zapdos|69/100|[from] Sandstorm
|-heal|p1a: Zapdos|76/100|[from] item: Leftovers
|-heal|p2a: Tyranitar|100/100|[from] item: Leftovers
|upkeep
|turn|31
|
|t:|1728601678
|switch|p1a: Suicune|Suicune|46/100
|-damage|p1a: Suicune|33/100|[from] Spikes
|move|p2a: Tyranitar|Ice Beam|p1a: Suicune
|-resisted|p1a: Suicune
|-damage|p1a: Suicune|23/100
|
|-weather|Sandstorm|[upkeep]
|-damage|p1a: Suicune|17/100|[from] Sandstorm
|-heal|p1a: Suicune|23/100|[from] item: Leftovers
|upkeep
|turn|32
|
|t:|1728601681
|move|p1a: Suicune|Surf|p2a: Tyranitar
|-supereffective|p2a: Tyranitar
|-damage|p2a: Tyranitar|31/100
|move|p2a: Tyranitar|Hidden Power|p1a: Suicune
|-supereffective|p1a: Suicune
|-damage|p1a: Suicune|0 fnt
|faint|p1a: Suicune
|
|t:|1728601689
|switch|p1a: Salamence|Salamence, M|76/100
|-ability|p1a: Salamence|Intimidate|boost
|-unboost|p2a: Tyranitar|atk|1
|
|-weather|Sandstorm|[upkeep]
|-damage|p1a: Salamence|70/100|[from] Sandstorm
|-heal|p1a: Salamence|76/100|[from] item: Leftovers
|-heal|p2a: Tyranitar|38/100|[from] item: Leftovers
|upkeep
|turn|33
|
|t:|1728601692
|move|p1a: Salamence|Brick Break|p2a: Tyranitar
|-supereffective|p2a: Tyranitar
|-damage|p2a: Tyranitar|0 fnt
|faint|p2a: Tyranitar
|
|t:|1728601696
|switch|p2a: Jumpluff|Jumpluff, M|100/100
|
|-weather|Sandstorm|[upkeep]
|-damage|p2a: Jumpluff|94/100|[from] Sandstorm
|-damage|p1a: Salamence|70/100|[from] Sandstorm
|-heal|p2a: Jumpluff|100/100|[from] item: Leftovers
|-heal|p1a: Salamence|76/100|[from] item: Leftovers
|upkeep
|turn|34
|
|t:|1728601702
|move|p2a: Jumpluff|Substitute|p2a: Jumpluff
|-start|p2a: Jumpluff|Substitute
|-damage|p2a: Jumpluff|76/100
|move|p1a: Salamence|Hidden Power|p2a: Jumpluff
|-supereffective|p2a: Jumpluff
|-end|p2a: Jumpluff|Substitute
|
|-weather|Sandstorm|[upkeep]
|-damage|p2a: Jumpluff|69/100|[from] Sandstorm
|-damage|p1a: Salamence|70/100|[from] Sandstorm
|-heal|p2a: Jumpluff|76/100|[from] item: Leftovers
|-heal|p1a: Salamence|76/100|[from] item: Leftovers
|upkeep
|turn|35
|
|t:|1728601708
|switch|p2a: Swampert|Swampert, M|94/100
|move|p1a: Salamence|Dragon Dance|p1a: Salamence
|-boost|p1a: Salamence|atk|1
|-boost|p1a: Salamence|spe|1
|
|-weather|Sandstorm|[upkeep]
|-damage|p1a: Salamence|70/100|[from] Sandstorm
|-heal|p1a: Salamence|76/100|[from] item: Leftovers
|-heal|p2a: Swampert|100/100|[from] item: Leftovers
|upkeep
|turn|36
|
|t:|1728601713
|move|p1a: Salamence|Hidden Power|p2a: Swampert
|-damage|p2a: Swampert|66/100
|move|p2a: Swampert|Ice Beam|p1a: Salamence
|-supereffective|p1a: Salamence
|-damage|p1a: Salamence|0 fnt
|faint|p1a: Salamence
|
|t:|1728601717
|switch|p1a: Zapdos|Zapdos|76/100
|
|-weather|Sandstorm|[upkeep]
|-damage|p1a: Zapdos|69/100|[from] Sandstorm
|-heal|p1a: Zapdos|76/100|[from] item: Leftovers
|-heal|p2a: Swampert|72/100|[from] item: Leftovers
|upkeep
|turn|37
|
|t:|1728601719
|move|p2a: Swampert|Protect|p2a: Swampert
|-singleturn|p2a: Swampert|Protect
|move|p1a: Zapdos|Toxic|p2a: Swampert
|-activate|p2a: Swampert|Protect
|
|-weather|Sandstorm|[upkeep]
|-damage|p1a: Zapdos|69/100|[from] Sandstorm
|-heal|p1a: Zapdos|76/100|[from] item: Leftovers
|-heal|p2a: Swampert|78/100|[from] item: Leftovers
|upkeep
|turn|38
|
|t:|1728601723
|move|p1a: Zapdos|Toxic|p2a: Swampert
|-status|p2a: Swampert|tox
|move|p2a: Swampert|Ice Beam|p1a: Zapdos
|-supereffective|p1a: Zapdos
|-damage|p1a: Zapdos|32/100
|
|-weather|Sandstorm|[upkeep]
|-damage|p1a: Zapdos|26/100|[from] Sandstorm
|-heal|p1a: Zapdos|32/100|[from] item: Leftovers
|-heal|p2a: Swampert|84/100 tox|[from] item: Leftovers
|-damage|p2a: Swampert|78/100 tox|[from] psn
|upkeep
|turn|39
|
|t:|1728601726
|move|p1a: Zapdos|Hidden Power|p2a: Swampert
|-damage|p2a: Swampert|58/100 tox
|move|p2a: Swampert|Ice Beam|p1a: Zapdos
|-supereffective|p1a: Zapdos
|-damage|p1a: Zapdos|0 fnt
|faint|p1a: Zapdos
|
|win|ylisseanstarlight
|c|☆ylisseanstarlight|GG
|player|p2|

</script>
<script type="application/json" class="data" id="replaydata-smogtours-gen3ou-797067">
{"id":"smogtours-gen3ou-797067","format":"[Gen 3] OU","players":["ProfessorKid","ylisseanstarlight"],"uploadtime":1728601726,"views":105,"formatid":"gen3ou","rating":null,"private":0,"password":null}
</script>

<script defer src="js/replays.js?9d40a366"></script>
