<!DOCTYPE html>
<meta charset="utf-8" />
<meta name="viewport" content="width=device-width" />

<title>[Gen 3] OU: myranksux vs. Hummusfan - Replays - Pok&eacute;mon Showdown!</title>

<meta name="description" content="Watch a replay of a Pok&eacute;mon battle between myranksux and Hummusfan! Format: [Gen 3] OU; Date: Oct 9, 2024" />
<!--

Hey, you! Looking in the source for the replay log?

You can find them in JSON format, just add `.json` at the end of a replay URL.

https://replay.pokemonshowdown.com/gen7randomdoublesbattle-865046831.json

Or, if you only need the log itself, add `.log` instead:

https://replay.pokemonshowdown.com/gen7randomdoublesbattle-865046831.log

-->

<link rel="stylesheet" href="//pokemonshowdown.com/style/global.css?0.767286132409787" />
<link rel="stylesheet" href="//play.pokemonshowdown.com/style/font-awesome.css?0.9266228007934947" />
<link rel="stylesheet" href="//play.pokemonshowdown.com/style/battle.css?0.7924700842790926" />
<link rel="stylesheet" href="//play.pokemonshowdown.com/style/utilichart.css?0.8777417872839479" />

<!-- Global site tag (gtag.js) - Google Analytics -->
<script async src="https://www.googletagmanager.com/gtag/js?id=UA-26211653-1"></script>
<script>
  window.dataLayer = window.dataLayer || [];
  function gtag(){dataLayer.push(arguments);}
  gtag('js', new Date());

  gtag('config', 'UA-26211653-1');
</script>
<!-- End Google Analytics -->
<!-- Venatus Ad Manager - Install in <HEAD> of page -->
	<script src="https://hb.vntsm.com/v3/live/ad-manager.min.js" type="text/javascript" data-site-id="642aba63ec9a7b11c3c9c1be" data-mode="scan" async></script>
<!-- / Venatus Ad Manager -->

<style>
	@media (max-width:820px) {
		.battle {
			margin: 0 auto;
		}
		.battle-log {
			margin: 7px auto 0;
			max-width: 640px;
			height: 300px;
			position: static;
		}
	}
	.optgroup {
		display: inline-block;
		line-height: 22px;
		font-size: 10pt;
	}
	.optgroup .button {
		height: 25px;
		padding-top: 0;
		padding-bottom: 0;
	}
	.optgroup button.button {
		padding-left: 12px;
		padding-right: 12px;
	}
	.linklist {
		list-style: none;
		margin: 0.5em 0;
		padding: 0;
	}
	.linklist li {
		padding: 2px 0;
	}
	.sidebar {
		float: left;
		width: 320px;
	}
	.bar-wrapper {
		max-width: 1100px;
		margin: 0 auto;
	}
	.bar-wrapper.has-sidebar {
		max-width: 1430px;
	}
	.mainbar {
		margin: 0;
		padding-right: 1px;
	}
	.mainbar.has-sidebar {
		margin-left: 330px;
	}
	@media (min-width: 1511px) {
		.sidebar {
			width: 400px;
		}
		.bar-wrapper.has-sidebar {
			max-width: 1510px;
		}
		.mainbar.has-sidebar {
			margin-left: 410px;
		}
	}
	.section.first-section {
		margin-top: 9px;
	}
	.blocklink small {
		white-space: normal;
	}
	.button {
		vertical-align: middle;
	}
	.replay-controls {
		padding-top: 10px;
	}
	.replay-controls h1 {
		font-size: 16pt;
		font-weight: normal;
		color: #CCC;
	}
	.pagelink {
		text-align: center;
	}
	.pagelink a {
		width: 150px;
	}
	.textbox, .button {
		font-size: 11pt;
		vertical-align: middle;
	}
	@media (max-width: 450px) {
		.button {
			font-size: 9pt;
		}
	}
</style>

<div>

	<header>
		<div class="nav-wrapper"><ul class="nav">
			<li><a class="button nav-first" href="//pokemonshowdown.com/"><img src="//pokemonshowdown.com/images/pokemonshowdownbeta.png" srcset="//pokemonshowdown.com/images/pokemonshowdownbeta.png 1x, //pokemonshowdown.com/images/pokemonshowdownbeta@2x.png 2x" alt="Pok&eacute;mon Showdown" width="146" height="44" /> Home</a></li>
			<li><a class="button" href="//pokemonshowdown.com/dex/">Pok&eacute;dex</a></li>
			<li><a class="button cur" href="/">Replays</a></li>
			<li><a class="button" href="//pokemonshowdown.com/ladder/">Ladder</a></li>
			<li><a class="button nav-last" href="//pokemonshowdown.com/forums/">Forum</a></li>
			<li><a class="button greenbutton nav-first nav-last" href="//play.pokemonshowdown.com/">Play</a></li>
		</ul></div>
	</header>

	<div class="main" id="main">

		<noscript><section class="section">You need to enable JavaScript to use this page; sorry!</section></noscript>

	</div>

</div>

<script defer nomodule src="//play.pokemonshowdown.com/js/lib/ps-polyfill.js"></script>
<script defer src="//play.pokemonshowdown.com/js/lib/preact.min.js"></script>

<script defer src="//play.pokemonshowdown.com/config/config.js?6dec07f6"></script>
<script defer src="//play.pokemonshowdown.com/js/lib/jquery-1.11.0.min.js"></script>
<script defer src="//play.pokemonshowdown.com/js/lib/html-sanitizer-minified.js"></script>
<script defer src="//play.pokemonshowdown.com/js/battle-sound.js"></script>
<script defer src="//play.pokemonshowdown.com/js/battledata.js?0.6315294753075389"></script>
<script defer src="//play.pokemonshowdown.com/data/pokedex-mini.js?0.7603743185311358"></script>
<script defer src="//play.pokemonshowdown.com/data/pokedex-mini-bw.js?0.030888842834281283"></script>
<script defer src="//play.pokemonshowdown.com/data/graphics.js?0.05593094747507488"></script>
<script defer src="//play.pokemonshowdown.com/data/pokedex.js?0.47064822249611904"></script>
<script defer src="//play.pokemonshowdown.com/data/moves.js?0.8583693120512459"></script>
<script defer src="//play.pokemonshowdown.com/data/abilities.js?0.16017181182386842"></script>
<script defer src="//play.pokemonshowdown.com/data/items.js?0.4163379185673943"></script>
<script defer src="//play.pokemonshowdown.com/data/teambuilder-tables.js?0.31075597372830477"></script>
<script defer src="//play.pokemonshowdown.com/js/battle-tooltips.js?0.6536193500708172"></script>
<script defer src="//play.pokemonshowdown.com/js/battle.js?0.1916591943277901"></script>

<script defer src="js/utils.js?e31f9a17"></script>
<script defer src="js/replays-battle.js?7008c182"></script>

<!-- don't scrape this data! just add .json or .log after the URL!
Full API docs: https://github.com/smogon/pokemon-showdown-client/blob/master/WEB-API.md -->
<script type="text/plain" class="log" id="replaylog-smogtours-gen3ou-796787">
|inactive|Battle timer is ON: inactive players will automatically lose when time's up.
|t:|1728512216
|gametype|singles
|player|p1|myranksux|265|
|player|p2|Hummusfan|265|
|teamsize|p1|6
|teamsize|p2|6
|gen|3
|tier|[Gen 3] OU
|rule|Sleep Clause Mod: Limit one foe put to sleep
|rule|Switch Priority Clause Mod: Faster Pokémon switch first
|rule|Species Clause: Limit one of each Pokémon
|rule|OHKO Clause: OHKO moves are banned
|rule|Evasion Items Clause: Evasion items are banned
|rule|Evasion Moves Clause: Evasion moves are banned
|rule|Endless Battle Clause: Forcing endless battles is banned
|rule|HP Percentage Mod: HP is shown in percentages
|rule|One Boost Passer Clause: Limit one Baton Passer that has a way to boost its stats
|rule|Freeze Clause Mod: Limit one foe frozen
|
|t:|1728512216
|start
|switch|p1a: Smeargle|Smeargle, F|100/100
|switch|p2a: Dagon Drance|Salamence, M|100/100
|-ability|p2a: Dagon Drance|Intimidate|boost
|-unboost|p1a: Smeargle|atk|1
|turn|1
|
|t:|1728512236
|switch|p1a: Claydol|Claydol|100/100
|move|p2a: Dagon Drance|Brick Break|p1a: Claydol
|-resisted|p1a: Claydol
|-damage|p1a: Claydol|80/100
|
|-heal|p1a: Claydol|86/100|[from] item: Leftovers
|upkeep
|turn|2
|
|t:|1728512247
|switch|p2a: Pice Unch|Jirachi|100/100
|move|p1a: Claydol|Psychic|p2a: Pice Unch
|-resisted|p2a: Pice Unch
|-damage|p2a: Pice Unch|96/100
|
|-heal|p2a: Pice Unch|100/100|[from] item: Leftovers
|-heal|p1a: Claydol|92/100|[from] item: Leftovers
|upkeep
|turn|3
|
|t:|1728512261
|switch|p2a: Plexosion|Claydol|100/100
|move|p1a: Claydol|Earthquake|p2a: Plexosion
|-immune|p2a: Plexosion
|
|-heal|p1a: Claydol|98/100|[from] item: Leftovers
|upkeep
|turn|4
|
|t:|1728512278
|switch|p1a: Smeargle|Smeargle, F|100/100
|move|p2a: Plexosion|Shadow Ball|p1a: Smeargle
|-immune|p1a: Smeargle
|
|upkeep
|turn|5
|
|t:|1728512288
|move|p1a: Smeargle|Spore|p2a: Plexosion
|-status|p2a: Plexosion|slp|[from] move: Spore
|cant|p2a: Plexosion|slp
|
|upkeep
|turn|6
|
|t:|1728512297
|switch|p2a: Dagon Drance|Salamence, M|100/100
|-ability|p2a: Dagon Drance|Intimidate|boost
|-unboost|p1a: Smeargle|atk|1
|move|p1a: Smeargle|Spikes|p2a: Dagon Drance
|-sidestart|p2: Hummusfan|Spikes
|
|upkeep
|turn|7
|
|t:|1728512305
|move|p2a: Dagon Drance|Hidden Power|p1a: Smeargle
|-damage|p1a: Smeargle|0 fnt
|faint|p1a: Smeargle
|
|t:|1728512315
|switch|p1a: Claydol|Claydol|98/100
|
|-heal|p1a: Claydol|100/100|[from] item: Leftovers
|upkeep
|turn|8
|inactive|Hummusfan has 270 seconds left.
|
|t:|1728512347
|switch|p1a: Milotic|Milotic, F|100/100
|move|p2a: Dagon Drance|Hidden Power|p1a: Milotic
|-damage|p1a: Milotic|58/100
|
|-heal|p1a: Milotic|64/100|[from] item: Leftovers
|upkeep
|turn|9
|inactive|Hummusfan has 270 seconds left.
|
|t:|1728512368
|switch|p2a: Pice Unch|Jirachi|100/100
|-damage|p2a: Pice Unch|88/100|[from] Spikes
|move|p1a: Milotic|Recover|p1a: Milotic
|-heal|p1a: Milotic|100/100
|
|-heal|p2a: Pice Unch|94/100|[from] item: Leftovers
|upkeep
|turn|10
|
|t:|1728512383
|switch|p1a: Tyranitar|Tyranitar, M|100/100
|-weather|Sandstorm|[from] ability: Sand Stream|[of] p1a: Tyranitar
|move|p2a: Pice Unch|Toxic|p1a: Tyranitar
|-status|p1a: Tyranitar|tox
|-enditem|p1a: Tyranitar|Lum Berry|[eat]
|-curestatus|p1a: Tyranitar|tox|[msg]
|
|-weather|Sandstorm|[upkeep]
|-heal|p2a: Pice Unch|100/100|[from] item: Leftovers
|upkeep
|turn|11
|inactive|Hummusfan has 270 seconds left.
|
|t:|1728512407
|switch|p1a: Celebi|Celebi|100/100
|move|p2a: Pice Unch|Toxic|p1a: Celebi
|-status|p1a: Celebi|tox
|
|-weather|Sandstorm|[upkeep]
|-damage|p1a: Celebi|94/100 tox|[from] Sandstorm
|-heal|p1a: Celebi|100/100 tox|[from] item: Leftovers
|-damage|p1a: Celebi|94/100 tox|[from] psn
|upkeep
|turn|12
|inactive|Hummusfan has 240 seconds left.
|inactive|Hummusfan has 210 seconds left.
|
|t:|1728512470
|switch|p2a: Dagon Drance|Salamence, M|100/100
|-ability|p2a: Dagon Drance|Intimidate|boost
|-unboost|p1a: Celebi|atk|1
|move|p1a: Celebi|Leech Seed|p2a: Dagon Drance
|-start|p2a: Dagon Drance|move: Leech Seed
|
|-weather|Sandstorm|[upkeep]
|-damage|p2a: Dagon Drance|94/100|[from] Sandstorm
|-damage|p1a: Celebi|88/100 tox|[from] Sandstorm
|-damage|p2a: Dagon Drance|82/100|[from] Leech Seed|[of] p1a: Celebi
|-heal|p1a: Celebi|99/100 tox|[silent]
|-heal|p1a: Celebi|100/100 tox|[from] item: Leftovers
|-damage|p1a: Celebi|88/100 tox|[from] psn
|upkeep
|turn|13
|inactive|Hummusfan has 210 seconds left.
|
|t:|1728512501
|-curestatus|p1a: Celebi|tox|[from] ability: Natural Cure
|switch|p1a: Milotic|Milotic, F|100/100
|move|p2a: Dagon Drance|Brick Break|p1a: Milotic
|-crit|p1a: Milotic
|-damage|p1a: Milotic|37/100
|
|-weather|Sandstorm|[upkeep]
|-damage|p2a: Dagon Drance|76/100|[from] Sandstorm
|-damage|p1a: Milotic|31/100|[from] Sandstorm
|-damage|p2a: Dagon Drance|64/100|[from] Leech Seed|[of] p1a: Milotic
|-heal|p1a: Milotic|41/100|[silent]
|-heal|p1a: Milotic|47/100|[from] item: Leftovers
|upkeep
|turn|14
|inactive|Hummusfan has 180 seconds left.
|
|t:|1728512534
|switch|p2a: Pice Unch|Jirachi|100/100
|-damage|p2a: Pice Unch|88/100|[from] Spikes
|move|p1a: Milotic|Recover|p1a: Milotic
|-heal|p1a: Milotic|97/100
|
|-weather|Sandstorm|[upkeep]
|-damage|p1a: Milotic|91/100|[from] Sandstorm
|-heal|p2a: Pice Unch|94/100|[from] item: Leftovers
|-heal|p1a: Milotic|97/100|[from] item: Leftovers
|upkeep
|turn|15
|inactive|Hummusfan has 180 seconds left.
|
|t:|1728512556
|switch|p1a: Celebi|Celebi|88/100
|move|p2a: Pice Unch|Toxic|p1a: Celebi
|-status|p1a: Celebi|tox
|
|-weather|Sandstorm|[upkeep]
|-damage|p1a: Celebi|82/100 tox|[from] Sandstorm
|-heal|p1a: Celebi|88/100 tox|[from] item: Leftovers
|-damage|p1a: Celebi|82/100 tox|[from] psn
|-heal|p2a: Pice Unch|100/100|[from] item: Leftovers
|upkeep
|turn|16
|
|t:|1728512576
|move|p1a: Celebi|Leech Seed|p2a: Pice Unch
|-start|p2a: Pice Unch|move: Leech Seed
|move|p2a: Pice Unch|Wish|p2a: Pice Unch
|
|-weather|Sandstorm|[upkeep]
|-damage|p1a: Celebi|76/100 tox|[from] Sandstorm
|-heal|p1a: Celebi|82/100 tox|[from] item: Leftovers
|-damage|p1a: Celebi|70/100 tox|[from] psn
|-damage|p2a: Pice Unch|88/100|[from] Leech Seed|[of] p1a: Celebi
|-heal|p1a: Celebi|84/100 tox|[silent]
|upkeep
|turn|17
|inactive|Hummusfan has 180 seconds left.
|
|t:|1728512601
|-curestatus|p1a: Celebi|tox|[from] ability: Natural Cure
|switch|p1a: Gengar|Gengar, M|100/100
|switch|p2a: Dagon Drance|Salamence, M|64/100
|-ability|p2a: Dagon Drance|Intimidate|boost
|-unboost|p1a: Gengar|atk|1
|
|-heal|p2a: Dagon Drance|100/100|[from] move: Wish|[wisher] Pice Unch
|-weather|Sandstorm|[upkeep]
|-damage|p1a: Gengar|94/100|[from] Sandstorm
|-damage|p2a: Dagon Drance|94/100|[from] Sandstorm
|-heal|p1a: Gengar|100/100|[from] item: Leftovers
|upkeep
|turn|18
|
|t:|1728512616
|switch|p2a: Boft-Soiled|Blissey, F|100/100
|-damage|p2a: Boft-Soiled|88/100|[from] Spikes
|move|p1a: Gengar|Ice Punch|p2a: Boft-Soiled
|-damage|p2a: Boft-Soiled|78/100
|
|-weather|Sandstorm|[upkeep]
|-damage|p1a: Gengar|94/100|[from] Sandstorm
|-damage|p2a: Boft-Soiled|71/100|[from] Sandstorm
|-heal|p1a: Gengar|100/100|[from] item: Leftovers
|-heal|p2a: Boft-Soiled|78/100|[from] item: Leftovers
|upkeep
|turn|19
|
|t:|1728512632
|switch|p1a: Celebi|Celebi|84/100
|move|p2a: Boft-Soiled|Aromatherapy|p2a: Boft-Soiled
|-cureteam|p2a: Boft-Soiled|[from] move: Aromatherapy
|
|-weather|Sandstorm|[upkeep]
|-damage|p1a: Celebi|78/100|[from] Sandstorm
|-damage|p2a: Boft-Soiled|71/100|[from] Sandstorm
|-heal|p1a: Celebi|84/100|[from] item: Leftovers
|-heal|p2a: Boft-Soiled|78/100|[from] item: Leftovers
|upkeep
|turn|20
|inactive|Hummusfan has 150 seconds left.
|
|t:|1728512653
|switch|p2a: Dagon Drance|Salamence, M|94/100
|-ability|p2a: Dagon Drance|Intimidate|boost
|-unboost|p1a: Celebi|atk|1
|move|p1a: Celebi|Leech Seed|p2a: Dagon Drance
|-start|p2a: Dagon Drance|move: Leech Seed
|
|-weather|Sandstorm|[upkeep]
|-damage|p2a: Dagon Drance|88/100|[from] Sandstorm
|-damage|p1a: Celebi|78/100|[from] Sandstorm
|-damage|p2a: Dagon Drance|76/100|[from] Leech Seed|[of] p1a: Celebi
|-heal|p1a: Celebi|90/100|[silent]
|-heal|p1a: Celebi|96/100|[from] item: Leftovers
|upkeep
|turn|21
|inactive|Hummusfan has 150 seconds left.
|inactive|myranksux has 270 seconds left.
|
|t:|1728512679
|switch|p2a: Pice Unch|Jirachi|88/100
|-damage|p2a: Pice Unch|76/100|[from] Spikes
|switch|p1a: Milotic|Milotic, F|97/100
|
|-weather|Sandstorm|[upkeep]
|-damage|p1a: Milotic|91/100|[from] Sandstorm
|-heal|p2a: Pice Unch|82/100|[from] item: Leftovers
|-heal|p1a: Milotic|97/100|[from] item: Leftovers
|upkeep
|turn|22
|inactive|Hummusfan has 150 seconds left.
|
|t:|1728512690
|move|p2a: Pice Unch|Thunder|p1a: Milotic|[miss]
|-miss|p2a: Pice Unch|p1a: Milotic
|move|p1a: Milotic|Surf|p2a: Pice Unch
|-damage|p2a: Pice Unch|53/100
|
|-weather|Sandstorm|[upkeep]
|-damage|p1a: Milotic|91/100|[from] Sandstorm
|-heal|p2a: Pice Unch|60/100|[from] item: Leftovers
|-heal|p1a: Milotic|97/100|[from] item: Leftovers
|upkeep
|turn|23
|
|t:|1728512699
|switch|p1a: Celebi|Celebi|96/100
|move|p2a: Pice Unch|Wish|p2a: Pice Unch
|
|-weather|Sandstorm|[upkeep]
|-damage|p1a: Celebi|90/100|[from] Sandstorm
|-heal|p1a: Celebi|96/100|[from] item: Leftovers
|-heal|p2a: Pice Unch|66/100|[from] item: Leftovers
|upkeep
|turn|24
|
|t:|1728512709
|move|p1a: Celebi|Leech Seed|p2a: Pice Unch|[miss]
|-miss|p1a: Celebi|p2a: Pice Unch
|move|p2a: Pice Unch|Toxic|p1a: Celebi
|-status|p1a: Celebi|tox
|
|-heal|p2a: Pice Unch|100/100|[from] move: Wish|[wisher] Pice Unch
|-weather|Sandstorm|[upkeep]
|-damage|p1a: Celebi|90/100 tox|[from] Sandstorm
|-heal|p1a: Celebi|96/100 tox|[from] item: Leftovers
|-damage|p1a: Celebi|90/100 tox|[from] psn
|upkeep
|turn|25
|inactive|Hummusfan has 150 seconds left.
|inactive|myranksux has 270 seconds left.
|
|t:|1728512765
|move|p1a: Celebi|Leech Seed|p2a: Pice Unch|[miss]
|-miss|p1a: Celebi|p2a: Pice Unch
|move|p2a: Pice Unch|Wish|p2a: Pice Unch
|
|-weather|Sandstorm|[upkeep]
|-damage|p1a: Celebi|84/100 tox|[from] Sandstorm
|-heal|p1a: Celebi|90/100 tox|[from] item: Leftovers
|-damage|p1a: Celebi|78/100 tox|[from] psn
|upkeep
|turn|26
|
|t:|1728512771
|switch|p2a: Dagon Drance|Salamence, M|76/100
|-ability|p2a: Dagon Drance|Intimidate|boost
|-unboost|p1a: Celebi|atk|1
|move|p1a: Celebi|Leech Seed|p2a: Dagon Drance
|-start|p2a: Dagon Drance|move: Leech Seed
|
|-heal|p2a: Dagon Drance|100/100|[from] move: Wish|[wisher] Pice Unch
|-weather|Sandstorm|[upkeep]
|-damage|p2a: Dagon Drance|94/100|[from] Sandstorm
|-damage|p1a: Celebi|72/100 tox|[from] Sandstorm
|-damage|p2a: Dagon Drance|82/100|[from] Leech Seed|[of] p1a: Celebi
|-heal|p1a: Celebi|84/100 tox|[silent]
|-heal|p1a: Celebi|90/100 tox|[from] item: Leftovers
|-damage|p1a: Celebi|71/100 tox|[from] psn
|upkeep
|turn|27
|inactive|Hummusfan has 150 seconds left.
|
|t:|1728512790
|switch|p2a: Pice Unch|Jirachi|100/100
|-damage|p2a: Pice Unch|88/100|[from] Spikes
|-curestatus|p1a: Celebi|tox|[from] ability: Natural Cure
|switch|p1a: Milotic|Milotic, F|97/100
|
|-weather|Sandstorm|[upkeep]
|-damage|p1a: Milotic|91/100|[from] Sandstorm
|-heal|p2a: Pice Unch|94/100|[from] item: Leftovers
|-heal|p1a: Milotic|97/100|[from] item: Leftovers
|upkeep
|turn|28
|inactive|myranksux has 270 seconds left.
|
|t:|1728512798
|move|p2a: Pice Unch|Thunder|p1a: Milotic
|-supereffective|p1a: Milotic
|-damage|p1a: Milotic|59/100
|-status|p1a: Milotic|par
|move|p1a: Milotic|Surf|p2a: Pice Unch
|-damage|p2a: Pice Unch|68/100
|
|-weather|Sandstorm|[upkeep]
|-damage|p1a: Milotic|53/100 par|[from] Sandstorm
|-heal|p2a: Pice Unch|74/100|[from] item: Leftovers
|-heal|p1a: Milotic|59/100 par|[from] item: Leftovers
|upkeep
|turn|29
|inactive|Hummusfan has 150 seconds left.
|
|t:|1728512823
|switch|p1a: Celebi|Celebi|71/100
|move|p2a: Pice Unch|Thunder|p1a: Celebi
|-resisted|p1a: Celebi
|-damage|p1a: Celebi|58/100
|-status|p1a: Celebi|par
|
|-weather|Sandstorm|[upkeep]
|-damage|p1a: Celebi|52/100 par|[from] Sandstorm
|-heal|p2a: Pice Unch|81/100|[from] item: Leftovers
|-heal|p1a: Celebi|58/100 par|[from] item: Leftovers
|upkeep
|turn|30
|
|t:|1728512832
|switch|p2a: Dagon Drance|Salamence, M|82/100
|-ability|p2a: Dagon Drance|Intimidate|boost
|-unboost|p1a: Celebi|atk|1
|move|p1a: Celebi|Leech Seed|p2a: Dagon Drance
|-start|p2a: Dagon Drance|move: Leech Seed
|
|-weather|Sandstorm|[upkeep]
|-damage|p2a: Dagon Drance|76/100|[from] Sandstorm
|-damage|p1a: Celebi|52/100 par|[from] Sandstorm
|-damage|p2a: Dagon Drance|64/100|[from] Leech Seed|[of] p1a: Celebi
|-heal|p1a: Celebi|64/100 par|[silent]
|-heal|p1a: Celebi|70/100 par|[from] item: Leftovers
|upkeep
|turn|31
|
|t:|1728512845
|switch|p2a: Pice Unch|Jirachi|81/100
|-damage|p2a: Pice Unch|68/100|[from] Spikes
|-curestatus|p1a: Celebi|par|[from] ability: Natural Cure
|switch|p1a: Milotic|Milotic, F|59/100 par
|
|-weather|Sandstorm|[upkeep]
|-damage|p1a: Milotic|53/100 par|[from] Sandstorm
|-heal|p2a: Pice Unch|74/100|[from] item: Leftovers
|-heal|p1a: Milotic|59/100 par|[from] item: Leftovers
|upkeep
|turn|32
|
|t:|1728512855
|switch|p1a: Claydol|Claydol|100/100
|move|p2a: Pice Unch|Thunder|p1a: Claydol
|-immune|p1a: Claydol
|
|-weather|Sandstorm|[upkeep]
|-heal|p2a: Pice Unch|81/100|[from] item: Leftovers
|upkeep
|turn|33
|
|t:|1728512864
|move|p2a: Pice Unch|Wish|p2a: Pice Unch
|move|p1a: Claydol|Psychic|p2a: Pice Unch
|-resisted|p2a: Pice Unch
|-damage|p2a: Pice Unch|76/100
|
|-weather|Sandstorm|[upkeep]
|-heal|p2a: Pice Unch|83/100|[from] item: Leftovers
|upkeep
|turn|34
|inactive|Hummusfan has 150 seconds left.
|
|t:|1728512875
|switch|p2a: Dagon Drance|Salamence, M|64/100
|-ability|p2a: Dagon Drance|Intimidate|boost
|-unboost|p1a: Claydol|atk|1
|move|p1a: Claydol|Psychic|p2a: Dagon Drance
|-damage|p2a: Dagon Drance|35/100
|
|-heal|p2a: Dagon Drance|84/100|[from] move: Wish|[wisher] Pice Unch
|-weather|Sandstorm|[upkeep]
|-damage|p2a: Dagon Drance|78/100|[from] Sandstorm
|upkeep
|turn|35
|inactive|Hummusfan has 150 seconds left.
|
|t:|1728512891
|switch|p2a: Pice Unch|Jirachi|83/100
|-damage|p2a: Pice Unch|70/100|[from] Spikes
|switch|p1a: Milotic|Milotic, F|59/100 par
|
|-weather|Sandstorm|[upkeep]
|-damage|p1a: Milotic|53/100 par|[from] Sandstorm
|-heal|p2a: Pice Unch|76/100|[from] item: Leftovers
|-heal|p1a: Milotic|59/100 par|[from] item: Leftovers
|upkeep
|turn|36
|
|t:|1728512901
|move|p2a: Pice Unch|Toxic||[still]
|-fail|p2a: Pice Unch
|cant|p1a: Milotic|par
|
|-weather|Sandstorm|[upkeep]
|-damage|p1a: Milotic|53/100 par|[from] Sandstorm
|-heal|p2a: Pice Unch|83/100|[from] item: Leftovers
|-heal|p1a: Milotic|59/100 par|[from] item: Leftovers
|upkeep
|turn|37
|
|t:|1728512915
|switch|p2a: Boft-Soiled|Blissey, F|78/100
|-damage|p2a: Boft-Soiled|65/100|[from] Spikes
|move|p1a: Milotic|Recover|p1a: Milotic
|-heal|p1a: Milotic|100/100 par
|
|-weather|Sandstorm|[upkeep]
|-damage|p2a: Boft-Soiled|59/100|[from] Sandstorm
|-damage|p1a: Milotic|94/100 par|[from] Sandstorm
|-heal|p2a: Boft-Soiled|65/100|[from] item: Leftovers
|-heal|p1a: Milotic|100/100 par|[from] item: Leftovers
|upkeep
|turn|38
|
|t:|1728512925
|move|p2a: Boft-Soiled|Soft-Boiled|p2a: Boft-Soiled
|-heal|p2a: Boft-Soiled|100/100
|move|p1a: Milotic|Refresh|p1a: Milotic
|-curestatus|p1a: Milotic|par|[msg]
|
|-weather|Sandstorm|[upkeep]
|-damage|p1a: Milotic|94/100|[from] Sandstorm
|-damage|p2a: Boft-Soiled|94/100|[from] Sandstorm
|-heal|p1a: Milotic|100/100|[from] item: Leftovers
|-heal|p2a: Boft-Soiled|100/100|[from] item: Leftovers
|upkeep
|turn|39
|inactive|Hummusfan has 150 seconds left.
|
|t:|1728512935
|move|p1a: Milotic|Toxic|p2a: Boft-Soiled
|-status|p2a: Boft-Soiled|tox
|move|p2a: Boft-Soiled|Thunder|p1a: Milotic
|-supereffective|p1a: Milotic
|-damage|p1a: Milotic|54/100
|-status|p1a: Milotic|par
|
|-weather|Sandstorm|[upkeep]
|-damage|p2a: Boft-Soiled|94/100 tox|[from] Sandstorm
|-damage|p1a: Milotic|48/100 par|[from] Sandstorm
|-heal|p2a: Boft-Soiled|100/100 tox|[from] item: Leftovers
|-damage|p2a: Boft-Soiled|94/100 tox|[from] psn
|-heal|p1a: Milotic|54/100 par|[from] item: Leftovers
|upkeep
|turn|40
|inactive|Hummusfan has 150 seconds left.
|
|t:|1728512951
|switch|p2a: Pocus Funch|Hariyama, M|100/100
|-damage|p2a: Pocus Funch|88/100|[from] Spikes
|move|p1a: Milotic|Recover|p1a: Milotic
|-heal|p1a: Milotic|100/100 par
|
|-weather|Sandstorm|[upkeep]
|-damage|p2a: Pocus Funch|82/100|[from] Sandstorm
|-damage|p1a: Milotic|94/100 par|[from] Sandstorm
|-heal|p2a: Pocus Funch|88/100|[from] item: Leftovers
|-heal|p1a: Milotic|100/100 par|[from] item: Leftovers
|upkeep
|turn|41
|
|t:|1728512958
|move|p2a: Pocus Funch|Knock Off|p1a: Milotic
|-damage|p1a: Milotic|99/100 par
|-enditem|p1a: Milotic|Leftovers|[from] move: Knock Off|[of] p2a: Pocus Funch
|-hint|In Gens 3-4, Knock Off only makes the target's item unusable; it cannot obtain a new item.
|move|p1a: Milotic|Surf|p2a: Pocus Funch
|-damage|p2a: Pocus Funch|59/100
|
|-weather|Sandstorm|[upkeep]
|-damage|p2a: Pocus Funch|53/100|[from] Sandstorm
|-damage|p1a: Milotic|93/100 par|[from] Sandstorm
|-heal|p2a: Pocus Funch|59/100|[from] item: Leftovers
|upkeep
|turn|42
|inactive|Hummusfan has 150 seconds left.
|
|t:|1728512981
|switch|p2a: Boft-Soiled|Blissey, F|94/100 tox
|-damage|p2a: Boft-Soiled|82/100 tox|[from] Spikes
|move|p1a: Milotic|Surf|p2a: Boft-Soiled
|-damage|p2a: Boft-Soiled|69/100 tox
|
|-weather|Sandstorm|[upkeep]
|-damage|p2a: Boft-Soiled|63/100 tox|[from] Sandstorm
|-damage|p1a: Milotic|87/100 par|[from] Sandstorm
|-heal|p2a: Boft-Soiled|69/100 tox|[from] item: Leftovers
|-damage|p2a: Boft-Soiled|63/100 tox|[from] psn
|upkeep
|turn|43
|
|t:|1728512997
|switch|p1a: Claydol|Claydol|100/100
|move|p2a: Boft-Soiled|Thunder|p1a: Claydol
|-immune|p1a: Claydol
|
|-weather|Sandstorm|[upkeep]
|-damage|p2a: Boft-Soiled|56/100 tox|[from] Sandstorm
|-heal|p2a: Boft-Soiled|63/100 tox|[from] item: Leftovers
|-damage|p2a: Boft-Soiled|50/100 tox|[from] psn
|upkeep
|turn|44
|
|t:|1728513018
|move|p1a: Claydol|Earthquake|p2a: Boft-Soiled
|-damage|p2a: Boft-Soiled|13/100 tox
|move|p2a: Boft-Soiled|Soft-Boiled|p2a: Boft-Soiled
|-heal|p2a: Boft-Soiled|63/100 tox
|
|-weather|Sandstorm|[upkeep]
|-damage|p2a: Boft-Soiled|56/100 tox|[from] Sandstorm
|-heal|p2a: Boft-Soiled|63/100 tox|[from] item: Leftovers
|-damage|p2a: Boft-Soiled|44/100 tox|[from] psn
|upkeep
|turn|45
|
|t:|1728513030
|switch|p2a: Plexosion|Claydol|100/100
|move|p1a: Claydol|Earthquake|p2a: Plexosion
|-immune|p2a: Plexosion
|
|-weather|Sandstorm|[upkeep]
|upkeep
|turn|46
|
|t:|1728513041
|switch|p1a: Gengar|Gengar, M|100/100
|move|p2a: Plexosion|Rapid Spin|p1a: Gengar
|-immune|p1a: Gengar
|
|-weather|Sandstorm|[upkeep]
|-damage|p1a: Gengar|94/100|[from] Sandstorm
|-heal|p1a: Gengar|100/100|[from] item: Leftovers
|upkeep
|turn|47
|
|t:|1728513053
|move|p1a: Gengar|Ice Punch|p2a: Plexosion
|-supereffective|p2a: Plexosion
|-damage|p2a: Plexosion|44/100
|-status|p2a: Plexosion|frz
|cant|p2a: Plexosion|frz
|
|-weather|Sandstorm|[upkeep]
|-damage|p1a: Gengar|94/100|[from] Sandstorm
|-heal|p1a: Gengar|100/100|[from] item: Leftovers
|-heal|p2a: Plexosion|50/100 frz|[from] item: Leftovers
|upkeep
|turn|48
|c|☆myranksux|mb
|
|t:|1728513068
|switch|p2a: Pice Unch|Jirachi|83/100
|-damage|p2a: Pice Unch|70/100|[from] Spikes
|move|p1a: Gengar|Ice Punch|p2a: Pice Unch
|-resisted|p2a: Pice Unch
|-damage|p2a: Pice Unch|60/100
|
|-weather|Sandstorm|[upkeep]
|-damage|p1a: Gengar|94/100|[from] Sandstorm
|-heal|p1a: Gengar|100/100|[from] item: Leftovers
|-heal|p2a: Pice Unch|66/100|[from] item: Leftovers
|upkeep
|turn|49
|
|t:|1728513081
|switch|p1a: Claydol|Claydol|100/100
|move|p2a: Pice Unch|Wish|p2a: Pice Unch
|
|-weather|Sandstorm|[upkeep]
|-heal|p2a: Pice Unch|72/100|[from] item: Leftovers
|upkeep
|turn|50
|inactive|Hummusfan has 120 seconds left.
|
|t:|1728513124
|move|p2a: Pice Unch|Toxic|p1a: Claydol
|-status|p1a: Claydol|tox
|move|p1a: Claydol|Earthquake|p2a: Pice Unch
|-supereffective|p2a: Pice Unch
|-damage|p2a: Pice Unch|25/100
|
|-heal|p2a: Pice Unch|74/100|[from] move: Wish|[wisher] Pice Unch
|-weather|Sandstorm|[upkeep]
|-heal|p2a: Pice Unch|81/100|[from] item: Leftovers
|-damage|p1a: Claydol|94/100 tox|[from] psn
|upkeep
|turn|51
|
|t:|1728513136
|switch|p2a: Dagon Drance|Salamence, M|78/100
|-ability|p2a: Dagon Drance|Intimidate|boost
|-unboost|p1a: Claydol|atk|1
|move|p1a: Claydol|Earthquake|p2a: Dagon Drance
|-immune|p2a: Dagon Drance
|
|-weather|Sandstorm|[upkeep]
|-damage|p2a: Dagon Drance|72/100|[from] Sandstorm
|-heal|p1a: Claydol|100/100 tox|[from] item: Leftovers
|-damage|p1a: Claydol|88/100 tox|[from] psn
|upkeep
|turn|52
|inactive|Hummusfan has 90 seconds left.
|
|t:|1728513152
|switch|p2a: Boft-Soiled|Blissey, F|44/100 tox
|-damage|p2a: Boft-Soiled|32/100 tox|[from] Spikes
|move|p1a: Claydol|Explosion|p2a: Boft-Soiled
|-damage|p2a: Boft-Soiled|0 fnt
|faint|p1a: Claydol
|faint|p2a: Boft-Soiled
|inactive|Hummusfan has 90 seconds left.
|
|t:|1728513175
|switch|p1a: Milotic|Milotic, F|87/100 par
|switch|p2a: Pocus Funch|Hariyama, M|59/100
|-damage|p2a: Pocus Funch|47/100|[from] Spikes
|
|-weather|Sandstorm|[upkeep]
|-damage|p2a: Pocus Funch|41/100|[from] Sandstorm
|-damage|p1a: Milotic|80/100 par|[from] Sandstorm
|-heal|p2a: Pocus Funch|47/100|[from] item: Leftovers
|upkeep
|turn|53
|
|t:|1728513184
|switch|p2a: Pice Unch|Jirachi|81/100
|-damage|p2a: Pice Unch|68/100|[from] Spikes
|move|p1a: Milotic|Surf|p2a: Pice Unch
|-damage|p2a: Pice Unch|40/100
|
|-weather|Sandstorm|[upkeep]
|-damage|p1a: Milotic|74/100 par|[from] Sandstorm
|-heal|p2a: Pice Unch|46/100|[from] item: Leftovers
|upkeep
|turn|54
|inactive|Hummusfan has 90 seconds left.
|
|t:|1728513203
|move|p2a: Pice Unch|Wish|p2a: Pice Unch
|cant|p1a: Milotic|par
|
|-weather|Sandstorm|[upkeep]
|-damage|p1a: Milotic|68/100 par|[from] Sandstorm
|-heal|p2a: Pice Unch|52/100|[from] item: Leftovers
|upkeep
|turn|55
|
|t:|1728513209
|move|p2a: Pice Unch|Thunder|p1a: Milotic
|-supereffective|p1a: Milotic
|-damage|p1a: Milotic|28/100 par
|move|p1a: Milotic|Surf|p2a: Pice Unch
|-damage|p2a: Pice Unch|25/100
|
|-heal|p2a: Pice Unch|75/100|[from] move: Wish|[wisher] Pice Unch
|-weather|Sandstorm|[upkeep]
|-damage|p1a: Milotic|22/100 par|[from] Sandstorm
|-heal|p2a: Pice Unch|81/100|[from] item: Leftovers
|upkeep
|turn|56
|
|t:|1728513217
|switch|p1a: Celebi|Celebi|70/100
|move|p2a: Pice Unch|Thunder|p1a: Celebi
|-resisted|p1a: Celebi
|-damage|p1a: Celebi|58/100
|
|-weather|Sandstorm|[upkeep]
|-damage|p1a: Celebi|52/100|[from] Sandstorm
|-heal|p1a: Celebi|58/100|[from] item: Leftovers
|-heal|p2a: Pice Unch|87/100|[from] item: Leftovers
|upkeep
|turn|57
|
|t:|1728513233
|switch|p2a: Dagon Drance|Salamence, M|72/100
|-ability|p2a: Dagon Drance|Intimidate|boost
|-unboost|p1a: Celebi|atk|1
|move|p1a: Celebi|Leech Seed|p2a: Dagon Drance
|-start|p2a: Dagon Drance|move: Leech Seed
|
|-weather|Sandstorm|[upkeep]
|-damage|p2a: Dagon Drance|66/100|[from] Sandstorm
|-damage|p1a: Celebi|52/100|[from] Sandstorm
|-damage|p2a: Dagon Drance|54/100|[from] Leech Seed|[of] p1a: Celebi
|-heal|p1a: Celebi|64/100|[silent]
|-heal|p1a: Celebi|70/100|[from] item: Leftovers
|upkeep
|turn|58
|inactive|Hummusfan has 90 seconds left.
|
|t:|1728513255
|switch|p1a: Milotic|Milotic, F|22/100 par
|move|p2a: Dagon Drance|Hidden Power|p1a: Milotic
|-damage|p1a: Milotic|0 fnt
|faint|p1a: Milotic
|
|t:|1728513260
|switch|p1a: Gengar|Gengar, M|100/100
|
|-weather|Sandstorm|[upkeep]
|-damage|p1a: Gengar|94/100|[from] Sandstorm
|-damage|p2a: Dagon Drance|48/100|[from] Sandstorm
|-heal|p1a: Gengar|100/100|[from] item: Leftovers
|-damage|p2a: Dagon Drance|36/100|[from] Leech Seed|[of] p1a: Gengar
|upkeep
|turn|59
|
|t:|1728513266
|switch|p2a: Pice Unch|Jirachi|87/100
|-damage|p2a: Pice Unch|75/100|[from] Spikes
|move|p1a: Gengar|Thunderbolt|p2a: Pice Unch
|-damage|p2a: Pice Unch|48/100
|
|-weather|Sandstorm|[upkeep]
|-damage|p1a: Gengar|94/100|[from] Sandstorm
|-heal|p1a: Gengar|100/100|[from] item: Leftovers
|-heal|p2a: Pice Unch|54/100|[from] item: Leftovers
|upkeep
|turn|60
|
|t:|1728513276
|switch|p1a: Tyranitar|Tyranitar, M|100/100
|move|p2a: Pice Unch|Wish|p2a: Pice Unch
|
|-weather|Sandstorm|[upkeep]
|-heal|p2a: Pice Unch|60/100|[from] item: Leftovers
|upkeep
|turn|61
|
|t:|1728513284
|move|p1a: Tyranitar|Dragon Dance|p1a: Tyranitar
|-boost|p1a: Tyranitar|atk|1
|-boost|p1a: Tyranitar|spe|1
|move|p2a: Pice Unch|Toxic|p1a: Tyranitar
|-status|p1a: Tyranitar|tox
|
|-heal|p2a: Pice Unch|100/100|[from] move: Wish|[wisher] Pice Unch
|-weather|Sandstorm|[upkeep]
|-damage|p1a: Tyranitar|94/100 tox|[from] psn
|upkeep
|turn|62
|
|t:|1728513294
|switch|p2a: Dagon Drance|Salamence, M|36/100
|-ability|p2a: Dagon Drance|Intimidate|boost
|-unboost|p1a: Tyranitar|atk|1
|move|p1a: Tyranitar|Dragon Dance|p1a: Tyranitar
|-boost|p1a: Tyranitar|atk|1
|-boost|p1a: Tyranitar|spe|1
|
|-weather|Sandstorm|[upkeep]
|-damage|p2a: Dagon Drance|30/100|[from] Sandstorm
|-damage|p1a: Tyranitar|82/100 tox|[from] psn
|upkeep
|turn|63
|
|t:|1728513308
|switch|p2a: Plexosion|Claydol|50/100 frz
|move|p1a: Tyranitar|Rock Slide|p2a: Plexosion
|-resisted|p2a: Plexosion
|-damage|p2a: Plexosion|15/100 frz
|
|-weather|Sandstorm|[upkeep]
|-damage|p1a: Tyranitar|64/100 tox|[from] psn
|-heal|p2a: Plexosion|21/100 frz|[from] item: Leftovers
|upkeep
|turn|64
|
|t:|1728513317
|move|p1a: Tyranitar|Hidden Power|p2a: Plexosion
|-supereffective|p2a: Plexosion
|-damage|p2a: Plexosion|0 fnt
|faint|p2a: Plexosion
|
|t:|1728513320
|switch|p2a: Dagon Drance|Salamence, M|30/100
|-ability|p2a: Dagon Drance|Intimidate|boost
|-unboost|p1a: Tyranitar|atk|1
|
|-weather|Sandstorm|[upkeep]
|-damage|p2a: Dagon Drance|23/100|[from] Sandstorm
|-damage|p1a: Tyranitar|39/100 tox|[from] psn
|upkeep
|turn|65
|inactive|Hummusfan has 120 seconds left.
|
|t:|1728513327
|switch|p2a: Pice Unch|Jirachi|100/100
|-damage|p2a: Pice Unch|88/100|[from] Spikes
|move|p1a: Tyranitar|Rock Slide|p2a: Pice Unch
|-resisted|p2a: Pice Unch
|-damage|p2a: Pice Unch|76/100
|
|-weather|Sandstorm|[upkeep]
|-damage|p1a: Tyranitar|8/100 tox|[from] psn
|-heal|p2a: Pice Unch|82/100|[from] item: Leftovers
|upkeep
|turn|66
|
|t:|1728513336
|move|p2a: Pice Unch|Protect|p2a: Pice Unch
|-singleturn|p2a: Pice Unch|Protect
|move|p1a: Tyranitar|Rock Slide|p2a: Pice Unch
|-activate|p2a: Pice Unch|Protect
|
|-weather|Sandstorm|[upkeep]
|-damage|p1a: Tyranitar|0 fnt|[from] psn
|faint|p1a: Tyranitar
|-heal|p2a: Pice Unch|89/100|[from] item: Leftovers
|upkeep
|
|t:|1728513342
|switch|p1a: Celebi|Celebi|70/100
|turn|67
|
|t:|1728513347
|move|p1a: Celebi|Leech Seed|p2a: Pice Unch
|-start|p2a: Pice Unch|move: Leech Seed
|move|p2a: Pice Unch|Toxic|p1a: Celebi
|-status|p1a: Celebi|tox
|
|-weather|Sandstorm|[upkeep]
|-damage|p1a: Celebi|64/100 tox|[from] Sandstorm
|-heal|p1a: Celebi|70/100 tox|[from] item: Leftovers
|-damage|p1a: Celebi|64/100 tox|[from] psn
|-heal|p2a: Pice Unch|95/100|[from] item: Leftovers
|-damage|p2a: Pice Unch|82/100|[from] Leech Seed|[of] p1a: Celebi
|-heal|p1a: Celebi|79/100 tox|[silent]
|upkeep
|turn|68
|
|t:|1728513353
|-curestatus|p1a: Celebi|tox|[from] ability: Natural Cure
|switch|p1a: Gengar|Gengar, M|100/100
|move|p2a: Pice Unch|Wish|p2a: Pice Unch
|
|-weather|Sandstorm|[upkeep]
|-damage|p1a: Gengar|94/100|[from] Sandstorm
|-heal|p1a: Gengar|100/100|[from] item: Leftovers
|-heal|p2a: Pice Unch|89/100|[from] item: Leftovers
|-damage|p2a: Pice Unch|76/100|[from] Leech Seed|[of] p1a: Gengar
|upkeep
|turn|69
|inactive|Hummusfan has 150 seconds left.
|
|t:|1728513360
|move|p1a: Gengar|Thunderbolt|p2a: Pice Unch
|-damage|p2a: Pice Unch|51/100
|move|p2a: Pice Unch|Thunder|p1a: Gengar
|-damage|p1a: Gengar|59/100
|-status|p1a: Gengar|par
|
|-heal|p2a: Pice Unch|100/100|[from] move: Wish|[wisher] Pice Unch
|-weather|Sandstorm|[upkeep]
|-damage|p1a: Gengar|53/100 par|[from] Sandstorm
|-damage|p2a: Pice Unch|88/100|[from] Leech Seed|[of] p1a: Gengar
|-heal|p1a: Gengar|72/100 par|[silent]
|-heal|p1a: Gengar|78/100 par|[from] item: Leftovers
|upkeep
|turn|70
|inactive|Hummusfan has 150 seconds left.
|
|t:|1728513371
|move|p2a: Pice Unch|Wish|p2a: Pice Unch
|cant|p1a: Gengar|par
|
|-weather|Sandstorm|[upkeep]
|-damage|p1a: Gengar|72/100 par|[from] Sandstorm
|-heal|p2a: Pice Unch|94/100|[from] item: Leftovers
|-damage|p2a: Pice Unch|82/100|[from] Leech Seed|[of] p1a: Gengar
|-heal|p1a: Gengar|91/100 par|[silent]
|-heal|p1a: Gengar|97/100 par|[from] item: Leftovers
|upkeep
|turn|71
|
|t:|1728513376
|switch|p2a: Pocus Funch|Hariyama, M|47/100
|-damage|p2a: Pocus Funch|35/100|[from] Spikes
|move|p1a: Gengar|Thunderbolt|p2a: Pocus Funch
|-damage|p2a: Pocus Funch|2/100
|-status|p2a: Pocus Funch|par
|
|-heal|p2a: Pocus Funch|52/100 par|[from] move: Wish|[wisher] Pice Unch
|-weather|Sandstorm|[upkeep]
|-damage|p1a: Gengar|91/100 par|[from] Sandstorm
|-damage|p2a: Pocus Funch|46/100 par|[from] Sandstorm
|-heal|p1a: Gengar|97/100 par|[from] item: Leftovers
|-heal|p2a: Pocus Funch|52/100 par|[from] item: Leftovers
|upkeep
|turn|72
|
|t:|1728513390
|switch|p1a: Celebi|Celebi|79/100
|move|p2a: Pocus Funch|Rest|p2a: Pocus Funch
|-status|p2a: Pocus Funch|slp|[from] move: Rest
|-heal|p2a: Pocus Funch|100/100 slp|[silent]
|
|-weather|Sandstorm|[upkeep]
|-damage|p1a: Celebi|73/100|[from] Sandstorm
|-damage|p2a: Pocus Funch|94/100 slp|[from] Sandstorm
|-heal|p1a: Celebi|79/100|[from] item: Leftovers
|-heal|p2a: Pocus Funch|100/100 slp|[from] item: Leftovers
|upkeep
|turn|73
|
|t:|1728513405
|switch|p2a: Pice Unch|Jirachi|82/100
|-damage|p2a: Pice Unch|69/100|[from] Spikes
|move|p1a: Celebi|Calm Mind|p1a: Celebi
|-boost|p1a: Celebi|spa|1
|-boost|p1a: Celebi|spd|1
|
|-weather|Sandstorm|[upkeep]
|-damage|p1a: Celebi|73/100|[from] Sandstorm
|-heal|p1a: Celebi|79/100|[from] item: Leftovers
|-heal|p2a: Pice Unch|76/100|[from] item: Leftovers
|upkeep
|turn|74
|
|t:|1728513414
|move|p1a: Celebi|Hidden Power|p2a: Pice Unch
|-supereffective|p2a: Pice Unch
|-damage|p2a: Pice Unch|18/100
|move|p2a: Pice Unch|Toxic|p1a: Celebi
|-status|p1a: Celebi|tox
|
|-weather|Sandstorm|[upkeep]
|-damage|p1a: Celebi|73/100 tox|[from] Sandstorm
|-heal|p1a: Celebi|79/100 tox|[from] item: Leftovers
|-damage|p1a: Celebi|73/100 tox|[from] psn
|-heal|p2a: Pice Unch|24/100|[from] item: Leftovers
|upkeep
|turn|75
|inactive|Hummusfan has 150 seconds left.
|
|t:|1728513447
|switch|p2a: Dagon Drance|Salamence, M|23/100
|-ability|p2a: Dagon Drance|Intimidate|boost
|-unboost|p1a: Celebi|atk|1
|move|p1a: Celebi|Hidden Power|p2a: Dagon Drance
|-resisted|p2a: Dagon Drance
|-damage|p2a: Dagon Drance|1/100
|
|-weather|Sandstorm|[upkeep]
|-damage|p2a: Dagon Drance|0 fnt|[from] Sandstorm
|-damage|p1a: Celebi|66/100 tox|[from] Sandstorm
|faint|p2a: Dagon Drance
|-heal|p1a: Celebi|73/100 tox|[from] item: Leftovers
|-damage|p1a: Celebi|60/100 tox|[from] psn
|upkeep
|
|t:|1728513463
|switch|p2a: Dain Rance|Kingdra, M|100/100
|-damage|p2a: Dain Rance|88/100|[from] Spikes
|turn|76
|
|t:|1728513469
|move|p1a: Celebi|Giga Drain|p2a: Dain Rance
|-damage|p2a: Dain Rance|38/100
|-heal|p1a: Celebi|83/100 tox|[from] drain|[of] p2a: Dain Rance
|move|p2a: Dain Rance|Rain Dance|p2a: Dain Rance
|-weather|RainDance
|
|-weather|RainDance|[upkeep]
|-heal|p2a: Dain Rance|44/100|[from] item: Leftovers
|-heal|p1a: Celebi|90/100 tox|[from] item: Leftovers
|-damage|p1a: Celebi|71/100 tox|[from] psn
|upkeep
|turn|77
|
|t:|1728513490
|move|p2a: Dain Rance|Ice Beam|p1a: Celebi
|-supereffective|p1a: Celebi
|-crit|p1a: Celebi
|-damage|p1a: Celebi|0 fnt
|faint|p1a: Celebi
|c|☆Hummusfan|oof
|c|☆myranksux|NO
|
|t:|1728513508
|switch|p1a: Gengar|Gengar, M|97/100 par
|
|-weather|RainDance|[upkeep]
|-heal|p2a: Dain Rance|50/100|[from] item: Leftovers
|-heal|p1a: Gengar|100/100 par|[from] item: Leftovers
|upkeep
|turn|78
|
|t:|1728513516
|move|p2a: Dain Rance|Surf|p1a: Gengar
|-damage|p1a: Gengar|0 fnt
|faint|p1a: Gengar
|
|win|Hummusfan
|c|☆Hummusfan|close one
|c|☆myranksux|gg
|c|☆Hummusfan|ggs
|player|p1|

</script>
<script type="application/json" class="data" id="replaydata-smogtours-gen3ou-796787">
{"id":"smogtours-gen3ou-796787","format":"[Gen 3] OU","players":["myranksux","Hummusfan"],"uploadtime":1728513516,"views":83,"formatid":"gen3ou","rating":null,"private":0,"password":null}
</script>

<script defer src="js/replays.js?9d40a366"></script>
