<!DOCTYPE html>
<meta charset="utf-8" />
<meta name="viewport" content="width=device-width" />

<title>[Gen 3] OU: bigyunakafan vs. javiercar - Replays - Pok&eacute;mon Showdown!</title>

<meta name="description" content="Watch a replay of a Pok&eacute;mon battle between bigyunakafan and javiercar! Format: [Gen 3] OU; Date: Oct 15, 2024" />
<!--

Hey, you! Looking in the source for the replay log?

You can find them in JSON format, just add `.json` at the end of a replay URL.

https://replay.pokemonshowdown.com/gen7randomdoublesbattle-865046831.json

Or, if you only need the log itself, add `.log` instead:

https://replay.pokemonshowdown.com/gen7randomdoublesbattle-865046831.log

-->

<link rel="stylesheet" href="//pokemonshowdown.com/style/global.css?0.023195364461161105" />
<link rel="stylesheet" href="//play.pokemonshowdown.com/style/font-awesome.css?0.13261647063804238" />
<link rel="stylesheet" href="//play.pokemonshowdown.com/style/battle.css?0.8753245789963631" />
<link rel="stylesheet" href="//play.pokemonshowdown.com/style/utilichart.css?0.8627959624976733" />

<!-- Global site tag (gtag.js) - Google Analytics -->
<script async src="https://www.googletagmanager.com/gtag/js?id=UA-26211653-1"></script>
<script>
  window.dataLayer = window.dataLayer || [];
  function gtag(){dataLayer.push(arguments);}
  gtag('js', new Date());

  gtag('config', 'UA-26211653-1');
</script>
<!-- End Google Analytics -->
<!-- Venatus Ad Manager - Install in <HEAD> of page -->
	<script src="https://hb.vntsm.com/v3/live/ad-manager.min.js" type="text/javascript" data-site-id="642aba63ec9a7b11c3c9c1be" data-mode="scan" async></script>
<!-- / Venatus Ad Manager -->

<style>
	@media (max-width:820px) {
		.battle {
			margin: 0 auto;
		}
		.battle-log {
			margin: 7px auto 0;
			max-width: 640px;
			height: 300px;
			position: static;
		}
	}
	.optgroup {
		display: inline-block;
		line-height: 22px;
		font-size: 10pt;
	}
	.optgroup .button {
		height: 25px;
		padding-top: 0;
		padding-bottom: 0;
	}
	.optgroup button.button {
		padding-left: 12px;
		padding-right: 12px;
	}
	.linklist {
		list-style: none;
		margin: 0.5em 0;
		padding: 0;
	}
	.linklist li {
		padding: 2px 0;
	}
	.sidebar {
		float: left;
		width: 320px;
	}
	.bar-wrapper {
		max-width: 1100px;
		margin: 0 auto;
	}
	.bar-wrapper.has-sidebar {
		max-width: 1430px;
	}
	.mainbar {
		margin: 0;
		padding-right: 1px;
	}
	.mainbar.has-sidebar {
		margin-left: 330px;
	}
	@media (min-width: 1511px) {
		.sidebar {
			width: 400px;
		}
		.bar-wrapper.has-sidebar {
			max-width: 1510px;
		}
		.mainbar.has-sidebar {
			margin-left: 410px;
		}
	}
	.section.first-section {
		margin-top: 9px;
	}
	.blocklink small {
		white-space: normal;
	}
	.button {
		vertical-align: middle;
	}
	.replay-controls {
		padding-top: 10px;
	}
	.replay-controls h1 {
		font-size: 16pt;
		font-weight: normal;
		color: #CCC;
	}
	.pagelink {
		text-align: center;
	}
	.pagelink a {
		width: 150px;
	}
	.textbox, .button {
		font-size: 11pt;
		vertical-align: middle;
	}
	@media (max-width: 450px) {
		.button {
			font-size: 9pt;
		}
	}
</style>

<div>

	<header>
		<div class="nav-wrapper"><ul class="nav">
			<li><a class="button nav-first" href="//pokemonshowdown.com/"><img src="//pokemonshowdown.com/images/pokemonshowdownbeta.png" srcset="//pokemonshowdown.com/images/pokemonshowdownbeta.png 1x, //pokemonshowdown.com/images/pokemonshowdownbeta@2x.png 2x" alt="Pok&eacute;mon Showdown" width="146" height="44" /> Home</a></li>
			<li><a class="button" href="//pokemonshowdown.com/dex/">Pok&eacute;dex</a></li>
			<li><a class="button cur" href="/">Replays</a></li>
			<li><a class="button" href="//pokemonshowdown.com/ladder/">Ladder</a></li>
			<li><a class="button nav-last" href="//pokemonshowdown.com/forums/">Forum</a></li>
			<li><a class="button greenbutton nav-first nav-last" href="//play.pokemonshowdown.com/">Play</a></li>
		</ul></div>
	</header>

	<div class="main" id="main">

		<noscript><section class="section">You need to enable JavaScript to use this page; sorry!</section></noscript>

	</div>

</div>

<script defer nomodule src="//play.pokemonshowdown.com/js/lib/ps-polyfill.js"></script>
<script defer src="//play.pokemonshowdown.com/js/lib/preact.min.js"></script>

<script defer src="//play.pokemonshowdown.com/config/config.js?2bddbc15"></script>
<script defer src="//play.pokemonshowdown.com/js/lib/jquery-1.11.0.min.js"></script>
<script defer src="//play.pokemonshowdown.com/js/lib/html-sanitizer-minified.js"></script>
<script defer src="//play.pokemonshowdown.com/js/battle-sound.js"></script>
<script defer src="//play.pokemonshowdown.com/js/battledata.js?0.7209276989879541"></script>
<script defer src="//play.pokemonshowdown.com/data/pokedex-mini.js?0.6111056340867951"></script>
<script defer src="//play.pokemonshowdown.com/data/pokedex-mini-bw.js?0.3532142036491459"></script>
<script defer src="//play.pokemonshowdown.com/data/graphics.js?0.24223875632456182"></script>
<script defer src="//play.pokemonshowdown.com/data/pokedex.js?0.38839984266356864"></script>
<script defer src="//play.pokemonshowdown.com/data/moves.js?0.21866028504024015"></script>
<script defer src="//play.pokemonshowdown.com/data/abilities.js?0.2005157953846628"></script>
<script defer src="//play.pokemonshowdown.com/data/items.js?0.9894211263848525"></script>
<script defer src="//play.pokemonshowdown.com/data/teambuilder-tables.js?0.6008791140282215"></script>
<script defer src="//play.pokemonshowdown.com/js/battle-tooltips.js?0.7580118955022959"></script>
<script defer src="//play.pokemonshowdown.com/js/battle.js?0.6057722274234274"></script>

<script defer src="js/utils.js?e31f9a17"></script>
<script defer src="js/replays-battle.js?7008c182"></script>

<!-- don't scrape this data! just add .json or .log after the URL!
Full API docs: https://github.com/smogon/pokemon-showdown-client/blob/master/WEB-API.md -->
<script type="text/plain" class="log" id="replaylog-smogtours-gen3ou-798963">
|inactive|Battle timer is ON: inactive players will automatically lose when time's up.
|t:|1729019528
|gametype|singles
|player|p1|bigyunakafan|nessa|
|player|p2|javiercar|170|
|teamsize|p1|6
|teamsize|p2|6
|gen|3
|tier|[Gen 3] OU
|rule|Sleep Clause Mod: Limit one foe put to sleep
|rule|Switch Priority Clause Mod: Faster Pokémon switch first
|rule|Species Clause: Limit one of each Pokémon
|rule|OHKO Clause: OHKO moves are banned
|rule|Evasion Items Clause: Evasion items are banned
|rule|Evasion Moves Clause: Evasion moves are banned
|rule|Endless Battle Clause: Forcing endless battles is banned
|rule|HP Percentage Mod: HP is shown in percentages
|rule|One Boost Passer Clause: Limit one Baton Passer that has a way to boost its stats
|rule|Freeze Clause Mod: Limit one foe frozen
|
|t:|1729019528
|start
|switch|p1a: Zapdos|Zapdos|100/100
|switch|p2a: Skarmory|Skarmory, F|100/100
|turn|1
|
|t:|1729019539
|switch|p2a: Blissey|Blissey, F, shiny|100/100
|move|p1a: Zapdos|Thunder Wave|p2a: Blissey
|-status|p2a: Blissey|par
|
|upkeep
|turn|2
|
|t:|1729019551
|switch|p1a: Forretress|Forretress, M|100/100
|cant|p2a: Blissey|par
|
|upkeep
|turn|3
|
|t:|1729019576
|-curestatus|p2a: Blissey|par|[from] ability: Natural Cure
|switch|p2a: Gengar|Gengar, F|100/100
|move|p1a: Forretress|Spikes|p2a: Gengar
|-sidestart|p2: javiercar|Spikes
|
|upkeep
|turn|4
|
|t:|1729019599
|switch|p1a: Hariyama|Hariyama, M|100/100
|move|p2a: Gengar|Will-O-Wisp|p1a: Hariyama
|-status|p1a: Hariyama|brn
|
|-damage|p1a: Hariyama|88/100 brn|[from] brn
|upkeep
|turn|5
|
|t:|1729019615
|switch|p2a: Starmie|Starmie|100/100
|-damage|p2a: Starmie|88/100|[from] Spikes
|move|p1a: Hariyama|Rest|p1a: Hariyama
|-status|p1a: Hariyama|slp|[from] move: Rest
|-heal|p1a: Hariyama|100/100 slp|[silent]
|
|-heal|p2a: Starmie|94/100|[from] item: Leftovers
|upkeep
|turn|6
|
|t:|1729019627
|switch|p1a: Gengar|Gengar, F|100/100
|move|p2a: Starmie|Rapid Spin|p1a: Gengar
|-immune|p1a: Gengar
|
|-heal|p2a: Starmie|100/100|[from] item: Leftovers
|upkeep
|turn|7
|
|t:|1729019638
|switch|p2a: Blissey|Blissey, F, shiny|100/100
|-damage|p2a: Blissey|88/100|[from] Spikes
|move|p1a: Gengar|Thunderbolt|p2a: Blissey
|-damage|p2a: Blissey|77/100
|
|-heal|p2a: Blissey|83/100|[from] item: Leftovers
|upkeep
|turn|8
|
|t:|1729019652
|move|p1a: Gengar|Taunt|p2a: Blissey
|-start|p2a: Blissey|move: Taunt
|move|p2a: Blissey|Ice Beam|p1a: Gengar
|-damage|p1a: Gengar|74/100
|
|-heal|p1a: Gengar|80/100|[from] item: Leftovers
|-heal|p2a: Blissey|89/100|[from] item: Leftovers
|upkeep
|turn|9
|
|t:|1729019674
|switch|p1a: Forretress|Forretress, M|100/100
|move|p2a: Blissey|Thunderbolt|p1a: Forretress
|-damage|p1a: Forretress|80/100
|
|-heal|p2a: Blissey|95/100|[from] item: Leftovers
|-end|p2a: Blissey|move: Taunt|[silent]
|-heal|p1a: Forretress|86/100|[from] item: Leftovers
|upkeep
|turn|10
|
|t:|1729019685
|switch|p2a: Gengar|Gengar, F|100/100
|move|p1a: Forretress|Spikes|p2a: Gengar
|-sidestart|p2: javiercar|Spikes
|
|-heal|p1a: Forretress|92/100|[from] item: Leftovers
|upkeep
|turn|11
|
|t:|1729019692
|switch|p1a: Hariyama|Hariyama, M|100/100 slp
|move|p2a: Gengar|Fire Punch|p1a: Hariyama
|-damage|p1a: Hariyama|85/100 slp
|
|-heal|p1a: Hariyama|91/100 slp|[from] item: Leftovers
|upkeep
|turn|12
|
|t:|1729019701
|switch|p2a: Starmie|Starmie|100/100
|-damage|p2a: Starmie|84/100|[from] Spikes
|cant|p1a: Hariyama|slp
|move|p1a: Hariyama|Sleep Talk|p1a: Hariyama
|move|p1a: Hariyama|Rest|p1a: Hariyama|[from]Sleep Talk
|
|-heal|p2a: Starmie|90/100|[from] item: Leftovers
|-heal|p1a: Hariyama|98/100 slp|[from] item: Leftovers
|upkeep
|turn|13
|
|t:|1729019717
|switch|p1a: Forretress|Forretress, M|92/100
|move|p2a: Starmie|Hydro Pump|p1a: Forretress
|-damage|p1a: Forretress|45/100
|
|-heal|p2a: Starmie|96/100|[from] item: Leftovers
|-heal|p1a: Forretress|52/100|[from] item: Leftovers
|upkeep
|turn|14
|
|t:|1729019728
|move|p2a: Starmie|Hydro Pump|p1a: Forretress
|-damage|p1a: Forretress|5/100
|move|p1a: Forretress|Hidden Power|p2a: Starmie
|-supereffective|p2a: Starmie
|-damage|p2a: Starmie|35/100
|
|-heal|p2a: Starmie|41/100|[from] item: Leftovers
|-heal|p1a: Forretress|11/100|[from] item: Leftovers
|upkeep
|turn|15
|
|t:|1729019738
|switch|p1a: Gengar|Gengar, F|80/100
|move|p2a: Starmie|Thunderbolt|p1a: Gengar
|-damage|p1a: Gengar|51/100
|
|-heal|p2a: Starmie|47/100|[from] item: Leftovers
|-heal|p1a: Gengar|57/100|[from] item: Leftovers
|upkeep
|turn|16
|
|t:|1729019747
|move|p2a: Starmie|Hydro Pump|p1a: Gengar
|-damage|p1a: Gengar|0 fnt
|faint|p1a: Gengar
|
|t:|1729019752
|switch|p1a: Dugtrio|Dugtrio, M|100/100
|
|-heal|p2a: Starmie|53/100|[from] item: Leftovers
|upkeep
|turn|17
|
|t:|1729019773
|move|p1a: Dugtrio|Hidden Power|p2a: Starmie
|-supereffective|p2a: Starmie
|-damage|p2a: Starmie|0 fnt
|faint|p2a: Starmie
|
|t:|1729019779
|switch|p2a: Skarmory|Skarmory, F|100/100
|
|upkeep
|turn|18
|
|t:|1729019786
|switch|p1a: Forretress|Forretress, M|11/100
|move|p2a: Skarmory|Spikes|p1a: Forretress
|-sidestart|p1: bigyunakafan|Spikes
|
|-heal|p1a: Forretress|17/100|[from] item: Leftovers
|upkeep
|turn|19
|
|t:|1729019802
|move|p1a: Forretress|Spikes|p2a: Skarmory
|-sidestart|p2: javiercar|Spikes
|move|p2a: Skarmory|Whirlwind|p1a: Forretress
|drag|p1a: Aerodactyl|Aerodactyl, F|100/100
|
|upkeep
|turn|20
|
|t:|1729019814
|switch|p1a: Zapdos|Zapdos|100/100
|move|p2a: Skarmory|Spikes|p1a: Zapdos
|-sidestart|p1: bigyunakafan|Spikes
|
|upkeep
|turn|21
|
|t:|1729019825
|switch|p2a: Blissey|Blissey, F, shiny|95/100
|-damage|p2a: Blissey|71/100|[from] Spikes
|move|p1a: Zapdos|Roar|p2a: Blissey
|drag|p2a: Swampert|Swampert, F|100/100
|-damage|p2a: Swampert|76/100|[from] Spikes
|
|-heal|p2a: Swampert|82/100|[from] item: Leftovers
|upkeep
|turn|22
|
|t:|1729019836
|move|p2a: Swampert|Protect|p2a: Swampert
|-singleturn|p2a: Swampert|Protect
|move|p1a: Zapdos|Hidden Power|p2a: Swampert
|-activate|p2a: Swampert|Protect
|
|-heal|p2a: Swampert|88/100|[from] item: Leftovers
|upkeep
|turn|23
|
|t:|1729019846
|switch|p2a: Blissey|Blissey, F, shiny|71/100
|-damage|p2a: Blissey|46/100|[from] Spikes
|move|p1a: Zapdos|Roar|p2a: Blissey
|drag|p2a: Skarmory|Skarmory, F|100/100
|
|upkeep
|turn|24
|
|t:|1729019861
|switch|p2a: Swampert|Swampert, F|88/100
|-damage|p2a: Swampert|63/100|[from] Spikes
|move|p1a: Zapdos|Thunderbolt|p2a: Swampert
|-immune|p2a: Swampert
|
|-heal|p2a: Swampert|69/100|[from] item: Leftovers
|upkeep
|turn|25
|
|t:|1729019884
|move|p2a: Swampert|Protect|p2a: Swampert
|-singleturn|p2a: Swampert|Protect
|move|p1a: Zapdos|Hidden Power|p2a: Swampert
|-activate|p2a: Swampert|Protect
|
|-heal|p2a: Swampert|76/100|[from] item: Leftovers
|upkeep
|turn|26
|
|t:|1729019901
|switch|p2a: Skarmory|Skarmory, F|100/100
|move|p1a: Zapdos|Hidden Power|p2a: Skarmory
|-resisted|p2a: Skarmory
|-damage|p2a: Skarmory|95/100
|
|-heal|p2a: Skarmory|100/100|[from] item: Leftovers
|upkeep
|turn|27
|
|t:|1729019910
|move|p2a: Skarmory|Protect|p2a: Skarmory
|-singleturn|p2a: Skarmory|Protect
|move|p1a: Zapdos|Thunderbolt|p2a: Skarmory
|-activate|p2a: Skarmory|Protect
|
|upkeep
|turn|28
|
|t:|1729019921
|move|p1a: Zapdos|Hidden Power|p2a: Skarmory
|-resisted|p2a: Skarmory
|-damage|p2a: Skarmory|95/100
|move|p2a: Skarmory|Toxic|p1a: Zapdos|[miss]
|-miss|p2a: Skarmory|p1a: Zapdos
|
|-heal|p2a: Skarmory|100/100|[from] item: Leftovers
|upkeep
|turn|29
|
|t:|1729019938
|switch|p1a: Forretress|Forretress, M|17/100
|-damage|p1a: Forretress|1/100|[from] Spikes
|move|p2a: Skarmory|Protect||[still]
|-fail|p2a: Skarmory
|
|-heal|p1a: Forretress|7/100|[from] item: Leftovers
|upkeep
|turn|30
|
|t:|1729019948
|switch|p2a: Blissey|Blissey, F, shiny|46/100
|-damage|p2a: Blissey|21/100|[from] Spikes
|move|p1a: Forretress|Rapid Spin|p2a: Blissey
|-crit|p2a: Blissey
|-damage|p2a: Blissey|12/100
|-sideend|p1: bigyunakafan|Spikes|[from] move: Rapid Spin|[of] p1a: Forretress
|
|-heal|p2a: Blissey|19/100|[from] item: Leftovers
|-heal|p1a: Forretress|13/100|[from] item: Leftovers
|upkeep
|turn|31
|
|t:|1729019958
|move|p2a: Blissey|Soft-Boiled|p2a: Blissey
|-heal|p2a: Blissey|69/100
|move|p1a: Forretress|Earthquake|p2a: Blissey
|-damage|p2a: Blissey|49/100
|
|-heal|p2a: Blissey|55/100|[from] item: Leftovers
|-heal|p1a: Forretress|19/100|[from] item: Leftovers
|upkeep
|turn|32
|
|t:|1729019969
|switch|p1a: Hariyama|Hariyama, M|98/100 slp
|move|p2a: Blissey|Soft-Boiled|p2a: Blissey
|-heal|p2a: Blissey|100/100
|
|-heal|p1a: Hariyama|100/100 slp|[from] item: Leftovers
|upkeep
|turn|33
|
|t:|1729019979
|move|p2a: Blissey|Ice Beam|p1a: Hariyama
|-damage|p1a: Hariyama|85/100 slp
|cant|p1a: Hariyama|slp
|move|p1a: Hariyama|Sleep Talk|p1a: Hariyama
|move|p1a: Hariyama|Rest|p1a: Hariyama|[from]Sleep Talk
|
|-heal|p1a: Hariyama|92/100 slp|[from] item: Leftovers
|upkeep
|turn|34
|
|t:|1729019987
|move|p2a: Blissey|Thunderbolt|p1a: Hariyama
|-damage|p1a: Hariyama|76/100 slp
|cant|p1a: Hariyama|slp
|
|-heal|p1a: Hariyama|82/100 slp|[from] item: Leftovers
|upkeep
|turn|35
|
|t:|1729019998
|switch|p2a: Gengar|Gengar, F|100/100
|-curestatus|p1a: Hariyama|slp|[msg]
|move|p1a: Hariyama|Cross Chop|p2a: Gengar
|-immune|p2a: Gengar
|
|-heal|p1a: Hariyama|88/100|[from] item: Leftovers
|upkeep
|turn|36
|
|t:|1729020009
|move|p2a: Gengar|Will-O-Wisp|p1a: Hariyama
|-status|p1a: Hariyama|brn
|move|p1a: Hariyama|Whirlwind|p2a: Gengar
|drag|p2a: Swampert|Swampert, F|76/100
|-damage|p2a: Swampert|51/100|[from] Spikes
|
|-heal|p2a: Swampert|57/100|[from] item: Leftovers
|-heal|p1a: Hariyama|94/100 brn|[from] item: Leftovers
|-damage|p1a: Hariyama|82/100 brn|[from] brn
|upkeep
|turn|37
|
|t:|1729020027
|switch|p1a: Forretress|Forretress, M|19/100
|move|p2a: Swampert|Hydro Pump|p1a: Forretress
|-damage|p1a: Forretress|0 fnt
|faint|p1a: Forretress
|inactive|bigyunakafan has 270 seconds left.
|
|t:|1729020071
|switch|p1a: Zapdos|Zapdos|100/100
|
|-heal|p2a: Swampert|63/100|[from] item: Leftovers
|upkeep
|turn|38
|
|t:|1729020081
|move|p2a: Swampert|Protect|p2a: Swampert
|-singleturn|p2a: Swampert|Protect
|move|p1a: Zapdos|Roar|p2a: Swampert
|-activate|p2a: Swampert|Protect
|
|-heal|p2a: Swampert|69/100|[from] item: Leftovers
|upkeep
|turn|39
|
|t:|1729020097
|switch|p2a: Skarmory|Skarmory, F|100/100
|move|p1a: Zapdos|Thunderbolt|p2a: Skarmory
|-supereffective|p2a: Skarmory
|-damage|p2a: Skarmory|7/100
|
|-heal|p2a: Skarmory|13/100|[from] item: Leftovers
|upkeep
|turn|40
|inactive|bigyunakafan has 270 seconds left.
|
|t:|1729020106
|move|p2a: Skarmory|Protect|p2a: Skarmory
|-singleturn|p2a: Skarmory|Protect
|move|p1a: Zapdos|Thunderbolt|p2a: Skarmory
|-activate|p2a: Skarmory|Protect
|
|-heal|p2a: Skarmory|19/100|[from] item: Leftovers
|upkeep
|turn|41
|
|t:|1729020118
|switch|p1a: Hariyama|Hariyama, M|82/100 brn
|move|p2a: Skarmory|Toxic||[still]
|-fail|p2a: Skarmory
|
|-heal|p2a: Skarmory|25/100|[from] item: Leftovers
|-heal|p1a: Hariyama|88/100 brn|[from] item: Leftovers
|-damage|p1a: Hariyama|76/100 brn|[from] brn
|upkeep
|turn|42
|
|t:|1729020130
|switch|p2a: Gengar|Gengar, F|100/100
|move|p1a: Hariyama|Rest|p1a: Hariyama
|-status|p1a: Hariyama|slp|[from] move: Rest
|-heal|p1a: Hariyama|100/100 slp|[silent]
|
|upkeep
|turn|43
|inactive|bigyunakafan has 270 seconds left.
|c|☆bigyunakafan|sorry to do this but ima have to forfeit, family stuff
|c|☆bigyunakafan|ggs
|c|☆javiercar|uff
|inactive|bigyunakafan has 240 seconds left.
|c|☆javiercar|unfortunate
|c|☆javiercar|sorry man
|c|☆bigyunakafan|yea...
|c|☆bigyunakafan|it is what it is
|-message|bigyunakafan forfeited.
|
|win|javiercar
|player|p1|

</script>
<script type="application/json" class="data" id="replaydata-smogtours-gen3ou-798963">
{"id":"smogtours-gen3ou-798963","format":"[Gen 3] OU","players":["bigyunakafan","javiercar"],"uploadtime":1729020191,"views":78,"formatid":"gen3ou","rating":null,"private":0,"password":null}
</script>

<script defer src="js/replays.js?9d40a366"></script>
