<!DOCTYPE html>
<meta charset="utf-8" />
<meta name="viewport" content="width=device-width" />

<title>[Gen 3] OU: walkrr vs. E585 - Replays - Pok&eacute;mon Showdown!</title>

<meta name="description" content="Watch a replay of a Pok&eacute;mon battle between walkrr and E585! Format: [Gen 3] OU; Date: Oct 10, 2024" />
<!--

Hey, you! Looking in the source for the replay log?

You can find them in JSON format, just add `.json` at the end of a replay URL.

https://replay.pokemonshowdown.com/gen7randomdoublesbattle-865046831.json

Or, if you only need the log itself, add `.log` instead:

https://replay.pokemonshowdown.com/gen7randomdoublesbattle-865046831.log

-->

<link rel="stylesheet" href="//pokemonshowdown.com/style/global.css?0.023195364461161105" />
<link rel="stylesheet" href="//play.pokemonshowdown.com/style/font-awesome.css?0.13261647063804238" />
<link rel="stylesheet" href="//play.pokemonshowdown.com/style/battle.css?0.8753245789963631" />
<link rel="stylesheet" href="//play.pokemonshowdown.com/style/utilichart.css?0.8627959624976733" />

<!-- Global site tag (gtag.js) - Google Analytics -->
<script async src="https://www.googletagmanager.com/gtag/js?id=UA-26211653-1"></script>
<script>
  window.dataLayer = window.dataLayer || [];
  function gtag(){dataLayer.push(arguments);}
  gtag('js', new Date());

  gtag('config', 'UA-26211653-1');
</script>
<!-- End Google Analytics -->
<!-- Venatus Ad Manager - Install in <HEAD> of page -->
	<script src="https://hb.vntsm.com/v3/live/ad-manager.min.js" type="text/javascript" data-site-id="642aba63ec9a7b11c3c9c1be" data-mode="scan" async></script>
<!-- / Venatus Ad Manager -->

<style>
	@media (max-width:820px) {
		.battle {
			margin: 0 auto;
		}
		.battle-log {
			margin: 7px auto 0;
			max-width: 640px;
			height: 300px;
			position: static;
		}
	}
	.optgroup {
		display: inline-block;
		line-height: 22px;
		font-size: 10pt;
	}
	.optgroup .button {
		height: 25px;
		padding-top: 0;
		padding-bottom: 0;
	}
	.optgroup button.button {
		padding-left: 12px;
		padding-right: 12px;
	}
	.linklist {
		list-style: none;
		margin: 0.5em 0;
		padding: 0;
	}
	.linklist li {
		padding: 2px 0;
	}
	.sidebar {
		float: left;
		width: 320px;
	}
	.bar-wrapper {
		max-width: 1100px;
		margin: 0 auto;
	}
	.bar-wrapper.has-sidebar {
		max-width: 1430px;
	}
	.mainbar {
		margin: 0;
		padding-right: 1px;
	}
	.mainbar.has-sidebar {
		margin-left: 330px;
	}
	@media (min-width: 1511px) {
		.sidebar {
			width: 400px;
		}
		.bar-wrapper.has-sidebar {
			max-width: 1510px;
		}
		.mainbar.has-sidebar {
			margin-left: 410px;
		}
	}
	.section.first-section {
		margin-top: 9px;
	}
	.blocklink small {
		white-space: normal;
	}
	.button {
		vertical-align: middle;
	}
	.replay-controls {
		padding-top: 10px;
	}
	.replay-controls h1 {
		font-size: 16pt;
		font-weight: normal;
		color: #CCC;
	}
	.pagelink {
		text-align: center;
	}
	.pagelink a {
		width: 150px;
	}
	.textbox, .button {
		font-size: 11pt;
		vertical-align: middle;
	}
	@media (max-width: 450px) {
		.button {
			font-size: 9pt;
		}
	}
</style>

<div>

	<header>
		<div class="nav-wrapper"><ul class="nav">
			<li><a class="button nav-first" href="//pokemonshowdown.com/"><img src="//pokemonshowdown.com/images/pokemonshowdownbeta.png" srcset="//pokemonshowdown.com/images/pokemonshowdownbeta.png 1x, //pokemonshowdown.com/images/pokemonshowdownbeta@2x.png 2x" alt="Pok&eacute;mon Showdown" width="146" height="44" /> Home</a></li>
			<li><a class="button" href="//pokemonshowdown.com/dex/">Pok&eacute;dex</a></li>
			<li><a class="button cur" href="/">Replays</a></li>
			<li><a class="button" href="//pokemonshowdown.com/ladder/">Ladder</a></li>
			<li><a class="button nav-last" href="//pokemonshowdown.com/forums/">Forum</a></li>
			<li><a class="button greenbutton nav-first nav-last" href="//play.pokemonshowdown.com/">Play</a></li>
		</ul></div>
	</header>

	<div class="main" id="main">

		<noscript><section class="section">You need to enable JavaScript to use this page; sorry!</section></noscript>

	</div>

</div>

<script defer nomodule src="//play.pokemonshowdown.com/js/lib/ps-polyfill.js"></script>
<script defer src="//play.pokemonshowdown.com/js/lib/preact.min.js"></script>

<script defer src="//play.pokemonshowdown.com/config/config.js?2bddbc15"></script>
<script defer src="//play.pokemonshowdown.com/js/lib/jquery-1.11.0.min.js"></script>
<script defer src="//play.pokemonshowdown.com/js/lib/html-sanitizer-minified.js"></script>
<script defer src="//play.pokemonshowdown.com/js/battle-sound.js"></script>
<script defer src="//play.pokemonshowdown.com/js/battledata.js?0.7209276989879541"></script>
<script defer src="//play.pokemonshowdown.com/data/pokedex-mini.js?0.6111056340867951"></script>
<script defer src="//play.pokemonshowdown.com/data/pokedex-mini-bw.js?0.3532142036491459"></script>
<script defer src="//play.pokemonshowdown.com/data/graphics.js?0.24223875632456182"></script>
<script defer src="//play.pokemonshowdown.com/data/pokedex.js?0.38839984266356864"></script>
<script defer src="//play.pokemonshowdown.com/data/moves.js?0.21866028504024015"></script>
<script defer src="//play.pokemonshowdown.com/data/abilities.js?0.2005157953846628"></script>
<script defer src="//play.pokemonshowdown.com/data/items.js?0.9894211263848525"></script>
<script defer src="//play.pokemonshowdown.com/data/teambuilder-tables.js?0.6008791140282215"></script>
<script defer src="//play.pokemonshowdown.com/js/battle-tooltips.js?0.7580118955022959"></script>
<script defer src="//play.pokemonshowdown.com/js/battle.js?0.6057722274234274"></script>

<script defer src="js/utils.js?e31f9a17"></script>
<script defer src="js/replays-battle.js?7008c182"></script>

<!-- don't scrape this data! just add .json or .log after the URL!
Full API docs: https://github.com/smogon/pokemon-showdown-client/blob/master/WEB-API.md -->
<script type="text/plain" class="log" id="replaylog-smogtours-gen3ou-796980">
|inactive|Battle timer is ON: inactive players will automatically lose when time's up.
|t:|1728587731
|gametype|singles
|player|p1|walkrr|101|
|player|p2|E585|1|
|teamsize|p1|6
|teamsize|p2|6
|gen|3
|tier|[Gen 3] OU
|rule|Sleep Clause Mod: Limit one foe put to sleep
|rule|Switch Priority Clause Mod: Faster Pokémon switch first
|rule|Species Clause: Limit one of each Pokémon
|rule|OHKO Clause: OHKO moves are banned
|rule|Evasion Items Clause: Evasion items are banned
|rule|Evasion Moves Clause: Evasion moves are banned
|rule|Endless Battle Clause: Forcing endless battles is banned
|rule|HP Percentage Mod: HP is shown in percentages
|rule|One Boost Passer Clause: Limit one Baton Passer that has a way to boost its stats
|rule|Freeze Clause Mod: Limit one foe frozen
|
|t:|1728587731
|start
|switch|p1a: Salamence|Salamence, M|100/100
|switch|p2a: Zapdos|Zapdos|100/100
|-ability|p1a: Salamence|Intimidate|boost
|-unboost|p2a: Zapdos|atk|1
|turn|1
|
|t:|1728587756
|switch|p1a: Hariyama|Hariyama, M|100/100
|move|p2a: Zapdos|Roar|p1a: Hariyama
|drag|p1a: Jirachi|Jirachi|100/100
|
|upkeep
|turn|2
|
|t:|1728587762
|move|p2a: Zapdos|Thunder Wave|p1a: Jirachi
|-status|p1a: Jirachi|par
|move|p1a: Jirachi|Toxic|p2a: Zapdos
|-status|p2a: Zapdos|tox
|
|-damage|p2a: Zapdos|94/100 tox|[from] psn
|upkeep
|turn|3
|
|t:|1728587782
|switch|p1a: Blissey|Blissey, F|100/100
|move|p2a: Zapdos|Thunderbolt|p1a: Blissey
|-damage|p1a: Blissey|80/100
|
|-heal|p2a: Zapdos|100/100 tox|[from] item: Leftovers
|-damage|p2a: Zapdos|88/100 tox|[from] psn
|-heal|p1a: Blissey|87/100|[from] item: Leftovers
|upkeep
|turn|4
|inactive|E585 has 270 seconds left.
|
|t:|1728587825
|switch|p2a: Tyranitar|Tyranitar, F|100/100
|-weather|Sandstorm|[from] ability: Sand Stream|[of] p2a: Tyranitar
|switch|p1a: Hariyama|Hariyama, M|100/100
|
|-weather|Sandstorm|[upkeep]
|-damage|p1a: Hariyama|94/100|[from] Sandstorm
|-heal|p1a: Hariyama|100/100|[from] item: Leftovers
|upkeep
|turn|5
|
|t:|1728587839
|-singleturn|p1a: Hariyama|move: Focus Punch
|switch|p2a: Zapdos|Zapdos|88/100 tox
|move|p1a: Hariyama|Focus Punch|p2a: Zapdos
|-resisted|p2a: Zapdos
|-damage|p2a: Zapdos|41/100 tox
|
|-weather|Sandstorm|[upkeep]
|-damage|p2a: Zapdos|35/100 tox|[from] Sandstorm
|-damage|p1a: Hariyama|94/100|[from] Sandstorm
|-heal|p2a: Zapdos|41/100 tox|[from] item: Leftovers
|-damage|p2a: Zapdos|35/100 tox|[from] psn
|-heal|p1a: Hariyama|100/100|[from] item: Leftovers
|upkeep
|turn|6
|inactive|walkrr has 270 seconds left.
|
|t:|1728587860
|switch|p1a: Blissey|Blissey, F|87/100
|move|p2a: Zapdos|Thunderbolt|p1a: Blissey
|-damage|p1a: Blissey|67/100
|
|-weather|Sandstorm|[upkeep]
|-damage|p2a: Zapdos|29/100 tox|[from] Sandstorm
|-damage|p1a: Blissey|61/100|[from] Sandstorm
|-heal|p2a: Zapdos|35/100 tox|[from] item: Leftovers
|-damage|p2a: Zapdos|23/100 tox|[from] psn
|-heal|p1a: Blissey|67/100|[from] item: Leftovers
|upkeep
|turn|7
|inactive|walkrr has 270 seconds left.
|
|t:|1728587878
|switch|p2a: Tyranitar|Tyranitar, F|100/100
|move|p1a: Blissey|Aromatherapy|p1a: Blissey
|-cureteam|p1a: Blissey|[from] move: Aromatherapy
|
|-weather|Sandstorm|[upkeep]
|-damage|p1a: Blissey|61/100|[from] Sandstorm
|-heal|p1a: Blissey|67/100|[from] item: Leftovers
|upkeep
|turn|8
|
|t:|1728587898
|switch|p1a: Claydol|Claydol|100/100
|move|p2a: Tyranitar|Earthquake|p1a: Claydol
|-immune|p1a: Claydol
|
|-weather|Sandstorm|[upkeep]
|upkeep
|turn|9
|
|t:|1728587908
|switch|p2a: Celebi|Celebi|100/100
|switch|p1a: Hariyama|Hariyama, M|100/100
|
|-weather|Sandstorm|[upkeep]
|-damage|p2a: Celebi|94/100|[from] Sandstorm
|-damage|p1a: Hariyama|94/100|[from] Sandstorm
|-heal|p2a: Celebi|100/100|[from] item: Leftovers
|-heal|p1a: Hariyama|100/100|[from] item: Leftovers
|upkeep
|turn|10
|
|t:|1728587919
|switch|p2a: Gengar|Gengar, F|100/100
|move|p1a: Hariyama|Knock Off|p2a: Gengar
|-supereffective|p2a: Gengar
|-damage|p2a: Gengar|95/100
|-enditem|p2a: Gengar|Leftovers|[from] move: Knock Off|[of] p1a: Hariyama
|-hint|In Gens 3-4, Knock Off only makes the target's item unusable; it cannot obtain a new item.
|
|-weather|Sandstorm|[upkeep]
|-damage|p2a: Gengar|88/100|[from] Sandstorm
|-damage|p1a: Hariyama|94/100|[from] Sandstorm
|-heal|p1a: Hariyama|100/100|[from] item: Leftovers
|upkeep
|turn|11
|
|t:|1728587936
|switch|p1a: Blissey|Blissey, F|67/100
|move|p2a: Gengar|Will-O-Wisp|p1a: Blissey
|-status|p1a: Blissey|brn
|
|-weather|Sandstorm|[upkeep]
|-damage|p2a: Gengar|82/100|[from] Sandstorm
|-damage|p1a: Blissey|61/100 brn|[from] Sandstorm
|-heal|p1a: Blissey|67/100 brn|[from] item: Leftovers
|-damage|p1a: Blissey|55/100 brn|[from] brn
|upkeep
|turn|12
|
|t:|1728587953
|-curestatus|p1a: Blissey|brn|[from] ability: Natural Cure
|switch|p1a: Jirachi|Jirachi|100/100
|move|p2a: Gengar|Taunt|p1a: Jirachi
|-start|p1a: Jirachi|move: Taunt
|
|-weather|Sandstorm|[upkeep]
|-damage|p2a: Gengar|76/100|[from] Sandstorm
|upkeep
|turn|13
|inactive|walkrr has 240 seconds left.
|
|t:|1728587973
|switch|p1a: Blissey|Blissey, F|55/100
|move|p2a: Gengar|Will-O-Wisp|p1a: Blissey
|-status|p1a: Blissey|brn
|
|-weather|Sandstorm|[upkeep]
|-damage|p2a: Gengar|70/100|[from] Sandstorm
|-damage|p1a: Blissey|49/100 brn|[from] Sandstorm
|-heal|p1a: Blissey|55/100 brn|[from] item: Leftovers
|-damage|p1a: Blissey|42/100 brn|[from] brn
|upkeep
|turn|14
|inactive|walkrr has 240 seconds left.
|
|t:|1728587984
|move|p2a: Gengar|Taunt|p1a: Blissey
|-start|p1a: Blissey|move: Taunt
|move|p1a: Blissey|Thunderbolt|p2a: Gengar
|-damage|p2a: Gengar|39/100
|-status|p2a: Gengar|par
|
|-weather|Sandstorm|[upkeep]
|-damage|p1a: Blissey|36/100 brn|[from] Sandstorm
|-damage|p2a: Gengar|33/100 par|[from] Sandstorm
|-heal|p1a: Blissey|42/100 brn|[from] item: Leftovers
|-damage|p1a: Blissey|30/100 brn|[from] brn
|upkeep
|turn|15
|inactive|walkrr has 240 seconds left.
|
|t:|1728588003
|-curestatus|p1a: Blissey|brn|[from] ability: Natural Cure
|switch|p1a: Jirachi|Jirachi|100/100
|move|p2a: Gengar|Will-O-Wisp|p1a: Jirachi
|-status|p1a: Jirachi|brn
|
|-weather|Sandstorm|[upkeep]
|-damage|p2a: Gengar|27/100 par|[from] Sandstorm
|-damage|p1a: Jirachi|88/100 brn|[from] brn
|upkeep
|turn|16
|inactive|walkrr has 240 seconds left.
|
|t:|1728588013
|switch|p1a: Blissey|Blissey, F|30/100
|switch|p2a: Zapdos|Zapdos|23/100 tox
|
|-weather|Sandstorm|[upkeep]
|-damage|p2a: Zapdos|17/100 tox|[from] Sandstorm
|-damage|p1a: Blissey|24/100|[from] Sandstorm
|-heal|p2a: Zapdos|23/100 tox|[from] item: Leftovers
|-damage|p2a: Zapdos|17/100 tox|[from] psn
|-heal|p1a: Blissey|30/100|[from] item: Leftovers
|upkeep
|turn|17
|inactive|walkrr has 240 seconds left.
|
|t:|1728588026
|switch|p2a: Tyranitar|Tyranitar, F|100/100
|move|p1a: Blissey|Soft-Boiled|p1a: Blissey
|-heal|p1a: Blissey|80/100
|
|-weather|Sandstorm|[upkeep]
|-damage|p1a: Blissey|74/100|[from] Sandstorm
|-heal|p1a: Blissey|80/100|[from] item: Leftovers
|upkeep
|turn|18
|inactive|walkrr has 240 seconds left.
|
|t:|1728588056
|switch|p1a: Salamence|Salamence, M|100/100
|-ability|p1a: Salamence|Intimidate|boost
|-unboost|p2a: Tyranitar|atk|1
|move|p2a: Tyranitar|Hidden Power|p1a: Salamence
|-resisted|p1a: Salamence
|-damage|p1a: Salamence|85/100
|
|-weather|Sandstorm|[upkeep]
|-damage|p1a: Salamence|79/100|[from] Sandstorm
|upkeep
|turn|19
|
|t:|1728588074
|switch|p1a: Blissey|Blissey, F|80/100
|switch|p2a: Gengar|Gengar, F|27/100 par
|
|-weather|Sandstorm|[upkeep]
|-damage|p1a: Blissey|74/100|[from] Sandstorm
|-damage|p2a: Gengar|21/100 par|[from] Sandstorm
|-heal|p1a: Blissey|80/100|[from] item: Leftovers
|upkeep
|turn|20
|
|t:|1728588090
|switch|p2a: Zapdos|Zapdos|17/100 tox
|move|p1a: Blissey|Aromatherapy|p1a: Blissey
|-cureteam|p1a: Blissey|[from] move: Aromatherapy
|
|-weather|Sandstorm|[upkeep]
|-damage|p2a: Zapdos|10/100 tox|[from] Sandstorm
|-damage|p1a: Blissey|74/100|[from] Sandstorm
|-heal|p2a: Zapdos|17/100 tox|[from] item: Leftovers
|-damage|p2a: Zapdos|10/100 tox|[from] psn
|-heal|p1a: Blissey|80/100|[from] item: Leftovers
|upkeep
|turn|21
|
|t:|1728588105
|move|p2a: Zapdos|Thunder Wave|p1a: Blissey
|-status|p1a: Blissey|par
|move|p1a: Blissey|Soft-Boiled|p1a: Blissey
|-heal|p1a: Blissey|100/100 par
|
|-weather|Sandstorm|[upkeep]
|-damage|p2a: Zapdos|4/100 tox|[from] Sandstorm
|-damage|p1a: Blissey|94/100 par|[from] Sandstorm
|-heal|p2a: Zapdos|10/100 tox|[from] item: Leftovers
|-damage|p2a: Zapdos|0 fnt|[from] psn
|faint|p2a: Zapdos
|-heal|p1a: Blissey|100/100 par|[from] item: Leftovers
|upkeep
|
|t:|1728588107
|switch|p2a: Tyranitar|Tyranitar, F|100/100
|turn|22
|inactive|walkrr has 210 seconds left.
|
|t:|1728588152
|-curestatus|p1a: Blissey|par|[from] ability: Natural Cure
|switch|p1a: Suicune|Suicune|100/100
|move|p2a: Tyranitar|Rock Slide|p1a: Suicune
|-crit|p1a: Suicune
|-damage|p1a: Suicune|21/100
|
|-weather|Sandstorm|[upkeep]
|-damage|p1a: Suicune|15/100|[from] Sandstorm
|-heal|p1a: Suicune|21/100|[from] item: Leftovers
|upkeep
|turn|23
|
|t:|1728588174
|switch|p1a: Jirachi|Jirachi|88/100
|move|p2a: Tyranitar|Rock Slide|p1a: Jirachi
|-resisted|p1a: Jirachi
|-damage|p1a: Jirachi|68/100
|
|-weather|Sandstorm|[upkeep]
|-heal|p1a: Jirachi|74/100|[from] item: Leftovers
|upkeep
|turn|24
|
|t:|1728588182
|switch|p2a: Gengar|Gengar, F|21/100 par
|move|p1a: Jirachi|Protect||[still]
|-fail|p1a: Jirachi
|
|-weather|Sandstorm|[upkeep]
|-damage|p2a: Gengar|14/100 par|[from] Sandstorm
|-heal|p1a: Jirachi|80/100|[from] item: Leftovers
|upkeep
|turn|25
|
|t:|1728588204
|switch|p1a: Blissey|Blissey, F|100/100
|switch|p2a: Celebi|Celebi|100/100
|
|-weather|Sandstorm|[upkeep]
|-damage|p2a: Celebi|94/100|[from] Sandstorm
|-damage|p1a: Blissey|94/100|[from] Sandstorm
|-heal|p2a: Celebi|100/100|[from] item: Leftovers
|-heal|p1a: Blissey|100/100|[from] item: Leftovers
|upkeep
|turn|26
|inactive|walkrr has 210 seconds left.
|
|t:|1728588221
|move|p2a: Celebi|Leech Seed|p1a: Blissey
|-start|p1a: Blissey|move: Leech Seed
|move|p1a: Blissey|Ice Beam|p2a: Celebi
|-supereffective|p2a: Celebi
|-damage|p2a: Celebi|57/100
|
|-weather|Sandstorm|[upkeep]
|-damage|p2a: Celebi|51/100|[from] Sandstorm
|-damage|p1a: Blissey|94/100|[from] Sandstorm
|-heal|p2a: Celebi|57/100|[from] item: Leftovers
|-heal|p1a: Blissey|100/100|[from] item: Leftovers
|-damage|p1a: Blissey|88/100|[from] Leech Seed|[of] p2a: Celebi
|-heal|p2a: Celebi|77/100|[silent]
|upkeep
|turn|27
|
|t:|1728588238
|switch|p2a: Gengar|Gengar, F|14/100 par
|switch|p1a: Hariyama|Hariyama, M|100/100
|
|-weather|Sandstorm|[upkeep]
|-damage|p1a: Hariyama|94/100|[from] Sandstorm
|-damage|p2a: Gengar|8/100 par|[from] Sandstorm
|-heal|p1a: Hariyama|100/100|[from] item: Leftovers
|upkeep
|turn|28
|inactive|walkrr has 180 seconds left.
|
|t:|1728588279
|move|p1a: Hariyama|Hidden Power|p2a: Gengar
|-resisted|p2a: Gengar
|-damage|p2a: Gengar|0 fnt
|faint|p2a: Gengar
|
|t:|1728588302
|switch|p2a: Celebi|Celebi|77/100
|
|-weather|Sandstorm|[upkeep]
|-damage|p2a: Celebi|71/100|[from] Sandstorm
|-damage|p1a: Hariyama|94/100|[from] Sandstorm
|-heal|p2a: Celebi|77/100|[from] item: Leftovers
|-heal|p1a: Hariyama|100/100|[from] item: Leftovers
|upkeep
|turn|29
|inactive|walkrr has 180 seconds left.
|
|t:|1728588310
|move|p2a: Celebi|Psychic|p1a: Hariyama
|-supereffective|p1a: Hariyama
|-damage|p1a: Hariyama|36/100
|move|p1a: Hariyama|Knock Off|p2a: Celebi
|-supereffective|p2a: Celebi
|-damage|p2a: Celebi|74/100
|-enditem|p2a: Celebi|Leftovers|[from] move: Knock Off|[of] p1a: Hariyama
|
|-weather|Sandstorm|[upkeep]
|-damage|p2a: Celebi|68/100|[from] Sandstorm
|-damage|p1a: Hariyama|30/100|[from] Sandstorm
|-heal|p1a: Hariyama|36/100|[from] item: Leftovers
|upkeep
|turn|30
|inactive|walkrr has 180 seconds left.
|
|t:|1728588325
|switch|p2a: Tyranitar|Tyranitar, F|100/100
|switch|p1a: Jirachi|Jirachi|80/100
|
|-weather|Sandstorm|[upkeep]
|-heal|p1a: Jirachi|86/100|[from] item: Leftovers
|upkeep
|turn|31
|
|t:|1728588337
|switch|p2a: Swampert|Swampert, M|100/100
|move|p1a: Jirachi|Protect||[still]
|-fail|p1a: Jirachi
|
|-weather|Sandstorm|[upkeep]
|-heal|p1a: Jirachi|93/100|[from] item: Leftovers
|upkeep
|turn|32
|
|t:|1728588343
|move|p1a: Jirachi|Toxic|p2a: Swampert
|-status|p2a: Swampert|tox
|move|p2a: Swampert|Earthquake|p1a: Jirachi
|-supereffective|p1a: Jirachi
|-crit|p1a: Jirachi
|-damage|p1a: Jirachi|0 fnt
|faint|p1a: Jirachi
|inactive|walkrr has 180 seconds left.
|
|t:|1728588366
|switch|p1a: Suicune|Suicune|21/100
|
|-weather|Sandstorm|[upkeep]
|-damage|p1a: Suicune|15/100|[from] Sandstorm
|-heal|p1a: Suicune|21/100|[from] item: Leftovers
|-damage|p2a: Swampert|94/100 tox|[from] psn
|upkeep
|turn|33
|inactive|walkrr has 180 seconds left.
|
|t:|1728588379
|switch|p2a: Celebi|Celebi|68/100
|move|p1a: Suicune|Rest|p1a: Suicune
|-status|p1a: Suicune|slp|[from] move: Rest
|-heal|p1a: Suicune|100/100 slp|[silent]
|
|-weather|Sandstorm|[upkeep]
|-damage|p2a: Celebi|61/100|[from] Sandstorm
|-damage|p1a: Suicune|94/100 slp|[from] Sandstorm
|-heal|p1a: Suicune|100/100 slp|[from] item: Leftovers
|upkeep
|turn|34
|inactive|walkrr has 180 seconds left.
|
|t:|1728588394
|move|p2a: Celebi|Leech Seed|p1a: Suicune
|-start|p1a: Suicune|move: Leech Seed
|cant|p1a: Suicune|slp
|
|-weather|Sandstorm|[upkeep]
|-damage|p2a: Celebi|55/100|[from] Sandstorm
|-damage|p1a: Suicune|94/100 slp|[from] Sandstorm
|-heal|p1a: Suicune|100/100 slp|[from] item: Leftovers
|-damage|p1a: Suicune|88/100 slp|[from] Leech Seed|[of] p2a: Celebi
|-heal|p2a: Celebi|68/100|[silent]
|upkeep
|turn|35
|inactive|walkrr has 180 seconds left.
|
|t:|1728588403
|switch|p2a: Tyranitar|Tyranitar, F|100/100
|switch|p1a: Salamence|Salamence, M|79/100
|-ability|p1a: Salamence|Intimidate|boost
|-unboost|p2a: Tyranitar|atk|1
|
|-weather|Sandstorm|[upkeep]
|-damage|p1a: Salamence|73/100|[from] Sandstorm
|upkeep
|turn|36
|inactive|walkrr has 180 seconds left.
|
|t:|1728588433
|switch|p2a: Swampert|Swampert, M|94/100 tox
|move|p1a: Salamence|Hidden Power|p2a: Swampert
|-damage|p2a: Swampert|55/100 tox
|
|-weather|Sandstorm|[upkeep]
|-damage|p1a: Salamence|67/100|[from] Sandstorm
|-heal|p2a: Swampert|61/100 tox|[from] item: Leftovers
|-damage|p2a: Swampert|55/100 tox|[from] psn
|upkeep
|turn|37
|
|t:|1728588457
|switch|p1a: Blissey|Blissey, F|88/100
|switch|p2a: Tyranitar|Tyranitar, F|100/100
|
|-weather|Sandstorm|[upkeep]
|-damage|p1a: Blissey|82/100|[from] Sandstorm
|-heal|p1a: Blissey|88/100|[from] item: Leftovers
|upkeep
|turn|38
|
|t:|1728588476
|move|p2a: Tyranitar|Rock Slide|p1a: Blissey
|-damage|p1a: Blissey|18/100
|move|p1a: Blissey|Aromatherapy|p1a: Blissey
|-cureteam|p1a: Blissey|[from] move: Aromatherapy
|
|-weather|Sandstorm|[upkeep]
|-damage|p1a: Blissey|12/100|[from] Sandstorm
|-heal|p1a: Blissey|18/100|[from] item: Leftovers
|upkeep
|turn|39
|
|t:|1728588490
|switch|p1a: Claydol|Claydol|100/100
|move|p2a: Tyranitar|Rock Slide|p1a: Claydol
|-resisted|p1a: Claydol
|-damage|p1a: Claydol|64/100
|
|-weather|Sandstorm|[upkeep]
|-heal|p1a: Claydol|70/100|[from] item: Leftovers
|upkeep
|turn|40
|inactive|walkrr has 150 seconds left.
|
|t:|1728588529
|move|p2a: Tyranitar|Rock Slide|p1a: Claydol
|-resisted|p1a: Claydol
|-damage|p1a: Claydol|35/100
|cant|p1a: Claydol|flinch
|
|-weather|Sandstorm|[upkeep]
|-heal|p1a: Claydol|41/100|[from] item: Leftovers
|upkeep
|turn|41
|inactive|E585 has 270 seconds left.
|inactive|walkrr has 120 seconds left.
|
|t:|1728588577
|switch|p2a: Swampert|Swampert, M|55/100 tox
|switch|p1a: Hariyama|Hariyama, M|36/100
|
|-weather|Sandstorm|[upkeep]
|-damage|p1a: Hariyama|30/100|[from] Sandstorm
|-heal|p2a: Swampert|61/100 tox|[from] item: Leftovers
|-damage|p2a: Swampert|55/100 tox|[from] psn
|-heal|p1a: Hariyama|36/100|[from] item: Leftovers
|upkeep
|turn|42
|
|t:|1728588593
|move|p2a: Swampert|Earthquake|p1a: Hariyama
|-damage|p1a: Hariyama|3/100
|move|p1a: Hariyama|Knock Off|p2a: Swampert
|-damage|p2a: Swampert|53/100 tox
|-enditem|p2a: Swampert|Leftovers|[from] move: Knock Off|[of] p1a: Hariyama
|
|-weather|Sandstorm|[upkeep]
|-damage|p1a: Hariyama|0 fnt|[from] Sandstorm
|faint|p1a: Hariyama
|-damage|p2a: Swampert|40/100 tox|[from] psn
|upkeep
|inactive|walkrr has 90 seconds left.
|
|t:|1728588612
|switch|p1a: Suicune|Suicune|88/100
|turn|43
|
|t:|1728588618
|move|p1a: Suicune|Surf|p2a: Swampert
|-damage|p2a: Swampert|14/100 tox
|move|p2a: Swampert|Earthquake|p1a: Suicune
|-damage|p1a: Suicune|65/100
|
|-weather|Sandstorm|[upkeep]
|-damage|p1a: Suicune|58/100|[from] Sandstorm
|-heal|p1a: Suicune|65/100|[from] item: Leftovers
|-damage|p2a: Swampert|0 fnt|[from] psn
|faint|p2a: Swampert
|upkeep
|
|t:|1728588620
|switch|p2a: Celebi|Celebi|68/100
|turn|44
|
|t:|1728588636
|switch|p1a: Blissey|Blissey, F|18/100
|move|p2a: Celebi|Hidden Power|p1a: Blissey
|-crit|p1a: Blissey
|-damage|p1a: Blissey|0 fnt
|faint|p1a: Blissey
|inactive|walkrr has 90 seconds left.
|inactive|walkrr has 60 seconds left.
|
|t:|1728588697
|switch|p1a: Salamence|Salamence, M|67/100
|-ability|p1a: Salamence|Intimidate|boost
|-unboost|p2a: Celebi|atk|1
|
|-weather|Sandstorm|[upkeep]
|-damage|p1a: Salamence|61/100|[from] Sandstorm
|-damage|p2a: Celebi|61/100|[from] Sandstorm
|upkeep
|turn|45
|
|t:|1728588709
|switch|p2a: Aerodactyl|Aerodactyl, F|100/100
|move|p1a: Salamence|Hidden Power|p2a: Aerodactyl
|-resisted|p2a: Aerodactyl
|-damage|p2a: Aerodactyl|56/100
|
|-weather|Sandstorm|[upkeep]
|-damage|p1a: Salamence|55/100|[from] Sandstorm
|upkeep
|turn|46
|
|t:|1728588735
|switch|p1a: Claydol|Claydol|41/100
|move|p2a: Aerodactyl|Double-Edge|p1a: Claydol
|-damage|p1a: Claydol|0 fnt
|faint|p1a: Claydol
|
|t:|1728588741
|switch|p1a: Suicune|Suicune|65/100
|
|-weather|Sandstorm|[upkeep]
|-damage|p1a: Suicune|58/100|[from] Sandstorm
|-heal|p1a: Suicune|65/100|[from] item: Leftovers
|upkeep
|turn|47
|inactive|walkrr has 30 seconds left.
|inactive|walkrr has 20 seconds left.
|inactive|walkrr has 15 seconds left.
|inactive|E585 has 270 seconds left.
|inactive|walkrr has 10 seconds left.
|inactive|E585 has 240 seconds left.
|
|t:|1728588825
|switch|p2a: Celebi|Celebi|61/100
|move|p1a: Suicune|Surf|p2a: Celebi
|-resisted|p2a: Celebi
|-damage|p2a: Celebi|50/100
|
|-weather|Sandstorm|[upkeep]
|-damage|p2a: Celebi|43/100|[from] Sandstorm
|-damage|p1a: Suicune|58/100|[from] Sandstorm
|-heal|p1a: Suicune|65/100|[from] item: Leftovers
|upkeep
|turn|48
|inactive|walkrr has 20 seconds left this turn.
|inactive|walkrr has 15 seconds left.
|inactive|walkrr has 10 seconds left.
|inactive|walkrr has 5 seconds left.
|
|t:|1728588841
|switch|p1a: Salamence|Salamence, M|55/100
|-ability|p1a: Salamence|Intimidate|boost
|-unboost|p2a: Celebi|atk|1
|move|p2a: Celebi|Hidden Power|p1a: Salamence
|-resisted|p1a: Salamence
|-damage|p1a: Salamence|46/100
|
|-weather|Sandstorm|[upkeep]
|-damage|p1a: Salamence|40/100|[from] Sandstorm
|-damage|p2a: Celebi|37/100|[from] Sandstorm
|upkeep
|turn|49
|inactive|walkrr has 15 seconds left this turn.
|inactive|walkrr has 10 seconds left.
|inactive|walkrr has 5 seconds left.
|
|t:|1728588859
|move|p1a: Salamence|Brick Break|p2a: Celebi
|-resisted|p2a: Celebi
|-crit|p2a: Celebi
|-damage|p2a: Celebi|11/100
|move|p2a: Celebi|Psychic|p1a: Salamence
|-damage|p1a: Salamence|0 fnt
|faint|p1a: Salamence
|inactive|walkrr has 10 seconds left this turn.
|inactive|walkrr has 5 seconds left.
|
|t:|1728588866
|switch|p1a: Suicune|Suicune|65/100
|
|-weather|Sandstorm|[upkeep]
|-damage|p2a: Celebi|5/100|[from] Sandstorm
|-damage|p1a: Suicune|58/100|[from] Sandstorm
|-heal|p1a: Suicune|65/100|[from] item: Leftovers
|upkeep
|turn|50
|inactive|walkrr has 15 seconds left this turn.
|inactive|walkrr has 10 seconds left.
|
|t:|1728588873
|move|p2a: Celebi|Hidden Power|p1a: Suicune
|-supereffective|p1a: Suicune
|-damage|p1a: Suicune|24/100
|move|p1a: Suicune|Surf|p2a: Celebi
|-resisted|p2a: Celebi
|-damage|p2a: Celebi|0 fnt
|faint|p2a: Celebi
|inactive|walkrr has 15 seconds left this turn.
|
|t:|1728588875
|switch|p2a: Aerodactyl|Aerodactyl, F|56/100
|
|-weather|Sandstorm|[upkeep]
|-damage|p1a: Suicune|18/100|[from] Sandstorm
|-heal|p1a: Suicune|24/100|[from] item: Leftovers
|upkeep
|turn|51
|inactive|walkrr has 25 seconds left this turn.
|inactive|walkrr has 20 seconds left.
|
|t:|1728588884
|move|p2a: Aerodactyl|Double-Edge|p1a: Suicune
|-damage|p1a: Suicune|0 fnt
|faint|p1a: Suicune
|
|win|E585
|inactive|walkrr has 25 seconds left this turn.

</script>
<script type="application/json" class="data" id="replaydata-smogtours-gen3ou-796980">
{"id":"smogtours-gen3ou-796980","format":"[Gen 3] OU","players":["walkrr","E585"],"uploadtime":1728588884,"views":123,"formatid":"gen3ou","rating":null,"private":0,"password":null}
</script>

<script defer src="js/replays.js?9d40a366"></script>
