<!DOCTYPE html>
<meta charset="utf-8" />
<meta name="viewport" content="width=device-width" />

<title>[Gen 3] OU: ProfessorKid vs. ylisseanstarlight - Replays - Pok&eacute;mon Showdown!</title>

<meta name="description" content="Watch a replay of a Pok&eacute;mon battle between ProfessorKid and ylisseanstarlight! Format: [Gen 3] OU; Date: Oct 10, 2024" />
<!--

Hey, you! Looking in the source for the replay log?

You can find them in JSON format, just add `.json` at the end of a replay URL.

https://replay.pokemonshowdown.com/gen7randomdoublesbattle-865046831.json

Or, if you only need the log itself, add `.log` instead:

https://replay.pokemonshowdown.com/gen7randomdoublesbattle-865046831.log

-->

<link rel="stylesheet" href="//pokemonshowdown.com/style/global.css?0.023195364461161105" />
<link rel="stylesheet" href="//play.pokemonshowdown.com/style/font-awesome.css?0.13261647063804238" />
<link rel="stylesheet" href="//play.pokemonshowdown.com/style/battle.css?0.8753245789963631" />
<link rel="stylesheet" href="//play.pokemonshowdown.com/style/utilichart.css?0.8627959624976733" />

<!-- Global site tag (gtag.js) - Google Analytics -->
<script async src="https://www.googletagmanager.com/gtag/js?id=UA-26211653-1"></script>
<script>
  window.dataLayer = window.dataLayer || [];
  function gtag(){dataLayer.push(arguments);}
  gtag('js', new Date());

  gtag('config', 'UA-26211653-1');
</script>
<!-- End Google Analytics -->
<!-- Venatus Ad Manager - Install in <HEAD> of page -->
	<script src="https://hb.vntsm.com/v3/live/ad-manager.min.js" type="text/javascript" data-site-id="642aba63ec9a7b11c3c9c1be" data-mode="scan" async></script>
<!-- / Venatus Ad Manager -->

<style>
	@media (max-width:820px) {
		.battle {
			margin: 0 auto;
		}
		.battle-log {
			margin: 7px auto 0;
			max-width: 640px;
			height: 300px;
			position: static;
		}
	}
	.optgroup {
		display: inline-block;
		line-height: 22px;
		font-size: 10pt;
	}
	.optgroup .button {
		height: 25px;
		padding-top: 0;
		padding-bottom: 0;
	}
	.optgroup button.button {
		padding-left: 12px;
		padding-right: 12px;
	}
	.linklist {
		list-style: none;
		margin: 0.5em 0;
		padding: 0;
	}
	.linklist li {
		padding: 2px 0;
	}
	.sidebar {
		float: left;
		width: 320px;
	}
	.bar-wrapper {
		max-width: 1100px;
		margin: 0 auto;
	}
	.bar-wrapper.has-sidebar {
		max-width: 1430px;
	}
	.mainbar {
		margin: 0;
		padding-right: 1px;
	}
	.mainbar.has-sidebar {
		margin-left: 330px;
	}
	@media (min-width: 1511px) {
		.sidebar {
			width: 400px;
		}
		.bar-wrapper.has-sidebar {
			max-width: 1510px;
		}
		.mainbar.has-sidebar {
			margin-left: 410px;
		}
	}
	.section.first-section {
		margin-top: 9px;
	}
	.blocklink small {
		white-space: normal;
	}
	.button {
		vertical-align: middle;
	}
	.replay-controls {
		padding-top: 10px;
	}
	.replay-controls h1 {
		font-size: 16pt;
		font-weight: normal;
		color: #CCC;
	}
	.pagelink {
		text-align: center;
	}
	.pagelink a {
		width: 150px;
	}
	.textbox, .button {
		font-size: 11pt;
		vertical-align: middle;
	}
	@media (max-width: 450px) {
		.button {
			font-size: 9pt;
		}
	}
</style>

<div>

	<header>
		<div class="nav-wrapper"><ul class="nav">
			<li><a class="button nav-first" href="//pokemonshowdown.com/"><img src="//pokemonshowdown.com/images/pokemonshowdownbeta.png" srcset="//pokemonshowdown.com/images/pokemonshowdownbeta.png 1x, //pokemonshowdown.com/images/pokemonshowdownbeta@2x.png 2x" alt="Pok&eacute;mon Showdown" width="146" height="44" /> Home</a></li>
			<li><a class="button" href="//pokemonshowdown.com/dex/">Pok&eacute;dex</a></li>
			<li><a class="button cur" href="/">Replays</a></li>
			<li><a class="button" href="//pokemonshowdown.com/ladder/">Ladder</a></li>
			<li><a class="button nav-last" href="//pokemonshowdown.com/forums/">Forum</a></li>
			<li><a class="button greenbutton nav-first nav-last" href="//play.pokemonshowdown.com/">Play</a></li>
		</ul></div>
	</header>

	<div class="main" id="main">

		<noscript><section class="section">You need to enable JavaScript to use this page; sorry!</section></noscript>

	</div>

</div>

<script defer nomodule src="//play.pokemonshowdown.com/js/lib/ps-polyfill.js"></script>
<script defer src="//play.pokemonshowdown.com/js/lib/preact.min.js"></script>

<script defer src="//play.pokemonshowdown.com/config/config.js?2bddbc15"></script>
<script defer src="//play.pokemonshowdown.com/js/lib/jquery-1.11.0.min.js"></script>
<script defer src="//play.pokemonshowdown.com/js/lib/html-sanitizer-minified.js"></script>
<script defer src="//play.pokemonshowdown.com/js/battle-sound.js"></script>
<script defer src="//play.pokemonshowdown.com/js/battledata.js?0.7209276989879541"></script>
<script defer src="//play.pokemonshowdown.com/data/pokedex-mini.js?0.6111056340867951"></script>
<script defer src="//play.pokemonshowdown.com/data/pokedex-mini-bw.js?0.3532142036491459"></script>
<script defer src="//play.pokemonshowdown.com/data/graphics.js?0.24223875632456182"></script>
<script defer src="//play.pokemonshowdown.com/data/pokedex.js?0.38839984266356864"></script>
<script defer src="//play.pokemonshowdown.com/data/moves.js?0.21866028504024015"></script>
<script defer src="//play.pokemonshowdown.com/data/abilities.js?0.2005157953846628"></script>
<script defer src="//play.pokemonshowdown.com/data/items.js?0.9894211263848525"></script>
<script defer src="//play.pokemonshowdown.com/data/teambuilder-tables.js?0.6008791140282215"></script>
<script defer src="//play.pokemonshowdown.com/js/battle-tooltips.js?0.7580118955022959"></script>
<script defer src="//play.pokemonshowdown.com/js/battle.js?0.6057722274234274"></script>

<script defer src="js/utils.js?e31f9a17"></script>
<script defer src="js/replays-battle.js?7008c182"></script>

<!-- don't scrape this data! just add .json or .log after the URL!
Full API docs: https://github.com/smogon/pokemon-showdown-client/blob/master/WEB-API.md -->
<script type="text/plain" class="log" id="replaylog-smogtours-gen3ou-797069">
|inactive|Battle timer is ON: inactive players will automatically lose when time's up.
|t:|1728601800
|gametype|singles
|player|p1|ProfessorKid|169|
|player|p2|ylisseanstarlight|n|
|teamsize|p1|6
|teamsize|p2|6
|gen|3
|tier|[Gen 3] OU
|rule|Sleep Clause Mod: Limit one foe put to sleep
|rule|Switch Priority Clause Mod: Faster Pokémon switch first
|rule|Species Clause: Limit one of each Pokémon
|rule|OHKO Clause: OHKO moves are banned
|rule|Evasion Items Clause: Evasion items are banned
|rule|Evasion Moves Clause: Evasion moves are banned
|rule|Endless Battle Clause: Forcing endless battles is banned
|rule|HP Percentage Mod: HP is shown in percentages
|rule|One Boost Passer Clause: Limit one Baton Passer that has a way to boost its stats
|rule|Freeze Clause Mod: Limit one foe frozen
|
|t:|1728601800
|start
|switch|p1a: Salamence|Salamence, M|100/100
|switch|p2a: Blaziken|Blaziken, M|100/100
|-ability|p1a: Salamence|Intimidate|boost
|-unboost|p2a: Blaziken|atk|1
|turn|1
|
|t:|1728601814
|switch|p2a: Umbreon|Umbreon, M|100/100
|move|p1a: Salamence|Dragon Dance|p1a: Salamence
|-boost|p1a: Salamence|atk|1
|-boost|p1a: Salamence|spe|1
|
|upkeep
|turn|2
|
|t:|1728601820
|move|p1a: Salamence|Rock Slide|p2a: Umbreon
|-damage|p2a: Umbreon|74/100
|move|p2a: Umbreon|Curse|p2a: Umbreon
|-unboost|p2a: Umbreon|spe|1
|-boost|p2a: Umbreon|atk|1
|-boost|p2a: Umbreon|def|1
|
|-heal|p2a: Umbreon|80/100|[from] item: Leftovers
|upkeep
|turn|3
|
|t:|1728601826
|move|p1a: Salamence|Dragon Dance|p1a: Salamence
|-boost|p1a: Salamence|atk|1
|-boost|p1a: Salamence|spe|1
|move|p2a: Umbreon|Wish|p2a: Umbreon
|
|-heal|p2a: Umbreon|86/100|[from] item: Leftovers
|upkeep
|turn|4
|
|t:|1728601833
|move|p1a: Salamence|Hidden Power|p2a: Umbreon
|-damage|p2a: Umbreon|51/100
|move|p2a: Umbreon|Curse|p2a: Umbreon
|-unboost|p2a: Umbreon|spe|1
|-boost|p2a: Umbreon|atk|1
|-boost|p2a: Umbreon|def|1
|
|-heal|p2a: Umbreon|100/100|[from] move: Wish|[wisher] Umbreon
|upkeep
|turn|5
|
|t:|1728601838
|move|p1a: Salamence|Dragon Dance|p1a: Salamence
|-boost|p1a: Salamence|atk|1
|-boost|p1a: Salamence|spe|1
|move|p2a: Umbreon|Wish|p2a: Umbreon
|
|upkeep
|turn|6
|
|t:|1728601842
|move|p1a: Salamence|Hidden Power|p2a: Umbreon
|-damage|p2a: Umbreon|68/100
|move|p2a: Umbreon|Curse|p2a: Umbreon
|-unboost|p2a: Umbreon|spe|1
|-boost|p2a: Umbreon|atk|1
|-boost|p2a: Umbreon|def|1
|
|-heal|p2a: Umbreon|100/100|[from] move: Wish|[wisher] Umbreon
|upkeep
|turn|7
|
|t:|1728601847
|move|p1a: Salamence|Dragon Dance|p1a: Salamence
|-boost|p1a: Salamence|atk|1
|-boost|p1a: Salamence|spe|1
|move|p2a: Umbreon|Curse|p2a: Umbreon
|-unboost|p2a: Umbreon|spe|1
|-boost|p2a: Umbreon|atk|1
|-boost|p2a: Umbreon|def|1
|
|upkeep
|turn|8
|
|t:|1728601850
|move|p1a: Salamence|Dragon Dance|p1a: Salamence
|-boost|p1a: Salamence|atk|1
|-boost|p1a: Salamence|spe|1
|move|p2a: Umbreon|Wish|p2a: Umbreon
|
|upkeep
|turn|9
|
|t:|1728601853
|move|p1a: Salamence|Dragon Dance|p1a: Salamence
|-boost|p1a: Salamence|atk|1
|-boost|p1a: Salamence|spe|1
|move|p2a: Umbreon|Curse|p2a: Umbreon
|-unboost|p2a: Umbreon|spe|1
|-boost|p2a: Umbreon|atk|1
|-boost|p2a: Umbreon|def|1
|
|upkeep
|turn|10
|
|t:|1728601856
|move|p1a: Salamence|Hidden Power|p2a: Umbreon
|-damage|p2a: Umbreon|70/100
|move|p2a: Umbreon|Curse|p2a: Umbreon
|-unboost|p2a: Umbreon|spe|1
|-boost|p2a: Umbreon|atk|1
|-boost|p2a: Umbreon|def|1
|
|-heal|p2a: Umbreon|76/100|[from] item: Leftovers
|upkeep
|turn|11
|
|t:|1728601862
|move|p2a: Umbreon|Protect|p2a: Umbreon
|-singleturn|p2a: Umbreon|Protect
|move|p1a: Salamence|Hidden Power|p2a: Umbreon
|-activate|p2a: Umbreon|Protect
|
|-heal|p2a: Umbreon|82/100|[from] item: Leftovers
|upkeep
|turn|12
|
|t:|1728601866
|move|p1a: Salamence|Hidden Power|p2a: Umbreon
|-damage|p2a: Umbreon|56/100
|move|p2a: Umbreon|Wish|p2a: Umbreon
|
|-heal|p2a: Umbreon|62/100|[from] item: Leftovers
|upkeep
|turn|13
|
|t:|1728601888
|move|p1a: Salamence|Hidden Power|p2a: Umbreon
|-damage|p2a: Umbreon|34/100
|move|p2a: Umbreon|Baton Pass|p2a: Umbreon
|
|t:|1728601902
|switch|p2a: Suicune|Suicune|100/100|[from] Baton Pass
|
|upkeep
|turn|14
|
|t:|1728601917
|switch|p1a: Blissey|Blissey, F|100/100
|move|p2a: Suicune|Substitute|p2a: Suicune
|-start|p2a: Suicune|Substitute
|-damage|p2a: Suicune|75/100
|
|-heal|p2a: Suicune|82/100|[from] item: Leftovers
|upkeep
|turn|15
|
|t:|1728601920
|move|p1a: Blissey|Seismic Toss|p2a: Suicune
|-activate|p2a: Suicune|Substitute|[damage]
|move|p2a: Suicune|Calm Mind|p2a: Suicune
|-boost|p2a: Suicune|spa|1
|-boost|p2a: Suicune|spd|1
|
|-heal|p2a: Suicune|88/100|[from] item: Leftovers
|upkeep
|turn|16
|
|t:|1728601924
|move|p1a: Blissey|Seismic Toss|p2a: Suicune
|-end|p2a: Suicune|Substitute
|move|p2a: Suicune|Calm Mind|p2a: Suicune
|-boost|p2a: Suicune|spa|1
|-boost|p2a: Suicune|spd|1
|
|-heal|p2a: Suicune|94/100|[from] item: Leftovers
|upkeep
|turn|17
|
|t:|1728601934
|move|p1a: Blissey|Toxic|p2a: Suicune
|-status|p2a: Suicune|tox
|move|p2a: Suicune|Substitute|p2a: Suicune
|-start|p2a: Suicune|Substitute
|-damage|p2a: Suicune|69/100 tox
|
|-heal|p2a: Suicune|75/100 tox|[from] item: Leftovers
|-damage|p2a: Suicune|69/100 tox|[from] psn
|upkeep
|turn|18
|
|t:|1728601939
|move|p1a: Blissey|Seismic Toss|p2a: Suicune
|-activate|p2a: Suicune|Substitute|[damage]
|move|p2a: Suicune|Surf|p1a: Blissey
|-damage|p1a: Blissey|70/100
|
|-heal|p1a: Blissey|76/100|[from] item: Leftovers
|-heal|p2a: Suicune|75/100 tox|[from] item: Leftovers
|-damage|p2a: Suicune|63/100 tox|[from] psn
|upkeep
|turn|19
|
|t:|1728601945
|switch|p2a: Celebi|Celebi|100/100
|move|p1a: Blissey|Seismic Toss|p2a: Celebi
|-damage|p2a: Celebi|76/100
|
|-heal|p2a: Celebi|82/100|[from] item: Leftovers
|-heal|p1a: Blissey|82/100|[from] item: Leftovers
|upkeep
|turn|20
|
|t:|1728601951
|switch|p1a: Metagross|Metagross|100/100
|move|p2a: Celebi|Leech Seed|p1a: Metagross
|-start|p1a: Metagross|move: Leech Seed
|
|-heal|p2a: Celebi|88/100|[from] item: Leftovers
|-damage|p1a: Metagross|88/100|[from] Leech Seed|[of] p2a: Celebi
|-heal|p2a: Celebi|98/100|[silent]
|upkeep
|turn|21
|
|t:|1728601954
|move|p2a: Celebi|Heal Bell|p2a: Celebi
|-activate|p2a: Celebi|move: Heal Bell
|-curestatus|p2: Suicune|tox|[silent]
|move|p1a: Metagross|Meteor Mash|p2a: Celebi
|-damage|p2a: Celebi|52/100
|
|-heal|p2a: Celebi|58/100|[from] item: Leftovers
|-damage|p1a: Metagross|76/100|[from] Leech Seed|[of] p2a: Celebi
|-heal|p2a: Celebi|68/100|[silent]
|upkeep
|turn|22
|
|t:|1728601962
|switch|p1a: Salamence|Salamence, M|100/100
|-ability|p1a: Salamence|Intimidate|boost
|-unboost|p2a: Celebi|atk|1
|move|p2a: Celebi|Baton Pass|p2a: Celebi
|
|t:|1728601972
|switch|p2a: Skarmory|Skarmory, F|100/100|[from] Baton Pass
|
|upkeep
|turn|23
|
|t:|1728601976
|switch|p1a: Breloom|Breloom, M|100/100
|move|p2a: Skarmory|Toxic|p1a: Breloom
|-status|p1a: Breloom|tox
|
|-damage|p1a: Breloom|94/100 tox|[from] psn
|upkeep
|turn|24
|
|t:|1728601982
|move|p2a: Skarmory|Protect|p2a: Skarmory
|-singleturn|p2a: Skarmory|Protect
|move|p1a: Breloom|Spore|p2a: Skarmory
|-activate|p2a: Skarmory|Protect
|
|-heal|p1a: Breloom|100/100 tox|[from] item: Leftovers
|-damage|p1a: Breloom|88/100 tox|[from] psn
|upkeep
|turn|25
|
|t:|1728602010
|move|p1a: Breloom|Leech Seed|p2a: Skarmory
|-start|p2a: Skarmory|move: Leech Seed
|move|p2a: Skarmory|Spikes|p1a: Breloom
|-sidestart|p1: ProfessorKid|Spikes
|
|-heal|p1a: Breloom|94/100 tox|[from] item: Leftovers
|-damage|p1a: Breloom|76/100 tox|[from] psn
|-damage|p2a: Skarmory|88/100|[from] Leech Seed|[of] p1a: Breloom
|-heal|p1a: Breloom|92/100 tox|[silent]
|upkeep
|turn|26
|
|t:|1728602016
|-singleturn|p1a: Breloom|move: Focus Punch
|move|p2a: Skarmory|Protect|p2a: Skarmory
|-singleturn|p2a: Skarmory|Protect
|move|p1a: Breloom|Focus Punch|p2a: Skarmory
|-activate|p2a: Skarmory|Protect
|
|-heal|p1a: Breloom|98/100 tox|[from] item: Leftovers
|-damage|p1a: Breloom|73/100 tox|[from] psn
|-heal|p2a: Skarmory|94/100|[from] item: Leftovers
|-damage|p2a: Skarmory|82/100|[from] Leech Seed|[of] p1a: Breloom
|-heal|p1a: Breloom|89/100 tox|[silent]
|upkeep
|turn|27
|inactive|ylisseanstarlight has 270 seconds left.
|
|t:|1728602066
|switch|p1a: Jirachi|Jirachi|100/100
|-damage|p1a: Jirachi|88/100|[from] Spikes
|switch|p2a: Celebi|Celebi|68/100
|
|-heal|p2a: Celebi|74/100|[from] item: Leftovers
|-heal|p1a: Jirachi|94/100|[from] item: Leftovers
|upkeep
|turn|28
|
|t:|1728602078
|move|p2a: Celebi|Leech Seed|p1a: Jirachi
|-start|p1a: Jirachi|move: Leech Seed
|move|p1a: Jirachi|Substitute|p1a: Jirachi
|-start|p1a: Jirachi|Substitute
|-damage|p1a: Jirachi|69/100
|
|-heal|p2a: Celebi|80/100|[from] item: Leftovers
|-heal|p1a: Jirachi|75/100|[from] item: Leftovers
|-damage|p1a: Jirachi|63/100|[from] Leech Seed|[of] p2a: Celebi
|-heal|p2a: Celebi|93/100|[silent]
|upkeep
|turn|29
|
|t:|1728602086
|move|p2a: Celebi|Baton Pass|p2a: Celebi
|
|t:|1728602091
|switch|p2a: Blaziken|Blaziken, M|100/100|[from] Baton Pass
|move|p1a: Jirachi|Fire Punch|p2a: Blaziken
|-resisted|p2a: Blaziken
|-damage|p2a: Blaziken|79/100
|
|-heal|p2a: Blaziken|85/100|[from] item: Leftovers
|-heal|p1a: Jirachi|69/100|[from] item: Leftovers
|-damage|p1a: Jirachi|57/100|[from] Leech Seed|[of] p2a: Blaziken
|-heal|p2a: Blaziken|100/100|[silent]
|upkeep
|turn|30
|
|t:|1728602099
|switch|p1a: Salamence|Salamence, M|100/100
|-ability|p1a: Salamence|Intimidate|boost
|-unboost|p2a: Blaziken|atk|1
|move|p2a: Blaziken|Substitute|p2a: Blaziken
|-start|p2a: Blaziken|Substitute
|-damage|p2a: Blaziken|76/100
|
|-heal|p2a: Blaziken|82/100|[from] item: Leftovers
|upkeep
|turn|31
|
|t:|1728602104
|move|p1a: Salamence|Hidden Power|p2a: Blaziken
|-supereffective|p2a: Blaziken
|-end|p2a: Blaziken|Substitute
|move|p2a: Blaziken|Thunder Punch|p1a: Salamence
|-damage|p1a: Salamence|74/100
|
|-heal|p1a: Salamence|80/100|[from] item: Leftovers
|-heal|p2a: Blaziken|88/100|[from] item: Leftovers
|upkeep
|turn|32
|
|t:|1728602111
|switch|p2a: Suicune|Suicune|63/100
|move|p1a: Salamence|Dragon Dance|p1a: Salamence
|-boost|p1a: Salamence|atk|1
|-boost|p1a: Salamence|spe|1
|
|-heal|p1a: Salamence|86/100|[from] item: Leftovers
|-heal|p2a: Suicune|69/100|[from] item: Leftovers
|upkeep
|turn|33
|
|t:|1728602116
|switch|p1a: Blissey|Blissey, F|82/100
|-damage|p1a: Blissey|69/100|[from] Spikes
|move|p2a: Suicune|Ice Beam|p1a: Blissey
|-crit|p1a: Blissey
|-damage|p1a: Blissey|50/100
|
|-heal|p2a: Suicune|75/100|[from] item: Leftovers
|-heal|p1a: Blissey|56/100|[from] item: Leftovers
|upkeep
|turn|34
|
|t:|1728602121
|switch|p2a: Skarmory|Skarmory, F|82/100
|move|p1a: Blissey|Wish|p1a: Blissey
|
|-heal|p2a: Skarmory|88/100|[from] item: Leftovers
|-heal|p1a: Blissey|63/100|[from] item: Leftovers
|upkeep
|turn|35
|
|t:|1728602133
|move|p2a: Skarmory|Spikes|p1a: Blissey
|-sidestart|p1: ProfessorKid|Spikes
|move|p1a: Blissey|Seismic Toss|p2a: Skarmory
|-damage|p2a: Skarmory|58/100
|
|-heal|p1a: Blissey|100/100|[from] move: Wish|[wisher] Blissey
|-heal|p2a: Skarmory|64/100|[from] item: Leftovers
|upkeep
|turn|36
|
|t:|1728602144
|move|p2a: Skarmory|Toxic|p1a: Blissey|[miss]
|-miss|p2a: Skarmory|p1a: Blissey
|move|p1a: Blissey|Wish|p1a: Blissey
|
|-heal|p2a: Skarmory|70/100|[from] item: Leftovers
|upkeep
|turn|37
|
|t:|1728602148
|switch|p1a: Jirachi|Jirachi|57/100
|-damage|p1a: Jirachi|40/100|[from] Spikes
|move|p2a: Skarmory|Roar|p1a: Jirachi
|drag|p1a: Suicune|Suicune|100/100
|-damage|p1a: Suicune|84/100|[from] Spikes
|
|-heal|p1a: Suicune|100/100|[from] move: Wish|[wisher] Blissey
|-heal|p2a: Skarmory|76/100|[from] item: Leftovers
|upkeep
|turn|38
|
|t:|1728602158
|move|p1a: Suicune|Surf|p2a: Skarmory
|-damage|p2a: Skarmory|21/100
|move|p2a: Skarmory|Toxic|p1a: Suicune|[miss]
|-miss|p2a: Skarmory|p1a: Suicune
|
|-heal|p2a: Skarmory|27/100|[from] item: Leftovers
|upkeep
|turn|39
|
|t:|1728602168
|switch|p2a: Celebi|Celebi|93/100
|move|p1a: Suicune|Surf|p2a: Celebi
|-resisted|p2a: Celebi
|-damage|p2a: Celebi|77/100
|
|-heal|p2a: Celebi|84/100|[from] item: Leftovers
|upkeep
|turn|40
|
|t:|1728602179
|switch|p1a: Salamence|Salamence, M|86/100
|-ability|p1a: Salamence|Intimidate|boost
|-unboost|p2a: Celebi|atk|1
|move|p2a: Celebi|Leech Seed|p1a: Salamence
|-start|p1a: Salamence|move: Leech Seed
|
|-heal|p1a: Salamence|92/100|[from] item: Leftovers
|-damage|p1a: Salamence|79/100|[from] Leech Seed|[of] p2a: Celebi
|-heal|p2a: Celebi|94/100|[silent]
|-heal|p2a: Celebi|99/100|[from] item: Leftovers
|upkeep
|turn|41
|
|t:|1728602190
|switch|p1a: Blissey|Blissey, F|100/100
|-damage|p1a: Blissey|84/100|[from] Spikes
|switch|p2a: Suicune|Suicune|75/100
|
|-heal|p2a: Suicune|81/100|[from] item: Leftovers
|-heal|p1a: Blissey|90/100|[from] item: Leftovers
|upkeep
|turn|42
|
|t:|1728602200
|switch|p2a: Umbreon|Umbreon, M|34/100
|move|p1a: Blissey|Toxic|p2a: Umbreon
|-status|p2a: Umbreon|tox
|-status|p1a: Blissey|psn|[from] ability: Synchronize|[of] p2a: Umbreon
|
|-heal|p2a: Umbreon|40/100 tox|[from] item: Leftovers
|-damage|p2a: Umbreon|34/100 tox|[from] psn
|-heal|p1a: Blissey|96/100 psn|[from] item: Leftovers
|-damage|p1a: Blissey|84/100 psn|[from] psn
|upkeep
|turn|43
|
|t:|1728602207
|move|p2a: Umbreon|Wish|p2a: Umbreon
|move|p1a: Blissey|Wish|p1a: Blissey
|
|-heal|p2a: Umbreon|40/100 tox|[from] item: Leftovers
|-damage|p2a: Umbreon|28/100 tox|[from] psn
|-heal|p1a: Blissey|90/100 psn|[from] item: Leftovers
|-damage|p1a: Blissey|77/100 psn|[from] psn
|upkeep
|turn|44
|
|t:|1728602214
|-curestatus|p1a: Blissey|psn|[from] ability: Natural Cure
|switch|p1a: Jirachi|Jirachi|40/100
|-damage|p1a: Jirachi|24/100|[from] Spikes
|move|p2a: Umbreon|Protect||[still]
|-fail|p2a: Umbreon
|
|-heal|p1a: Jirachi|74/100|[from] move: Wish|[wisher] Blissey
|-heal|p2a: Umbreon|78/100 tox|[from] move: Wish|[wisher] Umbreon
|-heal|p1a: Jirachi|80/100|[from] item: Leftovers
|-heal|p2a: Umbreon|84/100 tox|[from] item: Leftovers
|-damage|p2a: Umbreon|65/100 tox|[from] psn
|upkeep
|turn|45
|
|t:|1728602226
|switch|p2a: Blaziken|Blaziken, M|88/100
|move|p1a: Jirachi|Substitute|p1a: Jirachi
|-start|p1a: Jirachi|Substitute
|-damage|p1a: Jirachi|55/100
|
|-heal|p2a: Blaziken|94/100|[from] item: Leftovers
|-heal|p1a: Jirachi|61/100|[from] item: Leftovers
|upkeep
|turn|46
|
|t:|1728602237
|move|p2a: Blaziken|Substitute|p2a: Blaziken
|-start|p2a: Blaziken|Substitute
|-damage|p2a: Blaziken|69/100
|move|p1a: Jirachi|Thunderbolt|p2a: Blaziken
|-end|p2a: Blaziken|Substitute
|
|-heal|p2a: Blaziken|75/100|[from] item: Leftovers
|-heal|p1a: Jirachi|67/100|[from] item: Leftovers
|upkeep
|turn|47
|
|t:|1728602252
|move|p2a: Blaziken|Fire Blast|p1a: Jirachi
|-supereffective|p1a: Jirachi
|-end|p1a: Jirachi|Substitute
|move|p1a: Jirachi|Thunderbolt|p2a: Blaziken
|-damage|p2a: Blaziken|25/100
|
|-heal|p2a: Blaziken|31/100|[from] item: Leftovers
|-heal|p1a: Jirachi|74/100|[from] item: Leftovers
|upkeep
|turn|48
|
|t:|1728602261
|-singleturn|p2a: Blaziken|move: Focus Punch
|switch|p1a: Suicune|Suicune|100/100
|-damage|p1a: Suicune|84/100|[from] Spikes
|move|p2a: Blaziken|Focus Punch|p1a: Suicune
|-damage|p1a: Suicune|40/100
|
|-heal|p2a: Blaziken|37/100|[from] item: Leftovers
|-heal|p1a: Suicune|46/100|[from] item: Leftovers
|upkeep
|turn|49
|inactive|ylisseanstarlight has 270 seconds left.
|
|t:|1728602312
|switch|p2a: Celebi|Celebi|99/100
|move|p1a: Suicune|Calm Mind|p1a: Suicune
|-boost|p1a: Suicune|spa|1
|-boost|p1a: Suicune|spd|1
|
|-heal|p2a: Celebi|100/100|[from] item: Leftovers
|-heal|p1a: Suicune|52/100|[from] item: Leftovers
|upkeep
|turn|50
|
|t:|1728602319
|move|p2a: Celebi|Leech Seed|p1a: Suicune
|-start|p1a: Suicune|move: Leech Seed
|move|p1a: Suicune|Ice Beam|p2a: Celebi
|-supereffective|p2a: Celebi
|-damage|p2a: Celebi|29/100
|
|-heal|p2a: Celebi|35/100|[from] item: Leftovers
|-heal|p1a: Suicune|58/100|[from] item: Leftovers
|-damage|p1a: Suicune|46/100|[from] Leech Seed|[of] p2a: Celebi
|-heal|p2a: Celebi|47/100|[silent]
|upkeep
|turn|51
|
|t:|1728602326
|switch|p1a: Blissey|Blissey, F|77/100
|-damage|p1a: Blissey|61/100|[from] Spikes
|move|p2a: Celebi|Recover|p2a: Celebi
|-heal|p2a: Celebi|97/100
|
|-heal|p2a: Celebi|100/100|[from] item: Leftovers
|-heal|p1a: Blissey|67/100|[from] item: Leftovers
|upkeep
|turn|52
|inactive|ylisseanstarlight has 270 seconds left.
|
|t:|1728602331
|move|p2a: Celebi|Baton Pass|p2a: Celebi
|inactive|ylisseanstarlight has 270 seconds left.
|
|t:|1728602336
|switch|p2a: Umbreon|Umbreon, M|65/100 tox|[from] Baton Pass
|move|p1a: Blissey|Wish|p1a: Blissey
|
|-heal|p2a: Umbreon|72/100 tox|[from] item: Leftovers
|-damage|p2a: Umbreon|65/100 tox|[from] psn
|-heal|p1a: Blissey|73/100|[from] item: Leftovers
|upkeep
|turn|53
|inactive|ylisseanstarlight has 270 seconds left.
|
|t:|1728602360
|switch|p2a: Suicune|Suicune|81/100
|switch|p1a: Suicune|Suicune|46/100
|-damage|p1a: Suicune|29/100|[from] Spikes
|
|-heal|p1a: Suicune|79/100|[from] move: Wish|[wisher] Blissey
|-heal|p1a: Suicune|85/100|[from] item: Leftovers
|-heal|p2a: Suicune|88/100|[from] item: Leftovers
|upkeep
|turn|54
|
|t:|1728602369
|move|p1a: Suicune|Calm Mind|p1a: Suicune
|-boost|p1a: Suicune|spa|1
|-boost|p1a: Suicune|spd|1
|move|p2a: Suicune|Substitute|p2a: Suicune
|-start|p2a: Suicune|Substitute
|-damage|p2a: Suicune|63/100
|
|-heal|p1a: Suicune|92/100|[from] item: Leftovers
|-heal|p2a: Suicune|69/100|[from] item: Leftovers
|upkeep
|turn|55
|
|t:|1728602373
|move|p2a: Suicune|Calm Mind|p2a: Suicune
|-boost|p2a: Suicune|spa|1
|-boost|p2a: Suicune|spd|1
|move|p1a: Suicune|Roar|p2a: Suicune
|drag|p2a: Jolteon|Jolteon, F|100/100
|
|-heal|p1a: Suicune|98/100|[from] item: Leftovers
|upkeep
|turn|56
|
|t:|1728602386
|move|p2a: Jolteon|Thunder|p1a: Suicune|[miss]
|-miss|p2a: Jolteon|p1a: Suicune
|move|p1a: Suicune|Surf|p2a: Jolteon
|-damage|p2a: Jolteon|27/100
|
|-heal|p1a: Suicune|100/100|[from] item: Leftovers
|upkeep
|turn|57
|
|t:|1728602392
|move|p2a: Jolteon|Thunder|p1a: Suicune
|-supereffective|p1a: Suicune
|-damage|p1a: Suicune|58/100
|-status|p1a: Suicune|par
|cant|p1a: Suicune|par
|
|-heal|p1a: Suicune|64/100 par|[from] item: Leftovers
|upkeep
|turn|58
|
|t:|1728602406
|switch|p2a: Celebi|Celebi|100/100
|move|p1a: Suicune|Surf|p2a: Celebi
|-resisted|p2a: Celebi
|-damage|p2a: Celebi|77/100
|
|-heal|p2a: Celebi|84/100|[from] item: Leftovers
|-heal|p1a: Suicune|70/100 par|[from] item: Leftovers
|upkeep
|turn|59
|
|t:|1728602413
|move|p2a: Celebi|Leech Seed|p1a: Suicune
|-start|p1a: Suicune|move: Leech Seed
|move|p1a: Suicune|Ice Beam|p2a: Celebi
|-supereffective|p2a: Celebi
|-crit|p2a: Celebi
|-damage|p2a: Celebi|0 fnt
|faint|p2a: Celebi
|
|t:|1728602426
|switch|p2a: Umbreon|Umbreon, M|65/100 tox
|
|-heal|p2a: Umbreon|72/100 tox|[from] item: Leftovers
|-damage|p2a: Umbreon|65/100 tox|[from] psn
|-heal|p1a: Suicune|76/100 par|[from] item: Leftovers
|-damage|p1a: Suicune|64/100 par|[from] Leech Seed|[of] p2a: Umbreon
|-heal|p2a: Umbreon|78/100 tox|[silent]
|upkeep
|turn|60
|
|t:|1728602431
|switch|p1a: Blissey|Blissey, F|73/100
|-damage|p1a: Blissey|56/100|[from] Spikes
|move|p2a: Umbreon|Wish|p2a: Umbreon
|
|-heal|p2a: Umbreon|84/100 tox|[from] item: Leftovers
|-damage|p2a: Umbreon|72/100 tox|[from] psn
|-heal|p1a: Blissey|63/100|[from] item: Leftovers
|upkeep
|turn|61
|
|t:|1728602437
|move|p2a: Umbreon|Curse|p2a: Umbreon
|-unboost|p2a: Umbreon|spe|1
|-boost|p2a: Umbreon|atk|1
|-boost|p2a: Umbreon|def|1
|move|p1a: Blissey|Seismic Toss|p2a: Umbreon
|-damage|p2a: Umbreon|47/100 tox
|
|-heal|p2a: Umbreon|97/100 tox|[from] move: Wish|[wisher] Umbreon
|-heal|p1a: Blissey|69/100|[from] item: Leftovers
|-heal|p2a: Umbreon|100/100 tox|[from] item: Leftovers
|-damage|p2a: Umbreon|82/100 tox|[from] psn
|upkeep
|turn|62
|
|t:|1728602450
|move|p1a: Blissey|Wish|p1a: Blissey
|move|p2a: Umbreon|Wish|p2a: Umbreon
|
|-heal|p1a: Blissey|75/100|[from] item: Leftovers
|-heal|p2a: Umbreon|88/100 tox|[from] item: Leftovers
|-damage|p2a: Umbreon|64/100 tox|[from] psn
|upkeep
|turn|63
|inactive|ProfessorKid has 270 seconds left.
|
|t:|1728602486
|move|p1a: Blissey|Toxic|p2a: Umbreon
|-fail|p2a: Umbreon|tox
|move|p2a: Umbreon|Curse|p2a: Umbreon
|-unboost|p2a: Umbreon|spe|1
|-boost|p2a: Umbreon|atk|1
|-boost|p2a: Umbreon|def|1
|
|-heal|p1a: Blissey|100/100|[from] move: Wish|[wisher] Blissey
|-heal|p2a: Umbreon|100/100 tox|[from] move: Wish|[wisher] Umbreon
|-damage|p2a: Umbreon|70/100 tox|[from] psn
|upkeep
|turn|64
|
|t:|1728602492
|move|p1a: Blissey|Toxic|p2a: Umbreon
|-fail|p2a: Umbreon|tox
|move|p2a: Umbreon|Wish|p2a: Umbreon
|
|-heal|p2a: Umbreon|76/100 tox|[from] item: Leftovers
|-damage|p2a: Umbreon|40/100 tox|[from] psn
|upkeep
|turn|65
|
|t:|1728602505
|move|p1a: Blissey|Seismic Toss|p2a: Umbreon
|-damage|p2a: Umbreon|14/100 tox
|move|p2a: Umbreon|Baton Pass|p2a: Umbreon
|
|t:|1728602509
|switch|p2a: Jolteon|Jolteon, F|27/100|[from] Baton Pass
|-enditem|p2a: Jolteon|White Herb
|-clearnegativeboost|p2a: Jolteon|[silent]
|
|-heal|p2a: Jolteon|77/100|[from] move: Wish|[wisher] Umbreon
|upkeep
|turn|66
|
|t:|1728602524
|move|p2a: Jolteon|Hidden Power|p1a: Blissey
|-supereffective|p1a: Blissey
|-damage|p1a: Blissey|54/100
|move|p1a: Blissey|Seismic Toss|p2a: Jolteon
|-damage|p2a: Jolteon|42/100
|
|-heal|p1a: Blissey|60/100|[from] item: Leftovers
|upkeep
|turn|67
|inactive|ProfessorKid has 270 seconds left.
|
|t:|1728602557
|move|p1a: Blissey|Protect|p1a: Blissey
|-singleturn|p1a: Blissey|Protect
|move|p2a: Jolteon|Hidden Power|p1a: Blissey
|-activate|p1a: Blissey|Protect
|
|-heal|p1a: Blissey|66/100|[from] item: Leftovers
|upkeep
|turn|68
|inactive|ProfessorKid has 270 seconds left.
|
|t:|1728602580
|switch|p1a: Salamence|Salamence, M|79/100
|-ability|p1a: Salamence|Intimidate|boost
|-unboost|p2a: Jolteon|atk|1
|move|p2a: Jolteon|Hidden Power|p1a: Salamence
|-resisted|p1a: Salamence
|-damage|p1a: Salamence|67/100
|
|-heal|p1a: Salamence|73/100|[from] item: Leftovers
|upkeep
|turn|69
|inactive|ProfessorKid has 270 seconds left.
|
|t:|1728602591
|move|p2a: Jolteon|Baton Pass|p2a: Jolteon
|
|t:|1728602592
|switch|p2a: Suicune|Suicune|69/100|[from] Baton Pass
|move|p1a: Salamence|Dragon Dance|p1a: Salamence
|-boost|p1a: Salamence|atk|1
|-boost|p1a: Salamence|spe|1
|
|-heal|p1a: Salamence|79/100|[from] item: Leftovers
|-heal|p2a: Suicune|75/100|[from] item: Leftovers
|upkeep
|turn|70
|inactive|ProfessorKid has 270 seconds left.
|
|t:|1728602616
|switch|p1a: Suicune|Suicune|64/100 par
|-damage|p1a: Suicune|48/100 par|[from] Spikes
|move|p2a: Suicune|Substitute|p2a: Suicune
|-start|p2a: Suicune|Substitute
|-damage|p2a: Suicune|50/100
|
|-heal|p2a: Suicune|56/100|[from] item: Leftovers
|-heal|p1a: Suicune|54/100 par|[from] item: Leftovers
|upkeep
|turn|71
|
|t:|1728602621
|move|p2a: Suicune|Surf|p1a: Suicune
|-resisted|p1a: Suicune
|-crit|p1a: Suicune
|-damage|p1a: Suicune|24/100 par
|move|p1a: Suicune|Roar|p2a: Suicune
|drag|p2a: Jolteon|Jolteon, F|42/100
|
|-heal|p1a: Suicune|30/100 par|[from] item: Leftovers
|upkeep
|turn|72
|
|t:|1728602628
|switch|p1a: Blissey|Blissey, F|66/100
|-damage|p1a: Blissey|49/100|[from] Spikes
|move|p2a: Jolteon|Thunder|p1a: Blissey
|-damage|p1a: Blissey|35/100
|
|-heal|p1a: Blissey|41/100|[from] item: Leftovers
|upkeep
|turn|73
|
|t:|1728602641
|move|p2a: Jolteon|Hidden Power|p1a: Blissey
|-supereffective|p1a: Blissey
|-damage|p1a: Blissey|16/100
|move|p1a: Blissey|Wish|p1a: Blissey
|
|-heal|p1a: Blissey|22/100|[from] item: Leftovers
|upkeep
|turn|74
|
|t:|1728602654
|move|p1a: Blissey|Protect|p1a: Blissey
|-singleturn|p1a: Blissey|Protect
|move|p2a: Jolteon|Hidden Power|p1a: Blissey
|-activate|p1a: Blissey|Protect
|
|-heal|p1a: Blissey|72/100|[from] move: Wish|[wisher] Blissey
|-heal|p1a: Blissey|78/100|[from] item: Leftovers
|upkeep
|turn|75
|
|t:|1728602661
|switch|p2a: Skarmory|Skarmory, F|27/100
|move|p1a: Blissey|Wish|p1a: Blissey
|
|-heal|p2a: Skarmory|33/100|[from] item: Leftovers
|-heal|p1a: Blissey|85/100|[from] item: Leftovers
|upkeep
|turn|76
|
|t:|1728602667
|switch|p1a: Suicune|Suicune|30/100 par
|-damage|p1a: Suicune|14/100 par|[from] Spikes
|move|p2a: Skarmory|Roar|p1a: Suicune
|drag|p1a: Breloom|Breloom, M|89/100 tox
|-damage|p1a: Breloom|73/100 tox|[from] Spikes
|
|-heal|p1a: Breloom|100/100 tox|[from] move: Wish|[wisher] Blissey
|-damage|p1a: Breloom|94/100 tox|[from] psn
|-heal|p2a: Skarmory|39/100|[from] item: Leftovers
|upkeep
|turn|77
|
|t:|1728602678
|move|p2a: Skarmory|Protect|p2a: Skarmory
|-singleturn|p2a: Skarmory|Protect
|move|p1a: Breloom|Spore|p2a: Skarmory
|-activate|p2a: Skarmory|Protect
|
|-heal|p1a: Breloom|100/100 tox|[from] item: Leftovers
|-damage|p1a: Breloom|88/100 tox|[from] psn
|-heal|p2a: Skarmory|45/100|[from] item: Leftovers
|upkeep
|turn|78
|
|t:|1728602684
|switch|p2a: Umbreon|Umbreon, M|14/100 tox
|move|p1a: Breloom|Spore||[still]
|-fail|p1a: Breloom
|
|-heal|p1a: Breloom|94/100 tox|[from] item: Leftovers
|-damage|p1a: Breloom|76/100 tox|[from] psn
|-heal|p2a: Umbreon|20/100 tox|[from] item: Leftovers
|-damage|p2a: Umbreon|14/100 tox|[from] psn
|upkeep
|turn|79
|
|t:|1728602695
|move|p1a: Breloom|Leech Seed|p2a: Umbreon
|-start|p2a: Umbreon|move: Leech Seed
|move|p2a: Umbreon|Wish|p2a: Umbreon
|
|-heal|p1a: Breloom|82/100 tox|[from] item: Leftovers
|-damage|p1a: Breloom|58/100 tox|[from] psn
|-heal|p2a: Umbreon|20/100 tox|[from] item: Leftovers
|-damage|p2a: Umbreon|8/100 tox|[from] Leech Seed|[of] p1a: Breloom
|-heal|p1a: Breloom|76/100 tox|[silent]
|-damage|p2a: Umbreon|0 fnt|[from] psn
|faint|p2a: Umbreon
|upkeep
|
|t:|1728602707
|switch|p2a: Blaziken|Blaziken, M|37/100
|turn|80
|
|t:|1728602713
|switch|p1a: Suicune|Suicune|14/100 par
|-damage|p1a: Suicune|0 fnt|[from] Spikes
|faint|p1a: Suicune
|inactive|ProfessorKid has 270 seconds left.
|
|t:|1728602747
|switch|p1a: Blissey|Blissey, F|85/100
|-damage|p1a: Blissey|68/100|[from] Spikes
|
|-heal|p2a: Blaziken|87/100|[from] move: Wish|[wisher] Umbreon
|-heal|p2a: Blaziken|93/100|[from] item: Leftovers
|-heal|p1a: Blissey|74/100|[from] item: Leftovers
|upkeep
|turn|81
|
|t:|1728602753
|move|p2a: Blaziken|Substitute|p2a: Blaziken
|-start|p2a: Blaziken|Substitute
|-damage|p2a: Blaziken|68/100
|move|p1a: Blissey|Seismic Toss|p2a: Blaziken
|-end|p2a: Blaziken|Substitute
|
|-heal|p2a: Blaziken|74/100|[from] item: Leftovers
|-heal|p1a: Blissey|80/100|[from] item: Leftovers
|upkeep
|turn|82
|
|t:|1728602782
|move|p2a: Blaziken|Substitute|p2a: Blaziken
|-start|p2a: Blaziken|Substitute
|-damage|p2a: Blaziken|49/100
|move|p1a: Blissey|Seismic Toss|p2a: Blaziken
|-end|p2a: Blaziken|Substitute
|
|-heal|p2a: Blaziken|55/100|[from] item: Leftovers
|-heal|p1a: Blissey|86/100|[from] item: Leftovers
|upkeep
|turn|83
|
|t:|1728602797
|move|p2a: Blaziken|Substitute|p2a: Blaziken
|-start|p2a: Blaziken|Substitute
|-damage|p2a: Blaziken|30/100
|move|p1a: Blissey|Seismic Toss|p2a: Blaziken
|-end|p2a: Blaziken|Substitute
|
|-heal|p2a: Blaziken|36/100|[from] item: Leftovers
|-heal|p1a: Blissey|93/100|[from] item: Leftovers
|upkeep
|turn|84
|
|t:|1728602810
|switch|p2a: Skarmory|Skarmory, F|45/100
|move|p1a: Blissey|Seismic Toss|p2a: Skarmory
|-damage|p2a: Skarmory|15/100
|
|-heal|p2a: Skarmory|21/100|[from] item: Leftovers
|-heal|p1a: Blissey|99/100|[from] item: Leftovers
|upkeep
|turn|85
|
|t:|1728602824
|move|p2a: Skarmory|Protect|p2a: Skarmory
|-singleturn|p2a: Skarmory|Protect
|move|p1a: Blissey|Seismic Toss|p2a: Skarmory
|-activate|p2a: Skarmory|Protect
|
|-heal|p2a: Skarmory|27/100|[from] item: Leftovers
|-heal|p1a: Blissey|100/100|[from] item: Leftovers
|upkeep
|turn|86
|
|t:|1728602833
|switch|p2a: Jolteon|Jolteon, F|42/100
|move|p1a: Blissey|Seismic Toss|p2a: Jolteon
|-damage|p2a: Jolteon|8/100
|
|upkeep
|turn|87
|
|t:|1728602840
|move|p2a: Jolteon|Hidden Power|p1a: Blissey
|-supereffective|p1a: Blissey
|-damage|p1a: Blissey|75/100
|move|p1a: Blissey|Seismic Toss|p2a: Jolteon
|-damage|p2a: Jolteon|0 fnt
|faint|p2a: Jolteon
|
|t:|1728602846
|switch|p2a: Skarmory|Skarmory, F|27/100
|
|-heal|p2a: Skarmory|33/100|[from] item: Leftovers
|-heal|p1a: Blissey|81/100|[from] item: Leftovers
|upkeep
|turn|88
|
|t:|1728602851
|move|p2a: Skarmory|Protect|p2a: Skarmory
|-singleturn|p2a: Skarmory|Protect
|move|p1a: Blissey|Seismic Toss|p2a: Skarmory
|-activate|p2a: Skarmory|Protect
|
|-heal|p2a: Skarmory|39/100|[from] item: Leftovers
|-heal|p1a: Blissey|87/100|[from] item: Leftovers
|upkeep
|turn|89
|
|t:|1728602855
|move|p1a: Blissey|Seismic Toss|p2a: Skarmory
|-damage|p2a: Skarmory|9/100
|move|p2a: Skarmory|Roar|p1a: Blissey
|drag|p1a: Metagross|Metagross|76/100
|-damage|p1a: Metagross|59/100|[from] Spikes
|
|-heal|p2a: Skarmory|15/100|[from] item: Leftovers
|upkeep
|turn|90
|
|t:|1728602875
|move|p1a: Metagross|Agility|p1a: Metagross
|-boost|p1a: Metagross|spe|2
|move|p2a: Skarmory|Roar|p1a: Metagross
|drag|p1a: Blissey|Blissey, F|87/100
|-damage|p1a: Blissey|70/100|[from] Spikes
|
|-heal|p2a: Skarmory|21/100|[from] item: Leftovers
|-heal|p1a: Blissey|77/100|[from] item: Leftovers
|upkeep
|turn|91
|
|t:|1728602882
|move|p2a: Skarmory|Protect|p2a: Skarmory
|-singleturn|p2a: Skarmory|Protect
|move|p1a: Blissey|Seismic Toss|p2a: Skarmory
|-activate|p2a: Skarmory|Protect
|
|-heal|p2a: Skarmory|27/100|[from] item: Leftovers
|-heal|p1a: Blissey|83/100|[from] item: Leftovers
|upkeep
|turn|92
|
|t:|1728602891
|switch|p2a: Suicune|Suicune|56/100
|move|p1a: Blissey|Seismic Toss|p2a: Suicune
|-damage|p2a: Suicune|31/100
|
|-heal|p2a: Suicune|38/100|[from] item: Leftovers
|-heal|p1a: Blissey|89/100|[from] item: Leftovers
|upkeep
|turn|93
|
|t:|1728602904
|switch|p2a: Skarmory|Skarmory, F|27/100
|move|p1a: Blissey|Seismic Toss|p2a: Skarmory
|-damage|p2a: Skarmory|0 fnt
|faint|p2a: Skarmory
|
|t:|1728602908
|switch|p2a: Blaziken|Blaziken, M|36/100
|
|-heal|p2a: Blaziken|42/100|[from] item: Leftovers
|-heal|p1a: Blissey|95/100|[from] item: Leftovers
|upkeep
|turn|94
|
|t:|1728602911
|-singleturn|p2a: Blaziken|move: Focus Punch
|move|p1a: Blissey|Seismic Toss|p2a: Blaziken
|-damage|p2a: Blaziken|8/100
|move|p2a: Blaziken|Focus Punch||[still]
|cant|p2a: Blaziken|Focus Punch|Focus Punch
|
|-heal|p2a: Blaziken|14/100|[from] item: Leftovers
|-heal|p1a: Blissey|100/100|[from] item: Leftovers
|upkeep
|turn|95
|
|t:|1728602914
|-singleturn|p2a: Blaziken|move: Focus Punch
|move|p1a: Blissey|Seismic Toss|p2a: Blaziken
|-damage|p2a: Blaziken|0 fnt
|faint|p2a: Blaziken
|c|☆ylisseanstarlight|GG
|
|t:|1728602921
|switch|p2a: Suicune|Suicune|38/100
|
|-heal|p2a: Suicune|44/100|[from] item: Leftovers
|upkeep
|turn|96
|
|t:|1728602924
|move|p2a: Suicune|Ice Beam|p1a: Blissey
|-damage|p1a: Blissey|90/100
|move|p1a: Blissey|Seismic Toss|p2a: Suicune
|-damage|p2a: Suicune|19/100
|
|-heal|p2a: Suicune|25/100|[from] item: Leftovers
|-heal|p1a: Blissey|96/100|[from] item: Leftovers
|upkeep
|turn|97
|
|t:|1728602927
|move|p2a: Suicune|Ice Beam|p1a: Blissey
|-damage|p1a: Blissey|85/100
|move|p1a: Blissey|Seismic Toss|p2a: Suicune
|-damage|p2a: Suicune|0 fnt
|faint|p2a: Suicune
|
|win|ProfessorKid
|player|p2|

</script>
<script type="application/json" class="data" id="replaydata-smogtours-gen3ou-797069">
{"id":"smogtours-gen3ou-797069","format":"[Gen 3] OU","players":["ProfessorKid","ylisseanstarlight"],"uploadtime":1728602927,"views":103,"formatid":"gen3ou","rating":null,"private":0,"password":null}
</script>

<script defer src="js/replays.js?9d40a366"></script>
