<!DOCTYPE html>
<meta charset="utf-8" />
<meta name="viewport" content="width=device-width" />

<title>[Gen 3] OU: Sificon~ vs. stypur - Replays - Pok&eacute;mon Showdown!</title>

<meta name="description" content="Watch a replay of a Pok&eacute;mon battle between Sificon~ and stypur! Format: [Gen 3] OU; Date: Oct 16, 2024" />
<!--

Hey, you! Looking in the source for the replay log?

You can find them in JSON format, just add `.json` at the end of a replay URL.

https://replay.pokemonshowdown.com/gen7randomdoublesbattle-865046831.json

Or, if you only need the log itself, add `.log` instead:

https://replay.pokemonshowdown.com/gen7randomdoublesbattle-865046831.log

-->

<link rel="stylesheet" href="//pokemonshowdown.com/style/global.css?0.767286132409787" />
<link rel="stylesheet" href="//play.pokemonshowdown.com/style/font-awesome.css?0.9266228007934947" />
<link rel="stylesheet" href="//play.pokemonshowdown.com/style/battle.css?0.7924700842790926" />
<link rel="stylesheet" href="//play.pokemonshowdown.com/style/utilichart.css?0.8777417872839479" />

<!-- Global site tag (gtag.js) - Google Analytics -->
<script async src="https://www.googletagmanager.com/gtag/js?id=UA-26211653-1"></script>
<script>
  window.dataLayer = window.dataLayer || [];
  function gtag(){dataLayer.push(arguments);}
  gtag('js', new Date());

  gtag('config', 'UA-26211653-1');
</script>
<!-- End Google Analytics -->
<!-- Venatus Ad Manager - Install in <HEAD> of page -->
	<script src="https://hb.vntsm.com/v3/live/ad-manager.min.js" type="text/javascript" data-site-id="642aba63ec9a7b11c3c9c1be" data-mode="scan" async></script>
<!-- / Venatus Ad Manager -->

<style>
	@media (max-width:820px) {
		.battle {
			margin: 0 auto;
		}
		.battle-log {
			margin: 7px auto 0;
			max-width: 640px;
			height: 300px;
			position: static;
		}
	}
	.optgroup {
		display: inline-block;
		line-height: 22px;
		font-size: 10pt;
	}
	.optgroup .button {
		height: 25px;
		padding-top: 0;
		padding-bottom: 0;
	}
	.optgroup button.button {
		padding-left: 12px;
		padding-right: 12px;
	}
	.linklist {
		list-style: none;
		margin: 0.5em 0;
		padding: 0;
	}
	.linklist li {
		padding: 2px 0;
	}
	.sidebar {
		float: left;
		width: 320px;
	}
	.bar-wrapper {
		max-width: 1100px;
		margin: 0 auto;
	}
	.bar-wrapper.has-sidebar {
		max-width: 1430px;
	}
	.mainbar {
		margin: 0;
		padding-right: 1px;
	}
	.mainbar.has-sidebar {
		margin-left: 330px;
	}
	@media (min-width: 1511px) {
		.sidebar {
			width: 400px;
		}
		.bar-wrapper.has-sidebar {
			max-width: 1510px;
		}
		.mainbar.has-sidebar {
			margin-left: 410px;
		}
	}
	.section.first-section {
		margin-top: 9px;
	}
	.blocklink small {
		white-space: normal;
	}
	.button {
		vertical-align: middle;
	}
	.replay-controls {
		padding-top: 10px;
	}
	.replay-controls h1 {
		font-size: 16pt;
		font-weight: normal;
		color: #CCC;
	}
	.pagelink {
		text-align: center;
	}
	.pagelink a {
		width: 150px;
	}
	.textbox, .button {
		font-size: 11pt;
		vertical-align: middle;
	}
	@media (max-width: 450px) {
		.button {
			font-size: 9pt;
		}
	}
</style>

<div>

	<header>
		<div class="nav-wrapper"><ul class="nav">
			<li><a class="button nav-first" href="//pokemonshowdown.com/"><img src="//pokemonshowdown.com/images/pokemonshowdownbeta.png" srcset="//pokemonshowdown.com/images/pokemonshowdownbeta.png 1x, //pokemonshowdown.com/images/pokemonshowdownbeta@2x.png 2x" alt="Pok&eacute;mon Showdown" width="146" height="44" /> Home</a></li>
			<li><a class="button" href="//pokemonshowdown.com/dex/">Pok&eacute;dex</a></li>
			<li><a class="button cur" href="/">Replays</a></li>
			<li><a class="button" href="//pokemonshowdown.com/ladder/">Ladder</a></li>
			<li><a class="button nav-last" href="//pokemonshowdown.com/forums/">Forum</a></li>
			<li><a class="button greenbutton nav-first nav-last" href="//play.pokemonshowdown.com/">Play</a></li>
		</ul></div>
	</header>

	<div class="main" id="main">

		<noscript><section class="section">You need to enable JavaScript to use this page; sorry!</section></noscript>

	</div>

</div>

<script defer nomodule src="//play.pokemonshowdown.com/js/lib/ps-polyfill.js"></script>
<script defer src="//play.pokemonshowdown.com/js/lib/preact.min.js"></script>

<script defer src="//play.pokemonshowdown.com/config/config.js?6dec07f6"></script>
<script defer src="//play.pokemonshowdown.com/js/lib/jquery-1.11.0.min.js"></script>
<script defer src="//play.pokemonshowdown.com/js/lib/html-sanitizer-minified.js"></script>
<script defer src="//play.pokemonshowdown.com/js/battle-sound.js"></script>
<script defer src="//play.pokemonshowdown.com/js/battledata.js?0.6315294753075389"></script>
<script defer src="//play.pokemonshowdown.com/data/pokedex-mini.js?0.7603743185311358"></script>
<script defer src="//play.pokemonshowdown.com/data/pokedex-mini-bw.js?0.030888842834281283"></script>
<script defer src="//play.pokemonshowdown.com/data/graphics.js?0.05593094747507488"></script>
<script defer src="//play.pokemonshowdown.com/data/pokedex.js?0.47064822249611904"></script>
<script defer src="//play.pokemonshowdown.com/data/moves.js?0.8583693120512459"></script>
<script defer src="//play.pokemonshowdown.com/data/abilities.js?0.16017181182386842"></script>
<script defer src="//play.pokemonshowdown.com/data/items.js?0.4163379185673943"></script>
<script defer src="//play.pokemonshowdown.com/data/teambuilder-tables.js?0.31075597372830477"></script>
<script defer src="//play.pokemonshowdown.com/js/battle-tooltips.js?0.6536193500708172"></script>
<script defer src="//play.pokemonshowdown.com/js/battle.js?0.1916591943277901"></script>

<script defer src="js/utils.js?e31f9a17"></script>
<script defer src="js/replays-battle.js?7008c182"></script>

<!-- don't scrape this data! just add .json or .log after the URL!
Full API docs: https://github.com/smogon/pokemon-showdown-client/blob/master/WEB-API.md -->
<script type="text/plain" class="log" id="replaylog-smogtours-gen3ou-799116">
|inactive|Battle timer is ON: inactive players will automatically lose when time's up.
|t:|1729098018
|gametype|singles
|player|p1|Sificon~|#sificon|
|player|p2|stypur|swimmerf|
|teamsize|p1|6
|teamsize|p2|6
|gen|3
|tier|[Gen 3] OU
|rule|Sleep Clause Mod: Limit one foe put to sleep
|rule|Switch Priority Clause Mod: Faster Pokémon switch first
|rule|Species Clause: Limit one of each Pokémon
|rule|OHKO Clause: OHKO moves are banned
|rule|Evasion Items Clause: Evasion items are banned
|rule|Evasion Moves Clause: Evasion moves are banned
|rule|Endless Battle Clause: Forcing endless battles is banned
|rule|HP Percentage Mod: HP is shown in percentages
|rule|One Boost Passer Clause: Limit one Baton Passer that has a way to boost its stats
|rule|Freeze Clause Mod: Limit one foe frozen
|
|t:|1729098018
|start
|switch|p1a: Suicune|Suicune|100/100
|switch|p2a: Hariyama|Hariyama, M|100/100
|turn|1
|inactive|stypur has 270 seconds left.
|
|t:|1729098060
|switch|p2a: Celebi|Celebi|100/100
|move|p1a: Suicune|Hydro Pump|p2a: Celebi
|-resisted|p2a: Celebi
|-damage|p2a: Celebi|76/100
|
|-heal|p2a: Celebi|82/100|[from] item: Leftovers
|upkeep
|turn|2
|
|t:|1729098081
|switch|p1a: Snorlax|Snorlax, M|100/100
|move|p2a: Celebi|Leech Seed|p1a: Snorlax
|-start|p1a: Snorlax|move: Leech Seed
|
|-heal|p2a: Celebi|89/100|[from] item: Leftovers
|-damage|p1a: Snorlax|88/100|[from] Leech Seed|[of] p2a: Celebi
|-heal|p2a: Celebi|100/100|[silent]
|upkeep
|turn|3
|
|t:|1729098096
|switch|p2a: Hariyama|Hariyama, M|100/100
|switch|p1a: Claydol|Claydol|100/100
|
|upkeep
|turn|4
|inactive|Sificon~ has 270 seconds left.
|
|t:|1729098126
|switch|p2a: Celebi|Celebi|100/100
|move|p1a: Claydol|Explosion|p2a: Celebi
|-damage|p2a: Celebi|17/100
|faint|p1a: Claydol
|
|t:|1729098130
|switch|p1a: Dugtrio|Dugtrio, F|100/100
|
|-heal|p2a: Celebi|23/100|[from] item: Leftovers
|upkeep
|turn|5
|
|t:|1729098151
|move|p1a: Dugtrio|Hidden Power|p2a: Celebi
|-supereffective|p2a: Celebi
|-damage|p2a: Celebi|0 fnt
|faint|p2a: Celebi
|inactive|stypur has 270 seconds left.
|
|t:|1729098167
|switch|p2a: Hariyama|Hariyama, M|100/100
|
|upkeep
|turn|6
|
|t:|1729098174
|switch|p1a: Charizard|Charizard, M|100/100
|move|p2a: Hariyama|Knock Off|p1a: Charizard
|-damage|p1a: Charizard|97/100
|-enditem|p1a: Charizard|Petaya Berry|[from] move: Knock Off|[of] p2a: Hariyama
|-hint|In Gens 3-4, Knock Off only makes the target's item unusable; it cannot obtain a new item.
|
|upkeep
|turn|7
|
|t:|1729098185
|switch|p2a: Starmie|Starmie|100/100
|move|p1a: Charizard|Fire Blast|p2a: Starmie
|-resisted|p2a: Starmie
|-damage|p2a: Starmie|69/100
|
|-heal|p2a: Starmie|75/100|[from] item: Leftovers
|upkeep
|turn|8
|
|t:|1729098209
|switch|p1a: Snorlax|Snorlax, M|88/100
|move|p2a: Starmie|Thunder Wave|p1a: Snorlax
|-status|p1a: Snorlax|par
|
|-heal|p2a: Starmie|81/100|[from] item: Leftovers
|-heal|p1a: Snorlax|94/100 par|[from] item: Leftovers
|upkeep
|turn|9
|inactive|stypur has 270 seconds left.
|
|t:|1729098224
|switch|p2a: Hariyama|Hariyama, M|100/100
|move|p1a: Snorlax|Double-Edge|p2a: Hariyama
|-damage|p2a: Hariyama|50/100
|-damage|p1a: Snorlax|79/100 par|[from] Recoil|[of] p2a: Hariyama
|
|-heal|p2a: Hariyama|56/100|[from] item: Leftovers
|-heal|p1a: Snorlax|86/100 par|[from] item: Leftovers
|upkeep
|turn|10
|inactive|stypur has 270 seconds left.
|
|t:|1729098236
|switch|p1a: Charizard|Charizard, M|97/100
|move|p2a: Hariyama|Knock Off|p1a: Charizard
|-damage|p1a: Charizard|94/100
|
|-heal|p2a: Hariyama|62/100|[from] item: Leftovers
|upkeep
|turn|11
|
|t:|1729098242
|switch|p2a: Starmie|Starmie|81/100
|move|p1a: Charizard|Fire Blast|p2a: Starmie|[miss]
|-miss|p1a: Charizard|p2a: Starmie
|
|-heal|p2a: Starmie|87/100|[from] item: Leftovers
|upkeep
|turn|12
|
|t:|1729098260
|switch|p2a: Hariyama|Hariyama, M|62/100
|switch|p1a: Snorlax|Snorlax, M|86/100 par
|
|-heal|p2a: Hariyama|68/100|[from] item: Leftovers
|-heal|p1a: Snorlax|92/100 par|[from] item: Leftovers
|upkeep
|turn|13
|
|t:|1729098282
|switch|p1a: Charizard|Charizard, M|94/100
|move|p2a: Hariyama|Brick Break|p1a: Charizard
|-resisted|p1a: Charizard
|-damage|p1a: Charizard|65/100
|
|-heal|p2a: Hariyama|74/100|[from] item: Leftovers
|upkeep
|turn|14
|
|t:|1729098287
|switch|p2a: Starmie|Starmie|87/100
|move|p1a: Charizard|Fire Blast|p2a: Starmie
|-resisted|p2a: Starmie
|-crit|p2a: Starmie
|-damage|p2a: Starmie|29/100
|
|-heal|p2a: Starmie|35/100|[from] item: Leftovers
|upkeep
|turn|15
|
|t:|1729098293
|switch|p1a: Snorlax|Snorlax, M|92/100 par
|move|p2a: Starmie|Recover|p2a: Starmie
|-heal|p2a: Starmie|85/100
|
|-heal|p2a: Starmie|91/100|[from] item: Leftovers
|-heal|p1a: Snorlax|98/100 par|[from] item: Leftovers
|upkeep
|turn|16
|
|t:|1729098300
|switch|p2a: Hariyama|Hariyama, M|74/100
|move|p1a: Snorlax|Double-Edge|p2a: Hariyama
|-damage|p2a: Hariyama|18/100
|-damage|p1a: Snorlax|81/100 par|[from] Recoil|[of] p2a: Hariyama
|
|-heal|p2a: Hariyama|25/100|[from] item: Leftovers
|-heal|p1a: Snorlax|88/100 par|[from] item: Leftovers
|upkeep
|turn|17
|
|t:|1729098304
|switch|p1a: Charizard|Charizard, M|65/100
|move|p2a: Hariyama|Brick Break|p1a: Charizard
|-resisted|p1a: Charizard
|-damage|p1a: Charizard|33/100
|
|-heal|p2a: Hariyama|31/100|[from] item: Leftovers
|upkeep
|turn|18
|
|t:|1729098311
|switch|p2a: Starmie|Starmie|91/100
|move|p1a: Charizard|Fire Blast|p2a: Starmie
|-resisted|p2a: Starmie
|-damage|p2a: Starmie|47/100
|
|-heal|p2a: Starmie|53/100|[from] item: Leftovers
|upkeep
|turn|19
|
|t:|1729098337
|move|p2a: Starmie|Recover|p2a: Starmie
|-heal|p2a: Starmie|100/100
|move|p1a: Charizard|Fire Blast|p2a: Starmie
|-resisted|p2a: Starmie
|-crit|p2a: Starmie
|-damage|p2a: Starmie|4/100
|
|-heal|p2a: Starmie|10/100|[from] item: Leftovers
|upkeep
|turn|20
|
|t:|1729098343
|move|p2a: Starmie|Recover|p2a: Starmie
|-heal|p2a: Starmie|60/100
|move|p1a: Charizard|Fire Blast|p2a: Starmie
|-resisted|p2a: Starmie
|-damage|p2a: Starmie|10/100
|
|-heal|p2a: Starmie|17/100|[from] item: Leftovers
|upkeep
|turn|21
|
|t:|1729098349
|switch|p1a: Dugtrio|Dugtrio, F|100/100
|move|p2a: Starmie|Surf|p1a: Dugtrio
|-supereffective|p1a: Dugtrio
|-damage|p1a: Dugtrio|0 fnt
|faint|p1a: Dugtrio
|
|t:|1729098357
|switch|p1a: Snorlax|Snorlax, M|88/100 par
|
|-heal|p2a: Starmie|23/100|[from] item: Leftovers
|-heal|p1a: Snorlax|94/100 par|[from] item: Leftovers
|upkeep
|turn|22
|
|t:|1729098371
|switch|p2a: Jirachi|Jirachi|100/100
|move|p1a: Snorlax|Double-Edge|p2a: Jirachi
|-resisted|p2a: Jirachi
|-damage|p2a: Jirachi|82/100
|-damage|p1a: Snorlax|89/100 par|[from] Recoil|[of] p2a: Jirachi
|
|-heal|p2a: Jirachi|88/100|[from] item: Leftovers
|-heal|p1a: Snorlax|95/100 par|[from] item: Leftovers
|upkeep
|turn|23
|
|t:|1729098381
|move|p2a: Jirachi|Wish|p2a: Jirachi
|move|p1a: Snorlax|Earthquake|p2a: Jirachi
|-supereffective|p2a: Jirachi
|-damage|p2a: Jirachi|45/100
|
|-heal|p2a: Jirachi|51/100|[from] item: Leftovers
|-heal|p1a: Snorlax|100/100 par|[from] item: Leftovers
|upkeep
|turn|24
|
|t:|1729098403
|switch|p2a: Salamence|Salamence, M|100/100
|-ability|p2a: Salamence|Intimidate|boost
|-unboost|p1a: Snorlax|atk|1
|cant|p1a: Snorlax|par
|
|upkeep
|turn|25
|
|t:|1729098411
|switch|p1a: Charizard|Charizard, M|33/100
|move|p2a: Salamence|Wish|p2a: Salamence
|
|upkeep
|turn|26
|
|t:|1729098428
|move|p1a: Charizard|Hidden Power|p2a: Salamence
|-supereffective|p2a: Salamence
|-damage|p2a: Salamence|4/100
|move|p2a: Salamence|Toxic|p1a: Charizard
|-status|p1a: Charizard|tox
|
|-heal|p2a: Salamence|54/100|[from] move: Wish|[wisher] Salamence
|-damage|p1a: Charizard|27/100 tox|[from] psn
|-heal|p2a: Salamence|60/100|[from] item: Leftovers
|upkeep
|turn|27
|
|t:|1729098438
|move|p2a: Salamence|Protect|p2a: Salamence
|-singleturn|p2a: Salamence|Protect
|move|p1a: Charizard|Fire Blast|p2a: Salamence
|-activate|p2a: Salamence|Protect
|
|-damage|p1a: Charizard|15/100 tox|[from] psn
|-heal|p2a: Salamence|66/100|[from] item: Leftovers
|upkeep
|turn|28
|inactive|stypur has 270 seconds left.
|
|t:|1729098476
|move|p2a: Salamence|Protect||[still]
|-fail|p2a: Salamence
|move|p1a: Charizard|Hidden Power|p2a: Salamence
|-supereffective|p2a: Salamence
|-damage|p2a: Salamence|0 fnt
|faint|p2a: Salamence
|
|t:|1729098492
|switch|p2a: Jirachi|Jirachi|51/100
|
|-damage|p1a: Charizard|0 fnt|[from] psn
|faint|p1a: Charizard
|-heal|p2a: Jirachi|57/100|[from] item: Leftovers
|upkeep
|inactive|Sificon~ has 270 seconds left.
|
|t:|1729098528
|switch|p1a: Suicune|Suicune|100/100
|turn|29
|
|t:|1729098532
|move|p1a: Suicune|Calm Mind|p1a: Suicune
|-boost|p1a: Suicune|spa|1
|-boost|p1a: Suicune|spd|1
|move|p2a: Jirachi|Body Slam|p1a: Suicune
|-damage|p1a: Suicune|82/100
|
|-heal|p1a: Suicune|88/100|[from] item: Leftovers
|-heal|p2a: Jirachi|63/100|[from] item: Leftovers
|upkeep
|turn|30
|
|t:|1729098536
|move|p1a: Suicune|Hydro Pump|p2a: Jirachi|[miss]
|-miss|p1a: Suicune|p2a: Jirachi
|move|p2a: Jirachi|Body Slam|p1a: Suicune
|-damage|p1a: Suicune|71/100
|-status|p1a: Suicune|par
|
|-heal|p2a: Jirachi|69/100|[from] item: Leftovers
|-heal|p1a: Suicune|77/100 par|[from] item: Leftovers
|upkeep
|turn|31
|inactive|stypur has 270 seconds left.
|
|t:|1729098559
|move|p2a: Jirachi|Body Slam|p1a: Suicune
|-damage|p1a: Suicune|59/100 par
|move|p1a: Suicune|Hydro Pump|p2a: Jirachi
|-damage|p2a: Jirachi|16/100
|
|-heal|p2a: Jirachi|22/100|[from] item: Leftovers
|-heal|p1a: Suicune|65/100 par|[from] item: Leftovers
|upkeep
|turn|32
|
|t:|1729098568
|move|p2a: Jirachi|Body Slam|p1a: Suicune
|-damage|p1a: Suicune|49/100 par
|cant|p1a: Suicune|par
|
|-heal|p2a: Jirachi|28/100|[from] item: Leftovers
|-heal|p1a: Suicune|55/100 par|[from] item: Leftovers
|upkeep
|turn|33
|
|t:|1729098572
|move|p2a: Jirachi|Body Slam|p1a: Suicune
|-damage|p1a: Suicune|38/100 par
|move|p1a: Suicune|Hydro Pump|p2a: Jirachi|[miss]
|-miss|p1a: Suicune|p2a: Jirachi
|
|-heal|p2a: Jirachi|34/100|[from] item: Leftovers
|-heal|p1a: Suicune|44/100 par|[from] item: Leftovers
|upkeep
|turn|34
|
|t:|1729098576
|move|p2a: Jirachi|Body Slam|p1a: Suicune
|-damage|p1a: Suicune|27/100 par
|move|p1a: Suicune|Hydro Pump|p2a: Jirachi
|-damage|p2a: Jirachi|0 fnt
|faint|p2a: Jirachi
|
|t:|1729098594
|switch|p2a: Marowak|Marowak, F|100/100
|
|-heal|p1a: Suicune|33/100 par|[from] item: Leftovers
|upkeep
|turn|35
|
|t:|1729098598
|move|p2a: Marowak|Earthquake|p1a: Suicune
|-damage|p1a: Suicune|0 fnt
|faint|p1a: Suicune
|
|t:|1729098612
|switch|p1a: Snorlax|Snorlax, M|100/100 par
|
|upkeep
|turn|36
|
|t:|1729098636
|switch|p2a: Starmie|Starmie|23/100
|move|p1a: Snorlax|Double-Edge|p2a: Starmie
|-damage|p2a: Starmie|0 fnt
|-damage|p1a: Snorlax|96/100 par|[from] Recoil|[of] p2a: Starmie
|faint|p2a: Starmie
|
|t:|1729098638
|switch|p2a: Hariyama|Hariyama, M|31/100
|
|-heal|p2a: Hariyama|37/100|[from] item: Leftovers
|-heal|p1a: Snorlax|100/100 par|[from] item: Leftovers
|upkeep
|turn|37
|
|t:|1729098642
|switch|p1a: Raikou|Raikou|100/100
|move|p2a: Hariyama|Brick Break|p1a: Raikou
|-crit|p1a: Raikou
|-damage|p1a: Raikou|0 fnt
|faint|p1a: Raikou
|c|☆Sificon~|ah
|c|☆stypur|mb
|
|t:|1729098649
|switch|p1a: Snorlax|Snorlax, M|100/100 par
|
|-heal|p2a: Hariyama|43/100|[from] item: Leftovers
|upkeep
|turn|38
|
|t:|1729098651
|move|p2a: Hariyama|Brick Break|p1a: Snorlax
|-supereffective|p1a: Snorlax
|-damage|p1a: Snorlax|35/100 par
|move|p1a: Snorlax|Double-Edge|p2a: Hariyama
|-damage|p2a: Hariyama|0 fnt
|-damage|p1a: Snorlax|22/100 par|[from] Recoil|[of] p2a: Hariyama
|faint|p2a: Hariyama
|
|t:|1729098655
|switch|p2a: Marowak|Marowak, F|100/100
|
|-heal|p1a: Snorlax|28/100 par|[from] item: Leftovers
|upkeep
|turn|39
|c|☆Sificon~|welp ggs
|
|t:|1729098658
|move|p2a: Marowak|Earthquake|p1a: Snorlax
|-damage|p1a: Snorlax|0 fnt
|faint|p1a: Snorlax
|
|win|stypur
|c|☆stypur|ggs
|player|p1|

</script>
<script type="application/json" class="data" id="replaydata-smogtours-gen3ou-799116">
{"id":"smogtours-gen3ou-799116","format":"[Gen 3] OU","players":["Sificon~","stypur"],"uploadtime":1729098658,"views":86,"formatid":"gen3ou","rating":null,"private":0,"password":null}
</script>

<script defer src="js/replays.js?9d40a366"></script>
