<!DOCTYPE html>
<meta charset="utf-8" />
<meta name="viewport" content="width=device-width" />

<title>[Gen 3] OU: swinubfan123 vs. NoBottlecapsBlisy - Replays - Pok&eacute;mon Showdown!</title>

<meta name="description" content="Watch a replay of a Pok&eacute;mon battle between swinubfan123 and NoBottlecapsBlisy! Format: [Gen 3] OU; Date: Oct 13, 2024" />
<!--

Hey, you! Looking in the source for the replay log?

You can find them in JSON format, just add `.json` at the end of a replay URL.

https://replay.pokemonshowdown.com/gen7randomdoublesbattle-865046831.json

Or, if you only need the log itself, add `.log` instead:

https://replay.pokemonshowdown.com/gen7randomdoublesbattle-865046831.log

-->

<link rel="stylesheet" href="//pokemonshowdown.com/style/global.css?0.767286132409787" />
<link rel="stylesheet" href="//play.pokemonshowdown.com/style/font-awesome.css?0.9266228007934947" />
<link rel="stylesheet" href="//play.pokemonshowdown.com/style/battle.css?0.7924700842790926" />
<link rel="stylesheet" href="//play.pokemonshowdown.com/style/utilichart.css?0.8777417872839479" />

<!-- Global site tag (gtag.js) - Google Analytics -->
<script async src="https://www.googletagmanager.com/gtag/js?id=UA-26211653-1"></script>
<script>
  window.dataLayer = window.dataLayer || [];
  function gtag(){dataLayer.push(arguments);}
  gtag('js', new Date());

  gtag('config', 'UA-26211653-1');
</script>
<!-- End Google Analytics -->
<!-- Venatus Ad Manager - Install in <HEAD> of page -->
	<script src="https://hb.vntsm.com/v3/live/ad-manager.min.js" type="text/javascript" data-site-id="642aba63ec9a7b11c3c9c1be" data-mode="scan" async></script>
<!-- / Venatus Ad Manager -->

<style>
	@media (max-width:820px) {
		.battle {
			margin: 0 auto;
		}
		.battle-log {
			margin: 7px auto 0;
			max-width: 640px;
			height: 300px;
			position: static;
		}
	}
	.optgroup {
		display: inline-block;
		line-height: 22px;
		font-size: 10pt;
	}
	.optgroup .button {
		height: 25px;
		padding-top: 0;
		padding-bottom: 0;
	}
	.optgroup button.button {
		padding-left: 12px;
		padding-right: 12px;
	}
	.linklist {
		list-style: none;
		margin: 0.5em 0;
		padding: 0;
	}
	.linklist li {
		padding: 2px 0;
	}
	.sidebar {
		float: left;
		width: 320px;
	}
	.bar-wrapper {
		max-width: 1100px;
		margin: 0 auto;
	}
	.bar-wrapper.has-sidebar {
		max-width: 1430px;
	}
	.mainbar {
		margin: 0;
		padding-right: 1px;
	}
	.mainbar.has-sidebar {
		margin-left: 330px;
	}
	@media (min-width: 1511px) {
		.sidebar {
			width: 400px;
		}
		.bar-wrapper.has-sidebar {
			max-width: 1510px;
		}
		.mainbar.has-sidebar {
			margin-left: 410px;
		}
	}
	.section.first-section {
		margin-top: 9px;
	}
	.blocklink small {
		white-space: normal;
	}
	.button {
		vertical-align: middle;
	}
	.replay-controls {
		padding-top: 10px;
	}
	.replay-controls h1 {
		font-size: 16pt;
		font-weight: normal;
		color: #CCC;
	}
	.pagelink {
		text-align: center;
	}
	.pagelink a {
		width: 150px;
	}
	.textbox, .button {
		font-size: 11pt;
		vertical-align: middle;
	}
	@media (max-width: 450px) {
		.button {
			font-size: 9pt;
		}
	}
</style>

<div>

	<header>
		<div class="nav-wrapper"><ul class="nav">
			<li><a class="button nav-first" href="//pokemonshowdown.com/"><img src="//pokemonshowdown.com/images/pokemonshowdownbeta.png" srcset="//pokemonshowdown.com/images/pokemonshowdownbeta.png 1x, //pokemonshowdown.com/images/pokemonshowdownbeta@2x.png 2x" alt="Pok&eacute;mon Showdown" width="146" height="44" /> Home</a></li>
			<li><a class="button" href="//pokemonshowdown.com/dex/">Pok&eacute;dex</a></li>
			<li><a class="button cur" href="/">Replays</a></li>
			<li><a class="button" href="//pokemonshowdown.com/ladder/">Ladder</a></li>
			<li><a class="button nav-last" href="//pokemonshowdown.com/forums/">Forum</a></li>
			<li><a class="button greenbutton nav-first nav-last" href="//play.pokemonshowdown.com/">Play</a></li>
		</ul></div>
	</header>

	<div class="main" id="main">

		<noscript><section class="section">You need to enable JavaScript to use this page; sorry!</section></noscript>

	</div>

</div>

<script defer nomodule src="//play.pokemonshowdown.com/js/lib/ps-polyfill.js"></script>
<script defer src="//play.pokemonshowdown.com/js/lib/preact.min.js"></script>

<script defer src="//play.pokemonshowdown.com/config/config.js?6dec07f6"></script>
<script defer src="//play.pokemonshowdown.com/js/lib/jquery-1.11.0.min.js"></script>
<script defer src="//play.pokemonshowdown.com/js/lib/html-sanitizer-minified.js"></script>
<script defer src="//play.pokemonshowdown.com/js/battle-sound.js"></script>
<script defer src="//play.pokemonshowdown.com/js/battledata.js?0.6315294753075389"></script>
<script defer src="//play.pokemonshowdown.com/data/pokedex-mini.js?0.7603743185311358"></script>
<script defer src="//play.pokemonshowdown.com/data/pokedex-mini-bw.js?0.030888842834281283"></script>
<script defer src="//play.pokemonshowdown.com/data/graphics.js?0.05593094747507488"></script>
<script defer src="//play.pokemonshowdown.com/data/pokedex.js?0.47064822249611904"></script>
<script defer src="//play.pokemonshowdown.com/data/moves.js?0.8583693120512459"></script>
<script defer src="//play.pokemonshowdown.com/data/abilities.js?0.16017181182386842"></script>
<script defer src="//play.pokemonshowdown.com/data/items.js?0.4163379185673943"></script>
<script defer src="//play.pokemonshowdown.com/data/teambuilder-tables.js?0.31075597372830477"></script>
<script defer src="//play.pokemonshowdown.com/js/battle-tooltips.js?0.6536193500708172"></script>
<script defer src="//play.pokemonshowdown.com/js/battle.js?0.1916591943277901"></script>

<script defer src="js/utils.js?e31f9a17"></script>
<script defer src="js/replays-battle.js?7008c182"></script>

<!-- don't scrape this data! just add .json or .log after the URL!
Full API docs: https://github.com/smogon/pokemon-showdown-client/blob/master/WEB-API.md -->
<script type="text/plain" class="log" id="replaylog-smogtours-gen3ou-798181">
|inactive|Battle timer is ON: inactive players will automatically lose when time's up.
|t:|1728839672
|gametype|singles
|player|p1|swinubfan123|cynthia|
|player|p2|NoBottlecapsBlisy|alder|
|teamsize|p1|6
|teamsize|p2|6
|gen|3
|tier|[Gen 3] OU
|rule|Sleep Clause Mod: Limit one foe put to sleep
|rule|Switch Priority Clause Mod: Faster Pokémon switch first
|rule|Species Clause: Limit one of each Pokémon
|rule|OHKO Clause: OHKO moves are banned
|rule|Evasion Items Clause: Evasion items are banned
|rule|Evasion Moves Clause: Evasion moves are banned
|rule|Endless Battle Clause: Forcing endless battles is banned
|rule|HP Percentage Mod: HP is shown in percentages
|rule|One Boost Passer Clause: Limit one Baton Passer that has a way to boost its stats
|rule|Freeze Clause Mod: Limit one foe frozen
|
|t:|1728839672
|start
|switch|p1a: Metagross|Metagross|100/100
|switch|p2a: Tyranitar|Tyranitar, M|100/100
|-weather|Sandstorm|[from] ability: Sand Stream|[of] p2a: Tyranitar
|turn|1
|inactive|swinubfan123 has 270 seconds left.
|
|t:|1728839707
|switch|p2a: Skarmory|Skarmory, M|100/100
|move|p1a: Metagross|Meteor Mash|p2a: Skarmory
|-resisted|p2a: Skarmory
|-damage|p2a: Skarmory|65/100
|
|-weather|Sandstorm|[upkeep]
|-heal|p2a: Skarmory|71/100|[from] item: Leftovers
|upkeep
|turn|2
|
|t:|1728839718
|move|p1a: Metagross|Meteor Mash|p2a: Skarmory
|-resisted|p2a: Skarmory
|-crit|p2a: Skarmory
|-damage|p2a: Skarmory|0 fnt
|-boost|p1a: Metagross|atk|1
|faint|p2a: Skarmory
|
|t:|1728839728
|switch|p2a: Gengar|Gengar, M|100/100
|
|-weather|Sandstorm|[upkeep]
|-damage|p2a: Gengar|94/100|[from] Sandstorm
|-heal|p2a: Gengar|100/100|[from] item: Leftovers
|upkeep
|turn|3
|
|t:|1728839738
|move|p2a: Gengar|Will-O-Wisp|p1a: Metagross
|-status|p1a: Metagross|brn
|move|p1a: Metagross|Meteor Mash|p2a: Gengar
|-damage|p2a: Gengar|0 fnt
|faint|p2a: Gengar
|inactive|NoBottlecapsBlisy has 270 seconds left.
|
|t:|1728839778
|switch|p2a: Salamence|Salamence, F|100/100
|-ability|p2a: Salamence|Intimidate|boost
|-fail|p1a: Metagross|unboost|[from] ability: Clear Body|[of] p1a: Metagross
|
|-weather|Sandstorm|[upkeep]
|-damage|p2a: Salamence|94/100|[from] Sandstorm
|-heal|p2a: Salamence|100/100|[from] item: Leftovers
|-damage|p1a: Metagross|88/100 brn|[from] brn
|upkeep
|turn|4
|inactive|NoBottlecapsBlisy has 270 seconds left.
|
|t:|1728839795
|move|p2a: Salamence|Fire Blast|p1a: Metagross
|-supereffective|p1a: Metagross
|-damage|p1a: Metagross|0 fnt
|faint|p1a: Metagross
|inactive|swinubfan123 has 270 seconds left.
|
|t:|1728839822
|switch|p1a: Porygon2|Porygon2|100/100
|-ability|p1a: Porygon2|Intimidate|[from] ability: Trace|[of] p2a: Salamence
|
|-weather|Sandstorm|[upkeep]
|-damage|p2a: Salamence|94/100|[from] Sandstorm
|-damage|p1a: Porygon2|94/100|[from] Sandstorm
|-heal|p2a: Salamence|100/100|[from] item: Leftovers
|-heal|p1a: Porygon2|100/100|[from] item: Leftovers
|upkeep
|turn|5
|inactive|swinubfan123 has 270 seconds left.
|inactive|NoBottlecapsBlisy has 270 seconds left.
|
|t:|1728839840
|switch|p2a: Tyranitar|Tyranitar, M|100/100
|move|p1a: Porygon2|Thunder Wave|p2a: Tyranitar
|-status|p2a: Tyranitar|par
|
|-weather|Sandstorm|[upkeep]
|-damage|p1a: Porygon2|94/100|[from] Sandstorm
|-heal|p1a: Porygon2|100/100|[from] item: Leftovers
|upkeep
|turn|6
|inactive|swinubfan123 has 270 seconds left.
|
|t:|1728839860
|-singleturn|p2a: Tyranitar|move: Focus Punch
|move|p1a: Porygon2|Thunderbolt|p2a: Tyranitar
|-damage|p2a: Tyranitar|80/100 par
|move|p2a: Tyranitar|Focus Punch||[still]
|cant|p2a: Tyranitar|Focus Punch|Focus Punch
|
|-weather|Sandstorm|[upkeep]
|-damage|p1a: Porygon2|94/100|[from] Sandstorm
|-heal|p1a: Porygon2|100/100|[from] item: Leftovers
|-heal|p2a: Tyranitar|86/100 par|[from] item: Leftovers
|upkeep
|turn|7
|
|t:|1728839868
|switch|p2a: Celebi|Celebi|100/100
|move|p1a: Porygon2|Thunderbolt|p2a: Celebi
|-resisted|p2a: Celebi
|-damage|p2a: Celebi|90/100
|-status|p2a: Celebi|par
|
|-weather|Sandstorm|[upkeep]
|-damage|p1a: Porygon2|94/100|[from] Sandstorm
|-damage|p2a: Celebi|84/100 par|[from] Sandstorm
|-heal|p1a: Porygon2|100/100|[from] item: Leftovers
|-heal|p2a: Celebi|90/100 par|[from] item: Leftovers
|upkeep
|turn|8
|inactive|swinubfan123 has 270 seconds left.
|
|t:|1728839897
|switch|p1a: Tyranitar|Tyranitar, F|100/100
|move|p2a: Celebi|Leech Seed|p1a: Tyranitar
|-start|p1a: Tyranitar|move: Leech Seed
|
|-weather|Sandstorm|[upkeep]
|-damage|p2a: Celebi|84/100 par|[from] Sandstorm
|-damage|p1a: Tyranitar|88/100|[from] Leech Seed|[of] p2a: Celebi
|-heal|p2a: Celebi|96/100 par|[silent]
|-heal|p2a: Celebi|100/100 par|[from] item: Leftovers
|upkeep
|turn|9
|
|t:|1728839906
|move|p1a: Tyranitar|Crunch|p2a: Celebi
|-supereffective|p2a: Celebi
|-damage|p2a: Celebi|40/100 par
|move|p2a: Celebi|Giga Drain|p1a: Tyranitar
|-supereffective|p1a: Tyranitar
|-damage|p1a: Tyranitar|37/100
|-heal|p2a: Celebi|67/100 par|[from] drain|[of] p1a: Tyranitar
|
|-weather|Sandstorm|[upkeep]
|-damage|p2a: Celebi|61/100 par|[from] Sandstorm
|-heal|p1a: Tyranitar|43/100|[from] item: Leftovers
|-damage|p1a: Tyranitar|31/100|[from] Leech Seed|[of] p2a: Celebi
|-heal|p2a: Celebi|74/100 par|[silent]
|-heal|p2a: Celebi|80/100 par|[from] item: Leftovers
|upkeep
|turn|10
|
|t:|1728839925
|switch|p1a: Heracross|Heracross, F|100/100
|move|p2a: Celebi|Giga Drain|p1a: Heracross
|-resisted|p1a: Heracross
|-damage|p1a: Heracross|84/100
|-heal|p2a: Celebi|86/100 par|[from] drain|[of] p1a: Heracross
|
|-weather|Sandstorm|[upkeep]
|-damage|p1a: Heracross|78/100|[from] Sandstorm
|-damage|p2a: Celebi|80/100 par|[from] Sandstorm
|-heal|p2a: Celebi|86/100 par|[from] item: Leftovers
|upkeep
|turn|11
|
|t:|1728839942
|switch|p1a: Porygon2|Porygon2|100/100
|-ability|p1a: Porygon2|Natural Cure|[from] ability: Trace|[of] p2a: Celebi
|-curestatus|p2a: Celebi|par|[from] ability: Natural Cure
|switch|p2a: Salamence|Salamence, F|100/100
|-ability|p2a: Salamence|Intimidate|boost
|-unboost|p1a: Porygon2|atk|1
|
|-weather|Sandstorm|[upkeep]
|-damage|p2a: Salamence|94/100|[from] Sandstorm
|-damage|p1a: Porygon2|94/100|[from] Sandstorm
|-heal|p2a: Salamence|100/100|[from] item: Leftovers
|-heal|p1a: Porygon2|100/100|[from] item: Leftovers
|upkeep
|turn|12
|
|t:|1728839951
|switch|p2a: Celebi|Celebi|86/100
|move|p1a: Porygon2|Ice Beam|p2a: Celebi
|-supereffective|p2a: Celebi
|-damage|p2a: Celebi|44/100
|-status|p2a: Celebi|frz
|
|-weather|Sandstorm|[upkeep]
|-damage|p2a: Celebi|38/100 frz|[from] Sandstorm
|-damage|p1a: Porygon2|94/100|[from] Sandstorm
|-heal|p2a: Celebi|44/100 frz|[from] item: Leftovers
|-heal|p1a: Porygon2|100/100|[from] item: Leftovers
|upkeep
|turn|13
|
|t:|1728839956
|-curestatus|p2a: Celebi|frz|[from] ability: Natural Cure
|switch|p2a: Tyranitar|Tyranitar, M|86/100 par
|move|p1a: Porygon2|Ice Beam|p2a: Tyranitar
|-crit|p2a: Tyranitar
|-damage|p2a: Tyranitar|50/100 par
|
|-weather|Sandstorm|[upkeep]
|-damage|p1a: Porygon2|94/100|[from] Sandstorm
|-heal|p1a: Porygon2|100/100|[from] item: Leftovers
|-heal|p2a: Tyranitar|56/100 par|[from] item: Leftovers
|upkeep
|turn|14
|
|t:|1728839960
|move|p1a: Porygon2|Thunderbolt|p2a: Tyranitar
|-damage|p2a: Tyranitar|38/100 par
|move|p2a: Tyranitar|Rock Slide|p1a: Porygon2
|-damage|p1a: Porygon2|66/100
|
|-weather|Sandstorm|[upkeep]
|-damage|p1a: Porygon2|60/100|[from] Sandstorm
|-heal|p1a: Porygon2|66/100|[from] item: Leftovers
|-heal|p2a: Tyranitar|44/100 par|[from] item: Leftovers
|upkeep
|turn|15
|
|t:|1728839966
|-singleturn|p2a: Tyranitar|move: Focus Punch
|move|p1a: Porygon2|Thunderbolt|p2a: Tyranitar
|-damage|p2a: Tyranitar|23/100 par
|move|p2a: Tyranitar|Focus Punch||[still]
|cant|p2a: Tyranitar|Focus Punch|Focus Punch
|
|-weather|Sandstorm|[upkeep]
|-damage|p1a: Porygon2|60/100|[from] Sandstorm
|-heal|p1a: Porygon2|66/100|[from] item: Leftovers
|-heal|p2a: Tyranitar|29/100 par|[from] item: Leftovers
|upkeep
|turn|16
|
|t:|1728839973
|move|p1a: Porygon2|Thunderbolt|p2a: Tyranitar
|-damage|p2a: Tyranitar|9/100 par
|move|p2a: Tyranitar|Rock Slide|p1a: Porygon2
|-damage|p1a: Porygon2|33/100
|
|-weather|Sandstorm|[upkeep]
|-damage|p1a: Porygon2|27/100|[from] Sandstorm
|-heal|p1a: Porygon2|33/100|[from] item: Leftovers
|-heal|p2a: Tyranitar|16/100 par|[from] item: Leftovers
|upkeep
|turn|17
|
|t:|1728839978
|-singleturn|p2a: Tyranitar|move: Focus Punch
|move|p1a: Porygon2|Thunderbolt|p2a: Tyranitar
|-damage|p2a: Tyranitar|0 fnt
|faint|p2a: Tyranitar
|
|t:|1728839985
|switch|p2a: Salamence|Salamence, F|100/100
|-ability|p2a: Salamence|Intimidate|boost
|-unboost|p1a: Porygon2|atk|1
|
|-weather|Sandstorm|[upkeep]
|-damage|p2a: Salamence|94/100|[from] Sandstorm
|-damage|p1a: Porygon2|27/100|[from] Sandstorm
|-heal|p2a: Salamence|100/100|[from] item: Leftovers
|-heal|p1a: Porygon2|33/100|[from] item: Leftovers
|upkeep
|turn|18
|
|t:|1728839995
|switch|p1a: Starmie|Starmie|100/100
|move|p2a: Salamence|Dragon Claw|p1a: Starmie
|-damage|p1a: Starmie|53/100
|
|-weather|Sandstorm|[upkeep]
|-damage|p1a: Starmie|47/100|[from] Sandstorm
|-damage|p2a: Salamence|94/100|[from] Sandstorm
|-heal|p1a: Starmie|53/100|[from] item: Leftovers
|-heal|p2a: Salamence|100/100|[from] item: Leftovers
|upkeep
|turn|19
|inactive|NoBottlecapsBlisy has 270 seconds left.
|
|t:|1728840027
|move|p1a: Starmie|Recover|p1a: Starmie
|-heal|p1a: Starmie|100/100
|move|p2a: Salamence|Dragon Claw|p1a: Starmie
|-damage|p1a: Starmie|55/100
|
|-weather|Sandstorm|[upkeep]
|-damage|p1a: Starmie|48/100|[from] Sandstorm
|-damage|p2a: Salamence|94/100|[from] Sandstorm
|-heal|p1a: Starmie|55/100|[from] item: Leftovers
|-heal|p2a: Salamence|100/100|[from] item: Leftovers
|upkeep
|turn|20
|
|t:|1728840035
|move|p1a: Starmie|Recover|p1a: Starmie
|-heal|p1a: Starmie|100/100
|move|p2a: Salamence|Dragon Claw|p1a: Starmie
|-crit|p1a: Starmie
|-damage|p1a: Starmie|0 fnt
|faint|p1a: Starmie
|inactive|swinubfan123 has 270 seconds left.
|
|t:|1728840087
|switch|p1a: Heracross|Heracross, F|78/100
|
|-weather|Sandstorm|[upkeep]
|-damage|p2a: Salamence|94/100|[from] Sandstorm
|-damage|p1a: Heracross|72/100|[from] Sandstorm
|-heal|p2a: Salamence|100/100|[from] item: Leftovers
|upkeep
|turn|21
|inactive|swinubfan123 has 240 seconds left.
|inactive|swinubfan123 has 210 seconds left.
|
|t:|1728840136
|switch|p1a: Tyranitar|Tyranitar, F|31/100
|move|p2a: Salamence|Fire Blast|p1a: Tyranitar
|-resisted|p1a: Tyranitar
|-damage|p1a: Tyranitar|13/100
|
|-weather|Sandstorm|[upkeep]
|-damage|p2a: Salamence|94/100|[from] Sandstorm
|-heal|p2a: Salamence|100/100|[from] item: Leftovers
|-heal|p1a: Tyranitar|19/100|[from] item: Leftovers
|upkeep
|turn|22
|
|t:|1728840148
|move|p2a: Salamence|Dragon Claw|p1a: Tyranitar
|-damage|p1a: Tyranitar|0 fnt
|faint|p1a: Tyranitar
|
|t:|1728840157
|switch|p1a: Porygon2|Porygon2|33/100
|-ability|p1a: Porygon2|Intimidate|[from] ability: Trace|[of] p2a: Salamence
|
|-weather|Sandstorm|[upkeep]
|-damage|p2a: Salamence|94/100|[from] Sandstorm
|-damage|p1a: Porygon2|27/100|[from] Sandstorm
|-heal|p2a: Salamence|100/100|[from] item: Leftovers
|-heal|p1a: Porygon2|33/100|[from] item: Leftovers
|upkeep
|turn|23
|inactive|swinubfan123 has 210 seconds left.
|inactive|swinubfan123 has 180 seconds left.
|
|t:|1728840205
|switch|p1a: Swampert|Swampert, M|100/100
|move|p2a: Salamence|Dragon Claw|p1a: Swampert
|-damage|p1a: Swampert|55/100
|
|-weather|Sandstorm|[upkeep]
|-damage|p2a: Salamence|94/100|[from] Sandstorm
|-heal|p2a: Salamence|100/100|[from] item: Leftovers
|upkeep
|turn|24
|inactive|swinubfan123 has 180 seconds left.
|inactive|NoBottlecapsBlisy has 270 seconds left.
|inactive|swinubfan123 has 150 seconds left.
|inactive|NoBottlecapsBlisy has 240 seconds left.
|inactive|swinubfan123 has 120 seconds left.
|inactive|NoBottlecapsBlisy has 210 seconds left.
|
|t:|1728840290
|switch|p2a: Celebi|Celebi|44/100
|switch|p1a: Porygon2|Porygon2|33/100
|-ability|p1a: Porygon2|Natural Cure|[from] ability: Trace|[of] p2a: Celebi
|
|-weather|Sandstorm|[upkeep]
|-damage|p2a: Celebi|38/100|[from] Sandstorm
|-damage|p1a: Porygon2|27/100|[from] Sandstorm
|-heal|p2a: Celebi|44/100|[from] item: Leftovers
|-heal|p1a: Porygon2|33/100|[from] item: Leftovers
|upkeep
|turn|25
|inactive|NoBottlecapsBlisy has 210 seconds left.
|
|t:|1728840307
|move|p2a: Celebi|Leech Seed|p1a: Porygon2
|-start|p1a: Porygon2|move: Leech Seed
|move|p1a: Porygon2|Recover|p1a: Porygon2
|-heal|p1a: Porygon2|83/100
|
|-weather|Sandstorm|[upkeep]
|-damage|p2a: Celebi|38/100|[from] Sandstorm
|-damage|p1a: Porygon2|77/100|[from] Sandstorm
|-heal|p2a: Celebi|44/100|[from] item: Leftovers
|-heal|p1a: Porygon2|83/100|[from] item: Leftovers
|-damage|p1a: Porygon2|71/100|[from] Leech Seed|[of] p2a: Celebi
|-heal|p2a: Celebi|56/100|[silent]
|upkeep
|turn|26
|inactive|NoBottlecapsBlisy has 210 seconds left.
|
|t:|1728840315
|switch|p1a: Heracross|Heracross, F|72/100
|move|p2a: Celebi|Giga Drain|p1a: Heracross
|-resisted|p1a: Heracross
|-damage|p1a: Heracross|57/100
|-heal|p2a: Celebi|62/100|[from] drain|[of] p1a: Heracross
|
|-weather|Sandstorm|[upkeep]
|-damage|p1a: Heracross|51/100|[from] Sandstorm
|-damage|p2a: Celebi|56/100|[from] Sandstorm
|-heal|p2a: Celebi|62/100|[from] item: Leftovers
|upkeep
|turn|27
|inactive|swinubfan123 has 120 seconds left.
|
|t:|1728840342
|move|p1a: Heracross|Endure|p1a: Heracross
|-singleturn|p1a: Heracross|move: Endure
|move|p2a: Celebi|Psychic|p1a: Heracross
|-supereffective|p1a: Heracross
|-activate|p1a: Heracross|move: Endure
|-damage|p1a: Heracross|1/100
|
|-weather|Sandstorm|[upkeep]
|-damage|p1a: Heracross|0 fnt|[from] Sandstorm
|-damage|p2a: Celebi|56/100|[from] Sandstorm
|faint|p1a: Heracross
|-heal|p2a: Celebi|62/100|[from] item: Leftovers
|upkeep
|
|t:|1728840350
|switch|p1a: Porygon2|Porygon2|71/100
|-ability|p1a: Porygon2|Natural Cure|[from] ability: Trace|[of] p2a: Celebi
|turn|28
|
|t:|1728840354
|move|p2a: Celebi|Leech Seed|p1a: Porygon2
|-start|p1a: Porygon2|move: Leech Seed
|move|p1a: Porygon2|Ice Beam|p2a: Celebi
|-supereffective|p2a: Celebi
|-damage|p2a: Celebi|21/100
|
|-weather|Sandstorm|[upkeep]
|-damage|p2a: Celebi|15/100|[from] Sandstorm
|-damage|p1a: Porygon2|65/100|[from] Sandstorm
|-heal|p2a: Celebi|21/100|[from] item: Leftovers
|-heal|p1a: Porygon2|71/100|[from] item: Leftovers
|-damage|p1a: Porygon2|59/100|[from] Leech Seed|[of] p2a: Celebi
|-heal|p2a: Celebi|33/100|[silent]
|upkeep
|turn|29
|
|t:|1728840364
|move|p2a: Celebi|Giga Drain|p1a: Porygon2
|-damage|p1a: Porygon2|35/100
|-heal|p2a: Celebi|44/100|[from] drain|[of] p1a: Porygon2
|move|p1a: Porygon2|Thunder Wave|p2a: Celebi
|-status|p2a: Celebi|par
|
|-weather|Sandstorm|[upkeep]
|-damage|p1a: Porygon2|29/100|[from] Sandstorm
|-damage|p2a: Celebi|38/100 par|[from] Sandstorm
|-heal|p1a: Porygon2|35/100|[from] item: Leftovers
|-damage|p1a: Porygon2|23/100|[from] Leech Seed|[of] p2a: Celebi
|-heal|p2a: Celebi|50/100 par|[silent]
|-heal|p2a: Celebi|56/100 par|[from] item: Leftovers
|upkeep
|turn|30
|
|t:|1728840376
|move|p1a: Porygon2|Recover|p1a: Porygon2
|-heal|p1a: Porygon2|73/100
|cant|p2a: Celebi|par
|
|-weather|Sandstorm|[upkeep]
|-damage|p1a: Porygon2|67/100|[from] Sandstorm
|-damage|p2a: Celebi|50/100 par|[from] Sandstorm
|-heal|p1a: Porygon2|73/100|[from] item: Leftovers
|-damage|p1a: Porygon2|61/100|[from] Leech Seed|[of] p2a: Celebi
|-heal|p2a: Celebi|62/100 par|[silent]
|-heal|p2a: Celebi|68/100 par|[from] item: Leftovers
|upkeep
|turn|31
|
|t:|1728840381
|move|p1a: Porygon2|Ice Beam|p2a: Celebi
|-supereffective|p2a: Celebi
|-damage|p2a: Celebi|25/100 par
|move|p2a: Celebi|Giga Drain|p1a: Porygon2
|-damage|p1a: Porygon2|36/100
|-heal|p2a: Celebi|37/100 par|[from] drain|[of] p1a: Porygon2
|
|-weather|Sandstorm|[upkeep]
|-damage|p1a: Porygon2|30/100|[from] Sandstorm
|-damage|p2a: Celebi|31/100 par|[from] Sandstorm
|-heal|p1a: Porygon2|36/100|[from] item: Leftovers
|-damage|p1a: Porygon2|23/100|[from] Leech Seed|[of] p2a: Celebi
|-heal|p2a: Celebi|42/100 par|[silent]
|-heal|p2a: Celebi|49/100 par|[from] item: Leftovers
|upkeep
|turn|32
|inactive|NoBottlecapsBlisy has 240 seconds left.
|
|t:|1728840401
|-curestatus|p2a: Celebi|par|[from] ability: Natural Cure
|switch|p2a: Metagross|Metagross|100/100
|move|p1a: Porygon2|Ice Beam|p2a: Metagross
|-resisted|p2a: Metagross
|-damage|p2a: Metagross|88/100
|
|-weather|Sandstorm|[upkeep]
|-damage|p1a: Porygon2|17/100|[from] Sandstorm
|-heal|p2a: Metagross|94/100|[from] item: Leftovers
|-heal|p1a: Porygon2|23/100|[from] item: Leftovers
|-damage|p1a: Porygon2|11/100|[from] Leech Seed|[of] p2a: Metagross
|-heal|p2a: Metagross|100/100|[silent]
|upkeep
|turn|33
|inactive|swinubfan123 has 150 seconds left.
|
|t:|1728840412
|move|p2a: Metagross|Meteor Mash|p1a: Porygon2
|-damage|p1a: Porygon2|0 fnt
|faint|p1a: Porygon2
|
|t:|1728840414
|switch|p1a: Swampert|Swampert, M|55/100
|
|-weather|Sandstorm|[upkeep]
|upkeep
|turn|34
|
|t:|1728840418
|move|p1a: Swampert|Substitute|p1a: Swampert
|-start|p1a: Swampert|Substitute
|-damage|p1a: Swampert|30/100
|move|p2a: Metagross|Meteor Mash|p1a: Swampert
|-resisted|p1a: Swampert
|-end|p1a: Swampert|Substitute
|
|-weather|Sandstorm|[upkeep]
|upkeep
|turn|35
|
|t:|1728840425
|move|p1a: Swampert|Hydro Pump|p2a: Metagross
|-damage|p2a: Metagross|24/100
|move|p2a: Metagross|Earthquake|p1a: Swampert
|-damage|p1a: Swampert|0 fnt
|faint|p1a: Swampert
|
|win|NoBottlecapsBlisy
|c|☆swinubfan123|ggs
|c|☆NoBottlecapsBlisy|ggs
|player|p1|

</script>
<script type="application/json" class="data" id="replaydata-smogtours-gen3ou-798181">
{"id":"smogtours-gen3ou-798181","format":"[Gen 3] OU","players":["swinubfan123","NoBottlecapsBlisy"],"uploadtime":1728840425,"views":94,"formatid":"gen3ou","rating":null,"private":0,"password":null}
</script>

<script defer src="js/replays.js?9d40a366"></script>
