<!DOCTYPE html>
<meta charset="utf-8" />
<meta name="viewport" content="width=device-width" />

<title>[Gen 3] OU: DMONDThrice vs. Vholtninja - Replays - Pok&eacute;mon Showdown!</title>

<meta name="description" content="Watch a replay of a Pok&eacute;mon battle between DMONDThrice and Vholtninja! Format: [Gen 3] OU; Date: Oct 9, 2024" />
<!--

Hey, you! Looking in the source for the replay log?

You can find them in JSON format, just add `.json` at the end of a replay URL.

https://replay.pokemonshowdown.com/gen7randomdoublesbattle-865046831.json

Or, if you only need the log itself, add `.log` instead:

https://replay.pokemonshowdown.com/gen7randomdoublesbattle-865046831.log

-->

<link rel="stylesheet" href="//pokemonshowdown.com/style/global.css?0.767286132409787" />
<link rel="stylesheet" href="//play.pokemonshowdown.com/style/font-awesome.css?0.9266228007934947" />
<link rel="stylesheet" href="//play.pokemonshowdown.com/style/battle.css?0.7924700842790926" />
<link rel="stylesheet" href="//play.pokemonshowdown.com/style/utilichart.css?0.8777417872839479" />

<!-- Global site tag (gtag.js) - Google Analytics -->
<script async src="https://www.googletagmanager.com/gtag/js?id=UA-26211653-1"></script>
<script>
  window.dataLayer = window.dataLayer || [];
  function gtag(){dataLayer.push(arguments);}
  gtag('js', new Date());

  gtag('config', 'UA-26211653-1');
</script>
<!-- End Google Analytics -->
<!-- Venatus Ad Manager - Install in <HEAD> of page -->
	<script src="https://hb.vntsm.com/v3/live/ad-manager.min.js" type="text/javascript" data-site-id="642aba63ec9a7b11c3c9c1be" data-mode="scan" async></script>
<!-- / Venatus Ad Manager -->

<style>
	@media (max-width:820px) {
		.battle {
			margin: 0 auto;
		}
		.battle-log {
			margin: 7px auto 0;
			max-width: 640px;
			height: 300px;
			position: static;
		}
	}
	.optgroup {
		display: inline-block;
		line-height: 22px;
		font-size: 10pt;
	}
	.optgroup .button {
		height: 25px;
		padding-top: 0;
		padding-bottom: 0;
	}
	.optgroup button.button {
		padding-left: 12px;
		padding-right: 12px;
	}
	.linklist {
		list-style: none;
		margin: 0.5em 0;
		padding: 0;
	}
	.linklist li {
		padding: 2px 0;
	}
	.sidebar {
		float: left;
		width: 320px;
	}
	.bar-wrapper {
		max-width: 1100px;
		margin: 0 auto;
	}
	.bar-wrapper.has-sidebar {
		max-width: 1430px;
	}
	.mainbar {
		margin: 0;
		padding-right: 1px;
	}
	.mainbar.has-sidebar {
		margin-left: 330px;
	}
	@media (min-width: 1511px) {
		.sidebar {
			width: 400px;
		}
		.bar-wrapper.has-sidebar {
			max-width: 1510px;
		}
		.mainbar.has-sidebar {
			margin-left: 410px;
		}
	}
	.section.first-section {
		margin-top: 9px;
	}
	.blocklink small {
		white-space: normal;
	}
	.button {
		vertical-align: middle;
	}
	.replay-controls {
		padding-top: 10px;
	}
	.replay-controls h1 {
		font-size: 16pt;
		font-weight: normal;
		color: #CCC;
	}
	.pagelink {
		text-align: center;
	}
	.pagelink a {
		width: 150px;
	}
	.textbox, .button {
		font-size: 11pt;
		vertical-align: middle;
	}
	@media (max-width: 450px) {
		.button {
			font-size: 9pt;
		}
	}
</style>

<div>

	<header>
		<div class="nav-wrapper"><ul class="nav">
			<li><a class="button nav-first" href="//pokemonshowdown.com/"><img src="//pokemonshowdown.com/images/pokemonshowdownbeta.png" srcset="//pokemonshowdown.com/images/pokemonshowdownbeta.png 1x, //pokemonshowdown.com/images/pokemonshowdownbeta@2x.png 2x" alt="Pok&eacute;mon Showdown" width="146" height="44" /> Home</a></li>
			<li><a class="button" href="//pokemonshowdown.com/dex/">Pok&eacute;dex</a></li>
			<li><a class="button cur" href="/">Replays</a></li>
			<li><a class="button" href="//pokemonshowdown.com/ladder/">Ladder</a></li>
			<li><a class="button nav-last" href="//pokemonshowdown.com/forums/">Forum</a></li>
			<li><a class="button greenbutton nav-first nav-last" href="//play.pokemonshowdown.com/">Play</a></li>
		</ul></div>
	</header>

	<div class="main" id="main">

		<noscript><section class="section">You need to enable JavaScript to use this page; sorry!</section></noscript>

	</div>

</div>

<script defer nomodule src="//play.pokemonshowdown.com/js/lib/ps-polyfill.js"></script>
<script defer src="//play.pokemonshowdown.com/js/lib/preact.min.js"></script>

<script defer src="//play.pokemonshowdown.com/config/config.js?6dec07f6"></script>
<script defer src="//play.pokemonshowdown.com/js/lib/jquery-1.11.0.min.js"></script>
<script defer src="//play.pokemonshowdown.com/js/lib/html-sanitizer-minified.js"></script>
<script defer src="//play.pokemonshowdown.com/js/battle-sound.js"></script>
<script defer src="//play.pokemonshowdown.com/js/battledata.js?0.6315294753075389"></script>
<script defer src="//play.pokemonshowdown.com/data/pokedex-mini.js?0.7603743185311358"></script>
<script defer src="//play.pokemonshowdown.com/data/pokedex-mini-bw.js?0.030888842834281283"></script>
<script defer src="//play.pokemonshowdown.com/data/graphics.js?0.05593094747507488"></script>
<script defer src="//play.pokemonshowdown.com/data/pokedex.js?0.47064822249611904"></script>
<script defer src="//play.pokemonshowdown.com/data/moves.js?0.8583693120512459"></script>
<script defer src="//play.pokemonshowdown.com/data/abilities.js?0.16017181182386842"></script>
<script defer src="//play.pokemonshowdown.com/data/items.js?0.4163379185673943"></script>
<script defer src="//play.pokemonshowdown.com/data/teambuilder-tables.js?0.31075597372830477"></script>
<script defer src="//play.pokemonshowdown.com/js/battle-tooltips.js?0.6536193500708172"></script>
<script defer src="//play.pokemonshowdown.com/js/battle.js?0.1916591943277901"></script>

<script defer src="js/utils.js?e31f9a17"></script>
<script defer src="js/replays-battle.js?7008c182"></script>

<!-- don't scrape this data! just add .json or .log after the URL!
Full API docs: https://github.com/smogon/pokemon-showdown-client/blob/master/WEB-API.md -->
<script type="text/plain" class="log" id="replaylog-smogtours-gen3ou-796648">
|inactive|Battle timer is ON: inactive players will automatically lose when time's up.
|t:|1728490460
|gametype|singles
|player|p1|DMONDThrice|volkner|
|player|p2|Vholtninja|serena-masters2|
|teamsize|p1|6
|teamsize|p2|6
|gen|3
|tier|[Gen 3] OU
|rule|Sleep Clause Mod: Limit one foe put to sleep
|rule|Switch Priority Clause Mod: Faster Pokémon switch first
|rule|Species Clause: Limit one of each Pokémon
|rule|OHKO Clause: OHKO moves are banned
|rule|Evasion Items Clause: Evasion items are banned
|rule|Evasion Moves Clause: Evasion moves are banned
|rule|Endless Battle Clause: Forcing endless battles is banned
|rule|HP Percentage Mod: HP is shown in percentages
|rule|One Boost Passer Clause: Limit one Baton Passer that has a way to boost its stats
|rule|Freeze Clause Mod: Limit one foe frozen
|
|t:|1728490460
|start
|switch|p1a: Suicune|Suicune|100/100
|switch|p2a: Salamence|Salamence, M|100/100
|-ability|p2a: Salamence|Intimidate|boost
|-unboost|p1a: Suicune|atk|1
|turn|1
|c|☆Vholtninja|glhf
|c|☆DMONDThrice|glhf!
|
|t:|1728490488
|switch|p2a: Celebi|Celebi|100/100
|move|p1a: Suicune|Toxic|p2a: Celebi
|-status|p2a: Celebi|tox
|
|-damage|p2a: Celebi|94/100 tox|[from] psn
|upkeep
|turn|2
|
|t:|1728490501
|switch|p1a: Jirachi|Jirachi|100/100
|move|p2a: Celebi|Leech Seed|p1a: Jirachi
|-start|p1a: Jirachi|move: Leech Seed
|
|-heal|p2a: Celebi|100/100 tox|[from] item: Leftovers
|-damage|p2a: Celebi|88/100 tox|[from] psn
|-damage|p1a: Jirachi|88/100|[from] Leech Seed|[of] p2a: Celebi
|-heal|p2a: Celebi|100/100 tox|[silent]
|upkeep
|turn|3
|
|t:|1728490511
|-curestatus|p2a: Celebi|tox|[from] ability: Natural Cure
|switch|p2a: Claydol|Claydol|100/100
|move|p1a: Jirachi|Fire Punch|p2a: Claydol
|-damage|p2a: Claydol|85/100
|
|-heal|p1a: Jirachi|94/100|[from] item: Leftovers
|-damage|p1a: Jirachi|82/100|[from] Leech Seed|[of] p2a: Claydol
|-heal|p2a: Claydol|100/100|[silent]
|upkeep
|turn|4
|
|t:|1728490524
|switch|p1a: Celebi|Celebi|100/100
|switch|p2a: Salamence|Salamence, M|100/100
|-ability|p2a: Salamence|Intimidate|boost
|-unboost|p1a: Celebi|atk|1
|
|upkeep
|turn|5
|
|t:|1728490537
|switch|p1a: Suicune|Suicune|100/100
|move|p2a: Salamence|Hidden Power|p1a: Suicune
|-damage|p1a: Suicune|44/100
|
|-heal|p1a: Suicune|50/100|[from] item: Leftovers
|upkeep
|turn|6
|
|t:|1728490544
|switch|p1a: Jirachi|Jirachi|82/100
|move|p2a: Salamence|Hidden Power|p1a: Jirachi
|-resisted|p1a: Jirachi
|-damage|p1a: Jirachi|55/100
|
|-heal|p1a: Jirachi|61/100|[from] item: Leftovers
|upkeep
|turn|7
|
|t:|1728490549
|switch|p2a: Celebi|Celebi|100/100
|move|p1a: Jirachi|Wish|p1a: Jirachi
|
|-heal|p1a: Jirachi|67/100|[from] item: Leftovers
|upkeep
|turn|8
|
|t:|1728490564
|switch|p2a: Claydol|Claydol|100/100
|switch|p1a: Suicune|Suicune|50/100
|
|-heal|p1a: Suicune|100/100|[from] move: Wish|[wisher] Jirachi
|upkeep
|turn|9
|
|t:|1728490572
|switch|p2a: Celebi|Celebi|100/100
|move|p1a: Suicune|Hydro Pump|p2a: Celebi
|-resisted|p2a: Celebi
|-damage|p2a: Celebi|81/100
|
|-heal|p2a: Celebi|87/100|[from] item: Leftovers
|upkeep
|turn|10
|
|t:|1728490581
|switch|p1a: Jirachi|Jirachi|67/100
|move|p2a: Celebi|Leech Seed|p1a: Jirachi
|-start|p1a: Jirachi|move: Leech Seed
|
|-heal|p2a: Celebi|93/100|[from] item: Leftovers
|-heal|p1a: Jirachi|73/100|[from] item: Leftovers
|-damage|p1a: Jirachi|61/100|[from] Leech Seed|[of] p2a: Celebi
|-heal|p2a: Celebi|100/100|[silent]
|upkeep
|turn|11
|
|t:|1728490586
|switch|p2a: Heracross|Heracross, M|100/100
|move|p1a: Jirachi|Wish|p1a: Jirachi
|
|-heal|p1a: Jirachi|67/100|[from] item: Leftovers
|-damage|p1a: Jirachi|55/100|[from] Leech Seed|[of] p2a: Heracross
|upkeep
|turn|12
|
|t:|1728490592
|switch|p1a: Zapdos|Zapdos|100/100
|move|p2a: Heracross|Swords Dance|p2a: Heracross
|-boost|p2a: Heracross|atk|2
|
|upkeep
|turn|13
|
|t:|1728490601
|move|p2a: Heracross|Rock Slide|p1a: Zapdos
|-supereffective|p1a: Zapdos
|-damage|p1a: Zapdos|0 fnt
|faint|p1a: Zapdos
|
|t:|1728490611
|switch|p1a: Dugtrio|Dugtrio, M|100/100
|
|upkeep
|turn|14
|
|t:|1728490615
|move|p1a: Dugtrio|Aerial Ace|p2a: Heracross
|-supereffective|p2a: Heracross
|-damage|p2a: Heracross|0 fnt
|faint|p2a: Heracross
|
|t:|1728490619
|switch|p2a: Salamence|Salamence, M|100/100
|-ability|p2a: Salamence|Intimidate|boost
|-unboost|p1a: Dugtrio|atk|1
|
|upkeep
|turn|15
|
|t:|1728490623
|switch|p1a: Suicune|Suicune|100/100
|move|p2a: Salamence|Hidden Power|p1a: Suicune
|-damage|p1a: Suicune|47/100
|
|-heal|p1a: Suicune|53/100|[from] item: Leftovers
|upkeep
|turn|16
|
|t:|1728490628
|move|p2a: Salamence|Hidden Power|p1a: Suicune
|-damage|p1a: Suicune|1/100
|move|p1a: Suicune|Ice Beam|p2a: Salamence
|-supereffective|p2a: Salamence
|-damage|p2a: Salamence|0 fnt
|faint|p2a: Salamence
|
|t:|1728490635
|switch|p2a: Skarmory|Skarmory, F|100/100
|
|-heal|p1a: Suicune|7/100|[from] item: Leftovers
|upkeep
|turn|17
|
|t:|1728490641
|switch|p1a: Jirachi|Jirachi|55/100
|move|p2a: Skarmory|Spikes|p1a: Jirachi
|-sidestart|p1: DMONDThrice|Spikes
|
|-heal|p1a: Jirachi|61/100|[from] item: Leftovers
|upkeep
|turn|18
|
|t:|1728490647
|move|p1a: Jirachi|Thunder|p2a: Skarmory
|-supereffective|p2a: Skarmory
|-damage|p2a: Skarmory|46/100
|move|p2a: Skarmory|Spikes|p1a: Jirachi
|-sidestart|p1: DMONDThrice|Spikes
|
|-heal|p1a: Jirachi|67/100|[from] item: Leftovers
|-heal|p2a: Skarmory|52/100|[from] item: Leftovers
|upkeep
|turn|19
|
|t:|1728490654
|move|p2a: Skarmory|Protect|p2a: Skarmory
|-singleturn|p2a: Skarmory|Protect
|move|p1a: Jirachi|Wish|p1a: Jirachi
|
|-heal|p1a: Jirachi|73/100|[from] item: Leftovers
|-heal|p2a: Skarmory|58/100|[from] item: Leftovers
|upkeep
|turn|20
|
|t:|1728490663
|switch|p1a: Celebi|Celebi|100/100
|-damage|p1a: Celebi|84/100|[from] Spikes
|switch|p2a: Claydol|Claydol|100/100
|
|-heal|p1a: Celebi|100/100|[from] move: Wish|[wisher] Jirachi
|upkeep
|turn|21
|
|t:|1728490673
|switch|p2a: Celebi|Celebi|100/100
|move|p1a: Celebi|Calm Mind|p1a: Celebi
|-boost|p1a: Celebi|spa|1
|-boost|p1a: Celebi|spd|1
|
|upkeep
|turn|22
|
|t:|1728490678
|switch|p2a: Snorlax|Snorlax, M, shiny|100/100
|move|p1a: Celebi|Calm Mind|p1a: Celebi
|-boost|p1a: Celebi|spa|1
|-boost|p1a: Celebi|spd|1
|
|upkeep
|turn|23
|
|t:|1728490683
|move|p1a: Celebi|Baton Pass|p1a: Celebi
|
|t:|1728490686
|switch|p1a: Jirachi|Jirachi|73/100|[from] Baton Pass
|-damage|p1a: Jirachi|57/100|[from] Spikes
|move|p2a: Snorlax|Shadow Ball|p1a: Jirachi
|-damage|p1a: Jirachi|39/100
|
|-heal|p1a: Jirachi|46/100|[from] item: Leftovers
|upkeep
|turn|24
|
|t:|1728490695
|move|p1a: Jirachi|Protect|p1a: Jirachi
|-singleturn|p1a: Jirachi|Protect
|move|p2a: Snorlax|Curse|p2a: Snorlax
|-unboost|p2a: Snorlax|spe|1
|-boost|p2a: Snorlax|atk|1
|-boost|p2a: Snorlax|def|1
|
|-heal|p1a: Jirachi|52/100|[from] item: Leftovers
|upkeep
|turn|25
|
|t:|1728490702
|move|p1a: Jirachi|Fire Punch|p2a: Snorlax
|-damage|p2a: Snorlax|82/100
|move|p2a: Snorlax|Curse|p2a: Snorlax
|-unboost|p2a: Snorlax|spe|1
|-boost|p2a: Snorlax|atk|1
|-boost|p2a: Snorlax|def|1
|
|-heal|p1a: Jirachi|58/100|[from] item: Leftovers
|-heal|p2a: Snorlax|88/100|[from] item: Leftovers
|upkeep
|turn|26
|
|t:|1728490706
|move|p1a: Jirachi|Fire Punch|p2a: Snorlax
|-crit|p2a: Snorlax
|-damage|p2a: Snorlax|51/100
|move|p2a: Snorlax|Curse|p2a: Snorlax
|-unboost|p2a: Snorlax|spe|1
|-boost|p2a: Snorlax|atk|1
|-boost|p2a: Snorlax|def|1
|
|-heal|p1a: Jirachi|64/100|[from] item: Leftovers
|-heal|p2a: Snorlax|58/100|[from] item: Leftovers
|upkeep
|turn|27
|
|t:|1728490711
|move|p1a: Jirachi|Fire Punch|p2a: Snorlax
|-damage|p2a: Snorlax|39/100
|move|p2a: Snorlax|Shadow Ball|p1a: Jirachi
|-damage|p1a: Jirachi|14/100
|
|-heal|p1a: Jirachi|21/100|[from] item: Leftovers
|-heal|p2a: Snorlax|46/100|[from] item: Leftovers
|upkeep
|turn|28
|
|t:|1728490717
|move|p1a: Jirachi|Fire Punch|p2a: Snorlax
|-damage|p2a: Snorlax|27/100
|-status|p2a: Snorlax|brn
|move|p2a: Snorlax|Rest|p2a: Snorlax
|-status|p2a: Snorlax|slp|[from] move: Rest
|-heal|p2a: Snorlax|100/100 slp|[silent]
|
|-heal|p1a: Jirachi|27/100|[from] item: Leftovers
|upkeep
|turn|29
|
|t:|1728490746
|move|p1a: Jirachi|Wish|p1a: Jirachi
|cant|p2a: Snorlax|slp
|
|-heal|p1a: Jirachi|33/100|[from] item: Leftovers
|upkeep
|turn|30
|
|t:|1728490750
|move|p1a: Jirachi|Thunder|p2a: Snorlax|[miss]
|-miss|p1a: Jirachi|p2a: Snorlax
|cant|p2a: Snorlax|slp
|
|-heal|p1a: Jirachi|83/100|[from] move: Wish|[wisher] Jirachi
|-heal|p1a: Jirachi|89/100|[from] item: Leftovers
|upkeep
|turn|31
|
|t:|1728490756
|move|p1a: Jirachi|Thunder|p2a: Snorlax
|-damage|p2a: Snorlax|74/100 slp
|-curestatus|p2a: Snorlax|slp|[msg]
|move|p2a: Snorlax|Return|p1a: Jirachi
|-resisted|p1a: Jirachi
|-damage|p1a: Jirachi|47/100
|
|-heal|p1a: Jirachi|53/100|[from] item: Leftovers
|-heal|p2a: Snorlax|80/100|[from] item: Leftovers
|upkeep
|turn|32
|
|t:|1728490762
|move|p1a: Jirachi|Thunder|p2a: Snorlax|[miss]
|-miss|p1a: Jirachi|p2a: Snorlax
|move|p2a: Snorlax|Shadow Ball|p1a: Jirachi
|-damage|p1a: Jirachi|3/100
|-unboost|p1a: Jirachi|spd|1
|
|-heal|p1a: Jirachi|10/100|[from] item: Leftovers
|-heal|p2a: Snorlax|86/100|[from] item: Leftovers
|upkeep
|turn|33
|
|t:|1728490769
|move|p1a: Jirachi|Fire Punch|p2a: Snorlax
|-damage|p2a: Snorlax|67/100
|move|p2a: Snorlax|Return|p1a: Jirachi
|-resisted|p1a: Jirachi
|-damage|p1a: Jirachi|0 fnt
|faint|p1a: Jirachi
|
|t:|1728490788
|switch|p1a: Claydol|Claydol|100/100
|
|-heal|p2a: Snorlax|73/100|[from] item: Leftovers
|upkeep
|turn|34
|
|t:|1728490792
|move|p1a: Claydol|Explosion|p2a: Snorlax
|-damage|p2a: Snorlax|46/100
|faint|p1a: Claydol
|
|t:|1728490797
|switch|p1a: Dugtrio|Dugtrio, M|100/100
|-damage|p1a: Dugtrio|84/100|[from] Spikes
|
|-heal|p2a: Snorlax|52/100|[from] item: Leftovers
|upkeep
|turn|35
|
|t:|1728490802
|move|p1a: Dugtrio|Earthquake|p2a: Snorlax
|-damage|p2a: Snorlax|33/100
|move|p2a: Snorlax|Rest|p2a: Snorlax
|-status|p2a: Snorlax|slp|[from] move: Rest
|-heal|p2a: Snorlax|100/100 slp|[silent]
|
|upkeep
|turn|36
|
|t:|1728490806
|move|p1a: Dugtrio|Earthquake|p2a: Snorlax
|-damage|p2a: Snorlax|83/100 slp
|cant|p2a: Snorlax|slp
|
|-heal|p2a: Snorlax|89/100 slp|[from] item: Leftovers
|upkeep
|turn|37
|
|t:|1728490811
|switch|p1a: Celebi|Celebi|100/100
|-damage|p1a: Celebi|84/100|[from] Spikes
|cant|p2a: Snorlax|slp
|
|-heal|p1a: Celebi|90/100|[from] item: Leftovers
|-heal|p2a: Snorlax|95/100 slp|[from] item: Leftovers
|upkeep
|turn|38
|
|t:|1728490813
|move|p1a: Celebi|Calm Mind|p1a: Celebi
|-boost|p1a: Celebi|spa|1
|-boost|p1a: Celebi|spd|1
|-curestatus|p2a: Snorlax|slp|[msg]
|move|p2a: Snorlax|Return|p1a: Celebi
|-damage|p1a: Celebi|4/100
|
|-heal|p1a: Celebi|10/100|[from] item: Leftovers
|-heal|p2a: Snorlax|100/100|[from] item: Leftovers
|upkeep
|turn|39
|
|t:|1728490817
|move|p1a: Celebi|Giga Drain|p2a: Snorlax
|-damage|p2a: Snorlax|83/100
|-heal|p1a: Celebi|21/100|[from] drain|[of] p2a: Snorlax
|move|p2a: Snorlax|Return|p1a: Celebi
|-damage|p1a: Celebi|0 fnt
|faint|p1a: Celebi
|
|t:|1728490819
|switch|p1a: Dugtrio|Dugtrio, M|84/100
|-damage|p1a: Dugtrio|67/100|[from] Spikes
|
|-heal|p2a: Snorlax|89/100|[from] item: Leftovers
|upkeep
|turn|40
|
|t:|1728490821
|move|p1a: Dugtrio|Earthquake|p2a: Snorlax
|-damage|p2a: Snorlax|70/100
|move|p2a: Snorlax|Return|p1a: Dugtrio
|-damage|p1a: Dugtrio|0 fnt
|faint|p1a: Dugtrio
|
|t:|1728490823
|switch|p1a: Suicune|Suicune|7/100
|-damage|p1a: Suicune|0 fnt|[from] Spikes
|faint|p1a: Suicune
|
|win|Vholtninja
|c|☆Vholtninja|gg
|c|☆DMONDThrice|gg!
|c|☆DMONDThrice|Ready for g2 whenever
|player|p1|

</script>
<script type="application/json" class="data" id="replaydata-smogtours-gen3ou-796648">
{"id":"smogtours-gen3ou-796648","format":"[Gen 3] OU","players":["DMONDThrice","Vholtninja"],"uploadtime":1728490823,"views":82,"formatid":"gen3ou","rating":null,"private":0,"password":null}
</script>

<script defer src="js/replays.js?9d40a366"></script>
