<!DOCTYPE html>
<meta charset="utf-8" />
<meta name="viewport" content="width=device-width" />

<title>[Gen 3] OU: loleinsmaragd vs. shinyslurpuff_s - Replays - Pok&eacute;mon Showdown!</title>

<meta name="description" content="Watch a replay of a Pok&eacute;mon battle between loleinsmaragd and shinyslurpuff_s! Format: [Gen 3] OU; Date: Oct 2, 2024" />
<!--

Hey, you! Looking in the source for the replay log?

You can find them in JSON format, just add `.json` at the end of a replay URL.

https://replay.pokemonshowdown.com/gen7randomdoublesbattle-865046831.json

Or, if you only need the log itself, add `.log` instead:

https://replay.pokemonshowdown.com/gen7randomdoublesbattle-865046831.log

-->

<link rel="stylesheet" href="//pokemonshowdown.com/style/global.css?0.023195364461161105" />
<link rel="stylesheet" href="//play.pokemonshowdown.com/style/font-awesome.css?0.13261647063804238" />
<link rel="stylesheet" href="//play.pokemonshowdown.com/style/battle.css?0.8753245789963631" />
<link rel="stylesheet" href="//play.pokemonshowdown.com/style/utilichart.css?0.8627959624976733" />

<!-- Global site tag (gtag.js) - Google Analytics -->
<script async src="https://www.googletagmanager.com/gtag/js?id=UA-26211653-1"></script>
<script>
  window.dataLayer = window.dataLayer || [];
  function gtag(){dataLayer.push(arguments);}
  gtag('js', new Date());

  gtag('config', 'UA-26211653-1');
</script>
<!-- End Google Analytics -->
<!-- Venatus Ad Manager - Install in <HEAD> of page -->
	<script src="https://hb.vntsm.com/v3/live/ad-manager.min.js" type="text/javascript" data-site-id="642aba63ec9a7b11c3c9c1be" data-mode="scan" async></script>
<!-- / Venatus Ad Manager -->

<style>
	@media (max-width:820px) {
		.battle {
			margin: 0 auto;
		}
		.battle-log {
			margin: 7px auto 0;
			max-width: 640px;
			height: 300px;
			position: static;
		}
	}
	.optgroup {
		display: inline-block;
		line-height: 22px;
		font-size: 10pt;
	}
	.optgroup .button {
		height: 25px;
		padding-top: 0;
		padding-bottom: 0;
	}
	.optgroup button.button {
		padding-left: 12px;
		padding-right: 12px;
	}
	.linklist {
		list-style: none;
		margin: 0.5em 0;
		padding: 0;
	}
	.linklist li {
		padding: 2px 0;
	}
	.sidebar {
		float: left;
		width: 320px;
	}
	.bar-wrapper {
		max-width: 1100px;
		margin: 0 auto;
	}
	.bar-wrapper.has-sidebar {
		max-width: 1430px;
	}
	.mainbar {
		margin: 0;
		padding-right: 1px;
	}
	.mainbar.has-sidebar {
		margin-left: 330px;
	}
	@media (min-width: 1511px) {
		.sidebar {
			width: 400px;
		}
		.bar-wrapper.has-sidebar {
			max-width: 1510px;
		}
		.mainbar.has-sidebar {
			margin-left: 410px;
		}
	}
	.section.first-section {
		margin-top: 9px;
	}
	.blocklink small {
		white-space: normal;
	}
	.button {
		vertical-align: middle;
	}
	.replay-controls {
		padding-top: 10px;
	}
	.replay-controls h1 {
		font-size: 16pt;
		font-weight: normal;
		color: #CCC;
	}
	.pagelink {
		text-align: center;
	}
	.pagelink a {
		width: 150px;
	}
	.textbox, .button {
		font-size: 11pt;
		vertical-align: middle;
	}
	@media (max-width: 450px) {
		.button {
			font-size: 9pt;
		}
	}
</style>

<div>

	<header>
		<div class="nav-wrapper"><ul class="nav">
			<li><a class="button nav-first" href="//pokemonshowdown.com/"><img src="//pokemonshowdown.com/images/pokemonshowdownbeta.png" srcset="//pokemonshowdown.com/images/pokemonshowdownbeta.png 1x, //pokemonshowdown.com/images/pokemonshowdownbeta@2x.png 2x" alt="Pok&eacute;mon Showdown" width="146" height="44" /> Home</a></li>
			<li><a class="button" href="//pokemonshowdown.com/dex/">Pok&eacute;dex</a></li>
			<li><a class="button cur" href="/">Replays</a></li>
			<li><a class="button" href="//pokemonshowdown.com/ladder/">Ladder</a></li>
			<li><a class="button nav-last" href="//pokemonshowdown.com/forums/">Forum</a></li>
			<li><a class="button greenbutton nav-first nav-last" href="//play.pokemonshowdown.com/">Play</a></li>
		</ul></div>
	</header>

	<div class="main" id="main">

		<noscript><section class="section">You need to enable JavaScript to use this page; sorry!</section></noscript>

	</div>

</div>

<script defer nomodule src="//play.pokemonshowdown.com/js/lib/ps-polyfill.js"></script>
<script defer src="//play.pokemonshowdown.com/js/lib/preact.min.js"></script>

<script defer src="//play.pokemonshowdown.com/config/config.js?2bddbc15"></script>
<script defer src="//play.pokemonshowdown.com/js/lib/jquery-1.11.0.min.js"></script>
<script defer src="//play.pokemonshowdown.com/js/lib/html-sanitizer-minified.js"></script>
<script defer src="//play.pokemonshowdown.com/js/battle-sound.js"></script>
<script defer src="//play.pokemonshowdown.com/js/battledata.js?0.7209276989879541"></script>
<script defer src="//play.pokemonshowdown.com/data/pokedex-mini.js?0.6111056340867951"></script>
<script defer src="//play.pokemonshowdown.com/data/pokedex-mini-bw.js?0.3532142036491459"></script>
<script defer src="//play.pokemonshowdown.com/data/graphics.js?0.24223875632456182"></script>
<script defer src="//play.pokemonshowdown.com/data/pokedex.js?0.38839984266356864"></script>
<script defer src="//play.pokemonshowdown.com/data/moves.js?0.21866028504024015"></script>
<script defer src="//play.pokemonshowdown.com/data/abilities.js?0.2005157953846628"></script>
<script defer src="//play.pokemonshowdown.com/data/items.js?0.9894211263848525"></script>
<script defer src="//play.pokemonshowdown.com/data/teambuilder-tables.js?0.6008791140282215"></script>
<script defer src="//play.pokemonshowdown.com/js/battle-tooltips.js?0.7580118955022959"></script>
<script defer src="//play.pokemonshowdown.com/js/battle.js?0.6057722274234274"></script>

<script defer src="js/utils.js?e31f9a17"></script>
<script defer src="js/replays-battle.js?7008c182"></script>

<!-- don't scrape this data! just add .json or .log after the URL!
Full API docs: https://github.com/smogon/pokemon-showdown-client/blob/master/WEB-API.md -->
<script type="text/plain" class="log" id="replaylog-gen3ou-2214319118">
|j|☆loleinsmaragd
|j|☆shinyslurpuff_s
|t:|1727879078
|gametype|singles
|player|p1|loleinsmaragd|clerk-boss|
|player|p2|shinyslurpuff_s|265|
|teamsize|p1|6
|teamsize|p2|6
|gen|3
|tier|[Gen 3] OU
|rule|Sleep Clause Mod: Limit one foe put to sleep
|rule|Switch Priority Clause Mod: Faster Pokémon switch first
|rule|Species Clause: Limit one of each Pokémon
|rule|OHKO Clause: OHKO moves are banned
|rule|Evasion Items Clause: Evasion items are banned
|rule|Evasion Moves Clause: Evasion moves are banned
|rule|Endless Battle Clause: Forcing endless battles is banned
|rule|HP Percentage Mod: HP is shown in percentages
|rule|One Boost Passer Clause: Limit one Baton Passer that has a way to boost its stats
|rule|Freeze Clause Mod: Limit one foe frozen
|
|t:|1727879078
|start
|switch|p1a: Slaking|Slaking, F|100/100
|switch|p2a: Zapdos|Zapdos|100/100
|turn|1
|inactive|Battle timer is ON: inactive players will automatically lose when time's up. (requested by loleinsmaragd)
|c|☆loleinsmaragd|Die you save the last replay?
|c|☆loleinsmaragd|I forgot
|
|t:|1727879096
|move|p1a: Slaking|Return|p2a: Zapdos
|-crit|p2a: Zapdos
|-damage|p2a: Zapdos|0 fnt
|faint|p2a: Zapdos
|c|☆shinyslurpuff_s|I have the games open still
|c|☆loleinsmaragd|Perfect
|inactive|shinyslurpuff_s has 270 seconds left.
|
|t:|1727879132
|switch|p2a: Snorlax|Snorlax, F|100/100
|
|upkeep
|turn|2
|inactive|shinyslurpuff_s has 270 seconds left.
|
|t:|1727879138
|switch|p1a: Skarmory|Skarmory, M|100/100
|move|p2a: Snorlax|Curse|p2a: Snorlax
|-unboost|p2a: Snorlax|spe|1
|-boost|p2a: Snorlax|atk|1
|-boost|p2a: Snorlax|def|1
|
|upkeep
|turn|3
|
|t:|1727879146
|move|p1a: Skarmory|Spikes|p2a: Snorlax
|-sidestart|p2: shinyslurpuff_s|Spikes
|move|p2a: Snorlax|Curse|p2a: Snorlax
|-unboost|p2a: Snorlax|spe|1
|-boost|p2a: Snorlax|atk|1
|-boost|p2a: Snorlax|def|1
|
|upkeep
|turn|4
|
|t:|1727879161
|move|p2a: Snorlax|Curse|p2a: Snorlax
|-unboost|p2a: Snorlax|spe|1
|-boost|p2a: Snorlax|atk|1
|-boost|p2a: Snorlax|def|1
|move|p1a: Skarmory|Roar|p2a: Snorlax
|drag|p2a: Skarmory|Skarmory, M|100/100
|
|upkeep
|turn|5
|
|t:|1727879172
|switch|p1a: Blissey|Blissey, F|100/100
|move|p2a: Skarmory|Spikes|p1a: Blissey
|-sidestart|p1: loleinsmaragd|Spikes
|
|upkeep
|turn|6
|j| Spfunkm
|inactive|shinyslurpuff_s has 270 seconds left.
|
|t:|1727879195
|move|p2a: Skarmory|Toxic|p1a: Blissey
|-status|p1a: Blissey|tox
|move|p1a: Blissey|Thunderbolt|p2a: Skarmory
|-supereffective|p2a: Skarmory
|-damage|p2a: Skarmory|50/100
|
|-heal|p2a: Skarmory|56/100|[from] item: Leftovers
|-damage|p1a: Blissey|94/100 tox|[from] psn
|upkeep
|turn|7
|inactive|shinyslurpuff_s has 270 seconds left.
|
|t:|1727879216
|move|p2a: Skarmory|Protect|p2a: Skarmory
|-singleturn|p2a: Skarmory|Protect
|move|p1a: Blissey|Calm Mind|p1a: Blissey
|-boost|p1a: Blissey|spa|1
|-boost|p1a: Blissey|spd|1
|
|-heal|p2a: Skarmory|62/100|[from] item: Leftovers
|-heal|p1a: Blissey|100/100 tox|[from] item: Leftovers
|-damage|p1a: Blissey|88/100 tox|[from] psn
|upkeep
|turn|8
|
|t:|1727879231
|move|p2a: Skarmory|Spikes|p1a: Blissey
|-sidestart|p1: loleinsmaragd|Spikes
|move|p1a: Blissey|Thunderbolt|p2a: Skarmory
|-supereffective|p2a: Skarmory
|-damage|p2a: Skarmory|0 fnt
|faint|p2a: Skarmory
|inactive|shinyslurpuff_s has 240 seconds left.
|
|t:|1727879251
|switch|p2a: Claydol|Claydol|100/100
|
|-heal|p1a: Blissey|94/100 tox|[from] item: Leftovers
|-damage|p1a: Blissey|76/100 tox|[from] psn
|upkeep
|turn|9
|
|t:|1727879259
|-curestatus|p1a: Blissey|tox|[from] ability: Natural Cure
|switch|p1a: Skarmory|Skarmory, M|100/100
|move|p2a: Claydol|Rapid Spin|p1a: Skarmory
|-resisted|p1a: Skarmory
|-damage|p1a: Skarmory|99/100
|-sideend|p2: shinyslurpuff_s|Spikes|[from] move: Rapid Spin|[of] p2a: Claydol
|
|-heal|p1a: Skarmory|100/100|[from] item: Leftovers
|upkeep
|turn|10
|
|t:|1727879268
|move|p2a: Claydol|Ice Beam|p1a: Skarmory
|-damage|p1a: Skarmory|82/100
|move|p1a: Skarmory|Spikes|p2a: Claydol
|-sidestart|p2: shinyslurpuff_s|Spikes
|
|-heal|p1a: Skarmory|88/100|[from] item: Leftovers
|upkeep
|turn|11
|inactive|shinyslurpuff_s has 240 seconds left.
|
|t:|1727879301
|move|p2a: Claydol|Psychic|p1a: Skarmory
|-resisted|p1a: Skarmory
|-damage|p1a: Skarmory|75/100
|move|p1a: Skarmory|Toxic|p2a: Claydol
|-status|p2a: Claydol|tox
|
|-damage|p2a: Claydol|94/100 tox|[from] psn
|-heal|p1a: Skarmory|81/100|[from] item: Leftovers
|upkeep
|turn|12
|
|t:|1727879327
|switch|p2a: Snorlax|Snorlax, F|100/100
|-damage|p2a: Snorlax|88/100|[from] Spikes
|move|p1a: Skarmory|Spikes|p2a: Snorlax
|-sidestart|p2: shinyslurpuff_s|Spikes
|
|-heal|p1a: Skarmory|87/100|[from] item: Leftovers
|-heal|p2a: Snorlax|94/100|[from] item: Leftovers
|upkeep
|turn|13
|
|t:|1727879335
|move|p2a: Snorlax|Curse|p2a: Snorlax
|-unboost|p2a: Snorlax|spe|1
|-boost|p2a: Snorlax|atk|1
|-boost|p2a: Snorlax|def|1
|move|p1a: Skarmory|Roar|p2a: Snorlax
|drag|p2a: Claydol|Claydol|94/100 tox
|
|-damage|p2a: Claydol|88/100 tox|[from] psn
|-heal|p1a: Skarmory|93/100|[from] item: Leftovers
|upkeep
|turn|14
|
|t:|1727879346
|move|p2a: Claydol|Rapid Spin|p1a: Skarmory
|-resisted|p1a: Skarmory
|-damage|p1a: Skarmory|92/100
|-sideend|p2: shinyslurpuff_s|Spikes|[from] move: Rapid Spin|[of] p2a: Claydol
|move|p1a: Skarmory|Spikes|p2a: Claydol
|-sidestart|p2: shinyslurpuff_s|Spikes
|
|-damage|p2a: Claydol|76/100 tox|[from] psn
|-heal|p1a: Skarmory|98/100|[from] item: Leftovers
|upkeep
|turn|15
|inactive|shinyslurpuff_s has 210 seconds left.
|
|t:|1727879370
|switch|p2a: Snorlax|Snorlax, F|94/100
|-damage|p2a: Snorlax|82/100|[from] Spikes
|move|p1a: Skarmory|Spikes|p2a: Snorlax
|-sidestart|p2: shinyslurpuff_s|Spikes
|
|-heal|p1a: Skarmory|100/100|[from] item: Leftovers
|-heal|p2a: Snorlax|88/100|[from] item: Leftovers
|upkeep
|turn|16
|
|t:|1727879380
|move|p2a: Snorlax|Body Slam|p1a: Skarmory
|-resisted|p1a: Skarmory
|-damage|p1a: Skarmory|86/100
|-status|p1a: Skarmory|par
|move|p1a: Skarmory|Roar|p2a: Snorlax
|drag|p2a: Suicune|Suicune|100/100
|-damage|p2a: Suicune|84/100|[from] Spikes
|
|-heal|p2a: Suicune|90/100|[from] item: Leftovers
|-heal|p1a: Skarmory|92/100 par|[from] item: Leftovers
|upkeep
|turn|17
|inactive|shinyslurpuff_s has 210 seconds left.
|
|t:|1727879397
|switch|p1a: Blissey|Blissey, F|76/100
|-damage|p1a: Blissey|59/100|[from] Spikes
|move|p2a: Suicune|Surf|p1a: Blissey
|-damage|p1a: Blissey|47/100
|
|-heal|p2a: Suicune|96/100|[from] item: Leftovers
|-heal|p1a: Blissey|53/100|[from] item: Leftovers
|upkeep
|turn|18
|
|t:|1727879406
|move|p2a: Suicune|Calm Mind|p2a: Suicune
|-boost|p2a: Suicune|spa|1
|-boost|p2a: Suicune|spd|1
|move|p1a: Blissey|Calm Mind|p1a: Blissey
|-boost|p1a: Blissey|spa|1
|-boost|p1a: Blissey|spd|1
|
|-heal|p2a: Suicune|100/100|[from] item: Leftovers
|-heal|p1a: Blissey|60/100|[from] item: Leftovers
|upkeep
|turn|19
|
|t:|1727879416
|move|p2a: Suicune|Calm Mind|p2a: Suicune
|-boost|p2a: Suicune|spa|1
|-boost|p2a: Suicune|spd|1
|move|p1a: Blissey|Calm Mind|p1a: Blissey
|-boost|p1a: Blissey|spa|1
|-boost|p1a: Blissey|spd|1
|
|-heal|p1a: Blissey|66/100|[from] item: Leftovers
|upkeep
|turn|20
|
|t:|1727879424
|move|p2a: Suicune|Calm Mind|p2a: Suicune
|-boost|p2a: Suicune|spa|1
|-boost|p2a: Suicune|spd|1
|move|p1a: Blissey|Calm Mind|p1a: Blissey
|-boost|p1a: Blissey|spa|1
|-boost|p1a: Blissey|spd|1
|
|-heal|p1a: Blissey|72/100|[from] item: Leftovers
|upkeep
|turn|21
|
|t:|1727879434
|move|p2a: Suicune|Calm Mind|p2a: Suicune
|-boost|p2a: Suicune|spa|1
|-boost|p2a: Suicune|spd|1
|move|p1a: Blissey|Calm Mind|p1a: Blissey
|-boost|p1a: Blissey|spa|1
|-boost|p1a: Blissey|spd|1
|
|-heal|p1a: Blissey|78/100|[from] item: Leftovers
|upkeep
|turn|22
|
|t:|1727879441
|move|p2a: Suicune|Calm Mind|p2a: Suicune
|-boost|p2a: Suicune|spa|1
|-boost|p2a: Suicune|spd|1
|move|p1a: Blissey|Calm Mind|p1a: Blissey
|-boost|p1a: Blissey|spa|1
|-boost|p1a: Blissey|spd|1
|
|-heal|p1a: Blissey|84/100|[from] item: Leftovers
|upkeep
|turn|23
|
|t:|1727879449
|move|p2a: Suicune|Calm Mind|p2a: Suicune
|-boost|p2a: Suicune|spa|1
|-boost|p2a: Suicune|spd|1
|move|p1a: Blissey|Calm Mind|p1a: Blissey
|-boost|p1a: Blissey|spa|1
|-boost|p1a: Blissey|spd|1
|
|-heal|p1a: Blissey|90/100|[from] item: Leftovers
|upkeep
|turn|24
|inactive|shinyslurpuff_s has 240 seconds left.
|
|t:|1727879458
|move|p2a: Suicune|Calm Mind|p2a: Suicune
|-boost|p2a: Suicune|spa|0
|-boost|p2a: Suicune|spd|0
|move|p1a: Blissey|Thunderbolt|p2a: Suicune
|-supereffective|p2a: Suicune
|-damage|p2a: Suicune|59/100
|
|-heal|p2a: Suicune|66/100|[from] item: Leftovers
|-heal|p1a: Blissey|97/100|[from] item: Leftovers
|upkeep
|turn|25
|inactive|shinyslurpuff_s has 240 seconds left.
|
|t:|1727879468
|move|p2a: Suicune|Rest|p2a: Suicune
|-status|p2a: Suicune|slp|[from] move: Rest
|-heal|p2a: Suicune|100/100 slp|[silent]
|move|p1a: Blissey|Thunderbolt|p2a: Suicune
|-supereffective|p2a: Suicune
|-damage|p2a: Suicune|65/100 slp
|
|-heal|p2a: Suicune|72/100 slp|[from] item: Leftovers
|-heal|p1a: Blissey|100/100|[from] item: Leftovers
|upkeep
|turn|26
|inactive|shinyslurpuff_s has 240 seconds left.
|
|t:|1727879479
|cant|p2a: Suicune|slp
|move|p2a: Suicune|Sleep Talk|p2a: Suicune
|move|p2a: Suicune|Calm Mind|p2a: Suicune|[from]Sleep Talk
|-boost|p2a: Suicune|spa|0
|-boost|p2a: Suicune|spd|0
|move|p1a: Blissey|Thunderbolt|p2a: Suicune
|-supereffective|p2a: Suicune
|-damage|p2a: Suicune|31/100 slp
|
|-heal|p2a: Suicune|38/100 slp|[from] item: Leftovers
|upkeep
|turn|27
|
|t:|1727879488
|cant|p2a: Suicune|slp
|move|p1a: Blissey|Thunderbolt|p2a: Suicune
|-supereffective|p2a: Suicune
|-damage|p2a: Suicune|0 fnt
|faint|p2a: Suicune
|inactive|shinyslurpuff_s has 240 seconds left.
|
|t:|1727879499
|switch|p2a: Snorlax|Snorlax, F|88/100
|-damage|p2a: Snorlax|71/100|[from] Spikes
|
|-heal|p2a: Snorlax|77/100|[from] item: Leftovers
|upkeep
|turn|28
|inactive|shinyslurpuff_s has 240 seconds left.
|
|t:|1727879514
|move|p1a: Blissey|Ice Beam|p2a: Snorlax
|-damage|p2a: Snorlax|25/100
|move|p2a: Snorlax|Curse|p2a: Snorlax
|-unboost|p2a: Snorlax|spe|1
|-boost|p2a: Snorlax|atk|1
|-boost|p2a: Snorlax|def|1
|
|-heal|p2a: Snorlax|31/100|[from] item: Leftovers
|upkeep
|turn|29
|
|t:|1727879523
|move|p1a: Blissey|Ice Beam|p2a: Snorlax
|-damage|p2a: Snorlax|0 fnt
|faint|p2a: Snorlax
|
|t:|1727879528
|switch|p2a: Tyranitar|Tyranitar, F|100/100
|-damage|p2a: Tyranitar|84/100|[from] Spikes
|-weather|Sandstorm|[from] ability: Sand Stream|[of] p2a: Tyranitar
|
|-weather|Sandstorm|[upkeep]
|-damage|p1a: Blissey|94/100|[from] Sandstorm
|-heal|p2a: Tyranitar|90/100|[from] item: Leftovers
|-heal|p1a: Blissey|100/100|[from] item: Leftovers
|upkeep
|turn|30
|inactive|shinyslurpuff_s has 240 seconds left.
|inactive|shinyslurpuff_s has 210 seconds left.
|
|t:|1727879587
|move|p2a: Tyranitar|Dragon Dance|p2a: Tyranitar
|-boost|p2a: Tyranitar|atk|1
|-boost|p2a: Tyranitar|spe|1
|move|p1a: Blissey|Thunderbolt|p2a: Tyranitar
|-damage|p2a: Tyranitar|0 fnt
|faint|p2a: Tyranitar
|
|t:|1727879595
|switch|p2a: Claydol|Claydol|76/100 tox
|
|-weather|Sandstorm|[upkeep]
|-damage|p1a: Blissey|94/100|[from] Sandstorm
|-damage|p2a: Claydol|70/100 tox|[from] psn
|-heal|p1a: Blissey|100/100|[from] item: Leftovers
|upkeep
|turn|31
|inactive|loleinsmaragd has 270 seconds left.
|
|t:|1727879629
|move|p2a: Claydol|Earthquake|p1a: Blissey
|-damage|p1a: Blissey|66/100
|move|p1a: Blissey|Ice Beam|p2a: Claydol
|-supereffective|p2a: Claydol
|-damage|p2a: Claydol|0 fnt
|faint|p2a: Claydol
|
|win|loleinsmaragd

</script>
<script type="application/json" class="data" id="replaydata-gen3ou-2214319118">
{"id":"gen3ou-2214319118","format":"[Gen 3] OU","players":["loleinsmaragd","shinyslurpuff_s"],"uploadtime":1727879633,"views":111,"formatid":"gen3ou","rating":null,"private":0,"password":null}
</script>

<script defer src="js/replays.js?9d40a366"></script>
