<!DOCTYPE html>
<meta charset="utf-8" />
<meta name="viewport" content="width=device-width" />

<title>[Gen 3] OU: Key to Life vs. green.9082 - Replays - Pok&eacute;mon Showdown!</title>

<meta name="description" content="Watch a replay of a Pok&eacute;mon battle between Key to Life and green.9082! Format: [Gen 3] OU; Date: Nov 3, 2024" />
<!--

Hey, you! Looking in the source for the replay log?

You can find them in JSON format, just add `.json` at the end of a replay URL.

https://replay.pokemonshowdown.com/gen7randomdoublesbattle-865046831.json

Or, if you only need the log itself, add `.log` instead:

https://replay.pokemonshowdown.com/gen7randomdoublesbattle-865046831.log

-->

<link rel="stylesheet" href="//pokemonshowdown.com/style/global.css?0.023195364461161105" />
<link rel="stylesheet" href="//play.pokemonshowdown.com/style/font-awesome.css?0.13261647063804238" />
<link rel="stylesheet" href="//play.pokemonshowdown.com/style/battle.css?0.8753245789963631" />
<link rel="stylesheet" href="//play.pokemonshowdown.com/style/utilichart.css?0.8627959624976733" />

<!-- Global site tag (gtag.js) - Google Analytics -->
<script async src="https://www.googletagmanager.com/gtag/js?id=UA-26211653-1"></script>
<script>
  window.dataLayer = window.dataLayer || [];
  function gtag(){dataLayer.push(arguments);}
  gtag('js', new Date());

  gtag('config', 'UA-26211653-1');
</script>
<!-- End Google Analytics -->
<!-- Venatus Ad Manager - Install in <HEAD> of page -->
	<script src="https://hb.vntsm.com/v3/live/ad-manager.min.js" type="text/javascript" data-site-id="642aba63ec9a7b11c3c9c1be" data-mode="scan" async></script>
<!-- / Venatus Ad Manager -->

<style>
	@media (max-width:820px) {
		.battle {
			margin: 0 auto;
		}
		.battle-log {
			margin: 7px auto 0;
			max-width: 640px;
			height: 300px;
			position: static;
		}
	}
	.optgroup {
		display: inline-block;
		line-height: 22px;
		font-size: 10pt;
	}
	.optgroup .button {
		height: 25px;
		padding-top: 0;
		padding-bottom: 0;
	}
	.optgroup button.button {
		padding-left: 12px;
		padding-right: 12px;
	}
	.linklist {
		list-style: none;
		margin: 0.5em 0;
		padding: 0;
	}
	.linklist li {
		padding: 2px 0;
	}
	.sidebar {
		float: left;
		width: 320px;
	}
	.bar-wrapper {
		max-width: 1100px;
		margin: 0 auto;
	}
	.bar-wrapper.has-sidebar {
		max-width: 1430px;
	}
	.mainbar {
		margin: 0;
		padding-right: 1px;
	}
	.mainbar.has-sidebar {
		margin-left: 330px;
	}
	@media (min-width: 1511px) {
		.sidebar {
			width: 400px;
		}
		.bar-wrapper.has-sidebar {
			max-width: 1510px;
		}
		.mainbar.has-sidebar {
			margin-left: 410px;
		}
	}
	.section.first-section {
		margin-top: 9px;
	}
	.blocklink small {
		white-space: normal;
	}
	.button {
		vertical-align: middle;
	}
	.replay-controls {
		padding-top: 10px;
	}
	.replay-controls h1 {
		font-size: 16pt;
		font-weight: normal;
		color: #CCC;
	}
	.pagelink {
		text-align: center;
	}
	.pagelink a {
		width: 150px;
	}
	.textbox, .button {
		font-size: 11pt;
		vertical-align: middle;
	}
	@media (max-width: 450px) {
		.button {
			font-size: 9pt;
		}
	}
</style>

<div>

	<header>
		<div class="nav-wrapper"><ul class="nav">
			<li><a class="button nav-first" href="//pokemonshowdown.com/"><img src="//pokemonshowdown.com/images/pokemonshowdownbeta.png" srcset="//pokemonshowdown.com/images/pokemonshowdownbeta.png 1x, //pokemonshowdown.com/images/pokemonshowdownbeta@2x.png 2x" alt="Pok&eacute;mon Showdown" width="146" height="44" /> Home</a></li>
			<li><a class="button" href="//pokemonshowdown.com/dex/">Pok&eacute;dex</a></li>
			<li><a class="button cur" href="/">Replays</a></li>
			<li><a class="button" href="//pokemonshowdown.com/ladder/">Ladder</a></li>
			<li><a class="button nav-last" href="//pokemonshowdown.com/forums/">Forum</a></li>
			<li><a class="button greenbutton nav-first nav-last" href="//play.pokemonshowdown.com/">Play</a></li>
		</ul></div>
	</header>

	<div class="main" id="main">

		<noscript><section class="section">You need to enable JavaScript to use this page; sorry!</section></noscript>

	</div>

</div>

<script defer nomodule src="//play.pokemonshowdown.com/js/lib/ps-polyfill.js"></script>
<script defer src="//play.pokemonshowdown.com/js/lib/preact.min.js"></script>

<script defer src="//play.pokemonshowdown.com/config/config.js?2bddbc15"></script>
<script defer src="//play.pokemonshowdown.com/js/lib/jquery-1.11.0.min.js"></script>
<script defer src="//play.pokemonshowdown.com/js/lib/html-sanitizer-minified.js"></script>
<script defer src="//play.pokemonshowdown.com/js/battle-sound.js"></script>
<script defer src="//play.pokemonshowdown.com/js/battledata.js?0.7209276989879541"></script>
<script defer src="//play.pokemonshowdown.com/data/pokedex-mini.js?0.6111056340867951"></script>
<script defer src="//play.pokemonshowdown.com/data/pokedex-mini-bw.js?0.3532142036491459"></script>
<script defer src="//play.pokemonshowdown.com/data/graphics.js?0.24223875632456182"></script>
<script defer src="//play.pokemonshowdown.com/data/pokedex.js?0.38839984266356864"></script>
<script defer src="//play.pokemonshowdown.com/data/moves.js?0.21866028504024015"></script>
<script defer src="//play.pokemonshowdown.com/data/abilities.js?0.2005157953846628"></script>
<script defer src="//play.pokemonshowdown.com/data/items.js?0.9894211263848525"></script>
<script defer src="//play.pokemonshowdown.com/data/teambuilder-tables.js?0.6008791140282215"></script>
<script defer src="//play.pokemonshowdown.com/js/battle-tooltips.js?0.7580118955022959"></script>
<script defer src="//play.pokemonshowdown.com/js/battle.js?0.6057722274234274"></script>

<script defer src="js/utils.js?e31f9a17"></script>
<script defer src="js/replays-battle.js?7008c182"></script>

<!-- don't scrape this data! just add .json or .log after the URL!
Full API docs: https://github.com/smogon/pokemon-showdown-client/blob/master/WEB-API.md -->
<script type="text/plain" class="log" id="replaylog-smogtours-gen3ou-804646">
|inactive|Battle timer is ON: inactive players will automatically lose when time's up.
|t:|1730672533
|gametype|singles
|player|p1|Key to Life|caitlin|
|player|p2|green.9082|1|
|teamsize|p1|6
|teamsize|p2|6
|gen|3
|tier|[Gen 3] OU
|rule|Sleep Clause Mod: Limit one foe put to sleep
|rule|Switch Priority Clause Mod: Faster Pokémon switch first
|rule|Species Clause: Limit one of each Pokémon
|rule|OHKO Clause: OHKO moves are banned
|rule|Evasion Items Clause: Evasion items are banned
|rule|Evasion Moves Clause: Evasion moves are banned
|rule|Endless Battle Clause: Forcing endless battles is banned
|rule|HP Percentage Mod: HP is shown in percentages
|rule|One Boost Passer Clause: Limit one Baton Passer that has a way to boost its stats
|rule|Freeze Clause Mod: Limit one foe frozen
|
|t:|1730672533
|start
|switch|p1a: ALWAYS BE WITH YOU|Salamence, F|100/100
|switch|p2a: Salamence|Salamence, M|100/100
|-ability|p1a: ALWAYS BE WITH YOU|Intimidate|boost
|-unboost|p2a: Salamence|atk|1
|-ability|p2a: Salamence|Intimidate|boost
|-unboost|p1a: ALWAYS BE WITH YOU|atk|1
|turn|1
|inactive|green.9082 has 270 seconds left.
|
|t:|1730672577
|switch|p1a: Night Routine|Skarmory, F|100/100
|switch|p2a: Suicune|Suicune|100/100
|
|upkeep
|turn|2
|
|t:|1730672587
|switch|p2a: Magneton|Magneton|100/100
|move|p1a: Night Routine|Spikes|p2a: Magneton
|-sidestart|p2: green.9082|Spikes
|
|upkeep
|turn|3
|
|t:|1730672593
|move|p2a: Magneton|Thunderbolt|p1a: Night Routine
|-supereffective|p1a: Night Routine
|-damage|p1a: Night Routine|0 fnt
|faint|p1a: Night Routine
|
|t:|1730672601
|switch|p1a: Moonthief|Tyranitar, F|100/100
|-weather|Sandstorm|[from] ability: Sand Stream|[of] p1a: Moonthief
|
|-weather|Sandstorm|[upkeep]
|upkeep
|turn|4
|inactive|green.9082 has 270 seconds left.
|
|t:|1730672642
|switch|p2a: Suicune|Suicune|100/100
|-damage|p2a: Suicune|88/100|[from] Spikes
|move|p1a: Moonthief|Earthquake|p2a: Suicune
|-damage|p2a: Suicune|65/100
|
|-weather|Sandstorm|[upkeep]
|-damage|p2a: Suicune|59/100|[from] Sandstorm
|-heal|p2a: Suicune|65/100|[from] item: Leftovers
|upkeep
|turn|5
|
|t:|1730672655
|switch|p1a: Love Song|Celebi|100/100
|move|p2a: Suicune|Surf|p1a: Love Song
|-resisted|p1a: Love Song
|-damage|p1a: Love Song|87/100
|
|-weather|Sandstorm|[upkeep]
|-damage|p1a: Love Song|81/100|[from] Sandstorm
|-damage|p2a: Suicune|59/100|[from] Sandstorm
|-heal|p1a: Love Song|87/100|[from] item: Leftovers
|-heal|p2a: Suicune|65/100|[from] item: Leftovers
|upkeep
|turn|6
|
|t:|1730672668
|switch|p2a: Celebi|Celebi|100/100
|-damage|p2a: Celebi|88/100|[from] Spikes
|move|p1a: Love Song|Leech Seed|p2a: Celebi
|-immune|p2a: Celebi
|
|-weather|Sandstorm|[upkeep]
|-damage|p1a: Love Song|81/100|[from] Sandstorm
|-damage|p2a: Celebi|82/100|[from] Sandstorm
|-heal|p1a: Love Song|87/100|[from] item: Leftovers
|-heal|p2a: Celebi|88/100|[from] item: Leftovers
|upkeep
|turn|7
|
|t:|1730672681
|switch|p1a: Moonthief|Tyranitar, F|100/100
|move|p2a: Celebi|Perish Song|p2a: Celebi
|-start|p1a: Moonthief|perish3|[silent]
|-start|p2a: Celebi|perish3|[silent]
|-fieldactivate|move: Perish Song
|
|-weather|Sandstorm|[upkeep]
|-damage|p2a: Celebi|82/100|[from] Sandstorm
|-heal|p2a: Celebi|88/100|[from] item: Leftovers
|-start|p2a: Celebi|perish3
|-start|p1a: Moonthief|perish3
|upkeep
|turn|8
|
|t:|1730672695
|switch|p2a: Claydol|Claydol|100/100
|move|p1a: Moonthief|Hidden Power|p2a: Claydol
|-supereffective|p2a: Claydol
|-damage|p2a: Claydol|47/100
|
|-weather|Sandstorm|[upkeep]
|-heal|p2a: Claydol|54/100|[from] item: Leftovers
|-start|p1a: Moonthief|perish2
|upkeep
|turn|9
|
|t:|1730672706
|move|p2a: Claydol|Rapid Spin|p1a: Moonthief
|-resisted|p1a: Moonthief
|-crit|p1a: Moonthief
|-damage|p1a: Moonthief|97/100
|-sideend|p2: green.9082|Spikes|[from] move: Rapid Spin|[of] p2a: Claydol
|move|p1a: Moonthief|Hidden Power|p2a: Claydol
|-supereffective|p2a: Claydol
|-damage|p2a: Claydol|0 fnt
|faint|p2a: Claydol
|
|t:|1730672724
|switch|p2a: Snorlax|Snorlax, M|100/100
|
|-weather|Sandstorm|[upkeep]
|-damage|p2a: Snorlax|94/100|[from] Sandstorm
|-heal|p1a: Moonthief|100/100|[from] item: Leftovers
|-heal|p2a: Snorlax|100/100|[from] item: Leftovers
|-start|p1a: Moonthief|perish1
|upkeep
|turn|10
|
|t:|1730672745
|switch|p1a: Love Song|Celebi|87/100
|move|p2a: Snorlax|Curse|p2a: Snorlax
|-unboost|p2a: Snorlax|spe|1
|-boost|p2a: Snorlax|atk|1
|-boost|p2a: Snorlax|def|1
|
|-weather|Sandstorm|[upkeep]
|-damage|p1a: Love Song|81/100|[from] Sandstorm
|-damage|p2a: Snorlax|94/100|[from] Sandstorm
|-heal|p1a: Love Song|87/100|[from] item: Leftovers
|-heal|p2a: Snorlax|100/100|[from] item: Leftovers
|upkeep
|turn|11
|
|t:|1730672757
|move|p1a: Love Song|Leech Seed|p2a: Snorlax
|-start|p2a: Snorlax|move: Leech Seed
|move|p2a: Snorlax|Body Slam|p1a: Love Song
|-damage|p1a: Love Song|32/100
|
|-weather|Sandstorm|[upkeep]
|-damage|p1a: Love Song|26/100|[from] Sandstorm
|-damage|p2a: Snorlax|94/100|[from] Sandstorm
|-heal|p1a: Love Song|32/100|[from] item: Leftovers
|-heal|p2a: Snorlax|100/100|[from] item: Leftovers
|-damage|p2a: Snorlax|88/100|[from] Leech Seed|[of] p1a: Love Song
|-heal|p1a: Love Song|49/100|[silent]
|upkeep
|turn|12
|
|t:|1730672770
|switch|p1a: Moonthief|Tyranitar, F|100/100
|move|p2a: Snorlax|Body Slam|p1a: Moonthief
|-resisted|p1a: Moonthief
|-crit|p1a: Moonthief
|-damage|p1a: Moonthief|58/100
|-status|p1a: Moonthief|par
|
|-weather|Sandstorm|[upkeep]
|-damage|p2a: Snorlax|82/100|[from] Sandstorm
|-heal|p2a: Snorlax|88/100|[from] item: Leftovers
|-damage|p2a: Snorlax|76/100|[from] Leech Seed|[of] p1a: Moonthief
|-heal|p1a: Moonthief|73/100 par|[silent]
|-heal|p1a: Moonthief|79/100 par|[from] item: Leftovers
|upkeep
|turn|13
|
|t:|1730672791
|switch|p2a: Suicune|Suicune|65/100
|cant|p1a: Moonthief|par
|
|-weather|Sandstorm|[upkeep]
|-damage|p2a: Suicune|59/100|[from] Sandstorm
|-heal|p2a: Suicune|65/100|[from] item: Leftovers
|-heal|p1a: Moonthief|86/100 par|[from] item: Leftovers
|upkeep
|turn|14
|
|t:|1730672807
|switch|p2a: Salamence|Salamence, M|100/100
|-ability|p2a: Salamence|Intimidate|boost
|-unboost|p1a: Moonthief|atk|1
|move|p1a: Moonthief|Rock Slide|p2a: Salamence
|-supereffective|p2a: Salamence
|-damage|p2a: Salamence|36/100
|
|-weather|Sandstorm|[upkeep]
|-damage|p2a: Salamence|30/100|[from] Sandstorm
|-heal|p2a: Salamence|36/100|[from] item: Leftovers
|-heal|p1a: Moonthief|92/100 par|[from] item: Leftovers
|upkeep
|turn|15
|
|t:|1730672820
|switch|p2a: Magneton|Magneton|100/100
|switch|p1a: Where Our Blue Is|Swampert, M|100/100
|
|-weather|Sandstorm|[upkeep]
|upkeep
|turn|16
|
|t:|1730672835
|switch|p2a: Celebi|Celebi|88/100
|switch|p1a: Love Song|Celebi|49/100
|
|-weather|Sandstorm|[upkeep]
|-damage|p1a: Love Song|43/100|[from] Sandstorm
|-damage|p2a: Celebi|82/100|[from] Sandstorm
|-heal|p1a: Love Song|49/100|[from] item: Leftovers
|-heal|p2a: Celebi|88/100|[from] item: Leftovers
|upkeep
|turn|17
|
|t:|1730672846
|move|p1a: Love Song|Hidden Power|p2a: Celebi
|-supereffective|p2a: Celebi
|-damage|p2a: Celebi|54/100
|move|p2a: Celebi|Hidden Power|p1a: Love Song
|-resisted|p1a: Love Song
|-damage|p1a: Love Song|38/100
|
|-weather|Sandstorm|[upkeep]
|-damage|p1a: Love Song|32/100|[from] Sandstorm
|-damage|p2a: Celebi|47/100|[from] Sandstorm
|-heal|p1a: Love Song|38/100|[from] item: Leftovers
|-heal|p2a: Celebi|54/100|[from] item: Leftovers
|upkeep
|turn|18
|
|t:|1730672865
|switch|p1a: Have a nice end!|Aerodactyl, M|100/100
|move|p2a: Celebi|Recover|p2a: Celebi
|-heal|p2a: Celebi|100/100
|
|-weather|Sandstorm|[upkeep]
|-damage|p2a: Celebi|94/100|[from] Sandstorm
|-heal|p2a: Celebi|100/100|[from] item: Leftovers
|upkeep
|turn|19
|
|t:|1730672875
|move|p1a: Have a nice end!|Hidden Power|p2a: Celebi
|-supereffective|p2a: Celebi
|-damage|p2a: Celebi|19/100
|move|p2a: Celebi|Leech Seed|p1a: Have a nice end!
|-start|p1a: Have a nice end!|move: Leech Seed
|
|-weather|Sandstorm|[upkeep]
|-damage|p2a: Celebi|12/100|[from] Sandstorm
|-damage|p1a: Have a nice end!|88/100|[from] Leech Seed|[of] p2a: Celebi
|-heal|p2a: Celebi|22/100|[silent]
|-heal|p2a: Celebi|28/100|[from] item: Leftovers
|upkeep
|turn|20
|
|t:|1730672886
|switch|p1a: ALWAYS BE WITH YOU|Salamence, F|100/100
|-ability|p1a: ALWAYS BE WITH YOU|Intimidate|boost
|-unboost|p2a: Celebi|atk|1
|switch|p2a: Salamence|Salamence, M|36/100
|-ability|p2a: Salamence|Intimidate|boost
|-unboost|p1a: ALWAYS BE WITH YOU|atk|1
|
|-weather|Sandstorm|[upkeep]
|-damage|p1a: ALWAYS BE WITH YOU|94/100|[from] Sandstorm
|-damage|p2a: Salamence|30/100|[from] Sandstorm
|-heal|p1a: ALWAYS BE WITH YOU|100/100|[from] item: Leftovers
|-heal|p2a: Salamence|36/100|[from] item: Leftovers
|upkeep
|turn|21
|
|t:|1730672905
|move|p1a: ALWAYS BE WITH YOU|Dragon Claw|p2a: Salamence
|-supereffective|p2a: Salamence
|-crit|p2a: Salamence
|-damage|p2a: Salamence|0 fnt
|faint|p2a: Salamence
|
|t:|1730672914
|switch|p2a: Snorlax|Snorlax, M|76/100
|
|-weather|Sandstorm|[upkeep]
|-damage|p1a: ALWAYS BE WITH YOU|94/100|[from] Sandstorm
|-damage|p2a: Snorlax|70/100|[from] Sandstorm
|-heal|p1a: ALWAYS BE WITH YOU|100/100|[from] item: Leftovers
|-heal|p2a: Snorlax|76/100|[from] item: Leftovers
|upkeep
|turn|22
|inactive|Key to Life has 270 seconds left.
|
|t:|1730672962
|switch|p1a: Love Song|Celebi|38/100
|move|p2a: Snorlax|Curse|p2a: Snorlax
|-unboost|p2a: Snorlax|spe|1
|-boost|p2a: Snorlax|atk|1
|-boost|p2a: Snorlax|def|1
|
|-weather|Sandstorm|[upkeep]
|-damage|p1a: Love Song|32/100|[from] Sandstorm
|-damage|p2a: Snorlax|70/100|[from] Sandstorm
|-heal|p1a: Love Song|38/100|[from] item: Leftovers
|-heal|p2a: Snorlax|76/100|[from] item: Leftovers
|upkeep
|turn|23
|
|t:|1730672974
|move|p1a: Love Song|Leech Seed|p2a: Snorlax
|-start|p2a: Snorlax|move: Leech Seed
|move|p2a: Snorlax|Body Slam|p1a: Love Song
|-damage|p1a: Love Song|0 fnt
|faint|p1a: Love Song
|inactive|Key to Life has 240 seconds left.
|
|t:|1730673026
|switch|p1a: ALWAYS BE WITH YOU|Salamence, F|100/100
|-ability|p1a: ALWAYS BE WITH YOU|Intimidate|boost
|-unboost|p2a: Snorlax|atk|1
|
|-weather|Sandstorm|[upkeep]
|-damage|p1a: ALWAYS BE WITH YOU|94/100|[from] Sandstorm
|-damage|p2a: Snorlax|70/100|[from] Sandstorm
|-heal|p1a: ALWAYS BE WITH YOU|100/100|[from] item: Leftovers
|-heal|p2a: Snorlax|76/100|[from] item: Leftovers
|-damage|p2a: Snorlax|63/100|[from] Leech Seed|[of] p1a: ALWAYS BE WITH YOU
|upkeep
|turn|24
|inactive|green.9082 has 270 seconds left.
|
|t:|1730673037
|switch|p2a: Celebi|Celebi|28/100
|move|p1a: ALWAYS BE WITH YOU|Brick Break|p2a: Celebi
|-resisted|p2a: Celebi
|-damage|p2a: Celebi|20/100
|
|-weather|Sandstorm|[upkeep]
|-damage|p1a: ALWAYS BE WITH YOU|94/100|[from] Sandstorm
|-damage|p2a: Celebi|14/100|[from] Sandstorm
|-heal|p1a: ALWAYS BE WITH YOU|100/100|[from] item: Leftovers
|-heal|p2a: Celebi|20/100|[from] item: Leftovers
|upkeep
|turn|25
|inactive|green.9082 has 270 seconds left.
|
|t:|1730673051
|move|p1a: ALWAYS BE WITH YOU|Dragon Claw|p2a: Celebi
|-damage|p2a: Celebi|0 fnt
|faint|p2a: Celebi
|
|t:|1730673056
|switch|p2a: Magneton|Magneton|100/100
|
|-weather|Sandstorm|[upkeep]
|-damage|p1a: ALWAYS BE WITH YOU|94/100|[from] Sandstorm
|-heal|p1a: ALWAYS BE WITH YOU|100/100|[from] item: Leftovers
|upkeep
|turn|26
|
|t:|1730673064
|move|p1a: ALWAYS BE WITH YOU|Fire Blast|p2a: Magneton
|-supereffective|p2a: Magneton
|-damage|p2a: Magneton|0 fnt
|faint|p2a: Magneton
|
|t:|1730673069
|switch|p2a: Snorlax|Snorlax, M|63/100
|
|-weather|Sandstorm|[upkeep]
|-damage|p1a: ALWAYS BE WITH YOU|94/100|[from] Sandstorm
|-damage|p2a: Snorlax|57/100|[from] Sandstorm
|-heal|p1a: ALWAYS BE WITH YOU|100/100|[from] item: Leftovers
|-heal|p2a: Snorlax|63/100|[from] item: Leftovers
|upkeep
|turn|27
|
|t:|1730673078
|move|p1a: ALWAYS BE WITH YOU|Brick Break|p2a: Snorlax
|-supereffective|p2a: Snorlax
|-damage|p2a: Snorlax|26/100
|move|p2a: Snorlax|Body Slam|p1a: ALWAYS BE WITH YOU
|-damage|p1a: ALWAYS BE WITH YOU|49/100
|-status|p1a: ALWAYS BE WITH YOU|par
|
|-weather|Sandstorm|[upkeep]
|-damage|p2a: Snorlax|20/100|[from] Sandstorm
|-damage|p1a: ALWAYS BE WITH YOU|43/100 par|[from] Sandstorm
|-heal|p2a: Snorlax|26/100|[from] item: Leftovers
|-heal|p1a: ALWAYS BE WITH YOU|49/100 par|[from] item: Leftovers
|upkeep
|turn|28
|inactive|Key to Life has 270 seconds left.
|inactive|green.9082 has 270 seconds left.
|
|t:|1730673103
|move|p2a: Snorlax|Body Slam|p1a: ALWAYS BE WITH YOU
|-damage|p1a: ALWAYS BE WITH YOU|0 fnt
|faint|p1a: ALWAYS BE WITH YOU
|inactive|Key to Life has 270 seconds left.
|inactive|Key to Life has 240 seconds left.
|inactive|Key to Life has 210 seconds left.
|inactive|Key to Life has 180 seconds left.
|
|t:|1730673226
|switch|p1a: Have a nice end!|Aerodactyl, M|88/100
|
|-weather|Sandstorm|[upkeep]
|-damage|p2a: Snorlax|20/100|[from] Sandstorm
|-heal|p2a: Snorlax|26/100|[from] item: Leftovers
|upkeep
|turn|29
|
|t:|1730673233
|move|p1a: Have a nice end!|Rock Slide|p2a: Snorlax
|-damage|p2a: Snorlax|0 fnt
|faint|p2a: Snorlax
|
|t:|1730673237
|switch|p2a: Suicune|Suicune|65/100
|
|-weather|Sandstorm|[upkeep]
|-damage|p2a: Suicune|59/100|[from] Sandstorm
|-heal|p2a: Suicune|65/100|[from] item: Leftovers
|upkeep
|turn|30
|
|t:|1730673245
|move|p1a: Have a nice end!|Rock Slide|p2a: Suicune
|-damage|p2a: Suicune|38/100
|move|p2a: Suicune|Surf|p1a: Have a nice end!
|-supereffective|p1a: Have a nice end!
|-damage|p1a: Have a nice end!|7/100
|
|-weather|Sandstorm|[upkeep]
|-damage|p2a: Suicune|32/100|[from] Sandstorm
|-heal|p2a: Suicune|38/100|[from] item: Leftovers
|upkeep
|turn|31
|
|t:|1730673255
|move|p1a: Have a nice end!|Rock Slide|p2a: Suicune
|-crit|p2a: Suicune
|-damage|p2a: Suicune|0 fnt
|faint|p2a: Suicune
|
|win|Key to Life
|c|☆Key to Life|this was robbery
|c|☆Key to Life|ggs

</script>
<script type="application/json" class="data" id="replaydata-smogtours-gen3ou-804646">
{"id":"smogtours-gen3ou-804646","format":"[Gen 3] OU","players":["Key to Life","green.9082"],"uploadtime":1730673255,"views":53,"formatid":"gen3ou","rating":null,"private":0,"password":null}
</script>

<script defer src="js/replays.js?9d40a366"></script>
