<!DOCTYPE html>
<meta charset="utf-8" />
<meta name="viewport" content="width=device-width" />

<title>[Gen 3] OU: Rizzarro Flame vs. MenaCicada - Replays - Pok&eacute;mon Showdown!</title>

<meta name="description" content="Watch a replay of a Pok&eacute;mon battle between Rizzarro Flame and MenaCicada! Format: [Gen 3] OU; Date: Oct 15, 2024" />
<!--

Hey, you! Looking in the source for the replay log?

You can find them in JSON format, just add `.json` at the end of a replay URL.

https://replay.pokemonshowdown.com/gen7randomdoublesbattle-865046831.json

Or, if you only need the log itself, add `.log` instead:

https://replay.pokemonshowdown.com/gen7randomdoublesbattle-865046831.log

-->

<link rel="stylesheet" href="//pokemonshowdown.com/style/global.css?0.023195364461161105" />
<link rel="stylesheet" href="//play.pokemonshowdown.com/style/font-awesome.css?0.13261647063804238" />
<link rel="stylesheet" href="//play.pokemonshowdown.com/style/battle.css?0.8753245789963631" />
<link rel="stylesheet" href="//play.pokemonshowdown.com/style/utilichart.css?0.8627959624976733" />

<!-- Global site tag (gtag.js) - Google Analytics -->
<script async src="https://www.googletagmanager.com/gtag/js?id=UA-26211653-1"></script>
<script>
  window.dataLayer = window.dataLayer || [];
  function gtag(){dataLayer.push(arguments);}
  gtag('js', new Date());

  gtag('config', 'UA-26211653-1');
</script>
<!-- End Google Analytics -->
<!-- Venatus Ad Manager - Install in <HEAD> of page -->
	<script src="https://hb.vntsm.com/v3/live/ad-manager.min.js" type="text/javascript" data-site-id="642aba63ec9a7b11c3c9c1be" data-mode="scan" async></script>
<!-- / Venatus Ad Manager -->

<style>
	@media (max-width:820px) {
		.battle {
			margin: 0 auto;
		}
		.battle-log {
			margin: 7px auto 0;
			max-width: 640px;
			height: 300px;
			position: static;
		}
	}
	.optgroup {
		display: inline-block;
		line-height: 22px;
		font-size: 10pt;
	}
	.optgroup .button {
		height: 25px;
		padding-top: 0;
		padding-bottom: 0;
	}
	.optgroup button.button {
		padding-left: 12px;
		padding-right: 12px;
	}
	.linklist {
		list-style: none;
		margin: 0.5em 0;
		padding: 0;
	}
	.linklist li {
		padding: 2px 0;
	}
	.sidebar {
		float: left;
		width: 320px;
	}
	.bar-wrapper {
		max-width: 1100px;
		margin: 0 auto;
	}
	.bar-wrapper.has-sidebar {
		max-width: 1430px;
	}
	.mainbar {
		margin: 0;
		padding-right: 1px;
	}
	.mainbar.has-sidebar {
		margin-left: 330px;
	}
	@media (min-width: 1511px) {
		.sidebar {
			width: 400px;
		}
		.bar-wrapper.has-sidebar {
			max-width: 1510px;
		}
		.mainbar.has-sidebar {
			margin-left: 410px;
		}
	}
	.section.first-section {
		margin-top: 9px;
	}
	.blocklink small {
		white-space: normal;
	}
	.button {
		vertical-align: middle;
	}
	.replay-controls {
		padding-top: 10px;
	}
	.replay-controls h1 {
		font-size: 16pt;
		font-weight: normal;
		color: #CCC;
	}
	.pagelink {
		text-align: center;
	}
	.pagelink a {
		width: 150px;
	}
	.textbox, .button {
		font-size: 11pt;
		vertical-align: middle;
	}
	@media (max-width: 450px) {
		.button {
			font-size: 9pt;
		}
	}
</style>

<div>

	<header>
		<div class="nav-wrapper"><ul class="nav">
			<li><a class="button nav-first" href="//pokemonshowdown.com/"><img src="//pokemonshowdown.com/images/pokemonshowdownbeta.png" srcset="//pokemonshowdown.com/images/pokemonshowdownbeta.png 1x, //pokemonshowdown.com/images/pokemonshowdownbeta@2x.png 2x" alt="Pok&eacute;mon Showdown" width="146" height="44" /> Home</a></li>
			<li><a class="button" href="//pokemonshowdown.com/dex/">Pok&eacute;dex</a></li>
			<li><a class="button cur" href="/">Replays</a></li>
			<li><a class="button" href="//pokemonshowdown.com/ladder/">Ladder</a></li>
			<li><a class="button nav-last" href="//pokemonshowdown.com/forums/">Forum</a></li>
			<li><a class="button greenbutton nav-first nav-last" href="//play.pokemonshowdown.com/">Play</a></li>
		</ul></div>
	</header>

	<div class="main" id="main">

		<noscript><section class="section">You need to enable JavaScript to use this page; sorry!</section></noscript>

	</div>

</div>

<script defer nomodule src="//play.pokemonshowdown.com/js/lib/ps-polyfill.js"></script>
<script defer src="//play.pokemonshowdown.com/js/lib/preact.min.js"></script>

<script defer src="//play.pokemonshowdown.com/config/config.js?2bddbc15"></script>
<script defer src="//play.pokemonshowdown.com/js/lib/jquery-1.11.0.min.js"></script>
<script defer src="//play.pokemonshowdown.com/js/lib/html-sanitizer-minified.js"></script>
<script defer src="//play.pokemonshowdown.com/js/battle-sound.js"></script>
<script defer src="//play.pokemonshowdown.com/js/battledata.js?0.7209276989879541"></script>
<script defer src="//play.pokemonshowdown.com/data/pokedex-mini.js?0.6111056340867951"></script>
<script defer src="//play.pokemonshowdown.com/data/pokedex-mini-bw.js?0.3532142036491459"></script>
<script defer src="//play.pokemonshowdown.com/data/graphics.js?0.24223875632456182"></script>
<script defer src="//play.pokemonshowdown.com/data/pokedex.js?0.38839984266356864"></script>
<script defer src="//play.pokemonshowdown.com/data/moves.js?0.21866028504024015"></script>
<script defer src="//play.pokemonshowdown.com/data/abilities.js?0.2005157953846628"></script>
<script defer src="//play.pokemonshowdown.com/data/items.js?0.9894211263848525"></script>
<script defer src="//play.pokemonshowdown.com/data/teambuilder-tables.js?0.6008791140282215"></script>
<script defer src="//play.pokemonshowdown.com/js/battle-tooltips.js?0.7580118955022959"></script>
<script defer src="//play.pokemonshowdown.com/js/battle.js?0.6057722274234274"></script>

<script defer src="js/utils.js?e31f9a17"></script>
<script defer src="js/replays-battle.js?7008c182"></script>

<!-- don't scrape this data! just add .json or .log after the URL!
Full API docs: https://github.com/smogon/pokemon-showdown-client/blob/master/WEB-API.md -->
<script type="text/plain" class="log" id="replaylog-smogtours-gen3ou-798884">
|inactive|Battle timer is ON: inactive players will automatically lose when time's up.
|t:|1728980458
|gametype|singles
|player|p1|Rizzarro Flame|265|
|player|p2|MenaCicada|skyla|
|teamsize|p1|6
|teamsize|p2|6
|gen|3
|tier|[Gen 3] OU
|rule|Sleep Clause Mod: Limit one foe put to sleep
|rule|Switch Priority Clause Mod: Faster Pokémon switch first
|rule|Species Clause: Limit one of each Pokémon
|rule|OHKO Clause: OHKO moves are banned
|rule|Evasion Items Clause: Evasion items are banned
|rule|Evasion Moves Clause: Evasion moves are banned
|rule|Endless Battle Clause: Forcing endless battles is banned
|rule|HP Percentage Mod: HP is shown in percentages
|rule|One Boost Passer Clause: Limit one Baton Passer that has a way to boost its stats
|rule|Freeze Clause Mod: Limit one foe frozen
|
|t:|1728980458
|start
|switch|p1a: Tyranitar|Tyranitar, F|100/100
|switch|p2a: Zapdos|Zapdos|100/100
|-weather|Sandstorm|[from] ability: Sand Stream|[of] p1a: Tyranitar
|turn|1
|c|☆MenaCicada|Glhf
|
|t:|1728980469
|-singleturn|p1a: Tyranitar|move: Focus Punch
|move|p2a: Zapdos|Baton Pass|p2a: Zapdos
|
|t:|1728980475
|switch|p2a: Metagross|Metagross|100/100|[from] Baton Pass
|move|p1a: Tyranitar|Focus Punch|p2a: Metagross
|-damage|p2a: Metagross|27/100
|
|-weather|Sandstorm|[upkeep]
|-heal|p2a: Metagross|34/100|[from] item: Leftovers
|upkeep
|turn|2
|inactive|MenaCicada has 270 seconds left.
|
|t:|1728980519
|switch|p1a: Gyarados|Gyarados, F|100/100
|-ability|p1a: Gyarados|Intimidate|boost
|-fail|p2a: Metagross|unboost|[from] ability: Clear Body|[of] p2a: Metagross
|move|p2a: Metagross|Hidden Power|p1a: Gyarados
|-resisted|p1a: Gyarados
|-damage|p1a: Gyarados|90/100
|
|-weather|Sandstorm|[upkeep]
|-damage|p1a: Gyarados|84/100|[from] Sandstorm
|-heal|p1a: Gyarados|90/100|[from] item: Leftovers
|-heal|p2a: Metagross|40/100|[from] item: Leftovers
|upkeep
|turn|3
|
|t:|1728980547
|switch|p1a: Camerupt|Camerupt, F|100/100
|switch|p2a: Breloom|Breloom, F|100/100
|
|-weather|Sandstorm|[upkeep]
|-damage|p2a: Breloom|94/100|[from] Sandstorm
|-heal|p2a: Breloom|100/100|[from] item: Leftovers
|upkeep
|turn|4
|
|t:|1728980559
|move|p2a: Breloom|Spore|p1a: Camerupt
|-status|p1a: Camerupt|slp|[from] move: Spore
|cant|p1a: Camerupt|slp
|
|-weather|Sandstorm|[upkeep]
|-damage|p2a: Breloom|94/100|[from] Sandstorm
|-heal|p2a: Breloom|100/100|[from] item: Leftovers
|upkeep
|turn|5
|
|t:|1728980565
|-singleturn|p2a: Breloom|move: Focus Punch
|switch|p1a: Salamence|Salamence, F|100/100
|-ability|p1a: Salamence|Intimidate|boost
|-unboost|p2a: Breloom|atk|1
|move|p2a: Breloom|Focus Punch|p1a: Salamence
|-resisted|p1a: Salamence
|-damage|p1a: Salamence|65/100
|
|-weather|Sandstorm|[upkeep]
|-damage|p1a: Salamence|59/100|[from] Sandstorm
|-damage|p2a: Breloom|94/100|[from] Sandstorm
|-heal|p1a: Salamence|65/100|[from] item: Leftovers
|-heal|p2a: Breloom|100/100|[from] item: Leftovers
|upkeep
|turn|6
|inactive|MenaCicada has 270 seconds left.
|
|t:|1728980576
|switch|p2a: Zapdos|Zapdos|100/100
|move|p1a: Salamence|Dragon Claw|p2a: Zapdos
|-damage|p2a: Zapdos|52/100
|
|-weather|Sandstorm|[upkeep]
|-damage|p2a: Zapdos|46/100|[from] Sandstorm
|-damage|p1a: Salamence|59/100|[from] Sandstorm
|-heal|p2a: Zapdos|52/100|[from] item: Leftovers
|-heal|p1a: Salamence|65/100|[from] item: Leftovers
|upkeep
|turn|7
|inactive|MenaCicada has 270 seconds left.
|
|t:|1728980600
|switch|p1a: Camerupt|Camerupt, F|100/100 slp
|move|p2a: Zapdos|Baton Pass|p2a: Zapdos
|
|t:|1728980601
|switch|p2a: Breloom|Breloom, F|100/100|[from] Baton Pass
|
|-weather|Sandstorm|[upkeep]
|-damage|p2a: Breloom|94/100|[from] Sandstorm
|-heal|p2a: Breloom|100/100|[from] item: Leftovers
|upkeep
|turn|8
|
|t:|1728980615
|switch|p1a: Gyarados|Gyarados, F|90/100
|-ability|p1a: Gyarados|Intimidate|boost
|-unboost|p2a: Breloom|atk|1
|move|p2a: Breloom|Stun Spore|p1a: Gyarados
|-status|p1a: Gyarados|par
|
|-weather|Sandstorm|[upkeep]
|-damage|p2a: Breloom|94/100|[from] Sandstorm
|-damage|p1a: Gyarados|84/100 par|[from] Sandstorm
|-heal|p2a: Breloom|100/100|[from] item: Leftovers
|-heal|p1a: Gyarados|90/100 par|[from] item: Leftovers
|upkeep
|turn|9
|
|t:|1728980629
|switch|p2a: Metagross|Metagross|40/100
|move|p1a: Gyarados|Double-Edge|p2a: Metagross
|-resisted|p2a: Metagross
|-damage|p2a: Metagross|21/100
|-damage|p1a: Gyarados|84/100 par|[from] Recoil|[of] p2a: Metagross
|
|-weather|Sandstorm|[upkeep]
|-damage|p1a: Gyarados|78/100 par|[from] Sandstorm
|-heal|p2a: Metagross|28/100|[from] item: Leftovers
|-heal|p1a: Gyarados|84/100 par|[from] item: Leftovers
|upkeep
|turn|10
|
|t:|1728980643
|move|p2a: Metagross|Explosion|p1a: Gyarados
|-damage|p1a: Gyarados|0 fnt
|faint|p2a: Metagross
|faint|p1a: Gyarados
|
|t:|1728980659
|switch|p1a: Metagross|Metagross|100/100
|switch|p2a: Breloom|Breloom, F|100/100
|
|-weather|Sandstorm|[upkeep]
|-damage|p2a: Breloom|94/100|[from] Sandstorm
|-heal|p2a: Breloom|100/100|[from] item: Leftovers
|upkeep
|turn|11
|inactive|MenaCicada has 270 seconds left.
|
|t:|1728980698
|move|p2a: Breloom|Stun Spore|p1a: Metagross
|-status|p1a: Metagross|par
|move|p1a: Metagross|Psychic|p2a: Breloom
|-supereffective|p2a: Breloom
|-damage|p2a: Breloom|0 fnt
|faint|p2a: Breloom
|
|t:|1728980708
|switch|p2a: Charizard|Charizard, M|100/100
|
|-weather|Sandstorm|[upkeep]
|-damage|p2a: Charizard|94/100|[from] Sandstorm
|-heal|p2a: Charizard|100/100|[from] item: Leftovers
|upkeep
|turn|12
|
|t:|1728980729
|-singleturn|p2a: Charizard|move: Focus Punch
|move|p1a: Metagross|Thunder Punch|p2a: Charizard
|-supereffective|p2a: Charizard
|-damage|p2a: Charizard|39/100
|move|p2a: Charizard|Focus Punch||[still]
|cant|p2a: Charizard|Focus Punch|Focus Punch
|
|-weather|Sandstorm|[upkeep]
|-damage|p2a: Charizard|32/100|[from] Sandstorm
|-heal|p2a: Charizard|39/100|[from] item: Leftovers
|upkeep
|turn|13
|
|t:|1728980751
|switch|p1a: Salamence|Salamence, F|65/100
|-ability|p1a: Salamence|Intimidate|boost
|-unboost|p2a: Charizard|atk|1
|move|p2a: Charizard|Fire Blast|p1a: Salamence
|-resisted|p1a: Salamence
|-damage|p1a: Salamence|29/100
|
|-weather|Sandstorm|[upkeep]
|-damage|p2a: Charizard|32/100|[from] Sandstorm
|-damage|p1a: Salamence|23/100|[from] Sandstorm
|-heal|p2a: Charizard|39/100|[from] item: Leftovers
|-heal|p1a: Salamence|29/100|[from] item: Leftovers
|upkeep
|turn|14
|
|t:|1728980760
|move|p2a: Charizard|Dragon Claw|p1a: Salamence
|-supereffective|p1a: Salamence
|-damage|p1a: Salamence|0 fnt
|faint|p1a: Salamence
|
|t:|1728980766
|switch|p1a: Tyranitar|Tyranitar, F|100/100
|
|-weather|Sandstorm|[upkeep]
|-damage|p2a: Charizard|32/100|[from] Sandstorm
|-heal|p2a: Charizard|39/100|[from] item: Leftovers
|upkeep
|turn|15
|
|t:|1728980776
|move|p2a: Charizard|Hidden Power|p1a: Tyranitar
|-supereffective|p1a: Tyranitar
|-damage|p1a: Tyranitar|57/100
|move|p1a: Tyranitar|Rock Slide|p2a: Charizard
|-supereffective|p2a: Charizard
|-damage|p2a: Charizard|0 fnt
|faint|p2a: Charizard
|
|t:|1728980780
|switch|p2a: Swampert|Swampert, F|100/100
|
|-weather|Sandstorm|[upkeep]
|upkeep
|turn|16
|
|t:|1728980790
|move|p1a: Tyranitar|Rock Slide|p2a: Swampert
|-resisted|p2a: Swampert
|-damage|p2a: Swampert|73/100
|cant|p2a: Swampert|flinch
|
|-weather|Sandstorm|[upkeep]
|-heal|p2a: Swampert|79/100|[from] item: Leftovers
|upkeep
|turn|17
|
|t:|1728980801
|switch|p1a: Snorlax|Snorlax, F|100/100
|move|p2a: Swampert|Hydro Pump|p1a: Snorlax
|-damage|p1a: Snorlax|72/100
|
|-weather|Sandstorm|[upkeep]
|-damage|p1a: Snorlax|66/100|[from] Sandstorm
|-heal|p2a: Swampert|85/100|[from] item: Leftovers
|-heal|p1a: Snorlax|72/100|[from] item: Leftovers
|upkeep
|turn|18
|
|t:|1728980813
|switch|p2a: Snorlax|Snorlax, F|100/100
|move|p1a: Snorlax|Body Slam|p2a: Snorlax
|-damage|p2a: Snorlax|63/100
|-status|p2a: Snorlax|par
|
|-weather|Sandstorm|[upkeep]
|-damage|p1a: Snorlax|66/100|[from] Sandstorm
|-damage|p2a: Snorlax|57/100 par|[from] Sandstorm
|-heal|p1a: Snorlax|72/100|[from] item: Leftovers
|-heal|p2a: Snorlax|63/100 par|[from] item: Leftovers
|upkeep
|turn|19
|
|t:|1728980831
|switch|p1a: Camerupt|Camerupt, F|100/100 slp
|cant|p2a: Snorlax|par
|
|-weather|Sandstorm|[upkeep]
|-damage|p2a: Snorlax|57/100 par|[from] Sandstorm
|-heal|p2a: Snorlax|63/100 par|[from] item: Leftovers
|upkeep
|turn|20
|
|t:|1728980840
|switch|p2a: Swampert|Swampert, F|85/100
|cant|p1a: Camerupt|slp
|
|-weather|Sandstorm|[upkeep]
|-heal|p2a: Swampert|91/100|[from] item: Leftovers
|upkeep
|turn|21
|
|t:|1728980857
|-singleturn|p2a: Swampert|move: Focus Punch
|switch|p1a: Snorlax|Snorlax, F|72/100
|move|p2a: Swampert|Focus Punch|p1a: Snorlax
|-supereffective|p1a: Snorlax
|-damage|p1a: Snorlax|6/100
|
|-weather|Sandstorm|[upkeep]
|-damage|p1a: Snorlax|0 fnt|[from] Sandstorm
|faint|p1a: Snorlax
|-heal|p2a: Swampert|98/100|[from] item: Leftovers
|upkeep
|
|t:|1728980864
|switch|p1a: Metagross|Metagross|100/100 par
|turn|22
|
|t:|1728980881
|switch|p2a: Zapdos|Zapdos|52/100
|cant|p1a: Metagross|par
|
|-weather|Sandstorm|[upkeep]
|-damage|p2a: Zapdos|46/100|[from] Sandstorm
|-heal|p2a: Zapdos|52/100|[from] item: Leftovers
|upkeep
|turn|23
|
|t:|1728980887
|move|p2a: Zapdos|Thunderbolt|p1a: Metagross
|-damage|p1a: Metagross|49/100 par
|cant|p1a: Metagross|par
|
|-weather|Sandstorm|[upkeep]
|-damage|p2a: Zapdos|46/100|[from] Sandstorm
|-heal|p2a: Zapdos|52/100|[from] item: Leftovers
|-heal|p1a: Metagross|55/100 par|[from] item: Leftovers
|upkeep
|turn|24
|
|t:|1728980900
|switch|p2a: Snorlax|Snorlax, F|63/100 par
|switch|p1a: Camerupt|Camerupt, F|100/100 slp
|
|-weather|Sandstorm|[upkeep]
|-damage|p2a: Snorlax|57/100 par|[from] Sandstorm
|-heal|p2a: Snorlax|63/100 par|[from] item: Leftovers
|upkeep
|turn|25
|
|t:|1728980908
|cant|p1a: Camerupt|slp
|move|p2a: Snorlax|Self-Destruct|p1a: Camerupt
|-damage|p1a: Camerupt|0 fnt
|faint|p2a: Snorlax
|faint|p1a: Camerupt
|
|t:|1728980916
|switch|p1a: Tyranitar|Tyranitar, F|57/100
|switch|p2a: Swampert|Swampert, F|98/100
|
|-weather|Sandstorm|[upkeep]
|-heal|p2a: Swampert|100/100|[from] item: Leftovers
|upkeep
|turn|26
|
|t:|1728980924
|move|p1a: Tyranitar|Rock Slide|p2a: Swampert
|-resisted|p2a: Swampert
|-damage|p2a: Swampert|69/100
|move|p2a: Swampert|Hydro Pump|p1a: Tyranitar
|-supereffective|p1a: Tyranitar
|-damage|p1a: Tyranitar|0 fnt
|faint|p1a: Tyranitar
|
|t:|1728980929
|switch|p1a: Metagross|Metagross|55/100 par
|
|-weather|Sandstorm|[upkeep]
|-heal|p2a: Swampert|75/100|[from] item: Leftovers
|-heal|p1a: Metagross|61/100 par|[from] item: Leftovers
|upkeep
|turn|27
|
|t:|1728980932
|move|p2a: Swampert|Earthquake|p1a: Metagross
|-supereffective|p1a: Metagross
|-damage|p1a: Metagross|5/100 par
|move|p1a: Metagross|Psychic|p2a: Swampert
|-damage|p2a: Swampert|25/100
|
|-weather|Sandstorm|[upkeep]
|-heal|p2a: Swampert|31/100|[from] item: Leftovers
|-heal|p1a: Metagross|11/100 par|[from] item: Leftovers
|upkeep
|turn|28
|
|t:|1728980937
|move|p2a: Swampert|Earthquake|p1a: Metagross
|-supereffective|p1a: Metagross
|-damage|p1a: Metagross|0 fnt
|faint|p1a: Metagross
|
|win|MenaCicada

</script>
<script type="application/json" class="data" id="replaydata-smogtours-gen3ou-798884">
{"id":"smogtours-gen3ou-798884","format":"[Gen 3] OU","players":["Rizzarro Flame","MenaCicada"],"uploadtime":1728980937,"views":81,"formatid":"gen3ou","rating":null,"private":0,"password":null}
</script>

<script defer src="js/replays.js?9d40a366"></script>
