<!DOCTYPE html>
<meta charset="utf-8" />
<meta name="viewport" content="width=device-width" />

<title>[Gen 3] OU: Elisy vs. salmonlad - Replays - Pok&eacute;mon Showdown!</title>

<meta name="description" content="Watch a replay of a Pok&eacute;mon battle between Elisy and salmonlad! Format: [Gen 3] OU; Date: Oct 10, 2024" />
<!--

Hey, you! Looking in the source for the replay log?

You can find them in JSON format, just add `.json` at the end of a replay URL.

https://replay.pokemonshowdown.com/gen7randomdoublesbattle-865046831.json

Or, if you only need the log itself, add `.log` instead:

https://replay.pokemonshowdown.com/gen7randomdoublesbattle-865046831.log

-->

<link rel="stylesheet" href="//pokemonshowdown.com/style/global.css?0.023195364461161105" />
<link rel="stylesheet" href="//play.pokemonshowdown.com/style/font-awesome.css?0.13261647063804238" />
<link rel="stylesheet" href="//play.pokemonshowdown.com/style/battle.css?0.8753245789963631" />
<link rel="stylesheet" href="//play.pokemonshowdown.com/style/utilichart.css?0.8627959624976733" />

<!-- Global site tag (gtag.js) - Google Analytics -->
<script async src="https://www.googletagmanager.com/gtag/js?id=UA-26211653-1"></script>
<script>
  window.dataLayer = window.dataLayer || [];
  function gtag(){dataLayer.push(arguments);}
  gtag('js', new Date());

  gtag('config', 'UA-26211653-1');
</script>
<!-- End Google Analytics -->
<!-- Venatus Ad Manager - Install in <HEAD> of page -->
	<script src="https://hb.vntsm.com/v3/live/ad-manager.min.js" type="text/javascript" data-site-id="642aba63ec9a7b11c3c9c1be" data-mode="scan" async></script>
<!-- / Venatus Ad Manager -->

<style>
	@media (max-width:820px) {
		.battle {
			margin: 0 auto;
		}
		.battle-log {
			margin: 7px auto 0;
			max-width: 640px;
			height: 300px;
			position: static;
		}
	}
	.optgroup {
		display: inline-block;
		line-height: 22px;
		font-size: 10pt;
	}
	.optgroup .button {
		height: 25px;
		padding-top: 0;
		padding-bottom: 0;
	}
	.optgroup button.button {
		padding-left: 12px;
		padding-right: 12px;
	}
	.linklist {
		list-style: none;
		margin: 0.5em 0;
		padding: 0;
	}
	.linklist li {
		padding: 2px 0;
	}
	.sidebar {
		float: left;
		width: 320px;
	}
	.bar-wrapper {
		max-width: 1100px;
		margin: 0 auto;
	}
	.bar-wrapper.has-sidebar {
		max-width: 1430px;
	}
	.mainbar {
		margin: 0;
		padding-right: 1px;
	}
	.mainbar.has-sidebar {
		margin-left: 330px;
	}
	@media (min-width: 1511px) {
		.sidebar {
			width: 400px;
		}
		.bar-wrapper.has-sidebar {
			max-width: 1510px;
		}
		.mainbar.has-sidebar {
			margin-left: 410px;
		}
	}
	.section.first-section {
		margin-top: 9px;
	}
	.blocklink small {
		white-space: normal;
	}
	.button {
		vertical-align: middle;
	}
	.replay-controls {
		padding-top: 10px;
	}
	.replay-controls h1 {
		font-size: 16pt;
		font-weight: normal;
		color: #CCC;
	}
	.pagelink {
		text-align: center;
	}
	.pagelink a {
		width: 150px;
	}
	.textbox, .button {
		font-size: 11pt;
		vertical-align: middle;
	}
	@media (max-width: 450px) {
		.button {
			font-size: 9pt;
		}
	}
</style>

<div>

	<header>
		<div class="nav-wrapper"><ul class="nav">
			<li><a class="button nav-first" href="//pokemonshowdown.com/"><img src="//pokemonshowdown.com/images/pokemonshowdownbeta.png" srcset="//pokemonshowdown.com/images/pokemonshowdownbeta.png 1x, //pokemonshowdown.com/images/pokemonshowdownbeta@2x.png 2x" alt="Pok&eacute;mon Showdown" width="146" height="44" /> Home</a></li>
			<li><a class="button" href="//pokemonshowdown.com/dex/">Pok&eacute;dex</a></li>
			<li><a class="button cur" href="/">Replays</a></li>
			<li><a class="button" href="//pokemonshowdown.com/ladder/">Ladder</a></li>
			<li><a class="button nav-last" href="//pokemonshowdown.com/forums/">Forum</a></li>
			<li><a class="button greenbutton nav-first nav-last" href="//play.pokemonshowdown.com/">Play</a></li>
		</ul></div>
	</header>

	<div class="main" id="main">

		<noscript><section class="section">You need to enable JavaScript to use this page; sorry!</section></noscript>

	</div>

</div>

<script defer nomodule src="//play.pokemonshowdown.com/js/lib/ps-polyfill.js"></script>
<script defer src="//play.pokemonshowdown.com/js/lib/preact.min.js"></script>

<script defer src="//play.pokemonshowdown.com/config/config.js?2bddbc15"></script>
<script defer src="//play.pokemonshowdown.com/js/lib/jquery-1.11.0.min.js"></script>
<script defer src="//play.pokemonshowdown.com/js/lib/html-sanitizer-minified.js"></script>
<script defer src="//play.pokemonshowdown.com/js/battle-sound.js"></script>
<script defer src="//play.pokemonshowdown.com/js/battledata.js?0.7209276989879541"></script>
<script defer src="//play.pokemonshowdown.com/data/pokedex-mini.js?0.6111056340867951"></script>
<script defer src="//play.pokemonshowdown.com/data/pokedex-mini-bw.js?0.3532142036491459"></script>
<script defer src="//play.pokemonshowdown.com/data/graphics.js?0.24223875632456182"></script>
<script defer src="//play.pokemonshowdown.com/data/pokedex.js?0.38839984266356864"></script>
<script defer src="//play.pokemonshowdown.com/data/moves.js?0.21866028504024015"></script>
<script defer src="//play.pokemonshowdown.com/data/abilities.js?0.2005157953846628"></script>
<script defer src="//play.pokemonshowdown.com/data/items.js?0.9894211263848525"></script>
<script defer src="//play.pokemonshowdown.com/data/teambuilder-tables.js?0.6008791140282215"></script>
<script defer src="//play.pokemonshowdown.com/js/battle-tooltips.js?0.7580118955022959"></script>
<script defer src="//play.pokemonshowdown.com/js/battle.js?0.6057722274234274"></script>

<script defer src="js/utils.js?e31f9a17"></script>
<script defer src="js/replays-battle.js?7008c182"></script>

<!-- don't scrape this data! just add .json or .log after the URL!
Full API docs: https://github.com/smogon/pokemon-showdown-client/blob/master/WEB-API.md -->
<script type="text/plain" class="log" id="replaylog-smogtours-gen3ou-796915">
|inactive|Battle timer is ON: inactive players will automatically lose when time's up.
|t:|1728578293
|gametype|singles
|player|p1|Elisy|miku-flying|
|player|p2|salmonlad|266|
|teamsize|p1|6
|teamsize|p2|6
|gen|3
|tier|[Gen 3] OU
|rule|Sleep Clause Mod: Limit one foe put to sleep
|rule|Switch Priority Clause Mod: Faster Pokémon switch first
|rule|Species Clause: Limit one of each Pokémon
|rule|OHKO Clause: OHKO moves are banned
|rule|Evasion Items Clause: Evasion items are banned
|rule|Evasion Moves Clause: Evasion moves are banned
|rule|Endless Battle Clause: Forcing endless battles is banned
|rule|HP Percentage Mod: HP is shown in percentages
|rule|One Boost Passer Clause: Limit one Baton Passer that has a way to boost its stats
|rule|Freeze Clause Mod: Limit one foe frozen
|
|t:|1728578293
|start
|switch|p1a: Blissey|Blissey, F|100/100
|switch|p2a: Zanna|Zapdos|100/100
|turn|1
|c|☆Elisy|hf
|c|☆salmonlad|gl
|c|☆Elisy|/log Elisy made the replay of this battle unlisted.
|inactive|Elisy has 270 seconds left.
|
|t:|1728578326
|move|p2a: Zanna|Substitute|p2a: Zanna
|-start|p2a: Zanna|Substitute
|-damage|p2a: Zanna|76/100
|move|p1a: Blissey|Ice Beam|p2a: Zanna
|-supereffective|p2a: Zanna
|-end|p2a: Zanna|Substitute
|
|-heal|p2a: Zanna|82/100|[from] item: Leftovers
|upkeep
|turn|2
|inactive|salmonlad has 270 seconds left.
|
|t:|1728578376
|move|p2a: Zanna|Baton Pass|p2a: Zanna
|
|t:|1728578385
|switch|p2a: Soluzione|Suicune|100/100|[from] Baton Pass
|move|p1a: Blissey|Seismic Toss|p2a: Soluzione
|-damage|p2a: Soluzione|72/100
|
|-heal|p2a: Soluzione|78/100|[from] item: Leftovers
|upkeep
|turn|3
|
|t:|1728578398
|switch|p2a: Zanna|Zapdos|82/100
|switch|p1a: Suicune|Suicune|100/100
|
|-heal|p2a: Zanna|88/100|[from] item: Leftovers
|upkeep
|turn|4
|
|t:|1728578407
|switch|p1a: Blissey|Blissey, F|100/100
|move|p2a: Zanna|Substitute|p2a: Zanna
|-start|p2a: Zanna|Substitute
|-damage|p2a: Zanna|63/100
|
|-heal|p2a: Zanna|69/100|[from] item: Leftovers
|upkeep
|turn|5
|
|t:|1728578410
|move|p2a: Zanna|Baton Pass|p2a: Zanna
|
|t:|1728578412
|switch|p2a: Dominio|Dugtrio, M|100/100|[from] Baton Pass
|move|p1a: Blissey|Seismic Toss|p2a: Dominio
|-end|p2a: Dominio|Substitute
|
|upkeep
|turn|6
|
|t:|1728578415
|move|p2a: Dominio|Beat Up|p1a: Blissey
|-damage|p1a: Blissey|91/100
|-damage|p1a: Blissey|81/100
|-damage|p1a: Blissey|72/100
|-damage|p1a: Blissey|62/100
|-damage|p1a: Blissey|45/100
|-damage|p1a: Blissey|36/100
|-hitcount|p1a: Blissey|6
|move|p1a: Blissey|Ice Beam|p2a: Dominio
|-supereffective|p2a: Dominio
|-damage|p2a: Dominio|23/100
|
|-heal|p1a: Blissey|42/100|[from] item: Leftovers
|upkeep
|turn|7
|
|t:|1728578421
|move|p2a: Dominio|Beat Up|p1a: Blissey
|-damage|p1a: Blissey|32/100
|-crit|p1a: Blissey
|-damage|p1a: Blissey|9/100
|-damage|p1a: Blissey|1/100
|-damage|p1a: Blissey|0 fnt
|-hitcount|p1a: Blissey|4
|faint|p1a: Blissey
|
|t:|1728578439
|switch|p1a: Skarmory|Skarmory, M|100/100
|
|upkeep
|turn|8
|
|t:|1728578444
|switch|p2a: Zanna|Zapdos|69/100
|move|p1a: Skarmory|Spikes|p2a: Zanna
|-sidestart|p2: salmonlad|Spikes
|
|-heal|p2a: Zanna|76/100|[from] item: Leftovers
|upkeep
|turn|9
|
|t:|1728578453
|switch|p1a: Claydol|Claydol|100/100
|move|p2a: Zanna|Thunderbolt|p1a: Claydol
|-immune|p1a: Claydol
|
|-heal|p2a: Zanna|82/100|[from] item: Leftovers
|upkeep
|turn|10
|
|t:|1728578465
|move|p2a: Zanna|Baton Pass|p2a: Zanna
|
|t:|1728578466
|switch|p2a: Soluzione|Suicune|78/100|[from] Baton Pass
|-damage|p2a: Soluzione|65/100|[from] Spikes
|move|p1a: Claydol|Psychic|p2a: Soluzione
|-damage|p2a: Soluzione|42/100
|
|-heal|p2a: Soluzione|48/100|[from] item: Leftovers
|upkeep
|turn|11
|
|t:|1728578479
|switch|p1a: Skarmory|Skarmory, M|100/100
|move|p2a: Soluzione|Calm Mind|p2a: Soluzione
|-boost|p2a: Soluzione|spa|1
|-boost|p2a: Soluzione|spd|1
|
|-heal|p2a: Soluzione|54/100|[from] item: Leftovers
|upkeep
|turn|12
|
|t:|1728578484
|move|p2a: Soluzione|Surf|p1a: Skarmory
|-crit|p1a: Skarmory
|-damage|p1a: Skarmory|0 fnt
|faint|p1a: Skarmory
|
|t:|1728578488
|switch|p1a: Suicune|Suicune|100/100
|
|-heal|p2a: Soluzione|60/100|[from] item: Leftovers
|upkeep
|turn|13
|
|t:|1728578495
|move|p2a: Soluzione|Calm Mind|p2a: Soluzione
|-boost|p2a: Soluzione|spa|1
|-boost|p2a: Soluzione|spd|1
|move|p1a: Suicune|Roar|p2a: Soluzione
|drag|p2a: Alterazione|Ludicolo, F|100/100
|-damage|p2a: Alterazione|88/100|[from] Spikes
|
|upkeep
|turn|14
|
|t:|1728578510
|switch|p1a: Milotic|Milotic, M|100/100
|move|p2a: Alterazione|Rain Dance|p2a: Alterazione
|-weather|RainDance
|
|-weather|RainDance|[upkeep]
|upkeep
|turn|15
|
|t:|1728578512
|move|p2a: Alterazione|Hidden Power|p1a: Milotic
|-supereffective|p1a: Milotic
|-damage|p1a: Milotic|56/100
|move|p1a: Milotic|Toxic|p2a: Alterazione
|-status|p2a: Alterazione|tox
|-enditem|p2a: Alterazione|Lum Berry|[eat]
|-curestatus|p2a: Alterazione|tox|[msg]
|
|-weather|RainDance|[upkeep]
|-heal|p1a: Milotic|62/100|[from] item: Leftovers
|upkeep
|turn|16
|
|t:|1728578520
|move|p2a: Alterazione|Hidden Power|p1a: Milotic
|-supereffective|p1a: Milotic
|-damage|p1a: Milotic|14/100
|move|p1a: Milotic|Recover|p1a: Milotic
|-heal|p1a: Milotic|64/100
|
|-weather|RainDance|[upkeep]
|-heal|p1a: Milotic|70/100|[from] item: Leftovers
|upkeep
|turn|17
|
|t:|1728578523
|move|p2a: Alterazione|Hidden Power|p1a: Milotic
|-supereffective|p1a: Milotic
|-damage|p1a: Milotic|22/100
|move|p1a: Milotic|Recover|p1a: Milotic
|-heal|p1a: Milotic|72/100
|
|-weather|RainDance|[upkeep]
|-heal|p1a: Milotic|78/100|[from] item: Leftovers
|upkeep
|turn|18
|
|t:|1728578537
|move|p2a: Alterazione|Hidden Power|p1a: Milotic
|-supereffective|p1a: Milotic
|-damage|p1a: Milotic|36/100
|move|p1a: Milotic|Toxic|p2a: Alterazione
|-status|p2a: Alterazione|tox
|
|-weather|none
|-damage|p2a: Alterazione|82/100 tox|[from] psn
|-heal|p1a: Milotic|42/100|[from] item: Leftovers
|upkeep
|turn|19
|
|t:|1728578548
|switch|p2a: Zanna|Zapdos|82/100
|switch|p1a: Suicune|Suicune|100/100
|
|-heal|p2a: Zanna|88/100|[from] item: Leftovers
|upkeep
|turn|20
|
|t:|1728578552
|switch|p1a: Claydol|Claydol|100/100
|move|p2a: Zanna|Substitute|p2a: Zanna
|-start|p2a: Zanna|Substitute
|-damage|p2a: Zanna|63/100
|
|-heal|p2a: Zanna|69/100|[from] item: Leftovers
|upkeep
|turn|21
|
|t:|1728578555
|move|p2a: Zanna|Hidden Power|p1a: Claydol
|-supereffective|p1a: Claydol
|-damage|p1a: Claydol|65/100
|move|p1a: Claydol|Psychic|p2a: Zanna
|-end|p2a: Zanna|Substitute
|
|-heal|p2a: Zanna|76/100|[from] item: Leftovers
|-heal|p1a: Claydol|71/100|[from] item: Leftovers
|upkeep
|turn|22
|
|t:|1728578561
|move|p2a: Zanna|Hidden Power|p1a: Claydol
|-supereffective|p1a: Claydol
|-damage|p1a: Claydol|34/100
|move|p1a: Claydol|Psychic|p2a: Zanna
|-damage|p2a: Zanna|46/100
|-unboost|p2a: Zanna|spd|1
|
|-heal|p2a: Zanna|52/100|[from] item: Leftovers
|-heal|p1a: Claydol|40/100|[from] item: Leftovers
|upkeep
|turn|23
|
|t:|1728578567
|move|p2a: Zanna|Hidden Power|p1a: Claydol
|-supereffective|p1a: Claydol
|-damage|p1a: Claydol|3/100
|move|p1a: Claydol|Psychic|p2a: Zanna
|-damage|p2a: Zanna|13/100
|
|-heal|p2a: Zanna|19/100|[from] item: Leftovers
|-heal|p1a: Claydol|9/100|[from] item: Leftovers
|upkeep
|turn|24
|
|t:|1728578574
|move|p2a: Zanna|Hidden Power|p1a: Claydol
|-supereffective|p1a: Claydol
|-damage|p1a: Claydol|0 fnt
|faint|p1a: Claydol
|
|t:|1728578592
|switch|p1a: Suicune|Suicune|100/100
|
|-heal|p2a: Zanna|25/100|[from] item: Leftovers
|upkeep
|turn|25
|
|t:|1728578595
|move|p2a: Zanna|Thunderbolt|p1a: Suicune
|-supereffective|p1a: Suicune
|-damage|p1a: Suicune|34/100
|move|p1a: Suicune|Surf|p2a: Zanna
|-damage|p2a: Zanna|0 fnt
|faint|p2a: Zanna
|
|t:|1728578598
|switch|p2a: Dominio|Dugtrio, M|23/100
|-damage|p2a: Dominio|10/100|[from] Spikes
|
|-heal|p1a: Suicune|40/100|[from] item: Leftovers
|upkeep
|turn|26
|
|t:|1728578608
|move|p2a: Dominio|Earthquake|p1a: Suicune
|-damage|p1a: Suicune|10/100
|move|p1a: Suicune|Surf|p2a: Dominio
|-supereffective|p2a: Dominio
|-damage|p2a: Dominio|0 fnt
|faint|p2a: Dominio
|
|t:|1728578612
|switch|p2a: Risoluzione|Raikou|100/100
|-damage|p2a: Risoluzione|88/100|[from] Spikes
|
|-heal|p2a: Risoluzione|94/100|[from] item: Leftovers
|-heal|p1a: Suicune|16/100|[from] item: Leftovers
|upkeep
|turn|27
|
|t:|1728578616
|switch|p1a: Dugtrio|Dugtrio, M|100/100
|move|p2a: Risoluzione|Calm Mind|p2a: Risoluzione
|-boost|p2a: Risoluzione|spa|1
|-boost|p2a: Risoluzione|spd|1
|
|-heal|p2a: Risoluzione|100/100|[from] item: Leftovers
|upkeep
|turn|28
|
|t:|1728578619
|move|p1a: Dugtrio|Earthquake|p2a: Risoluzione
|-supereffective|p2a: Risoluzione
|-damage|p2a: Risoluzione|0 fnt
|faint|p2a: Risoluzione
|
|t:|1728578626
|switch|p2a: Soluzione|Suicune|60/100
|-damage|p2a: Soluzione|48/100|[from] Spikes
|
|-heal|p2a: Soluzione|54/100|[from] item: Leftovers
|upkeep
|turn|29
|
|t:|1728578636
|switch|p1a: Milotic|Milotic, M|42/100
|move|p2a: Soluzione|Surf|p1a: Milotic
|-resisted|p1a: Milotic
|-damage|p1a: Milotic|27/100
|
|-heal|p2a: Soluzione|60/100|[from] item: Leftovers
|-heal|p1a: Milotic|33/100|[from] item: Leftovers
|upkeep
|turn|30
|
|t:|1728578640
|move|p2a: Soluzione|Calm Mind|p2a: Soluzione
|-boost|p2a: Soluzione|spa|1
|-boost|p2a: Soluzione|spd|1
|move|p1a: Milotic|Toxic|p2a: Soluzione
|-status|p2a: Soluzione|tox
|
|-heal|p2a: Soluzione|66/100 tox|[from] item: Leftovers
|-damage|p2a: Soluzione|60/100 tox|[from] psn
|-heal|p1a: Milotic|39/100|[from] item: Leftovers
|upkeep
|turn|31
|
|t:|1728578644
|move|p2a: Soluzione|Calm Mind|p2a: Soluzione
|-boost|p2a: Soluzione|spa|1
|-boost|p2a: Soluzione|spd|1
|move|p1a: Milotic|Recover|p1a: Milotic
|-heal|p1a: Milotic|89/100
|
|-heal|p2a: Soluzione|66/100 tox|[from] item: Leftovers
|-damage|p2a: Soluzione|54/100 tox|[from] psn
|-heal|p1a: Milotic|95/100|[from] item: Leftovers
|upkeep
|turn|32
|
|t:|1728578650
|move|p2a: Soluzione|Rest|p2a: Soluzione
|-status|p2a: Soluzione|slp|[from] move: Rest
|-heal|p2a: Soluzione|100/100 slp|[silent]
|move|p1a: Milotic|Surf|p2a: Soluzione
|-resisted|p2a: Soluzione
|-crit|p2a: Soluzione
|-damage|p2a: Soluzione|74/100 slp
|
|-heal|p2a: Soluzione|80/100 slp|[from] item: Leftovers
|-heal|p1a: Milotic|100/100|[from] item: Leftovers
|upkeep
|turn|33
|
|t:|1728578653
|switch|p1a: Suicune|Suicune|16/100
|cant|p2a: Soluzione|slp
|
|-heal|p2a: Soluzione|86/100 slp|[from] item: Leftovers
|-heal|p1a: Suicune|23/100|[from] item: Leftovers
|upkeep
|turn|34
|
|t:|1728578656
|cant|p2a: Soluzione|slp
|move|p1a: Suicune|Roar|p2a: Soluzione
|drag|p2a: Alterazione|Ludicolo, F|82/100 tox
|-damage|p2a: Alterazione|70/100 tox|[from] Spikes
|
|-heal|p1a: Suicune|29/100|[from] item: Leftovers
|-damage|p2a: Alterazione|64/100 tox|[from] psn
|upkeep
|turn|35
|
|t:|1728578663
|switch|p1a: Milotic|Milotic, M|100/100
|move|p2a: Alterazione|Rain Dance|p2a: Alterazione
|-weather|RainDance
|
|-weather|RainDance|[upkeep]
|-damage|p2a: Alterazione|52/100 tox|[from] psn
|upkeep
|turn|36
|
|t:|1728578679
|move|p2a: Alterazione|Hidden Power|p1a: Milotic
|-supereffective|p1a: Milotic
|-damage|p1a: Milotic|54/100
|move|p1a: Milotic|Recover|p1a: Milotic
|-heal|p1a: Milotic|100/100
|
|-weather|RainDance|[upkeep]
|-damage|p2a: Alterazione|33/100 tox|[from] psn
|upkeep
|turn|37
|
|t:|1728578683
|move|p2a: Alterazione|Hidden Power|p1a: Milotic
|-supereffective|p1a: Milotic
|-damage|p1a: Milotic|52/100
|move|p1a: Milotic|Recover|p1a: Milotic
|-heal|p1a: Milotic|100/100
|
|-weather|RainDance|[upkeep]
|-damage|p2a: Alterazione|9/100 tox|[from] psn
|upkeep
|turn|38
|
|t:|1728578685
|move|p2a: Alterazione|Hidden Power|p1a: Milotic
|-supereffective|p1a: Milotic
|-damage|p1a: Milotic|55/100
|move|p1a: Milotic|Recover|p1a: Milotic
|-heal|p1a: Milotic|100/100
|
|-weather|RainDance|[upkeep]
|-damage|p2a: Alterazione|0 fnt|[from] psn
|faint|p2a: Alterazione
|upkeep
|
|t:|1728578690
|switch|p2a: Soluzione|Suicune|86/100 slp
|-damage|p2a: Soluzione|73/100 slp|[from] Spikes
|turn|39
|
|t:|1728578698
|-curestatus|p2a: Soluzione|slp|[msg]
|move|p2a: Soluzione|Calm Mind|p2a: Soluzione
|-boost|p2a: Soluzione|spa|1
|-boost|p2a: Soluzione|spd|1
|move|p1a: Milotic|Toxic|p2a: Soluzione
|-status|p2a: Soluzione|tox
|
|-weather|none
|-heal|p2a: Soluzione|79/100 tox|[from] item: Leftovers
|-damage|p2a: Soluzione|73/100 tox|[from] psn
|upkeep
|turn|40
|
|t:|1728578713
|move|p2a: Soluzione|Surf|p1a: Milotic
|-resisted|p1a: Milotic
|-damage|p1a: Milotic|78/100
|move|p1a: Milotic|Surf|p2a: Soluzione
|-resisted|p2a: Soluzione
|-damage|p2a: Soluzione|64/100 tox
|
|-heal|p2a: Soluzione|70/100 tox|[from] item: Leftovers
|-damage|p2a: Soluzione|58/100 tox|[from] psn
|-heal|p1a: Milotic|84/100|[from] item: Leftovers
|upkeep
|turn|41
|
|t:|1728578720
|move|p2a: Soluzione|Calm Mind|p2a: Soluzione
|-boost|p2a: Soluzione|spa|1
|-boost|p2a: Soluzione|spd|1
|move|p1a: Milotic|Surf|p2a: Soluzione
|-resisted|p2a: Soluzione
|-damage|p2a: Soluzione|51/100 tox
|
|-heal|p2a: Soluzione|57/100 tox|[from] item: Leftovers
|-damage|p2a: Soluzione|39/100 tox|[from] psn
|-heal|p1a: Milotic|90/100|[from] item: Leftovers
|upkeep
|turn|42
|
|t:|1728578725
|move|p2a: Soluzione|Rest|p2a: Soluzione
|-status|p2a: Soluzione|slp|[from] move: Rest
|-heal|p2a: Soluzione|100/100 slp|[silent]
|move|p1a: Milotic|Surf|p2a: Soluzione
|-resisted|p2a: Soluzione
|-damage|p2a: Soluzione|93/100 slp
|
|-heal|p2a: Soluzione|99/100 slp|[from] item: Leftovers
|-heal|p1a: Milotic|96/100|[from] item: Leftovers
|upkeep
|turn|43
|
|t:|1728578740
|switch|p2a: Morigeratezza|Metagross|100/100
|-damage|p2a: Morigeratezza|88/100|[from] Spikes
|switch|p1a: Suicune|Suicune|29/100
|
|-heal|p1a: Suicune|35/100|[from] item: Leftovers
|-heal|p2a: Morigeratezza|94/100|[from] item: Leftovers
|upkeep
|turn|44
|
|t:|1728578760
|switch|p1a: Milotic|Milotic, M|96/100
|move|p2a: Morigeratezza|Explosion|p1a: Milotic
|-damage|p1a: Milotic|0 fnt
|faint|p2a: Morigeratezza
|faint|p1a: Milotic
|
|t:|1728578765
|switch|p1a: Dugtrio|Dugtrio, M|100/100
|switch|p2a: Soluzione|Suicune|99/100 slp
|-damage|p2a: Soluzione|87/100 slp|[from] Spikes
|
|-heal|p2a: Soluzione|93/100 slp|[from] item: Leftovers
|upkeep
|turn|45
|
|t:|1728578768
|move|p1a: Dugtrio|Screech|p2a: Soluzione
|-unboost|p2a: Soluzione|def|2
|cant|p2a: Soluzione|slp
|
|-heal|p2a: Soluzione|99/100 slp|[from] item: Leftovers
|upkeep
|turn|46
|
|t:|1728578773
|move|p1a: Dugtrio|Screech|p2a: Soluzione
|-unboost|p2a: Soluzione|def|2
|cant|p2a: Soluzione|slp
|
|-heal|p2a: Soluzione|100/100 slp|[from] item: Leftovers
|upkeep
|turn|47
|
|t:|1728578780
|switch|p1a: Suicune|Suicune|35/100
|-curestatus|p2a: Soluzione|slp|[msg]
|move|p2a: Soluzione|Surf|p1a: Suicune
|-resisted|p1a: Suicune
|-damage|p1a: Suicune|19/100
|
|-heal|p1a: Suicune|25/100|[from] item: Leftovers
|upkeep
|turn|48
|
|t:|1728578792
|move|p2a: Soluzione|Surf|p1a: Suicune
|-resisted|p1a: Suicune
|-damage|p1a: Suicune|11/100
|move|p1a: Suicune|Calm Mind|p1a: Suicune
|-boost|p1a: Suicune|spa|1
|-boost|p1a: Suicune|spd|1
|
|-heal|p1a: Suicune|17/100|[from] item: Leftovers
|upkeep
|turn|49
|c|☆salmonlad|dang screech is cool lol
|
|t:|1728578815
|move|p2a: Soluzione|Calm Mind|p2a: Soluzione
|-boost|p2a: Soluzione|spa|1
|-boost|p2a: Soluzione|spd|1
|move|p1a: Suicune|Rest|p1a: Suicune
|-status|p1a: Suicune|slp|[from] move: Rest
|-heal|p1a: Suicune|100/100 slp|[silent]
|
|upkeep
|turn|50
|
|t:|1728578819
|move|p2a: Soluzione|Calm Mind|p2a: Soluzione
|-boost|p2a: Soluzione|spa|1
|-boost|p2a: Soluzione|spd|1
|cant|p1a: Suicune|slp
|
|upkeep
|turn|51
|
|t:|1728578821
|move|p2a: Soluzione|Calm Mind|p2a: Soluzione
|-boost|p2a: Soluzione|spa|1
|-boost|p2a: Soluzione|spd|1
|cant|p1a: Suicune|slp
|
|upkeep
|turn|52
|
|t:|1728578823
|move|p2a: Soluzione|Calm Mind|p2a: Soluzione
|-boost|p2a: Soluzione|spa|1
|-boost|p2a: Soluzione|spd|1
|-curestatus|p1a: Suicune|slp|[msg]
|move|p1a: Suicune|Calm Mind|p1a: Suicune
|-boost|p1a: Suicune|spa|1
|-boost|p1a: Suicune|spd|1
|
|upkeep
|turn|53
|
|t:|1728578824
|move|p2a: Soluzione|Calm Mind|p2a: Soluzione
|-boost|p2a: Soluzione|spa|1
|-boost|p2a: Soluzione|spd|1
|move|p1a: Suicune|Calm Mind|p1a: Suicune
|-boost|p1a: Suicune|spa|1
|-boost|p1a: Suicune|spd|1
|
|upkeep
|turn|54
|
|t:|1728578826
|move|p2a: Soluzione|Calm Mind|p2a: Soluzione
|-boost|p2a: Soluzione|spa|1
|-boost|p2a: Soluzione|spd|1
|move|p1a: Suicune|Calm Mind|p1a: Suicune
|-boost|p1a: Suicune|spa|1
|-boost|p1a: Suicune|spd|1
|
|upkeep
|turn|55
|
|t:|1728578827
|move|p2a: Soluzione|Surf|p1a: Suicune
|-resisted|p1a: Suicune
|-damage|p1a: Suicune|80/100
|move|p1a: Suicune|Calm Mind|p1a: Suicune
|-boost|p1a: Suicune|spa|1
|-boost|p1a: Suicune|spd|1
|
|-heal|p1a: Suicune|86/100|[from] item: Leftovers
|upkeep
|turn|56
|
|t:|1728578829
|move|p2a: Soluzione|Surf|p1a: Suicune
|-resisted|p1a: Suicune
|-damage|p1a: Suicune|67/100
|move|p1a: Suicune|Calm Mind|p1a: Suicune
|-boost|p1a: Suicune|spa|1
|-boost|p1a: Suicune|spd|1
|
|-heal|p1a: Suicune|74/100|[from] item: Leftovers
|upkeep
|turn|57
|
|t:|1728578831
|move|p2a: Soluzione|Surf|p1a: Suicune
|-resisted|p1a: Suicune
|-damage|p1a: Suicune|59/100
|move|p1a: Suicune|Surf|p2a: Soluzione
|-resisted|p2a: Soluzione
|-damage|p2a: Soluzione|88/100
|
|-heal|p2a: Soluzione|94/100|[from] item: Leftovers
|-heal|p1a: Suicune|65/100|[from] item: Leftovers
|upkeep
|turn|58
|
|t:|1728578835
|move|p2a: Soluzione|Surf|p1a: Suicune
|-resisted|p1a: Suicune
|-damage|p1a: Suicune|50/100
|move|p1a: Suicune|Surf|p2a: Soluzione
|-resisted|p2a: Soluzione
|-damage|p2a: Soluzione|82/100
|
|-heal|p2a: Soluzione|88/100|[from] item: Leftovers
|-heal|p1a: Suicune|56/100|[from] item: Leftovers
|upkeep
|turn|59
|
|t:|1728578844
|move|p2a: Soluzione|Surf|p1a: Suicune
|-resisted|p1a: Suicune
|-damage|p1a: Suicune|40/100
|move|p1a: Suicune|Surf|p2a: Soluzione
|-resisted|p2a: Soluzione
|-damage|p2a: Soluzione|76/100
|
|-heal|p2a: Soluzione|82/100|[from] item: Leftovers
|-heal|p1a: Suicune|46/100|[from] item: Leftovers
|upkeep
|turn|60
|
|t:|1728578848
|move|p2a: Soluzione|Surf|p1a: Suicune
|-resisted|p1a: Suicune
|-damage|p1a: Suicune|29/100
|move|p1a: Suicune|Surf|p2a: Soluzione
|-resisted|p2a: Soluzione
|-damage|p2a: Soluzione|69/100
|
|-heal|p2a: Soluzione|75/100|[from] item: Leftovers
|-heal|p1a: Suicune|35/100|[from] item: Leftovers
|upkeep
|turn|61
|
|t:|1728578853
|move|p2a: Soluzione|Surf|p1a: Suicune
|-resisted|p1a: Suicune
|-damage|p1a: Suicune|19/100
|move|p1a: Suicune|Surf|p2a: Soluzione
|-resisted|p2a: Soluzione
|-damage|p2a: Soluzione|61/100
|
|-heal|p2a: Soluzione|68/100|[from] item: Leftovers
|-heal|p1a: Suicune|25/100|[from] item: Leftovers
|upkeep
|turn|62
|
|t:|1728578857
|move|p2a: Soluzione|Ice Beam|p1a: Suicune
|-resisted|p1a: Suicune
|-damage|p1a: Suicune|14/100
|move|p1a: Suicune|Rest|p1a: Suicune
|-status|p1a: Suicune|slp|[from] move: Rest
|-heal|p1a: Suicune|100/100 slp|[silent]
|
|-heal|p2a: Soluzione|74/100|[from] item: Leftovers
|upkeep
|turn|63
|
|t:|1728578860
|move|p2a: Soluzione|Rest|p2a: Soluzione
|-status|p2a: Soluzione|slp|[from] move: Rest
|-heal|p2a: Soluzione|100/100 slp|[silent]
|cant|p1a: Suicune|slp
|
|upkeep
|turn|64
|
|t:|1728578863
|cant|p2a: Soluzione|slp
|cant|p1a: Suicune|slp
|
|upkeep
|turn|65
|
|t:|1728578865
|cant|p2a: Soluzione|slp
|-curestatus|p1a: Suicune|slp|[msg]
|move|p1a: Suicune|Surf|p2a: Soluzione
|-resisted|p2a: Soluzione
|-damage|p2a: Soluzione|88/100 slp
|
|-heal|p2a: Soluzione|94/100 slp|[from] item: Leftovers
|upkeep
|turn|66
|
|t:|1728578867
|-curestatus|p2a: Soluzione|slp|[msg]
|move|p2a: Soluzione|Ice Beam|p1a: Suicune
|-resisted|p1a: Suicune
|-damage|p1a: Suicune|91/100
|move|p1a: Suicune|Surf|p2a: Soluzione
|-resisted|p2a: Soluzione
|-damage|p2a: Soluzione|81/100
|
|-heal|p2a: Soluzione|87/100|[from] item: Leftovers
|-heal|p1a: Suicune|97/100|[from] item: Leftovers
|upkeep
|turn|67
|
|t:|1728578869
|move|p2a: Soluzione|Ice Beam|p1a: Suicune
|-resisted|p1a: Suicune
|-damage|p1a: Suicune|87/100
|move|p1a: Suicune|Surf|p2a: Soluzione
|-resisted|p2a: Soluzione
|-crit|p2a: Soluzione
|-damage|p2a: Soluzione|0 fnt
|faint|p2a: Soluzione
|
|win|Elisy
|c|☆salmonlad|gg
|c|☆Elisy|gg

</script>
<script type="application/json" class="data" id="replaydata-smogtours-gen3ou-796915">
{"id":"smogtours-gen3ou-796915","format":"[Gen 3] OU","players":["Elisy","salmonlad"],"uploadtime":1728578869,"views":91,"formatid":"gen3ou","rating":null,"private":1,"password":null}
</script>

<script defer src="js/replays.js?9d40a366"></script>
