<!DOCTYPE html>
<meta charset="utf-8" />
<meta name="viewport" content="width=device-width" />

<title>[Gen 3] OU: Surko vs. Lady_Sundalia - Replays - Pok&eacute;mon Showdown!</title>

<meta name="description" content="Watch a replay of a Pok&eacute;mon battle between Surko and Lady_Sundalia! Format: [Gen 3] OU; Date: Oct 15, 2024" />
<!--

Hey, you! Looking in the source for the replay log?

You can find them in JSON format, just add `.json` at the end of a replay URL.

https://replay.pokemonshowdown.com/gen7randomdoublesbattle-865046831.json

Or, if you only need the log itself, add `.log` instead:

https://replay.pokemonshowdown.com/gen7randomdoublesbattle-865046831.log

-->

<link rel="stylesheet" href="//pokemonshowdown.com/style/global.css?0.023195364461161105" />
<link rel="stylesheet" href="//play.pokemonshowdown.com/style/font-awesome.css?0.13261647063804238" />
<link rel="stylesheet" href="//play.pokemonshowdown.com/style/battle.css?0.8753245789963631" />
<link rel="stylesheet" href="//play.pokemonshowdown.com/style/utilichart.css?0.8627959624976733" />

<!-- Global site tag (gtag.js) - Google Analytics -->
<script async src="https://www.googletagmanager.com/gtag/js?id=UA-26211653-1"></script>
<script>
  window.dataLayer = window.dataLayer || [];
  function gtag(){dataLayer.push(arguments);}
  gtag('js', new Date());

  gtag('config', 'UA-26211653-1');
</script>
<!-- End Google Analytics -->
<!-- Venatus Ad Manager - Install in <HEAD> of page -->
	<script src="https://hb.vntsm.com/v3/live/ad-manager.min.js" type="text/javascript" data-site-id="642aba63ec9a7b11c3c9c1be" data-mode="scan" async></script>
<!-- / Venatus Ad Manager -->

<style>
	@media (max-width:820px) {
		.battle {
			margin: 0 auto;
		}
		.battle-log {
			margin: 7px auto 0;
			max-width: 640px;
			height: 300px;
			position: static;
		}
	}
	.optgroup {
		display: inline-block;
		line-height: 22px;
		font-size: 10pt;
	}
	.optgroup .button {
		height: 25px;
		padding-top: 0;
		padding-bottom: 0;
	}
	.optgroup button.button {
		padding-left: 12px;
		padding-right: 12px;
	}
	.linklist {
		list-style: none;
		margin: 0.5em 0;
		padding: 0;
	}
	.linklist li {
		padding: 2px 0;
	}
	.sidebar {
		float: left;
		width: 320px;
	}
	.bar-wrapper {
		max-width: 1100px;
		margin: 0 auto;
	}
	.bar-wrapper.has-sidebar {
		max-width: 1430px;
	}
	.mainbar {
		margin: 0;
		padding-right: 1px;
	}
	.mainbar.has-sidebar {
		margin-left: 330px;
	}
	@media (min-width: 1511px) {
		.sidebar {
			width: 400px;
		}
		.bar-wrapper.has-sidebar {
			max-width: 1510px;
		}
		.mainbar.has-sidebar {
			margin-left: 410px;
		}
	}
	.section.first-section {
		margin-top: 9px;
	}
	.blocklink small {
		white-space: normal;
	}
	.button {
		vertical-align: middle;
	}
	.replay-controls {
		padding-top: 10px;
	}
	.replay-controls h1 {
		font-size: 16pt;
		font-weight: normal;
		color: #CCC;
	}
	.pagelink {
		text-align: center;
	}
	.pagelink a {
		width: 150px;
	}
	.textbox, .button {
		font-size: 11pt;
		vertical-align: middle;
	}
	@media (max-width: 450px) {
		.button {
			font-size: 9pt;
		}
	}
</style>

<div>

	<header>
		<div class="nav-wrapper"><ul class="nav">
			<li><a class="button nav-first" href="//pokemonshowdown.com/"><img src="//pokemonshowdown.com/images/pokemonshowdownbeta.png" srcset="//pokemonshowdown.com/images/pokemonshowdownbeta.png 1x, //pokemonshowdown.com/images/pokemonshowdownbeta@2x.png 2x" alt="Pok&eacute;mon Showdown" width="146" height="44" /> Home</a></li>
			<li><a class="button" href="//pokemonshowdown.com/dex/">Pok&eacute;dex</a></li>
			<li><a class="button cur" href="/">Replays</a></li>
			<li><a class="button" href="//pokemonshowdown.com/ladder/">Ladder</a></li>
			<li><a class="button nav-last" href="//pokemonshowdown.com/forums/">Forum</a></li>
			<li><a class="button greenbutton nav-first nav-last" href="//play.pokemonshowdown.com/">Play</a></li>
		</ul></div>
	</header>

	<div class="main" id="main">

		<noscript><section class="section">You need to enable JavaScript to use this page; sorry!</section></noscript>

	</div>

</div>

<script defer nomodule src="//play.pokemonshowdown.com/js/lib/ps-polyfill.js"></script>
<script defer src="//play.pokemonshowdown.com/js/lib/preact.min.js"></script>

<script defer src="//play.pokemonshowdown.com/config/config.js?2bddbc15"></script>
<script defer src="//play.pokemonshowdown.com/js/lib/jquery-1.11.0.min.js"></script>
<script defer src="//play.pokemonshowdown.com/js/lib/html-sanitizer-minified.js"></script>
<script defer src="//play.pokemonshowdown.com/js/battle-sound.js"></script>
<script defer src="//play.pokemonshowdown.com/js/battledata.js?0.7209276989879541"></script>
<script defer src="//play.pokemonshowdown.com/data/pokedex-mini.js?0.6111056340867951"></script>
<script defer src="//play.pokemonshowdown.com/data/pokedex-mini-bw.js?0.3532142036491459"></script>
<script defer src="//play.pokemonshowdown.com/data/graphics.js?0.24223875632456182"></script>
<script defer src="//play.pokemonshowdown.com/data/pokedex.js?0.38839984266356864"></script>
<script defer src="//play.pokemonshowdown.com/data/moves.js?0.21866028504024015"></script>
<script defer src="//play.pokemonshowdown.com/data/abilities.js?0.2005157953846628"></script>
<script defer src="//play.pokemonshowdown.com/data/items.js?0.9894211263848525"></script>
<script defer src="//play.pokemonshowdown.com/data/teambuilder-tables.js?0.6008791140282215"></script>
<script defer src="//play.pokemonshowdown.com/js/battle-tooltips.js?0.7580118955022959"></script>
<script defer src="//play.pokemonshowdown.com/js/battle.js?0.6057722274234274"></script>

<script defer src="js/utils.js?e31f9a17"></script>
<script defer src="js/replays-battle.js?7008c182"></script>

<!-- don't scrape this data! just add .json or .log after the URL!
Full API docs: https://github.com/smogon/pokemon-showdown-client/blob/master/WEB-API.md -->
<script type="text/plain" class="log" id="replaylog-smogtours-gen3ou-798930">
|inactive|Battle timer is ON: inactive players will automatically lose when time's up.
|t:|1729015128
|gametype|singles
|player|p1|Surko|blue-gen3two|
|player|p2|Lady_Sundalia|waitress|
|teamsize|p1|6
|teamsize|p2|6
|gen|3
|tier|[Gen 3] OU
|rule|Sleep Clause Mod: Limit one foe put to sleep
|rule|Switch Priority Clause Mod: Faster Pokémon switch first
|rule|Species Clause: Limit one of each Pokémon
|rule|OHKO Clause: OHKO moves are banned
|rule|Evasion Items Clause: Evasion items are banned
|rule|Evasion Moves Clause: Evasion moves are banned
|rule|Endless Battle Clause: Forcing endless battles is banned
|rule|HP Percentage Mod: HP is shown in percentages
|rule|One Boost Passer Clause: Limit one Baton Passer that has a way to boost its stats
|rule|Freeze Clause Mod: Limit one foe frozen
|
|t:|1729015128
|start
|switch|p1a: Breloom|Breloom, F|100/100
|switch|p2a: Femme|Tyranitar, F, shiny|100/100
|-weather|Sandstorm|[from] ability: Sand Stream|[of] p2a: Femme
|turn|1
|inactive|Surko has 270 seconds left.
|
|t:|1729015182
|switch|p2a: girl u fumbled|Milotic, F|100/100
|move|p1a: Breloom|Spore|p2a: girl u fumbled
|-status|p2a: girl u fumbled|slp|[from] move: Spore
|
|-weather|Sandstorm|[upkeep]
|-damage|p1a: Breloom|94/100|[from] Sandstorm
|-damage|p2a: girl u fumbled|94/100 slp|[from] Sandstorm
|-heal|p1a: Breloom|100/100|[from] item: Leftovers
|-heal|p2a: girl u fumbled|100/100 slp|[from] item: Leftovers
|upkeep
|turn|2
|
|t:|1729015190
|switch|p2a: Landlord|Skarmory, F|100/100
|move|p1a: Breloom|Substitute|p1a: Breloom
|-start|p1a: Breloom|Substitute
|-damage|p1a: Breloom|76/100
|
|-weather|Sandstorm|[upkeep]
|-damage|p1a: Breloom|70/100|[from] Sandstorm
|-heal|p1a: Breloom|76/100|[from] item: Leftovers
|upkeep
|turn|3
|
|t:|1729015197
|move|p1a: Breloom|Stun Spore|p2a: Landlord
|-status|p2a: Landlord|par
|cant|p2a: Landlord|par
|
|-weather|Sandstorm|[upkeep]
|-damage|p1a: Breloom|70/100|[from] Sandstorm
|-heal|p1a: Breloom|76/100|[from] item: Leftovers
|upkeep
|turn|4
|
|t:|1729015201
|-singleturn|p1a: Breloom|move: Focus Punch
|move|p1a: Breloom|Focus Punch|p2a: Landlord
|-damage|p2a: Landlord|44/100 par
|cant|p2a: Landlord|par
|
|-weather|Sandstorm|[upkeep]
|-damage|p1a: Breloom|70/100|[from] Sandstorm
|-heal|p1a: Breloom|76/100|[from] item: Leftovers
|-heal|p2a: Landlord|50/100 par|[from] item: Leftovers
|upkeep
|turn|5
|
|t:|1729015206
|-singleturn|p1a: Breloom|move: Focus Punch
|move|p1a: Breloom|Focus Punch|p2a: Landlord
|-damage|p2a: Landlord|0 fnt
|faint|p2a: Landlord
|
|t:|1729015219
|switch|p2a: she's plural...|Magneton|100/100
|
|-weather|Sandstorm|[upkeep]
|-damage|p1a: Breloom|70/100|[from] Sandstorm
|-heal|p1a: Breloom|76/100|[from] item: Leftovers
|upkeep
|turn|6
|
|t:|1729015225
|-singleturn|p1a: Breloom|move: Focus Punch
|move|p2a: she's plural...|Hidden Power|p1a: Breloom
|-supereffective|p1a: Breloom
|-end|p1a: Breloom|Substitute
|move|p1a: Breloom|Focus Punch|p2a: she's plural...
|-supereffective|p2a: she's plural...
|-damage|p2a: she's plural...|0 fnt
|faint|p2a: she's plural...
|
|t:|1729015233
|switch|p2a: Femme|Tyranitar, F, shiny|100/100
|
|-weather|Sandstorm|[upkeep]
|-damage|p1a: Breloom|70/100|[from] Sandstorm
|-heal|p1a: Breloom|76/100|[from] item: Leftovers
|upkeep
|turn|7
|
|t:|1729015252
|switch|p1a: Suicune|Suicune|100/100
|move|p2a: Femme|Ice Beam|p1a: Suicune
|-resisted|p1a: Suicune
|-damage|p1a: Suicune|90/100
|
|-weather|Sandstorm|[upkeep]
|-damage|p1a: Suicune|83/100|[from] Sandstorm
|-heal|p1a: Suicune|90/100|[from] item: Leftovers
|upkeep
|turn|8
|
|t:|1729015265
|switch|p1a: Breloom|Breloom, F|76/100
|switch|p2a: Polyamorist|Celebi|100/100
|
|-weather|Sandstorm|[upkeep]
|-damage|p1a: Breloom|70/100|[from] Sandstorm
|-damage|p2a: Polyamorist|94/100|[from] Sandstorm
|-heal|p1a: Breloom|76/100|[from] item: Leftovers
|-heal|p2a: Polyamorist|100/100|[from] item: Leftovers
|upkeep
|turn|9
|
|t:|1729015276
|switch|p1a: Tyranitar|Tyranitar, M|100/100
|move|p2a: Polyamorist|Perish Song|p2a: Polyamorist
|-start|p1a: Tyranitar|perish3|[silent]
|-start|p2a: Polyamorist|perish3|[silent]
|-fieldactivate|move: Perish Song
|
|-weather|Sandstorm|[upkeep]
|-damage|p2a: Polyamorist|94/100|[from] Sandstorm
|-heal|p2a: Polyamorist|100/100|[from] item: Leftovers
|-start|p2a: Polyamorist|perish3
|-start|p1a: Tyranitar|perish3
|upkeep
|turn|10
|
|t:|1729015283
|switch|p2a: Butch|Donphan, M|100/100
|move|p1a: Tyranitar|Crunch|p2a: Butch
|-damage|p2a: Butch|61/100
|
|-weather|Sandstorm|[upkeep]
|-heal|p2a: Butch|67/100|[from] item: Leftovers
|-start|p1a: Tyranitar|perish2
|upkeep
|turn|11
|inactive|Surko has 270 seconds left.
|
|t:|1729015332
|switch|p1a: Salamence|Salamence, F|100/100
|-ability|p1a: Salamence|Intimidate|boost
|-unboost|p2a: Butch|atk|1
|move|p2a: Butch|Earthquake|p1a: Salamence
|-immune|p1a: Salamence
|
|-weather|Sandstorm|[upkeep]
|-damage|p1a: Salamence|94/100|[from] Sandstorm
|-heal|p1a: Salamence|100/100|[from] item: Leftovers
|-heal|p2a: Butch|73/100|[from] item: Leftovers
|upkeep
|turn|12
|inactive|Surko has 240 seconds left.
|
|t:|1729015369
|switch|p1a: Forretress|Forretress, M|100/100
|switch|p2a: Polyamorist|Celebi|100/100
|
|-weather|Sandstorm|[upkeep]
|-damage|p2a: Polyamorist|94/100|[from] Sandstorm
|-heal|p2a: Polyamorist|100/100|[from] item: Leftovers
|upkeep
|turn|13
|
|t:|1729015378
|move|p2a: Polyamorist|Perish Song|p2a: Polyamorist
|-start|p1a: Forretress|perish3|[silent]
|-start|p2a: Polyamorist|perish3|[silent]
|-fieldactivate|move: Perish Song
|move|p1a: Forretress|Spikes|p2a: Polyamorist
|-sidestart|p2: Lady_Sundalia|Spikes
|
|-weather|Sandstorm|[upkeep]
|-damage|p2a: Polyamorist|94/100|[from] Sandstorm
|-heal|p2a: Polyamorist|100/100|[from] item: Leftovers
|-start|p2a: Polyamorist|perish3
|-start|p1a: Forretress|perish3
|upkeep
|turn|14
|inactive|Surko has 240 seconds left.
|
|t:|1729015391
|switch|p2a: Butch|Donphan, M|73/100
|-damage|p2a: Butch|61/100|[from] Spikes
|move|p1a: Forretress|Spikes|p2a: Butch
|-sidestart|p2: Lady_Sundalia|Spikes
|
|-weather|Sandstorm|[upkeep]
|-heal|p2a: Butch|67/100|[from] item: Leftovers
|-start|p1a: Forretress|perish2
|upkeep
|turn|15
|inactive|Surko has 240 seconds left.
|
|t:|1729015399
|switch|p1a: Salamence|Salamence, F|100/100
|-ability|p1a: Salamence|Intimidate|boost
|-unboost|p2a: Butch|atk|1
|move|p2a: Butch|Rapid Spin|p1a: Salamence
|-damage|p1a: Salamence|97/100
|-sideend|p2: Lady_Sundalia|Spikes|[from] move: Rapid Spin|[of] p2a: Butch
|
|-weather|Sandstorm|[upkeep]
|-damage|p1a: Salamence|90/100|[from] Sandstorm
|-heal|p1a: Salamence|97/100|[from] item: Leftovers
|-heal|p2a: Butch|73/100|[from] item: Leftovers
|upkeep
|turn|16
|inactive|Surko has 240 seconds left.
|
|t:|1729015417
|switch|p2a: Femme|Tyranitar, F, shiny|100/100
|move|p1a: Salamence|Hidden Power|p2a: Femme
|-resisted|p2a: Femme
|-damage|p2a: Femme|82/100
|
|-weather|Sandstorm|[upkeep]
|-damage|p1a: Salamence|90/100|[from] Sandstorm
|-heal|p1a: Salamence|97/100|[from] item: Leftovers
|-heal|p2a: Femme|88/100|[from] item: Leftovers
|upkeep
|turn|17
|inactive|Surko has 240 seconds left.
|
|t:|1729015435
|-activate|p1a: Salamence|move: Pursuit
|move|p2a: Femme|Pursuit|p1a: Salamence|[from]Pursuit
|-damage|p1a: Salamence|56/100
|switch|p1a: Blissey|Blissey, F|100/100
|
|-weather|Sandstorm|[upkeep]
|-damage|p1a: Blissey|94/100|[from] Sandstorm
|-heal|p2a: Femme|95/100|[from] item: Leftovers
|-heal|p1a: Blissey|100/100|[from] item: Leftovers
|upkeep
|turn|18
|
|t:|1729015445
|switch|p2a: girl u fumbled|Milotic, F|100/100 slp
|move|p1a: Blissey|Wish|p1a: Blissey
|
|-weather|Sandstorm|[upkeep]
|-damage|p2a: girl u fumbled|94/100 slp|[from] Sandstorm
|-damage|p1a: Blissey|94/100|[from] Sandstorm
|-heal|p2a: girl u fumbled|100/100 slp|[from] item: Leftovers
|-heal|p1a: Blissey|100/100|[from] item: Leftovers
|upkeep
|turn|19
|inactive|Surko has 240 seconds left.
|
|t:|1729015459
|switch|p2a: Femme|Tyranitar, F, shiny|95/100
|switch|p1a: Breloom|Breloom, F|76/100
|
|-heal|p1a: Breloom|100/100|[from] move: Wish|[wisher] Blissey
|-weather|Sandstorm|[upkeep]
|-damage|p1a: Breloom|94/100|[from] Sandstorm
|-heal|p1a: Breloom|100/100|[from] item: Leftovers
|-heal|p2a: Femme|100/100|[from] item: Leftovers
|upkeep
|turn|20
|inactive|Surko has 240 seconds left.
|
|t:|1729015464
|switch|p1a: Blissey|Blissey, F|100/100
|move|p2a: Femme|Ice Beam|p1a: Blissey
|-damage|p1a: Blissey|90/100
|
|-weather|Sandstorm|[upkeep]
|-damage|p1a: Blissey|84/100|[from] Sandstorm
|-heal|p1a: Blissey|90/100|[from] item: Leftovers
|upkeep
|turn|21
|
|t:|1729015469
|move|p2a: Femme|Brick Break|p1a: Blissey
|-supereffective|p1a: Blissey
|-damage|p1a: Blissey|47/100
|move|p1a: Blissey|Seismic Toss|p2a: Femme
|-damage|p2a: Femme|75/100
|
|-weather|Sandstorm|[upkeep]
|-damage|p1a: Blissey|40/100|[from] Sandstorm
|-heal|p2a: Femme|81/100|[from] item: Leftovers
|-heal|p1a: Blissey|47/100|[from] item: Leftovers
|upkeep
|turn|22
|
|t:|1729015481
|move|p2a: Femme|Brick Break|p1a: Blissey
|-supereffective|p1a: Blissey
|-damage|p1a: Blissey|6/100
|move|p1a: Blissey|Soft-Boiled|p1a: Blissey
|-heal|p1a: Blissey|56/100
|
|-weather|Sandstorm|[upkeep]
|-damage|p1a: Blissey|49/100|[from] Sandstorm
|-heal|p2a: Femme|87/100|[from] item: Leftovers
|-heal|p1a: Blissey|56/100|[from] item: Leftovers
|upkeep
|turn|23
|
|t:|1729015488
|switch|p1a: Suicune|Suicune|90/100
|move|p2a: Femme|Brick Break|p1a: Suicune
|-damage|p1a: Suicune|73/100
|
|-weather|Sandstorm|[upkeep]
|-damage|p1a: Suicune|67/100|[from] Sandstorm
|-heal|p1a: Suicune|73/100|[from] item: Leftovers
|-heal|p2a: Femme|93/100|[from] item: Leftovers
|upkeep
|turn|24
|
|t:|1729015505
|switch|p1a: Breloom|Breloom, F|100/100
|switch|p2a: Polyamorist|Celebi|100/100
|
|-weather|Sandstorm|[upkeep]
|-damage|p1a: Breloom|94/100|[from] Sandstorm
|-damage|p2a: Polyamorist|94/100|[from] Sandstorm
|-heal|p1a: Breloom|100/100|[from] item: Leftovers
|-heal|p2a: Polyamorist|100/100|[from] item: Leftovers
|upkeep
|turn|25
|
|t:|1729015512
|switch|p1a: Blissey|Blissey, F|56/100
|move|p2a: Polyamorist|Perish Song|p2a: Polyamorist
|-start|p1a: Blissey|perish3|[silent]
|-start|p2a: Polyamorist|perish3|[silent]
|-fieldactivate|move: Perish Song
|
|-weather|Sandstorm|[upkeep]
|-damage|p2a: Polyamorist|94/100|[from] Sandstorm
|-damage|p1a: Blissey|49/100|[from] Sandstorm
|-heal|p2a: Polyamorist|100/100|[from] item: Leftovers
|-heal|p1a: Blissey|56/100|[from] item: Leftovers
|-start|p2a: Polyamorist|perish3
|-start|p1a: Blissey|perish3
|upkeep
|turn|26
|
|t:|1729015522
|move|p2a: Polyamorist|Leech Seed|p1a: Blissey
|-start|p1a: Blissey|move: Leech Seed
|move|p1a: Blissey|Soft-Boiled|p1a: Blissey
|-heal|p1a: Blissey|100/100
|
|-weather|Sandstorm|[upkeep]
|-damage|p2a: Polyamorist|94/100|[from] Sandstorm
|-damage|p1a: Blissey|94/100|[from] Sandstorm
|-heal|p2a: Polyamorist|100/100|[from] item: Leftovers
|-heal|p1a: Blissey|100/100|[from] item: Leftovers
|-damage|p1a: Blissey|88/100|[from] Leech Seed|[of] p2a: Polyamorist
|-start|p2a: Polyamorist|perish2
|-start|p1a: Blissey|perish2
|upkeep
|turn|27
|
|t:|1729015535
|move|p2a: Polyamorist|Leech Seed||[still]
|-fail|p2a: Polyamorist
|move|p1a: Blissey|Wish|p1a: Blissey
|
|-weather|Sandstorm|[upkeep]
|-damage|p2a: Polyamorist|94/100|[from] Sandstorm
|-damage|p1a: Blissey|82/100|[from] Sandstorm
|-heal|p2a: Polyamorist|100/100|[from] item: Leftovers
|-heal|p1a: Blissey|88/100|[from] item: Leftovers
|-damage|p1a: Blissey|76/100|[from] Leech Seed|[of] p2a: Polyamorist
|-start|p2a: Polyamorist|perish1
|-start|p1a: Blissey|perish1
|upkeep
|turn|28
|
|t:|1729015539
|switch|p2a: Butch|Donphan, M|73/100
|switch|p1a: Salamence|Salamence, F|56/100
|-ability|p1a: Salamence|Intimidate|boost
|-unboost|p2a: Butch|atk|1
|
|-heal|p1a: Salamence|100/100|[from] move: Wish|[wisher] Blissey
|-weather|Sandstorm|[upkeep]
|-damage|p1a: Salamence|94/100|[from] Sandstorm
|-heal|p1a: Salamence|100/100|[from] item: Leftovers
|-heal|p2a: Butch|79/100|[from] item: Leftovers
|upkeep
|turn|29
|inactive|Surko has 270 seconds left.
|
|t:|1729015555
|switch|p1a: Forretress|Forretress, M|100/100
|move|p2a: Butch|Protect||[still]
|-fail|p2a: Butch
|
|-weather|Sandstorm|[upkeep]
|-heal|p2a: Butch|85/100|[from] item: Leftovers
|upkeep
|turn|30
|
|t:|1729015568
|move|p2a: Butch|Earthquake|p1a: Forretress
|-damage|p1a: Forretress|82/100
|move|p1a: Forretress|Spikes|p2a: Butch
|-sidestart|p2: Lady_Sundalia|Spikes
|
|-weather|Sandstorm|[upkeep]
|-heal|p2a: Butch|91/100|[from] item: Leftovers
|-heal|p1a: Forretress|88/100|[from] item: Leftovers
|upkeep
|turn|31
|
|t:|1729015574
|move|p2a: Butch|Rapid Spin|p1a: Forretress
|-resisted|p1a: Forretress
|-damage|p1a: Forretress|87/100
|-sideend|p2: Lady_Sundalia|Spikes|[from] move: Rapid Spin|[of] p2a: Butch
|move|p1a: Forretress|Earthquake|p2a: Butch
|-damage|p2a: Butch|76/100
|
|-weather|Sandstorm|[upkeep]
|-heal|p2a: Butch|82/100|[from] item: Leftovers
|-heal|p1a: Forretress|93/100|[from] item: Leftovers
|upkeep
|turn|32
|
|t:|1729015581
|switch|p2a: Polyamorist|Celebi|100/100
|move|p1a: Forretress|Spikes|p2a: Polyamorist
|-sidestart|p2: Lady_Sundalia|Spikes
|
|-weather|Sandstorm|[upkeep]
|-damage|p2a: Polyamorist|94/100|[from] Sandstorm
|-heal|p2a: Polyamorist|100/100|[from] item: Leftovers
|-heal|p1a: Forretress|99/100|[from] item: Leftovers
|upkeep
|turn|33
|
|t:|1729015603
|switch|p2a: Butch|Donphan, M|82/100
|-damage|p2a: Butch|69/100|[from] Spikes
|move|p1a: Forretress|Spikes|p2a: Butch
|-sidestart|p2: Lady_Sundalia|Spikes
|
|-weather|Sandstorm|[upkeep]
|-heal|p2a: Butch|75/100|[from] item: Leftovers
|-heal|p1a: Forretress|100/100|[from] item: Leftovers
|upkeep
|turn|34
|
|t:|1729015609
|move|p2a: Butch|Rapid Spin|p1a: Forretress
|-resisted|p1a: Forretress
|-damage|p1a: Forretress|99/100
|-sideend|p2: Lady_Sundalia|Spikes|[from] move: Rapid Spin|[of] p2a: Butch
|move|p1a: Forretress|Earthquake|p2a: Butch
|-damage|p2a: Butch|61/100
|
|-weather|Sandstorm|[upkeep]
|-heal|p2a: Butch|67/100|[from] item: Leftovers
|-heal|p1a: Forretress|100/100|[from] item: Leftovers
|upkeep
|turn|35
|
|t:|1729015615
|move|p2a: Butch|Earthquake|p1a: Forretress
|-damage|p1a: Forretress|73/100
|move|p1a: Forretress|Spikes|p2a: Butch
|-sidestart|p2: Lady_Sundalia|Spikes
|
|-weather|Sandstorm|[upkeep]
|-heal|p2a: Butch|73/100|[from] item: Leftovers
|-heal|p1a: Forretress|79/100|[from] item: Leftovers
|upkeep
|turn|36
|
|t:|1729015618
|move|p2a: Butch|Rapid Spin|p1a: Forretress
|-resisted|p1a: Forretress
|-damage|p1a: Forretress|77/100
|-sideend|p2: Lady_Sundalia|Spikes|[from] move: Rapid Spin|[of] p2a: Butch
|move|p1a: Forretress|Earthquake|p2a: Butch
|-damage|p2a: Butch|59/100
|
|-weather|Sandstorm|[upkeep]
|-heal|p2a: Butch|65/100|[from] item: Leftovers
|-heal|p1a: Forretress|84/100|[from] item: Leftovers
|upkeep
|turn|37
|
|t:|1729015626
|switch|p1a: Salamence|Salamence, F|100/100
|-ability|p1a: Salamence|Intimidate|boost
|-unboost|p2a: Butch|atk|1
|move|p2a: Butch|Earthquake|p1a: Salamence
|-immune|p1a: Salamence
|
|-weather|Sandstorm|[upkeep]
|-damage|p1a: Salamence|94/100|[from] Sandstorm
|-heal|p1a: Salamence|100/100|[from] item: Leftovers
|-heal|p2a: Butch|71/100|[from] item: Leftovers
|upkeep
|turn|38
|
|t:|1729015639
|move|p2a: Butch|Protect|p2a: Butch
|-singleturn|p2a: Butch|Protect
|move|p1a: Salamence|Dragon Dance|p1a: Salamence
|-boost|p1a: Salamence|atk|1
|-boost|p1a: Salamence|spe|1
|
|-weather|Sandstorm|[upkeep]
|-damage|p1a: Salamence|94/100|[from] Sandstorm
|-heal|p1a: Salamence|100/100|[from] item: Leftovers
|-heal|p2a: Butch|77/100|[from] item: Leftovers
|upkeep
|turn|39
|
|t:|1729015645
|move|p1a: Salamence|Hidden Power|p2a: Butch
|-crit|p2a: Butch
|-damage|p2a: Butch|0 fnt
|faint|p2a: Butch
|
|t:|1729015647
|switch|p2a: Femme|Tyranitar, F, shiny|93/100
|
|-weather|Sandstorm|[upkeep]
|-damage|p1a: Salamence|94/100|[from] Sandstorm
|-heal|p1a: Salamence|100/100|[from] item: Leftovers
|-heal|p2a: Femme|99/100|[from] item: Leftovers
|upkeep
|turn|40
|inactive|Surko has 270 seconds left.
|inactive|Surko has 240 seconds left.
|
|t:|1729015714
|switch|p1a: Suicune|Suicune|73/100
|move|p2a: Femme|Ice Beam|p1a: Suicune
|-resisted|p1a: Suicune
|-damage|p1a: Suicune|63/100
|
|-weather|Sandstorm|[upkeep]
|-damage|p1a: Suicune|57/100|[from] Sandstorm
|-heal|p1a: Suicune|63/100|[from] item: Leftovers
|-heal|p2a: Femme|100/100|[from] item: Leftovers
|upkeep
|turn|41
|inactive|Surko has 240 seconds left.
|
|t:|1729015728
|switch|p2a: Polyamorist|Celebi|100/100
|move|p1a: Suicune|Surf|p2a: Polyamorist
|-resisted|p2a: Polyamorist
|-damage|p2a: Polyamorist|87/100
|
|-weather|Sandstorm|[upkeep]
|-damage|p1a: Suicune|57/100|[from] Sandstorm
|-damage|p2a: Polyamorist|81/100|[from] Sandstorm
|-heal|p1a: Suicune|63/100|[from] item: Leftovers
|-heal|p2a: Polyamorist|87/100|[from] item: Leftovers
|upkeep
|turn|42
|
|t:|1729015730
|switch|p1a: Forretress|Forretress, M|84/100
|move|p2a: Polyamorist|Leech Seed|p1a: Forretress
|-start|p1a: Forretress|move: Leech Seed
|
|-weather|Sandstorm|[upkeep]
|-damage|p2a: Polyamorist|81/100|[from] Sandstorm
|-heal|p2a: Polyamorist|87/100|[from] item: Leftovers
|-heal|p1a: Forretress|90/100|[from] item: Leftovers
|-damage|p1a: Forretress|77/100|[from] Leech Seed|[of] p2a: Polyamorist
|-heal|p2a: Polyamorist|98/100|[silent]
|upkeep
|turn|43
|
|t:|1729015736
|move|p2a: Polyamorist|Hidden Power|p1a: Forretress
|-resisted|p1a: Forretress
|-damage|p1a: Forretress|71/100
|move|p1a: Forretress|Spikes|p2a: Polyamorist
|-sidestart|p2: Lady_Sundalia|Spikes
|
|-weather|Sandstorm|[upkeep]
|-damage|p2a: Polyamorist|92/100|[from] Sandstorm
|-heal|p2a: Polyamorist|98/100|[from] item: Leftovers
|-heal|p1a: Forretress|78/100|[from] item: Leftovers
|-damage|p1a: Forretress|65/100|[from] Leech Seed|[of] p2a: Polyamorist
|-heal|p2a: Polyamorist|100/100|[silent]
|upkeep
|turn|44
|
|t:|1729015739
|move|p2a: Polyamorist|Perish Song|p2a: Polyamorist
|-start|p1a: Forretress|perish3|[silent]
|-start|p2a: Polyamorist|perish3|[silent]
|-fieldactivate|move: Perish Song
|move|p1a: Forretress|Spikes|p2a: Polyamorist
|-sidestart|p2: Lady_Sundalia|Spikes
|
|-weather|Sandstorm|[upkeep]
|-damage|p2a: Polyamorist|94/100|[from] Sandstorm
|-heal|p2a: Polyamorist|100/100|[from] item: Leftovers
|-heal|p1a: Forretress|71/100|[from] item: Leftovers
|-damage|p1a: Forretress|59/100|[from] Leech Seed|[of] p2a: Polyamorist
|-start|p2a: Polyamorist|perish3
|-start|p1a: Forretress|perish3
|upkeep
|turn|45
|inactive|Surko has 270 seconds left.
|
|t:|1729015746
|move|p2a: Polyamorist|Leech Seed||[still]
|-fail|p2a: Polyamorist
|move|p1a: Forretress|Rapid Spin|p2a: Polyamorist
|-crit|p2a: Polyamorist
|-damage|p2a: Polyamorist|94/100
|-end|p1a: Forretress|Leech Seed|[from] move: Rapid Spin|[of] p1a: Forretress
|
|-weather|Sandstorm|[upkeep]
|-damage|p2a: Polyamorist|88/100|[from] Sandstorm
|-heal|p2a: Polyamorist|94/100|[from] item: Leftovers
|-heal|p1a: Forretress|65/100|[from] item: Leftovers
|-start|p2a: Polyamorist|perish2
|-start|p1a: Forretress|perish2
|upkeep
|turn|46
|
|t:|1729015755
|move|p2a: Polyamorist|Leech Seed|p1a: Forretress
|-start|p1a: Forretress|move: Leech Seed
|move|p1a: Forretress|Spikes|p2a: Polyamorist
|-sidestart|p2: Lady_Sundalia|Spikes
|
|-weather|Sandstorm|[upkeep]
|-damage|p2a: Polyamorist|88/100|[from] Sandstorm
|-heal|p2a: Polyamorist|94/100|[from] item: Leftovers
|-heal|p1a: Forretress|71/100|[from] item: Leftovers
|-damage|p1a: Forretress|59/100|[from] Leech Seed|[of] p2a: Polyamorist
|-heal|p2a: Polyamorist|100/100|[silent]
|-start|p2a: Polyamorist|perish1
|-start|p1a: Forretress|perish1
|upkeep
|turn|47
|-message|Lady_Sundalia forfeited.
|
|win|Surko

</script>
<script type="application/json" class="data" id="replaydata-smogtours-gen3ou-798930">
{"id":"smogtours-gen3ou-798930","format":"[Gen 3] OU","players":["Surko","Lady_Sundalia"],"uploadtime":1729015763,"views":83,"formatid":"gen3ou","rating":null,"private":0,"password":null}
</script>

<script defer src="js/replays.js?9d40a366"></script>
