<!DOCTYPE html>
<meta charset="utf-8" />
<meta name="viewport" content="width=device-width" />

<title>[Gen 3] OU: VZR vs. Eduardo Carapinga - Replays - Pok&eacute;mon Showdown!</title>

<meta name="description" content="Watch a replay of a Pok&eacute;mon battle between VZR and Eduardo Carapinga! Format: [Gen 3] OU; Date: Oct 20, 2024" />
<!--

Hey, you! Looking in the source for the replay log?

You can find them in JSON format, just add `.json` at the end of a replay URL.

https://replay.pokemonshowdown.com/gen7randomdoublesbattle-865046831.json

Or, if you only need the log itself, add `.log` instead:

https://replay.pokemonshowdown.com/gen7randomdoublesbattle-865046831.log

-->

<link rel="stylesheet" href="//pokemonshowdown.com/style/global.css?0.023195364461161105" />
<link rel="stylesheet" href="//play.pokemonshowdown.com/style/font-awesome.css?0.13261647063804238" />
<link rel="stylesheet" href="//play.pokemonshowdown.com/style/battle.css?0.8753245789963631" />
<link rel="stylesheet" href="//play.pokemonshowdown.com/style/utilichart.css?0.8627959624976733" />

<!-- Global site tag (gtag.js) - Google Analytics -->
<script async src="https://www.googletagmanager.com/gtag/js?id=UA-26211653-1"></script>
<script>
  window.dataLayer = window.dataLayer || [];
  function gtag(){dataLayer.push(arguments);}
  gtag('js', new Date());

  gtag('config', 'UA-26211653-1');
</script>
<!-- End Google Analytics -->
<!-- Venatus Ad Manager - Install in <HEAD> of page -->
	<script src="https://hb.vntsm.com/v3/live/ad-manager.min.js" type="text/javascript" data-site-id="642aba63ec9a7b11c3c9c1be" data-mode="scan" async></script>
<!-- / Venatus Ad Manager -->

<style>
	@media (max-width:820px) {
		.battle {
			margin: 0 auto;
		}
		.battle-log {
			margin: 7px auto 0;
			max-width: 640px;
			height: 300px;
			position: static;
		}
	}
	.optgroup {
		display: inline-block;
		line-height: 22px;
		font-size: 10pt;
	}
	.optgroup .button {
		height: 25px;
		padding-top: 0;
		padding-bottom: 0;
	}
	.optgroup button.button {
		padding-left: 12px;
		padding-right: 12px;
	}
	.linklist {
		list-style: none;
		margin: 0.5em 0;
		padding: 0;
	}
	.linklist li {
		padding: 2px 0;
	}
	.sidebar {
		float: left;
		width: 320px;
	}
	.bar-wrapper {
		max-width: 1100px;
		margin: 0 auto;
	}
	.bar-wrapper.has-sidebar {
		max-width: 1430px;
	}
	.mainbar {
		margin: 0;
		padding-right: 1px;
	}
	.mainbar.has-sidebar {
		margin-left: 330px;
	}
	@media (min-width: 1511px) {
		.sidebar {
			width: 400px;
		}
		.bar-wrapper.has-sidebar {
			max-width: 1510px;
		}
		.mainbar.has-sidebar {
			margin-left: 410px;
		}
	}
	.section.first-section {
		margin-top: 9px;
	}
	.blocklink small {
		white-space: normal;
	}
	.button {
		vertical-align: middle;
	}
	.replay-controls {
		padding-top: 10px;
	}
	.replay-controls h1 {
		font-size: 16pt;
		font-weight: normal;
		color: #CCC;
	}
	.pagelink {
		text-align: center;
	}
	.pagelink a {
		width: 150px;
	}
	.textbox, .button {
		font-size: 11pt;
		vertical-align: middle;
	}
	@media (max-width: 450px) {
		.button {
			font-size: 9pt;
		}
	}
</style>

<div>

	<header>
		<div class="nav-wrapper"><ul class="nav">
			<li><a class="button nav-first" href="//pokemonshowdown.com/"><img src="//pokemonshowdown.com/images/pokemonshowdownbeta.png" srcset="//pokemonshowdown.com/images/pokemonshowdownbeta.png 1x, //pokemonshowdown.com/images/pokemonshowdownbeta@2x.png 2x" alt="Pok&eacute;mon Showdown" width="146" height="44" /> Home</a></li>
			<li><a class="button" href="//pokemonshowdown.com/dex/">Pok&eacute;dex</a></li>
			<li><a class="button cur" href="/">Replays</a></li>
			<li><a class="button" href="//pokemonshowdown.com/ladder/">Ladder</a></li>
			<li><a class="button nav-last" href="//pokemonshowdown.com/forums/">Forum</a></li>
			<li><a class="button greenbutton nav-first nav-last" href="//play.pokemonshowdown.com/">Play</a></li>
		</ul></div>
	</header>

	<div class="main" id="main">

		<noscript><section class="section">You need to enable JavaScript to use this page; sorry!</section></noscript>

	</div>

</div>

<script defer nomodule src="//play.pokemonshowdown.com/js/lib/ps-polyfill.js"></script>
<script defer src="//play.pokemonshowdown.com/js/lib/preact.min.js"></script>

<script defer src="//play.pokemonshowdown.com/config/config.js?2bddbc15"></script>
<script defer src="//play.pokemonshowdown.com/js/lib/jquery-1.11.0.min.js"></script>
<script defer src="//play.pokemonshowdown.com/js/lib/html-sanitizer-minified.js"></script>
<script defer src="//play.pokemonshowdown.com/js/battle-sound.js"></script>
<script defer src="//play.pokemonshowdown.com/js/battledata.js?0.7209276989879541"></script>
<script defer src="//play.pokemonshowdown.com/data/pokedex-mini.js?0.6111056340867951"></script>
<script defer src="//play.pokemonshowdown.com/data/pokedex-mini-bw.js?0.3532142036491459"></script>
<script defer src="//play.pokemonshowdown.com/data/graphics.js?0.24223875632456182"></script>
<script defer src="//play.pokemonshowdown.com/data/pokedex.js?0.38839984266356864"></script>
<script defer src="//play.pokemonshowdown.com/data/moves.js?0.21866028504024015"></script>
<script defer src="//play.pokemonshowdown.com/data/abilities.js?0.2005157953846628"></script>
<script defer src="//play.pokemonshowdown.com/data/items.js?0.9894211263848525"></script>
<script defer src="//play.pokemonshowdown.com/data/teambuilder-tables.js?0.6008791140282215"></script>
<script defer src="//play.pokemonshowdown.com/js/battle-tooltips.js?0.7580118955022959"></script>
<script defer src="//play.pokemonshowdown.com/js/battle.js?0.6057722274234274"></script>

<script defer src="js/utils.js?e31f9a17"></script>
<script defer src="js/replays-battle.js?7008c182"></script>

<!-- don't scrape this data! just add .json or .log after the URL!
Full API docs: https://github.com/smogon/pokemon-showdown-client/blob/master/WEB-API.md -->
<script type="text/plain" class="log" id="replaylog-smogtours-gen3ou-800476">
|inactive|Battle timer is ON: inactive players will automatically lose when time's up.
|t:|1729439879
|gametype|singles
|player|p1|VZR|veteran|
|player|p2|Eduardo Carapinga|#splxvraiders|
|teamsize|p1|6
|teamsize|p2|6
|gen|3
|tier|[Gen 3] OU
|rule|Sleep Clause Mod: Limit one foe put to sleep
|rule|Switch Priority Clause Mod: Faster Pokémon switch first
|rule|Species Clause: Limit one of each Pokémon
|rule|OHKO Clause: OHKO moves are banned
|rule|Evasion Items Clause: Evasion items are banned
|rule|Evasion Moves Clause: Evasion moves are banned
|rule|Endless Battle Clause: Forcing endless battles is banned
|rule|HP Percentage Mod: HP is shown in percentages
|rule|One Boost Passer Clause: Limit one Baton Passer that has a way to boost its stats
|rule|Freeze Clause Mod: Limit one foe frozen
|
|t:|1729439879
|start
|switch|p1a: 메타그로스|Metagross|100/100
|switch|p2a: Thor|Zapdos|100/100
|turn|1
|c|☆VZR|hf
|
|t:|1729439900
|switch|p2a: Ironface|Metagross|100/100
|move|p1a: 메타그로스|Rock Slide|p2a: Ironface
|-resisted|p2a: Ironface
|-damage|p2a: Ironface|89/100
|
|upkeep
|turn|2
|
|t:|1729439912
|move|p2a: Ironface|Explosion|p1a: 메타그로스
|-resisted|p1a: 메타그로스
|-damage|p1a: 메타그로스|4/100
|faint|p2a: Ironface
|
|t:|1729439926
|switch|p2a: Orion|Dugtrio, F|100/100
|
|-heal|p1a: 메타그로스|10/100|[from] item: Leftovers
|upkeep
|turn|3
|
|t:|1729439932
|move|p2a: Orion|Earthquake|p1a: 메타그로스
|-supereffective|p1a: 메타그로스
|-crit|p1a: 메타그로스
|-damage|p1a: 메타그로스|0 fnt
|faint|p1a: 메타그로스
|
|t:|1729439954
|switch|p1a: 무장조|Skarmory, F|100/100
|
|upkeep
|turn|4
|
|t:|1729439958
|switch|p2a: Thor|Zapdos|100/100
|move|p1a: 무장조|Spikes|p2a: Thor
|-sidestart|p2: Eduardo Carapinga|Spikes
|
|upkeep
|turn|5
|
|t:|1729439972
|switch|p1a: 세레비|Celebi|100/100
|move|p2a: Thor|Toxic|p1a: 세레비|[miss]
|-miss|p2a: Thor|p1a: 세레비
|
|upkeep
|turn|6
|
|t:|1729439979
|move|p1a: 세레비|Psychic|p2a: Thor
|-damage|p2a: Thor|76/100
|move|p2a: Thor|Toxic|p1a: 세레비
|-status|p1a: 세레비|tox
|
|-damage|p1a: 세레비|94/100 tox|[from] psn
|-heal|p2a: Thor|82/100|[from] item: Leftovers
|upkeep
|turn|7
|
|t:|1729439994
|-curestatus|p1a: 세레비|tox|[from] ability: Natural Cure
|switch|p1a: 무장조|Skarmory, F|100/100
|move|p2a: Thor|Thunderbolt|p1a: 무장조
|-supereffective|p1a: 무장조
|-damage|p1a: 무장조|22/100
|-status|p1a: 무장조|par
|
|-heal|p2a: Thor|89/100|[from] item: Leftovers
|-heal|p1a: 무장조|28/100 par|[from] item: Leftovers
|upkeep
|turn|8
|
|t:|1729439999
|switch|p1a: 세레비|Celebi|94/100
|move|p2a: Thor|Thunderbolt|p1a: 세레비
|-resisted|p1a: 세레비
|-damage|p1a: 세레비|81/100
|
|-heal|p1a: 세레비|87/100|[from] item: Leftovers
|-heal|p2a: Thor|95/100|[from] item: Leftovers
|upkeep
|turn|9
|
|t:|1729440002
|move|p1a: 세레비|Leech Seed|p2a: Thor|[miss]
|-miss|p1a: 세레비|p2a: Thor
|move|p2a: Thor|Toxic|p1a: 세레비
|-status|p1a: 세레비|tox
|
|-heal|p1a: 세레비|93/100 tox|[from] item: Leftovers
|-damage|p1a: 세레비|87/100 tox|[from] psn
|-heal|p2a: Thor|100/100|[from] item: Leftovers
|upkeep
|turn|10
|
|t:|1729440009
|-curestatus|p1a: 세레비|tox|[from] ability: Natural Cure
|switch|p1a: 무장조|Skarmory, F|28/100 par
|move|p2a: Thor|Thunderbolt|p1a: 무장조
|-supereffective|p1a: 무장조
|-damage|p1a: 무장조|0 fnt
|faint|p1a: 무장조
|
|t:|1729440011
|switch|p1a: 세레비|Celebi|87/100
|
|-heal|p1a: 세레비|93/100|[from] item: Leftovers
|upkeep
|turn|11
|
|t:|1729440014
|move|p1a: 세레비|Leech Seed|p2a: Thor
|-start|p2a: Thor|move: Leech Seed
|move|p2a: Thor|Toxic|p1a: 세레비
|-status|p1a: 세레비|tox
|
|-heal|p1a: 세레비|99/100 tox|[from] item: Leftovers
|-damage|p1a: 세레비|93/100 tox|[from] psn
|-damage|p2a: Thor|88/100|[from] Leech Seed|[of] p1a: 세레비
|-heal|p1a: 세레비|100/100 tox|[silent]
|upkeep
|turn|12
|
|t:|1729440022
|switch|p2a: Dinamita|Tyranitar, F|100/100
|-damage|p2a: Dinamita|88/100|[from] Spikes
|-weather|Sandstorm|[from] ability: Sand Stream|[of] p2a: Dinamita
|move|p1a: 세레비|Psychic|p2a: Dinamita
|-immune|p2a: Dinamita
|
|-weather|Sandstorm|[upkeep]
|-damage|p1a: 세레비|94/100 tox|[from] Sandstorm
|-heal|p1a: 세레비|100/100 tox|[from] item: Leftovers
|-damage|p1a: 세레비|88/100 tox|[from] psn
|upkeep
|turn|13
|
|t:|1729440034
|move|p1a: 세레비|Hidden Power|p2a: Dinamita
|-supereffective|p2a: Dinamita
|-damage|p2a: Dinamita|40/100
|move|p2a: Dinamita|Rock Slide|p1a: 세레비
|-damage|p1a: 세레비|39/100 tox
|
|-weather|Sandstorm|[upkeep]
|-damage|p1a: 세레비|32/100 tox|[from] Sandstorm
|-heal|p1a: 세레비|39/100 tox|[from] item: Leftovers
|-damage|p1a: 세레비|20/100 tox|[from] psn
|upkeep
|turn|14
|
|t:|1729440042
|switch|p2a: Thor|Zapdos|88/100
|move|p1a: 세레비|Hidden Power|p2a: Thor
|-resisted|p2a: Thor
|-damage|p2a: Thor|80/100
|
|-weather|Sandstorm|[upkeep]
|-damage|p1a: 세레비|14/100 tox|[from] Sandstorm
|-damage|p2a: Thor|73/100|[from] Sandstorm
|-heal|p1a: 세레비|20/100 tox|[from] item: Leftovers
|-damage|p1a: 세레비|0 fnt|[from] psn
|faint|p1a: 세레비
|-heal|p2a: Thor|80/100|[from] item: Leftovers
|upkeep
|
|t:|1729440045
|switch|p1a: 프테라|Aerodactyl, F|100/100
|turn|15
|
|t:|1729440059
|switch|p2a: Lodoso|Swampert, M|100/100
|-damage|p2a: Lodoso|88/100|[from] Spikes
|move|p1a: 프테라|Rock Slide|p2a: Lodoso
|-resisted|p2a: Lodoso
|-damage|p2a: Lodoso|73/100
|
|-weather|Sandstorm|[upkeep]
|-heal|p2a: Lodoso|79/100|[from] item: Leftovers
|upkeep
|turn|16
|
|t:|1729440065
|switch|p1a: 팬텀|Gengar, F, shiny|100/100
|move|p2a: Lodoso|Toxic|p1a: 팬텀
|-immune|p1a: 팬텀
|
|-weather|Sandstorm|[upkeep]
|-damage|p1a: 팬텀|95/100|[from] Sandstorm
|-heal|p1a: 팬텀|100/100|[from] item: Leftovers
|-heal|p2a: Lodoso|85/100|[from] item: Leftovers
|upkeep
|turn|17
|
|t:|1729440070
|move|p2a: Lodoso|Protect|p2a: Lodoso
|-singleturn|p2a: Lodoso|Protect
|move|p1a: 팬텀|Will-O-Wisp|p2a: Lodoso
|-activate|p2a: Lodoso|Protect
|
|-weather|Sandstorm|[upkeep]
|-damage|p1a: 팬텀|95/100|[from] Sandstorm
|-heal|p1a: 팬텀|100/100|[from] item: Leftovers
|-heal|p2a: Lodoso|91/100|[from] item: Leftovers
|upkeep
|turn|18
|
|t:|1729440077
|switch|p1a: 대짱이|Swampert, F|100/100
|switch|p2a: Thor|Zapdos|80/100
|
|-weather|Sandstorm|[upkeep]
|-damage|p2a: Thor|73/100|[from] Sandstorm
|-heal|p2a: Thor|80/100|[from] item: Leftovers
|upkeep
|turn|19
|
|t:|1729440085
|switch|p1a: 팬텀|Gengar, F, shiny|100/100
|move|p2a: Thor|Hidden Power|p1a: 팬텀
|-resisted|p1a: 팬텀
|-damage|p1a: 팬텀|90/100
|
|-weather|Sandstorm|[upkeep]
|-damage|p1a: 팬텀|84/100|[from] Sandstorm
|-damage|p2a: Thor|73/100|[from] Sandstorm
|-heal|p1a: 팬텀|90/100|[from] item: Leftovers
|-heal|p2a: Thor|80/100|[from] item: Leftovers
|upkeep
|turn|20
|
|t:|1729440091
|move|p1a: 팬텀|Ice Punch|p2a: Thor
|-supereffective|p2a: Thor
|-damage|p2a: Thor|49/100
|move|p2a: Thor|Thunderbolt|p1a: 팬텀
|-damage|p1a: 팬텀|41/100
|
|-weather|Sandstorm|[upkeep]
|-damage|p1a: 팬텀|35/100|[from] Sandstorm
|-damage|p2a: Thor|43/100|[from] Sandstorm
|-heal|p1a: 팬텀|41/100|[from] item: Leftovers
|-heal|p2a: Thor|49/100|[from] item: Leftovers
|upkeep
|turn|21
|
|t:|1729440104
|switch|p1a: 대짱이|Swampert, F|100/100
|move|p2a: Thor|Thunderbolt|p1a: 대짱이
|-immune|p1a: 대짱이
|
|-weather|Sandstorm|[upkeep]
|-damage|p2a: Thor|43/100|[from] Sandstorm
|-heal|p2a: Thor|49/100|[from] item: Leftovers
|upkeep
|turn|22
|
|t:|1729440110
|move|p2a: Thor|Hidden Power|p1a: 대짱이
|-supereffective|p1a: 대짱이
|-damage|p1a: 대짱이|28/100
|move|p1a: 대짱이|Ice Beam|p2a: Thor
|-supereffective|p2a: Thor
|-damage|p2a: Thor|10/100
|
|-weather|Sandstorm|[upkeep]
|-damage|p2a: Thor|4/100|[from] Sandstorm
|-heal|p2a: Thor|10/100|[from] item: Leftovers
|-heal|p1a: 대짱이|34/100|[from] item: Leftovers
|upkeep
|turn|23
|
|t:|1729440118
|move|p2a: Thor|Hidden Power|p1a: 대짱이
|-supereffective|p1a: 대짱이
|-damage|p1a: 대짱이|0 fnt
|faint|p1a: 대짱이
|
|t:|1729440120
|switch|p1a: 팬텀|Gengar, F, shiny|41/100
|
|-weather|Sandstorm|[upkeep]
|-damage|p1a: 팬텀|35/100|[from] Sandstorm
|-damage|p2a: Thor|4/100|[from] Sandstorm
|-heal|p1a: 팬텀|41/100|[from] item: Leftovers
|-heal|p2a: Thor|10/100|[from] item: Leftovers
|upkeep
|turn|24
|
|t:|1729440129
|move|p1a: 팬텀|Ice Punch|p2a: Thor
|-supereffective|p2a: Thor
|-damage|p2a: Thor|0 fnt
|faint|p2a: Thor
|
|t:|1729440131
|switch|p2a: Orion|Dugtrio, F|100/100
|-damage|p2a: Orion|88/100|[from] Spikes
|
|-weather|Sandstorm|[upkeep]
|-damage|p1a: 팬텀|35/100|[from] Sandstorm
|-heal|p1a: 팬텀|41/100|[from] item: Leftovers
|upkeep
|turn|25
|
|t:|1729440144
|switch|p1a: 프테라|Aerodactyl, F|100/100
|move|p2a: Orion|Rock Slide|p1a: 프테라
|-supereffective|p1a: 프테라
|-damage|p1a: 프테라|6/100
|
|-weather|Sandstorm|[upkeep]
|upkeep
|turn|26
|
|t:|1729440152
|switch|p2a: Dinamita|Tyranitar, F|40/100
|-damage|p2a: Dinamita|28/100|[from] Spikes
|move|p1a: 프테라|Rock Slide|p2a: Dinamita
|-damage|p2a: Dinamita|0 fnt
|faint|p2a: Dinamita
|
|t:|1729440154
|switch|p2a: Lodoso|Swampert, M|91/100
|-damage|p2a: Lodoso|79/100|[from] Spikes
|
|-weather|Sandstorm|[upkeep]
|-heal|p2a: Lodoso|85/100|[from] item: Leftovers
|upkeep
|turn|27
|
|t:|1729440160
|move|p1a: 프테라|Rock Slide|p2a: Lodoso
|-resisted|p2a: Lodoso
|-damage|p2a: Lodoso|68/100
|move|p2a: Lodoso|Surf|p1a: 프테라
|-supereffective|p1a: 프테라
|-damage|p1a: 프테라|0 fnt
|faint|p1a: 프테라
|
|t:|1729440165
|switch|p1a: 팬텀|Gengar, F, shiny|41/100
|
|-weather|Sandstorm|[upkeep]
|-damage|p1a: 팬텀|35/100|[from] Sandstorm
|-heal|p1a: 팬텀|41/100|[from] item: Leftovers
|-heal|p2a: Lodoso|74/100|[from] item: Leftovers
|upkeep
|turn|28
|
|t:|1729440167
|move|p1a: 팬텀|Ice Punch|p2a: Lodoso
|-damage|p2a: Lodoso|56/100
|-status|p2a: Lodoso|frz
|cant|p2a: Lodoso|frz
|
|-weather|Sandstorm|[upkeep]
|-damage|p1a: 팬텀|35/100|[from] Sandstorm
|-heal|p1a: 팬텀|41/100|[from] item: Leftovers
|-heal|p2a: Lodoso|62/100 frz|[from] item: Leftovers
|upkeep
|turn|29
|
|t:|1729440172
|move|p1a: 팬텀|Thunderbolt|p2a: Lodoso
|-immune|p2a: Lodoso
|cant|p2a: Lodoso|frz
|
|-weather|Sandstorm|[upkeep]
|-damage|p1a: 팬텀|35/100|[from] Sandstorm
|-heal|p1a: 팬텀|41/100|[from] item: Leftovers
|-heal|p2a: Lodoso|68/100 frz|[from] item: Leftovers
|upkeep
|turn|30
|
|t:|1729440176
|move|p1a: 팬텀|Ice Punch|p2a: Lodoso
|-crit|p2a: Lodoso
|-damage|p2a: Lodoso|25/100 frz
|cant|p2a: Lodoso|frz
|
|-weather|Sandstorm|[upkeep]
|-damage|p1a: 팬텀|35/100|[from] Sandstorm
|-heal|p1a: 팬텀|41/100|[from] item: Leftovers
|-heal|p2a: Lodoso|31/100 frz|[from] item: Leftovers
|upkeep
|turn|31
|
|t:|1729440181
|move|p1a: 팬텀|Ice Punch|p2a: Lodoso
|-damage|p2a: Lodoso|12/100 frz
|cant|p2a: Lodoso|frz
|
|-weather|Sandstorm|[upkeep]
|-damage|p1a: 팬텀|35/100|[from] Sandstorm
|-heal|p1a: 팬텀|41/100|[from] item: Leftovers
|-heal|p2a: Lodoso|18/100 frz|[from] item: Leftovers
|upkeep
|turn|32
|
|t:|1729440184
|cant|p2a: Lodoso|frz
|move|p1a: 팬텀|Ice Punch|p2a: Lodoso
|-damage|p2a: Lodoso|0 fnt
|faint|p2a: Lodoso
|
|t:|1729440185
|switch|p2a: Orion|Dugtrio, F|88/100
|-damage|p2a: Orion|76/100|[from] Spikes
|
|-weather|Sandstorm|[upkeep]
|-damage|p1a: 팬텀|35/100|[from] Sandstorm
|-heal|p1a: 팬텀|41/100|[from] item: Leftovers
|upkeep
|turn|33
|
|t:|1729440186
|move|p2a: Orion|Rock Slide|p1a: 팬텀
|-damage|p1a: 팬텀|0 fnt
|faint|p1a: 팬텀
|
|win|Eduardo Carapinga
|c|☆VZR|gg
|c|☆Eduardo Carapinga|/log Eduardo Carapinga made the replay of this battle unlisted.
|player|p1|

</script>
<script type="application/json" class="data" id="replaydata-smogtours-gen3ou-800476">
{"id":"smogtours-gen3ou-800476","format":"[Gen 3] OU","players":["VZR","Eduardo Carapinga"],"uploadtime":1729440186,"views":111,"formatid":"gen3ou","rating":null,"private":1,"password":null}
</script>

<script defer src="js/replays.js?9d40a366"></script>
