<!DOCTYPE html>
<meta charset="utf-8" />
<meta name="viewport" content="width=device-width" />

<title>[Gen 3] OU: fayestra vs. lemoncholy - Replays - Pok&eacute;mon Showdown!</title>

<meta name="description" content="Watch a replay of a Pok&eacute;mon battle between fayestra and lemoncholy! Format: [Gen 3] OU; Date: Oct 23, 2024" />
<!--

Hey, you! Looking in the source for the replay log?

You can find them in JSON format, just add `.json` at the end of a replay URL.

https://replay.pokemonshowdown.com/gen7randomdoublesbattle-865046831.json

Or, if you only need the log itself, add `.log` instead:

https://replay.pokemonshowdown.com/gen7randomdoublesbattle-865046831.log

-->

<link rel="stylesheet" href="//pokemonshowdown.com/style/global.css?0.023195364461161105" />
<link rel="stylesheet" href="//play.pokemonshowdown.com/style/font-awesome.css?0.13261647063804238" />
<link rel="stylesheet" href="//play.pokemonshowdown.com/style/battle.css?0.8753245789963631" />
<link rel="stylesheet" href="//play.pokemonshowdown.com/style/utilichart.css?0.8627959624976733" />

<!-- Global site tag (gtag.js) - Google Analytics -->
<script async src="https://www.googletagmanager.com/gtag/js?id=UA-26211653-1"></script>
<script>
  window.dataLayer = window.dataLayer || [];
  function gtag(){dataLayer.push(arguments);}
  gtag('js', new Date());

  gtag('config', 'UA-26211653-1');
</script>
<!-- End Google Analytics -->
<!-- Venatus Ad Manager - Install in <HEAD> of page -->
	<script src="https://hb.vntsm.com/v3/live/ad-manager.min.js" type="text/javascript" data-site-id="642aba63ec9a7b11c3c9c1be" data-mode="scan" async></script>
<!-- / Venatus Ad Manager -->

<style>
	@media (max-width:820px) {
		.battle {
			margin: 0 auto;
		}
		.battle-log {
			margin: 7px auto 0;
			max-width: 640px;
			height: 300px;
			position: static;
		}
	}
	.optgroup {
		display: inline-block;
		line-height: 22px;
		font-size: 10pt;
	}
	.optgroup .button {
		height: 25px;
		padding-top: 0;
		padding-bottom: 0;
	}
	.optgroup button.button {
		padding-left: 12px;
		padding-right: 12px;
	}
	.linklist {
		list-style: none;
		margin: 0.5em 0;
		padding: 0;
	}
	.linklist li {
		padding: 2px 0;
	}
	.sidebar {
		float: left;
		width: 320px;
	}
	.bar-wrapper {
		max-width: 1100px;
		margin: 0 auto;
	}
	.bar-wrapper.has-sidebar {
		max-width: 1430px;
	}
	.mainbar {
		margin: 0;
		padding-right: 1px;
	}
	.mainbar.has-sidebar {
		margin-left: 330px;
	}
	@media (min-width: 1511px) {
		.sidebar {
			width: 400px;
		}
		.bar-wrapper.has-sidebar {
			max-width: 1510px;
		}
		.mainbar.has-sidebar {
			margin-left: 410px;
		}
	}
	.section.first-section {
		margin-top: 9px;
	}
	.blocklink small {
		white-space: normal;
	}
	.button {
		vertical-align: middle;
	}
	.replay-controls {
		padding-top: 10px;
	}
	.replay-controls h1 {
		font-size: 16pt;
		font-weight: normal;
		color: #CCC;
	}
	.pagelink {
		text-align: center;
	}
	.pagelink a {
		width: 150px;
	}
	.textbox, .button {
		font-size: 11pt;
		vertical-align: middle;
	}
	@media (max-width: 450px) {
		.button {
			font-size: 9pt;
		}
	}
</style>

<div>

	<header>
		<div class="nav-wrapper"><ul class="nav">
			<li><a class="button nav-first" href="//pokemonshowdown.com/"><img src="//pokemonshowdown.com/images/pokemonshowdownbeta.png" srcset="//pokemonshowdown.com/images/pokemonshowdownbeta.png 1x, //pokemonshowdown.com/images/pokemonshowdownbeta@2x.png 2x" alt="Pok&eacute;mon Showdown" width="146" height="44" /> Home</a></li>
			<li><a class="button" href="//pokemonshowdown.com/dex/">Pok&eacute;dex</a></li>
			<li><a class="button cur" href="/">Replays</a></li>
			<li><a class="button" href="//pokemonshowdown.com/ladder/">Ladder</a></li>
			<li><a class="button nav-last" href="//pokemonshowdown.com/forums/">Forum</a></li>
			<li><a class="button greenbutton nav-first nav-last" href="//play.pokemonshowdown.com/">Play</a></li>
		</ul></div>
	</header>

	<div class="main" id="main">

		<noscript><section class="section">You need to enable JavaScript to use this page; sorry!</section></noscript>

	</div>

</div>

<script defer nomodule src="//play.pokemonshowdown.com/js/lib/ps-polyfill.js"></script>
<script defer src="//play.pokemonshowdown.com/js/lib/preact.min.js"></script>

<script defer src="//play.pokemonshowdown.com/config/config.js?2bddbc15"></script>
<script defer src="//play.pokemonshowdown.com/js/lib/jquery-1.11.0.min.js"></script>
<script defer src="//play.pokemonshowdown.com/js/lib/html-sanitizer-minified.js"></script>
<script defer src="//play.pokemonshowdown.com/js/battle-sound.js"></script>
<script defer src="//play.pokemonshowdown.com/js/battledata.js?0.7209276989879541"></script>
<script defer src="//play.pokemonshowdown.com/data/pokedex-mini.js?0.6111056340867951"></script>
<script defer src="//play.pokemonshowdown.com/data/pokedex-mini-bw.js?0.3532142036491459"></script>
<script defer src="//play.pokemonshowdown.com/data/graphics.js?0.24223875632456182"></script>
<script defer src="//play.pokemonshowdown.com/data/pokedex.js?0.38839984266356864"></script>
<script defer src="//play.pokemonshowdown.com/data/moves.js?0.21866028504024015"></script>
<script defer src="//play.pokemonshowdown.com/data/abilities.js?0.2005157953846628"></script>
<script defer src="//play.pokemonshowdown.com/data/items.js?0.9894211263848525"></script>
<script defer src="//play.pokemonshowdown.com/data/teambuilder-tables.js?0.6008791140282215"></script>
<script defer src="//play.pokemonshowdown.com/js/battle-tooltips.js?0.7580118955022959"></script>
<script defer src="//play.pokemonshowdown.com/js/battle.js?0.6057722274234274"></script>

<script defer src="js/utils.js?e31f9a17"></script>
<script defer src="js/replays-battle.js?7008c182"></script>

<!-- don't scrape this data! just add .json or .log after the URL!
Full API docs: https://github.com/smogon/pokemon-showdown-client/blob/master/WEB-API.md -->
<script type="text/plain" class="log" id="replaylog-smogtours-gen3ou-801441">
|inactive|Battle timer is ON: inactive players will automatically lose when time's up.
|t:|1729721195
|gametype|singles
|player|p1|fayestra|kris-gen2|
|player|p2|lemoncholy|will|
|teamsize|p1|6
|teamsize|p2|6
|gen|3
|tier|[Gen 3] OU
|rule|Sleep Clause Mod: Limit one foe put to sleep
|rule|Switch Priority Clause Mod: Faster Pokémon switch first
|rule|Species Clause: Limit one of each Pokémon
|rule|OHKO Clause: OHKO moves are banned
|rule|Evasion Items Clause: Evasion items are banned
|rule|Evasion Moves Clause: Evasion moves are banned
|rule|Endless Battle Clause: Forcing endless battles is banned
|rule|HP Percentage Mod: HP is shown in percentages
|rule|One Boost Passer Clause: Limit one Baton Passer that has a way to boost its stats
|rule|Freeze Clause Mod: Limit one foe frozen
|
|t:|1729721195
|start
|switch|p1a: wikipedia.org/jum|Salamence, F|100/100
|switch|p2a: Zapdos|Zapdos|100/100
|-ability|p1a: wikipedia.org/jum|Intimidate|boost
|-unboost|p2a: Zapdos|atk|1
|turn|1
|c|☆lemoncholy|glhf
|c|☆fayestra|u2
|
|t:|1729721215
|switch|p2a: Swampert|Swampert, F|100/100
|switch|p1a: jump & pop???|Snorlax, F|100/100
|
|upkeep
|turn|2
|
|t:|1729721226
|switch|p2a: Celebi|Celebi|100/100
|move|p1a: jump & pop???|Curse|p1a: jump & pop???
|-unboost|p1a: jump & pop???|spe|1
|-boost|p1a: jump & pop???|atk|1
|-boost|p1a: jump & pop???|def|1
|
|upkeep
|turn|3
|
|t:|1729721233
|move|p2a: Celebi|Leech Seed|p1a: jump & pop???
|-start|p1a: jump & pop???|move: Leech Seed
|move|p1a: jump & pop???|Return|p2a: Celebi
|-damage|p2a: Celebi|49/100
|
|-heal|p2a: Celebi|55/100|[from] item: Leftovers
|-damage|p1a: jump & pop???|88/100|[from] Leech Seed|[of] p2a: Celebi
|-heal|p2a: Celebi|70/100|[silent]
|upkeep
|turn|4
|
|t:|1729721241
|move|p2a: Celebi|Psychic|p1a: jump & pop???
|-damage|p1a: jump & pop???|72/100
|move|p1a: jump & pop???|Curse|p1a: jump & pop???
|-unboost|p1a: jump & pop???|spe|1
|-boost|p1a: jump & pop???|atk|1
|-boost|p1a: jump & pop???|def|1
|
|-heal|p2a: Celebi|76/100|[from] item: Leftovers
|-heal|p1a: jump & pop???|78/100|[from] item: Leftovers
|-damage|p1a: jump & pop???|65/100|[from] Leech Seed|[of] p2a: Celebi
|-heal|p2a: Celebi|92/100|[silent]
|upkeep
|turn|5
|
|t:|1729721248
|switch|p2a: Tyranitar|Tyranitar, F|100/100
|-weather|Sandstorm|[from] ability: Sand Stream|[of] p2a: Tyranitar
|move|p1a: jump & pop???|Return|p2a: Tyranitar
|-resisted|p2a: Tyranitar
|-damage|p2a: Tyranitar|68/100
|
|-weather|Sandstorm|[upkeep]
|-damage|p1a: jump & pop???|59/100|[from] Sandstorm
|-heal|p2a: Tyranitar|74/100|[from] item: Leftovers
|-heal|p1a: jump & pop???|65/100|[from] item: Leftovers
|-damage|p1a: jump & pop???|53/100|[from] Leech Seed|[of] p2a: Tyranitar
|-heal|p2a: Tyranitar|89/100|[silent]
|upkeep
|turn|6
|
|t:|1729721255
|switch|p2a: Celebi|Celebi|92/100
|move|p1a: jump & pop???|Earthquake|p2a: Celebi
|-resisted|p2a: Celebi
|-damage|p2a: Celebi|69/100
|
|-weather|Sandstorm|[upkeep]
|-damage|p2a: Celebi|63/100|[from] Sandstorm
|-damage|p1a: jump & pop???|47/100|[from] Sandstorm
|-heal|p2a: Celebi|69/100|[from] item: Leftovers
|-heal|p1a: jump & pop???|53/100|[from] item: Leftovers
|-damage|p1a: jump & pop???|40/100|[from] Leech Seed|[of] p2a: Celebi
|-heal|p2a: Celebi|84/100|[silent]
|upkeep
|turn|7
|
|t:|1729721260
|move|p2a: Celebi|Psychic|p1a: jump & pop???
|-damage|p1a: jump & pop???|26/100
|-unboost|p1a: jump & pop???|spd|1
|move|p1a: jump & pop???|Rest|p1a: jump & pop???
|-status|p1a: jump & pop???|slp|[from] move: Rest
|-heal|p1a: jump & pop???|100/100 slp|[silent]
|
|-weather|Sandstorm|[upkeep]
|-damage|p2a: Celebi|78/100|[from] Sandstorm
|-damage|p1a: jump & pop???|94/100 slp|[from] Sandstorm
|-heal|p2a: Celebi|84/100|[from] item: Leftovers
|-heal|p1a: jump & pop???|100/100 slp|[from] item: Leftovers
|-damage|p1a: jump & pop???|88/100 slp|[from] Leech Seed|[of] p2a: Celebi
|-heal|p2a: Celebi|99/100|[silent]
|upkeep
|turn|8
|
|t:|1729721271
|switch|p2a: Tyranitar|Tyranitar, F|89/100
|switch|p1a: sieve or salad|Celebi|100/100
|
|-weather|Sandstorm|[upkeep]
|-damage|p1a: sieve or salad|94/100|[from] Sandstorm
|-heal|p1a: sieve or salad|100/100|[from] item: Leftovers
|-heal|p2a: Tyranitar|96/100|[from] item: Leftovers
|upkeep
|turn|9
|
|t:|1729721275
|move|p1a: sieve or salad|Leech Seed|p2a: Tyranitar
|-start|p2a: Tyranitar|move: Leech Seed
|move|p2a: Tyranitar|Hidden Power|p1a: sieve or salad
|-supereffective|p1a: sieve or salad
|-crit|p1a: sieve or salad
|-damage|p1a: sieve or salad|0 fnt
|faint|p1a: sieve or salad
|
|t:|1729721283
|switch|p1a: crotons|Forretress, M|100/100
|
|-weather|Sandstorm|[upkeep]
|-heal|p2a: Tyranitar|100/100|[from] item: Leftovers
|-damage|p2a: Tyranitar|88/100|[from] Leech Seed|[of] p1a: crotons
|upkeep
|turn|10
|
|t:|1729721298
|switch|p2a: Zapdos|Zapdos|100/100
|move|p1a: crotons|Spikes|p2a: Zapdos
|-sidestart|p2: lemoncholy|Spikes
|
|-weather|Sandstorm|[upkeep]
|-damage|p2a: Zapdos|94/100|[from] Sandstorm
|-heal|p2a: Zapdos|100/100|[from] item: Leftovers
|upkeep
|turn|11
|
|t:|1729721305
|switch|p1a: play in da mud|Swampert, F|100/100
|move|p2a: Zapdos|Thunderbolt|p1a: play in da mud
|-immune|p1a: play in da mud
|
|-weather|Sandstorm|[upkeep]
|-damage|p2a: Zapdos|94/100|[from] Sandstorm
|-heal|p2a: Zapdos|100/100|[from] item: Leftovers
|upkeep
|turn|12
|
|t:|1729721310
|move|p1a: play in da mud|Protect|p1a: play in da mud
|-singleturn|p1a: play in da mud|Protect
|move|p2a: Zapdos|Hidden Power|p1a: play in da mud
|-activate|p1a: play in da mud|Protect
|
|-weather|Sandstorm|[upkeep]
|-damage|p2a: Zapdos|94/100|[from] Sandstorm
|-heal|p2a: Zapdos|100/100|[from] item: Leftovers
|upkeep
|turn|13
|
|t:|1729721315
|switch|p1a: jump & pop???|Snorlax, F|88/100 slp
|move|p2a: Zapdos|Thunderbolt|p1a: jump & pop???
|-damage|p1a: jump & pop???|62/100 slp
|
|-weather|Sandstorm|[upkeep]
|-damage|p2a: Zapdos|94/100|[from] Sandstorm
|-damage|p1a: jump & pop???|56/100 slp|[from] Sandstorm
|-heal|p2a: Zapdos|100/100|[from] item: Leftovers
|-heal|p1a: jump & pop???|62/100 slp|[from] item: Leftovers
|upkeep
|turn|14
|
|t:|1729721325
|move|p2a: Zapdos|Thunderbolt|p1a: jump & pop???
|-damage|p1a: jump & pop???|38/100 slp
|cant|p1a: jump & pop???|slp
|
|-weather|Sandstorm|[upkeep]
|-damage|p2a: Zapdos|94/100|[from] Sandstorm
|-damage|p1a: jump & pop???|31/100 slp|[from] Sandstorm
|-heal|p2a: Zapdos|100/100|[from] item: Leftovers
|-heal|p1a: jump & pop???|38/100 slp|[from] item: Leftovers
|upkeep
|turn|15
|
|t:|1729721337
|switch|p1a: waiter wisplease!|Umbreon, M|100/100
|move|p2a: Zapdos|Thunderbolt|p1a: waiter wisplease!
|-damage|p1a: waiter wisplease!|71/100
|
|-weather|Sandstorm|[upkeep]
|-damage|p2a: Zapdos|94/100|[from] Sandstorm
|-damage|p1a: waiter wisplease!|65/100|[from] Sandstorm
|-heal|p2a: Zapdos|100/100|[from] item: Leftovers
|-heal|p1a: waiter wisplease!|71/100|[from] item: Leftovers
|upkeep
|turn|16
|
|t:|1729721367
|move|p2a: Zapdos|Baton Pass|p2a: Zapdos
|
|t:|1729721368
|switch|p2a: Celebi|Celebi|99/100|[from] Baton Pass
|-damage|p2a: Celebi|87/100|[from] Spikes
|move|p1a: waiter wisplease!|Wish|p1a: waiter wisplease!
|
|-weather|Sandstorm|[upkeep]
|-damage|p2a: Celebi|81/100|[from] Sandstorm
|-damage|p1a: waiter wisplease!|65/100|[from] Sandstorm
|-heal|p2a: Celebi|87/100|[from] item: Leftovers
|-heal|p1a: waiter wisplease!|71/100|[from] item: Leftovers
|upkeep
|turn|17
|
|t:|1729721383
|move|p2a: Celebi|Leech Seed|p1a: waiter wisplease!|[miss]
|-miss|p2a: Celebi|p1a: waiter wisplease!
|move|p1a: waiter wisplease!|Toxic|p2a: Celebi
|-status|p2a: Celebi|tox
|
|-heal|p1a: waiter wisplease!|100/100|[from] move: Wish|[wisher] waiter wisplease!
|-weather|Sandstorm|[upkeep]
|-damage|p2a: Celebi|81/100 tox|[from] Sandstorm
|-damage|p1a: waiter wisplease!|94/100|[from] Sandstorm
|-heal|p2a: Celebi|87/100 tox|[from] item: Leftovers
|-damage|p2a: Celebi|81/100 tox|[from] psn
|-heal|p1a: waiter wisplease!|100/100|[from] item: Leftovers
|upkeep
|turn|18
|
|t:|1729721388
|-curestatus|p2a: Celebi|tox|[from] ability: Natural Cure
|switch|p2a: Tyranitar|Tyranitar, F|88/100
|-damage|p2a: Tyranitar|76/100|[from] Spikes
|switch|p1a: wikipedia.org/jum|Salamence, F|100/100
|-ability|p1a: wikipedia.org/jum|Intimidate|boost
|-unboost|p2a: Tyranitar|atk|1
|
|-weather|Sandstorm|[upkeep]
|-damage|p1a: wikipedia.org/jum|94/100|[from] Sandstorm
|-heal|p1a: wikipedia.org/jum|100/100|[from] item: Leftovers
|-heal|p2a: Tyranitar|82/100|[from] item: Leftovers
|upkeep
|turn|19
|
|t:|1729721395
|switch|p2a: Swampert|Swampert, F|100/100
|-damage|p2a: Swampert|88/100|[from] Spikes
|move|p1a: wikipedia.org/jum|Brick Break|p2a: Swampert
|-damage|p2a: Swampert|70/100
|
|-weather|Sandstorm|[upkeep]
|-damage|p1a: wikipedia.org/jum|94/100|[from] Sandstorm
|-heal|p1a: wikipedia.org/jum|100/100|[from] item: Leftovers
|-heal|p2a: Swampert|76/100|[from] item: Leftovers
|upkeep
|turn|20
|
|t:|1729721422
|switch|p1a: waiter wisplease!|Umbreon, M|100/100
|switch|p2a: Celebi|Celebi|81/100
|-damage|p2a: Celebi|69/100|[from] Spikes
|
|-weather|Sandstorm|[upkeep]
|-damage|p2a: Celebi|62/100|[from] Sandstorm
|-damage|p1a: waiter wisplease!|94/100|[from] Sandstorm
|-heal|p2a: Celebi|69/100|[from] item: Leftovers
|-heal|p1a: waiter wisplease!|100/100|[from] item: Leftovers
|upkeep
|turn|21
|
|t:|1729721427
|switch|p2a: Tyranitar|Tyranitar, F|82/100
|-damage|p2a: Tyranitar|69/100|[from] Spikes
|move|p1a: waiter wisplease!|Toxic|p2a: Tyranitar
|-status|p2a: Tyranitar|tox
|
|-weather|Sandstorm|[upkeep]
|-damage|p1a: waiter wisplease!|94/100|[from] Sandstorm
|-heal|p1a: waiter wisplease!|100/100|[from] item: Leftovers
|-heal|p2a: Tyranitar|76/100 tox|[from] item: Leftovers
|-damage|p2a: Tyranitar|69/100 tox|[from] psn
|upkeep
|turn|22
|
|t:|1729721432
|-singleturn|p2a: Tyranitar|move: Focus Punch
|switch|p1a: play in da mud|Swampert, F|100/100
|move|p2a: Tyranitar|Focus Punch|p1a: play in da mud
|-damage|p1a: play in da mud|58/100
|
|-weather|Sandstorm|[upkeep]
|-heal|p1a: play in da mud|64/100|[from] item: Leftovers
|-heal|p2a: Tyranitar|76/100 tox|[from] item: Leftovers
|-damage|p2a: Tyranitar|63/100 tox|[from] psn
|upkeep
|turn|23
|
|t:|1729721440
|switch|p2a: Celebi|Celebi|69/100
|-damage|p2a: Celebi|56/100|[from] Spikes
|move|p1a: play in da mud|Roar|p2a: Celebi
|drag|p2a: Zapdos|Zapdos|100/100
|
|-weather|Sandstorm|[upkeep]
|-damage|p2a: Zapdos|94/100|[from] Sandstorm
|-heal|p2a: Zapdos|100/100|[from] item: Leftovers
|-heal|p1a: play in da mud|70/100|[from] item: Leftovers
|upkeep
|turn|24
|
|t:|1729721459
|switch|p1a: waiter wisplease!|Umbreon, M|100/100
|move|p2a: Zapdos|Hidden Power|p1a: waiter wisplease!
|-damage|p1a: waiter wisplease!|87/100
|
|-weather|Sandstorm|[upkeep]
|-damage|p2a: Zapdos|94/100|[from] Sandstorm
|-damage|p1a: waiter wisplease!|81/100|[from] Sandstorm
|-heal|p2a: Zapdos|100/100|[from] item: Leftovers
|-heal|p1a: waiter wisplease!|87/100|[from] item: Leftovers
|upkeep
|turn|25
|
|t:|1729721464
|move|p2a: Zapdos|Baton Pass|p2a: Zapdos
|
|t:|1729721466
|switch|p2a: Celebi|Celebi|56/100|[from] Baton Pass
|-damage|p2a: Celebi|44/100|[from] Spikes
|move|p1a: waiter wisplease!|Toxic|p2a: Celebi
|-status|p2a: Celebi|tox
|
|-weather|Sandstorm|[upkeep]
|-damage|p2a: Celebi|38/100 tox|[from] Sandstorm
|-damage|p1a: waiter wisplease!|81/100|[from] Sandstorm
|-heal|p2a: Celebi|44/100 tox|[from] item: Leftovers
|-damage|p2a: Celebi|38/100 tox|[from] psn
|-heal|p1a: waiter wisplease!|87/100|[from] item: Leftovers
|upkeep
|turn|26
|
|t:|1729721469
|move|p2a: Celebi|Recover|p2a: Celebi
|-heal|p2a: Celebi|88/100 tox
|move|p1a: waiter wisplease!|Pursuit|p2a: Celebi
|-supereffective|p2a: Celebi
|-crit|p2a: Celebi
|-damage|p2a: Celebi|54/100 tox
|
|-weather|Sandstorm|[upkeep]
|-damage|p2a: Celebi|48/100 tox|[from] Sandstorm
|-damage|p1a: waiter wisplease!|81/100|[from] Sandstorm
|-heal|p2a: Celebi|54/100 tox|[from] item: Leftovers
|-damage|p2a: Celebi|42/100 tox|[from] psn
|-heal|p1a: waiter wisplease!|87/100|[from] item: Leftovers
|upkeep
|turn|27
|
|t:|1729721474
|move|p2a: Celebi|Recover|p2a: Celebi
|-heal|p2a: Celebi|92/100 tox
|move|p1a: waiter wisplease!|Pursuit|p2a: Celebi
|-supereffective|p2a: Celebi
|-damage|p2a: Celebi|74/100 tox
|
|-weather|Sandstorm|[upkeep]
|-damage|p2a: Celebi|68/100 tox|[from] Sandstorm
|-damage|p1a: waiter wisplease!|81/100|[from] Sandstorm
|-heal|p2a: Celebi|74/100 tox|[from] item: Leftovers
|-damage|p2a: Celebi|55/100 tox|[from] psn
|-heal|p1a: waiter wisplease!|87/100|[from] item: Leftovers
|upkeep
|turn|28
|
|t:|1729721484
|-activate|p2a: Celebi|move: Pursuit
|move|p1a: waiter wisplease!|Pursuit|p2a: Celebi|[from]Pursuit
|-supereffective|p2a: Celebi
|-damage|p2a: Celebi|23/100 tox
|-curestatus|p2a: Celebi|tox|[from] ability: Natural Cure
|switch|p2a: Tyranitar|Tyranitar, F|63/100 tox
|-damage|p2a: Tyranitar|51/100 tox|[from] Spikes
|
|-weather|Sandstorm|[upkeep]
|-damage|p1a: waiter wisplease!|81/100|[from] Sandstorm
|-heal|p1a: waiter wisplease!|87/100|[from] item: Leftovers
|-heal|p2a: Tyranitar|57/100 tox|[from] item: Leftovers
|-damage|p2a: Tyranitar|51/100 tox|[from] psn
|upkeep
|turn|29
|
|t:|1729721495
|switch|p2a: Celebi|Celebi|23/100
|-damage|p2a: Celebi|11/100|[from] Spikes
|move|p1a: waiter wisplease!|Wish|p1a: waiter wisplease!
|
|-weather|Sandstorm|[upkeep]
|-damage|p2a: Celebi|5/100|[from] Sandstorm
|-damage|p1a: waiter wisplease!|81/100|[from] Sandstorm
|-heal|p2a: Celebi|11/100|[from] item: Leftovers
|-heal|p1a: waiter wisplease!|87/100|[from] item: Leftovers
|upkeep
|turn|30
|
|t:|1729721511
|switch|p1a: jump & pop???|Snorlax, F|38/100 slp
|move|p2a: Celebi|Recover|p2a: Celebi
|-heal|p2a: Celebi|61/100
|
|-heal|p1a: jump & pop???|87/100 slp|[from] move: Wish|[wisher] waiter wisplease!
|-weather|Sandstorm|[upkeep]
|-damage|p2a: Celebi|55/100|[from] Sandstorm
|-damage|p1a: jump & pop???|81/100 slp|[from] Sandstorm
|-heal|p2a: Celebi|61/100|[from] item: Leftovers
|-heal|p1a: jump & pop???|87/100 slp|[from] item: Leftovers
|upkeep
|turn|31
|
|t:|1729721514
|move|p2a: Celebi|Leech Seed|p1a: jump & pop???|[miss]
|-miss|p2a: Celebi|p1a: jump & pop???
|cant|p1a: jump & pop???|slp
|
|-weather|Sandstorm|[upkeep]
|-damage|p2a: Celebi|55/100|[from] Sandstorm
|-damage|p1a: jump & pop???|81/100 slp|[from] Sandstorm
|-heal|p2a: Celebi|61/100|[from] item: Leftovers
|-heal|p1a: jump & pop???|87/100 slp|[from] item: Leftovers
|upkeep
|turn|32
|
|t:|1729721519
|switch|p1a: waiter wisplease!|Umbreon, M|87/100
|move|p2a: Celebi|Leech Seed|p1a: waiter wisplease!
|-start|p1a: waiter wisplease!|move: Leech Seed
|
|-weather|Sandstorm|[upkeep]
|-damage|p2a: Celebi|55/100|[from] Sandstorm
|-damage|p1a: waiter wisplease!|81/100|[from] Sandstorm
|-heal|p2a: Celebi|61/100|[from] item: Leftovers
|-heal|p1a: waiter wisplease!|87/100|[from] item: Leftovers
|-damage|p1a: waiter wisplease!|75/100|[from] Leech Seed|[of] p2a: Celebi
|-heal|p2a: Celebi|73/100|[silent]
|upkeep
|turn|33
|
|t:|1729721524
|move|p2a: Celebi|Baton Pass|p2a: Celebi
|
|t:|1729721525
|switch|p2a: Dugtrio|Dugtrio, M|100/100|[from] Baton Pass
|-damage|p2a: Dugtrio|88/100|[from] Spikes
|move|p1a: waiter wisplease!|Wish|p1a: waiter wisplease!
|
|-weather|Sandstorm|[upkeep]
|-damage|p1a: waiter wisplease!|69/100|[from] Sandstorm
|-heal|p1a: waiter wisplease!|75/100|[from] item: Leftovers
|-damage|p1a: waiter wisplease!|62/100|[from] Leech Seed|[of] p2a: Dugtrio
|-heal|p2a: Dugtrio|100/100|[silent]
|upkeep
|turn|34
|
|t:|1729721532
|move|p2a: Dugtrio|Earthquake|p1a: waiter wisplease!
|-damage|p1a: waiter wisplease!|17/100
|move|p1a: waiter wisplease!|Toxic|p2a: Dugtrio
|-status|p2a: Dugtrio|tox
|
|-heal|p1a: waiter wisplease!|67/100|[from] move: Wish|[wisher] waiter wisplease!
|-weather|Sandstorm|[upkeep]
|-damage|p1a: waiter wisplease!|61/100|[from] Sandstorm
|-damage|p2a: Dugtrio|94/100 tox|[from] psn
|-heal|p1a: waiter wisplease!|67/100|[from] item: Leftovers
|-damage|p1a: waiter wisplease!|55/100|[from] Leech Seed|[of] p2a: Dugtrio
|-heal|p2a: Dugtrio|100/100 tox|[silent]
|upkeep
|turn|35
|
|t:|1729721540
|move|p2a: Dugtrio|Earthquake|p1a: waiter wisplease!
|-damage|p1a: waiter wisplease!|12/100
|move|p1a: waiter wisplease!|Wish|p1a: waiter wisplease!
|
|-weather|Sandstorm|[upkeep]
|-damage|p1a: waiter wisplease!|6/100|[from] Sandstorm
|-damage|p2a: Dugtrio|88/100 tox|[from] psn
|-heal|p1a: waiter wisplease!|12/100|[from] item: Leftovers
|-damage|p1a: waiter wisplease!|0 fnt|[from] Leech Seed|[of] p2a: Dugtrio
|-heal|p2a: Dugtrio|100/100 tox|[silent]
|faint|p1a: waiter wisplease!
|upkeep
|
|t:|1729721543
|switch|p1a: wikipedia.org/jum|Salamence, F|100/100
|-ability|p1a: wikipedia.org/jum|Intimidate|boost
|-unboost|p2a: Dugtrio|atk|1
|turn|36
|
|t:|1729721560
|switch|p2a: Zapdos|Zapdos|100/100
|move|p1a: wikipedia.org/jum|Hidden Power|p2a: Zapdos
|-resisted|p2a: Zapdos
|-damage|p2a: Zapdos|79/100
|
|-weather|Sandstorm|[upkeep]
|-damage|p2a: Zapdos|73/100|[from] Sandstorm
|-damage|p1a: wikipedia.org/jum|94/100|[from] Sandstorm
|-heal|p2a: Zapdos|79/100|[from] item: Leftovers
|-heal|p1a: wikipedia.org/jum|100/100|[from] item: Leftovers
|upkeep
|turn|37
|
|t:|1729721568
|move|p2a: Zapdos|Thunderbolt|p1a: wikipedia.org/jum
|-damage|p1a: wikipedia.org/jum|42/100
|move|p1a: wikipedia.org/jum|Flamethrower|p2a: Zapdos
|-damage|p2a: Zapdos|50/100
|
|-weather|Sandstorm|[upkeep]
|-damage|p2a: Zapdos|44/100|[from] Sandstorm
|-damage|p1a: wikipedia.org/jum|36/100|[from] Sandstorm
|-heal|p2a: Zapdos|50/100|[from] item: Leftovers
|-heal|p1a: wikipedia.org/jum|42/100|[from] item: Leftovers
|upkeep
|turn|38
|
|t:|1729721574
|switch|p1a: play in da mud|Swampert, F|70/100
|move|p2a: Zapdos|Thunderbolt|p1a: play in da mud
|-immune|p1a: play in da mud
|
|-weather|Sandstorm|[upkeep]
|-damage|p2a: Zapdos|44/100|[from] Sandstorm
|-heal|p2a: Zapdos|50/100|[from] item: Leftovers
|-heal|p1a: play in da mud|76/100|[from] item: Leftovers
|upkeep
|turn|39
|
|t:|1729721578
|move|p1a: play in da mud|Protect|p1a: play in da mud
|-singleturn|p1a: play in da mud|Protect
|move|p2a: Zapdos|Hidden Power|p1a: play in da mud
|-activate|p1a: play in da mud|Protect
|
|-weather|Sandstorm|[upkeep]
|-damage|p2a: Zapdos|44/100|[from] Sandstorm
|-heal|p2a: Zapdos|50/100|[from] item: Leftovers
|-heal|p1a: play in da mud|82/100|[from] item: Leftovers
|upkeep
|turn|40
|
|t:|1729721584
|switch|p1a: crotons|Forretress, M|100/100
|move|p2a: Zapdos|Baton Pass|p2a: Zapdos
|
|t:|1729721594
|switch|p2a: Starmie|Starmie|100/100|[from] Baton Pass
|-damage|p2a: Starmie|88/100|[from] Spikes
|
|-weather|Sandstorm|[upkeep]
|-damage|p2a: Starmie|82/100|[from] Sandstorm
|-heal|p2a: Starmie|88/100|[from] item: Leftovers
|upkeep
|turn|41
|
|t:|1729721600
|move|p2a: Starmie|Rapid Spin|p1a: crotons
|-resisted|p1a: crotons
|-damage|p1a: crotons|99/100
|-sideend|p2: lemoncholy|Spikes|[from] move: Rapid Spin|[of] p2a: Starmie
|move|p1a: crotons|Hidden Power|p2a: Starmie
|-supereffective|p2a: Starmie
|-damage|p2a: Starmie|46/100
|
|-weather|Sandstorm|[upkeep]
|-damage|p2a: Starmie|40/100|[from] Sandstorm
|-heal|p2a: Starmie|46/100|[from] item: Leftovers
|-heal|p1a: crotons|100/100|[from] item: Leftovers
|upkeep
|turn|42
|inactive|lemoncholy has 270 seconds left.
|inactive|lemoncholy has 240 seconds left.
|
|t:|1729721664
|switch|p2a: Zapdos|Zapdos|50/100
|move|p1a: crotons|Spikes|p2a: Zapdos
|-sidestart|p2: lemoncholy|Spikes
|
|-weather|Sandstorm|[upkeep]
|-damage|p2a: Zapdos|44/100|[from] Sandstorm
|-heal|p2a: Zapdos|50/100|[from] item: Leftovers
|upkeep
|turn|43
|
|t:|1729721669
|move|p2a: Zapdos|Thunder Wave|p1a: crotons
|-status|p1a: crotons|par
|move|p1a: crotons|Hidden Power|p2a: Zapdos
|-damage|p2a: Zapdos|33/100
|
|-weather|Sandstorm|[upkeep]
|-damage|p2a: Zapdos|27/100|[from] Sandstorm
|-heal|p2a: Zapdos|33/100|[from] item: Leftovers
|upkeep
|turn|44
|
|t:|1729721675
|move|p2a: Zapdos|Thunderbolt|p1a: crotons
|-damage|p1a: crotons|52/100 par
|move|p1a: crotons|Hidden Power|p2a: Zapdos
|-damage|p2a: Zapdos|15/100
|
|-weather|Sandstorm|[upkeep]
|-damage|p2a: Zapdos|9/100|[from] Sandstorm
|-heal|p2a: Zapdos|15/100|[from] item: Leftovers
|-heal|p1a: crotons|58/100 par|[from] item: Leftovers
|upkeep
|turn|45
|
|t:|1729721688
|switch|p1a: play in da mud|Swampert, F|82/100
|move|p2a: Zapdos|Thunderbolt|p1a: play in da mud
|-immune|p1a: play in da mud
|
|-weather|Sandstorm|[upkeep]
|-damage|p2a: Zapdos|9/100|[from] Sandstorm
|-heal|p2a: Zapdos|15/100|[from] item: Leftovers
|-heal|p1a: play in da mud|89/100|[from] item: Leftovers
|upkeep
|turn|46
|
|t:|1729721693
|switch|p1a: jump & pop???|Snorlax, F|87/100 slp
|move|p2a: Zapdos|Baton Pass|p2a: Zapdos
|
|t:|1729721700
|switch|p2a: Celebi|Celebi|73/100|[from] Baton Pass
|-damage|p2a: Celebi|61/100|[from] Spikes
|
|-weather|Sandstorm|[upkeep]
|-damage|p2a: Celebi|54/100|[from] Sandstorm
|-damage|p1a: jump & pop???|81/100 slp|[from] Sandstorm
|-heal|p2a: Celebi|61/100|[from] item: Leftovers
|-heal|p1a: jump & pop???|87/100 slp|[from] item: Leftovers
|upkeep
|turn|47
|
|t:|1729721705
|switch|p1a: wikipedia.org/jum|Salamence, F|42/100
|-ability|p1a: wikipedia.org/jum|Intimidate|boost
|-unboost|p2a: Celebi|atk|1
|move|p2a: Celebi|Leech Seed|p1a: wikipedia.org/jum
|-start|p1a: wikipedia.org/jum|move: Leech Seed
|
|-weather|Sandstorm|[upkeep]
|-damage|p1a: wikipedia.org/jum|36/100|[from] Sandstorm
|-damage|p2a: Celebi|54/100|[from] Sandstorm
|-heal|p1a: wikipedia.org/jum|42/100|[from] item: Leftovers
|-damage|p1a: wikipedia.org/jum|30/100|[from] Leech Seed|[of] p2a: Celebi
|-heal|p2a: Celebi|65/100|[silent]
|-heal|p2a: Celebi|72/100|[from] item: Leftovers
|upkeep
|turn|48
|
|t:|1729721724
|switch|p2a: Starmie|Starmie|46/100
|-damage|p2a: Starmie|34/100|[from] Spikes
|move|p1a: wikipedia.org/jum|Hidden Power|p2a: Starmie
|-damage|p2a: Starmie|0 fnt
|faint|p2a: Starmie
|
|t:|1729721733
|switch|p2a: Zapdos|Zapdos|15/100
|
|-weather|Sandstorm|[upkeep]
|-damage|p2a: Zapdos|9/100|[from] Sandstorm
|-damage|p1a: wikipedia.org/jum|23/100|[from] Sandstorm
|-heal|p2a: Zapdos|15/100|[from] item: Leftovers
|-heal|p1a: wikipedia.org/jum|30/100|[from] item: Leftovers
|-damage|p1a: wikipedia.org/jum|17/100|[from] Leech Seed|[of] p2a: Zapdos
|-heal|p2a: Zapdos|29/100|[silent]
|upkeep
|turn|49
|
|t:|1729721741
|switch|p1a: play in da mud|Swampert, F|89/100
|move|p2a: Zapdos|Hidden Power|p1a: play in da mud
|-supereffective|p1a: play in da mud
|-damage|p1a: play in da mud|6/100
|
|-weather|Sandstorm|[upkeep]
|-damage|p2a: Zapdos|23/100|[from] Sandstorm
|-heal|p2a: Zapdos|29/100|[from] item: Leftovers
|-heal|p1a: play in da mud|13/100|[from] item: Leftovers
|upkeep
|turn|50
|
|t:|1729721747
|move|p2a: Zapdos|Hidden Power|p1a: play in da mud
|-supereffective|p1a: play in da mud
|-damage|p1a: play in da mud|0 fnt
|faint|p1a: play in da mud
|
|t:|1729721750
|switch|p1a: jump & pop???|Snorlax, F|87/100 slp
|
|-weather|Sandstorm|[upkeep]
|-damage|p2a: Zapdos|23/100|[from] Sandstorm
|-damage|p1a: jump & pop???|81/100 slp|[from] Sandstorm
|-heal|p2a: Zapdos|29/100|[from] item: Leftovers
|-heal|p1a: jump & pop???|87/100 slp|[from] item: Leftovers
|upkeep
|turn|51
|
|t:|1729721760
|move|p2a: Zapdos|Baton Pass|p2a: Zapdos
|
|t:|1729721762
|switch|p2a: Celebi|Celebi|72/100|[from] Baton Pass
|-damage|p2a: Celebi|59/100|[from] Spikes
|-curestatus|p1a: jump & pop???|slp|[msg]
|move|p1a: jump & pop???|Return|p2a: Celebi
|-damage|p2a: Celebi|25/100
|
|-weather|Sandstorm|[upkeep]
|-damage|p2a: Celebi|19/100|[from] Sandstorm
|-damage|p1a: jump & pop???|81/100|[from] Sandstorm
|-heal|p2a: Celebi|25/100|[from] item: Leftovers
|-heal|p1a: jump & pop???|87/100|[from] item: Leftovers
|upkeep
|turn|52
|
|t:|1729721775
|move|p2a: Celebi|Recover|p2a: Celebi
|-heal|p2a: Celebi|75/100
|move|p1a: jump & pop???|Return|p2a: Celebi
|-damage|p2a: Celebi|41/100
|
|-weather|Sandstorm|[upkeep]
|-damage|p2a: Celebi|35/100|[from] Sandstorm
|-damage|p1a: jump & pop???|81/100|[from] Sandstorm
|-heal|p2a: Celebi|41/100|[from] item: Leftovers
|-heal|p1a: jump & pop???|87/100|[from] item: Leftovers
|upkeep
|turn|53
|
|t:|1729721782
|switch|p1a: wikipedia.org/jum|Salamence, F|17/100
|-ability|p1a: wikipedia.org/jum|Intimidate|boost
|-unboost|p2a: Celebi|atk|1
|move|p2a: Celebi|Recover|p2a: Celebi
|-heal|p2a: Celebi|91/100
|
|-weather|Sandstorm|[upkeep]
|-damage|p1a: wikipedia.org/jum|11/100|[from] Sandstorm
|-damage|p2a: Celebi|85/100|[from] Sandstorm
|-heal|p1a: wikipedia.org/jum|17/100|[from] item: Leftovers
|-heal|p2a: Celebi|91/100|[from] item: Leftovers
|upkeep
|turn|54
|
|t:|1729721797
|move|p1a: wikipedia.org/jum|Wish|p1a: wikipedia.org/jum
|move|p2a: Celebi|Psychic|p1a: wikipedia.org/jum
|-damage|p1a: wikipedia.org/jum|0 fnt
|faint|p1a: wikipedia.org/jum
|
|t:|1729721801
|switch|p1a: jump & pop???|Snorlax, F|87/100
|
|-weather|Sandstorm|[upkeep]
|-damage|p2a: Celebi|85/100|[from] Sandstorm
|-damage|p1a: jump & pop???|81/100|[from] Sandstorm
|-heal|p2a: Celebi|91/100|[from] item: Leftovers
|-heal|p1a: jump & pop???|87/100|[from] item: Leftovers
|upkeep
|turn|55
|
|t:|1729721804
|move|p2a: Celebi|Leech Seed|p1a: jump & pop???
|-start|p1a: jump & pop???|move: Leech Seed
|move|p1a: jump & pop???|Curse|p1a: jump & pop???
|-unboost|p1a: jump & pop???|spe|1
|-boost|p1a: jump & pop???|atk|1
|-boost|p1a: jump & pop???|def|1
|
|-heal|p1a: jump & pop???|100/100|[from] move: Wish|[wisher] wikipedia.org/jum
|-weather|Sandstorm|[upkeep]
|-damage|p2a: Celebi|85/100|[from] Sandstorm
|-damage|p1a: jump & pop???|94/100|[from] Sandstorm
|-heal|p2a: Celebi|91/100|[from] item: Leftovers
|-heal|p1a: jump & pop???|100/100|[from] item: Leftovers
|-damage|p1a: jump & pop???|88/100|[from] Leech Seed|[of] p2a: Celebi
|-heal|p2a: Celebi|100/100|[silent]
|upkeep
|turn|56
|
|t:|1729721819
|switch|p2a: Swampert|Swampert, F|76/100
|-damage|p2a: Swampert|64/100|[from] Spikes
|move|p1a: jump & pop???|Curse|p1a: jump & pop???
|-unboost|p1a: jump & pop???|spe|1
|-boost|p1a: jump & pop???|atk|1
|-boost|p1a: jump & pop???|def|1
|
|-weather|Sandstorm|[upkeep]
|-damage|p1a: jump & pop???|82/100|[from] Sandstorm
|-heal|p2a: Swampert|70/100|[from] item: Leftovers
|-heal|p1a: jump & pop???|88/100|[from] item: Leftovers
|-damage|p1a: jump & pop???|76/100|[from] Leech Seed|[of] p2a: Swampert
|-heal|p2a: Swampert|85/100|[silent]
|upkeep
|turn|57
|
|t:|1729721826
|move|p2a: Swampert|Hydro Pump|p1a: jump & pop???
|-damage|p1a: jump & pop???|56/100
|move|p1a: jump & pop???|Return|p2a: Swampert
|-damage|p2a: Swampert|27/100
|
|-weather|Sandstorm|[upkeep]
|-damage|p1a: jump & pop???|49/100|[from] Sandstorm
|-heal|p2a: Swampert|34/100|[from] item: Leftovers
|-heal|p1a: jump & pop???|56/100|[from] item: Leftovers
|-damage|p1a: jump & pop???|43/100|[from] Leech Seed|[of] p2a: Swampert
|-heal|p2a: Swampert|49/100|[silent]
|upkeep
|turn|58
|
|t:|1729721834
|move|p2a: Swampert|Hydro Pump|p1a: jump & pop???
|-damage|p1a: jump & pop???|23/100
|move|p1a: jump & pop???|Rest|p1a: jump & pop???
|-status|p1a: jump & pop???|slp|[from] move: Rest
|-heal|p1a: jump & pop???|100/100 slp|[silent]
|
|-weather|Sandstorm|[upkeep]
|-damage|p1a: jump & pop???|94/100 slp|[from] Sandstorm
|-heal|p2a: Swampert|55/100|[from] item: Leftovers
|-heal|p1a: jump & pop???|100/100 slp|[from] item: Leftovers
|-damage|p1a: jump & pop???|88/100 slp|[from] Leech Seed|[of] p2a: Swampert
|-heal|p2a: Swampert|71/100|[silent]
|upkeep
|turn|59
|
|t:|1729721837
|-singleturn|p2a: Swampert|move: Focus Punch
|cant|p1a: jump & pop???|slp
|move|p2a: Swampert|Focus Punch|p1a: jump & pop???
|-supereffective|p1a: jump & pop???
|-crit|p1a: jump & pop???
|-damage|p1a: jump & pop???|0 fnt
|faint|p1a: jump & pop???
|
|t:|1729721840
|switch|p1a: crotons|Forretress, M|58/100 par
|
|-weather|Sandstorm|[upkeep]
|-heal|p2a: Swampert|77/100|[from] item: Leftovers
|-heal|p1a: crotons|64/100 par|[from] item: Leftovers
|upkeep
|turn|60
|
|t:|1729721845
|move|p2a: Swampert|Hydro Pump|p1a: crotons
|-damage|p1a: crotons|30/100 par
|cant|p1a: crotons|par
|
|-weather|Sandstorm|[upkeep]
|-heal|p2a: Swampert|83/100|[from] item: Leftovers
|-heal|p1a: crotons|36/100 par|[from] item: Leftovers
|upkeep
|turn|61
|-message|fayestra forfeited.
|
|win|lemoncholy
|player|p2|
|player|p2|lemoncholy|will|
|player|p1|
|player|p2|
|player|p1|fayestra|kris-gen2|

</script>
<script type="application/json" class="data" id="replaydata-smogtours-gen3ou-801441">
{"id":"smogtours-gen3ou-801441","format":"[Gen 3] OU","players":["fayestra","lemoncholy"],"uploadtime":1729721845,"views":81,"formatid":"gen3ou","rating":null,"private":0,"password":null}
</script>

<script defer src="js/replays.js?9d40a366"></script>
