<!DOCTYPE html>
<meta charset="utf-8" />
<meta name="viewport" content="width=device-width" />

<title>[Gen 3] OU: aldrich_unfaithful vs. draccuscomun - Replays - Pok&eacute;mon Showdown!</title>

<meta name="description" content="Watch a replay of a Pok&eacute;mon battle between aldrich_unfaithful and draccuscomun! Format: [Gen 3] OU; Date: Oct 24, 2024" />
<!--

Hey, you! Looking in the source for the replay log?

You can find them in JSON format, just add `.json` at the end of a replay URL.

https://replay.pokemonshowdown.com/gen7randomdoublesbattle-865046831.json

Or, if you only need the log itself, add `.log` instead:

https://replay.pokemonshowdown.com/gen7randomdoublesbattle-865046831.log

-->

<link rel="stylesheet" href="//pokemonshowdown.com/style/global.css?0.767286132409787" />
<link rel="stylesheet" href="//play.pokemonshowdown.com/style/font-awesome.css?0.9266228007934947" />
<link rel="stylesheet" href="//play.pokemonshowdown.com/style/battle.css?0.7924700842790926" />
<link rel="stylesheet" href="//play.pokemonshowdown.com/style/utilichart.css?0.8777417872839479" />

<!-- Global site tag (gtag.js) - Google Analytics -->
<script async src="https://www.googletagmanager.com/gtag/js?id=UA-26211653-1"></script>
<script>
  window.dataLayer = window.dataLayer || [];
  function gtag(){dataLayer.push(arguments);}
  gtag('js', new Date());

  gtag('config', 'UA-26211653-1');
</script>
<!-- End Google Analytics -->
<!-- Venatus Ad Manager - Install in <HEAD> of page -->
	<script src="https://hb.vntsm.com/v3/live/ad-manager.min.js" type="text/javascript" data-site-id="642aba63ec9a7b11c3c9c1be" data-mode="scan" async></script>
<!-- / Venatus Ad Manager -->

<style>
	@media (max-width:820px) {
		.battle {
			margin: 0 auto;
		}
		.battle-log {
			margin: 7px auto 0;
			max-width: 640px;
			height: 300px;
			position: static;
		}
	}
	.optgroup {
		display: inline-block;
		line-height: 22px;
		font-size: 10pt;
	}
	.optgroup .button {
		height: 25px;
		padding-top: 0;
		padding-bottom: 0;
	}
	.optgroup button.button {
		padding-left: 12px;
		padding-right: 12px;
	}
	.linklist {
		list-style: none;
		margin: 0.5em 0;
		padding: 0;
	}
	.linklist li {
		padding: 2px 0;
	}
	.sidebar {
		float: left;
		width: 320px;
	}
	.bar-wrapper {
		max-width: 1100px;
		margin: 0 auto;
	}
	.bar-wrapper.has-sidebar {
		max-width: 1430px;
	}
	.mainbar {
		margin: 0;
		padding-right: 1px;
	}
	.mainbar.has-sidebar {
		margin-left: 330px;
	}
	@media (min-width: 1511px) {
		.sidebar {
			width: 400px;
		}
		.bar-wrapper.has-sidebar {
			max-width: 1510px;
		}
		.mainbar.has-sidebar {
			margin-left: 410px;
		}
	}
	.section.first-section {
		margin-top: 9px;
	}
	.blocklink small {
		white-space: normal;
	}
	.button {
		vertical-align: middle;
	}
	.replay-controls {
		padding-top: 10px;
	}
	.replay-controls h1 {
		font-size: 16pt;
		font-weight: normal;
		color: #CCC;
	}
	.pagelink {
		text-align: center;
	}
	.pagelink a {
		width: 150px;
	}
	.textbox, .button {
		font-size: 11pt;
		vertical-align: middle;
	}
	@media (max-width: 450px) {
		.button {
			font-size: 9pt;
		}
	}
</style>

<div>

	<header>
		<div class="nav-wrapper"><ul class="nav">
			<li><a class="button nav-first" href="//pokemonshowdown.com/"><img src="//pokemonshowdown.com/images/pokemonshowdownbeta.png" srcset="//pokemonshowdown.com/images/pokemonshowdownbeta.png 1x, //pokemonshowdown.com/images/pokemonshowdownbeta@2x.png 2x" alt="Pok&eacute;mon Showdown" width="146" height="44" /> Home</a></li>
			<li><a class="button" href="//pokemonshowdown.com/dex/">Pok&eacute;dex</a></li>
			<li><a class="button cur" href="/">Replays</a></li>
			<li><a class="button" href="//pokemonshowdown.com/ladder/">Ladder</a></li>
			<li><a class="button nav-last" href="//pokemonshowdown.com/forums/">Forum</a></li>
			<li><a class="button greenbutton nav-first nav-last" href="//play.pokemonshowdown.com/">Play</a></li>
		</ul></div>
	</header>

	<div class="main" id="main">

		<noscript><section class="section">You need to enable JavaScript to use this page; sorry!</section></noscript>

	</div>

</div>

<script defer nomodule src="//play.pokemonshowdown.com/js/lib/ps-polyfill.js"></script>
<script defer src="//play.pokemonshowdown.com/js/lib/preact.min.js"></script>

<script defer src="//play.pokemonshowdown.com/config/config.js?6dec07f6"></script>
<script defer src="//play.pokemonshowdown.com/js/lib/jquery-1.11.0.min.js"></script>
<script defer src="//play.pokemonshowdown.com/js/lib/html-sanitizer-minified.js"></script>
<script defer src="//play.pokemonshowdown.com/js/battle-sound.js"></script>
<script defer src="//play.pokemonshowdown.com/js/battledata.js?0.6315294753075389"></script>
<script defer src="//play.pokemonshowdown.com/data/pokedex-mini.js?0.7603743185311358"></script>
<script defer src="//play.pokemonshowdown.com/data/pokedex-mini-bw.js?0.030888842834281283"></script>
<script defer src="//play.pokemonshowdown.com/data/graphics.js?0.05593094747507488"></script>
<script defer src="//play.pokemonshowdown.com/data/pokedex.js?0.47064822249611904"></script>
<script defer src="//play.pokemonshowdown.com/data/moves.js?0.8583693120512459"></script>
<script defer src="//play.pokemonshowdown.com/data/abilities.js?0.16017181182386842"></script>
<script defer src="//play.pokemonshowdown.com/data/items.js?0.4163379185673943"></script>
<script defer src="//play.pokemonshowdown.com/data/teambuilder-tables.js?0.31075597372830477"></script>
<script defer src="//play.pokemonshowdown.com/js/battle-tooltips.js?0.6536193500708172"></script>
<script defer src="//play.pokemonshowdown.com/js/battle.js?0.1916591943277901"></script>

<script defer src="js/utils.js?e31f9a17"></script>
<script defer src="js/replays-battle.js?7008c182"></script>

<!-- don't scrape this data! just add .json or .log after the URL!
Full API docs: https://github.com/smogon/pokemon-showdown-client/blob/master/WEB-API.md -->
<script type="text/plain" class="log" id="replaylog-smogtours-gen3ou-801545">
|inactive|Battle timer is ON: inactive players will automatically lose when time's up.
|t:|1729782874
|gametype|singles
|player|p1|aldrich_unfaithful|veteranf|
|player|p2|draccuscomun|ruinmaniac|
|teamsize|p1|6
|teamsize|p2|6
|gen|3
|tier|[Gen 3] OU
|rule|Sleep Clause Mod: Limit one foe put to sleep
|rule|Switch Priority Clause Mod: Faster Pokémon switch first
|rule|Species Clause: Limit one of each Pokémon
|rule|OHKO Clause: OHKO moves are banned
|rule|Evasion Items Clause: Evasion items are banned
|rule|Evasion Moves Clause: Evasion moves are banned
|rule|Endless Battle Clause: Forcing endless battles is banned
|rule|HP Percentage Mod: HP is shown in percentages
|rule|One Boost Passer Clause: Limit one Baton Passer that has a way to boost its stats
|rule|Freeze Clause Mod: Limit one foe frozen
|
|t:|1729782874
|start
|switch|p1a: Glalie|Glalie, M|100/100
|switch|p2a: Salamence|Salamence, M|100/100
|-ability|p2a: Salamence|Intimidate|boost
|-unboost|p1a: Glalie|atk|1
|turn|1
|inactive|draccuscomun has 270 seconds left.
|
|t:|1729782907
|switch|p2a: Snorlax|Snorlax, F|100/100
|move|p1a: Glalie|Spikes|p2a: Snorlax
|-sidestart|p2: draccuscomun|Spikes
|
|upkeep
|turn|2
|
|t:|1729782915
|-singleturn|p2a: Snorlax|move: Focus Punch
|move|p1a: Glalie|Spikes|p2a: Snorlax
|-sidestart|p2: draccuscomun|Spikes
|move|p2a: Snorlax|Focus Punch|p1a: Glalie
|-supereffective|p1a: Glalie
|-damage|p1a: Glalie|0 fnt
|faint|p1a: Glalie
|
|t:|1729782920
|switch|p1a: Tyranitar|Tyranitar, M|100/100
|-weather|Sandstorm|[from] ability: Sand Stream|[of] p1a: Tyranitar
|
|-weather|Sandstorm|[upkeep]
|-damage|p2a: Snorlax|94/100|[from] Sandstorm
|-heal|p2a: Snorlax|100/100|[from] item: Leftovers
|upkeep
|turn|3
|
|t:|1729782928
|-singleturn|p1a: Tyranitar|move: Focus Punch
|switch|p2a: Swampert|Swampert, F|100/100
|-damage|p2a: Swampert|84/100|[from] Spikes
|move|p1a: Tyranitar|Focus Punch|p2a: Swampert
|-damage|p2a: Swampert|45/100
|
|-weather|Sandstorm|[upkeep]
|-heal|p2a: Swampert|51/100|[from] item: Leftovers
|upkeep
|turn|4
|
|t:|1729782939
|switch|p1a: Gengar|Gengar, F|100/100
|move|p2a: Swampert|Ice Beam|p1a: Gengar
|-damage|p1a: Gengar|77/100
|
|-weather|Sandstorm|[upkeep]
|-damage|p1a: Gengar|71/100|[from] Sandstorm
|-heal|p1a: Gengar|77/100|[from] item: Leftovers
|-heal|p2a: Swampert|57/100|[from] item: Leftovers
|upkeep
|turn|5
|
|t:|1729782948
|switch|p1a: Tyranitar|Tyranitar, M|100/100
|move|p2a: Swampert|Protect||[still]
|-fail|p2a: Swampert
|
|-weather|Sandstorm|[upkeep]
|-heal|p2a: Swampert|63/100|[from] item: Leftovers
|upkeep
|turn|6
|
|t:|1729782958
|switch|p1a: Gengar|Gengar, F|77/100
|move|p2a: Swampert|Surf|p1a: Gengar
|-damage|p1a: Gengar|37/100
|
|-weather|Sandstorm|[upkeep]
|-damage|p1a: Gengar|30/100|[from] Sandstorm
|-heal|p1a: Gengar|37/100|[from] item: Leftovers
|-heal|p2a: Swampert|69/100|[from] item: Leftovers
|upkeep
|turn|7
|
|t:|1729782966
|move|p2a: Swampert|Protect|p2a: Swampert
|-singleturn|p2a: Swampert|Protect
|move|p1a: Gengar|Hidden Power|p2a: Swampert
|-activate|p2a: Swampert|Protect
|
|-weather|Sandstorm|[upkeep]
|-damage|p1a: Gengar|30/100|[from] Sandstorm
|-heal|p1a: Gengar|37/100|[from] item: Leftovers
|-heal|p2a: Swampert|75/100|[from] item: Leftovers
|upkeep
|turn|8
|
|t:|1729782976
|switch|p1a: Tyranitar|Tyranitar, M|100/100
|switch|p2a: Aerodactyl|Aerodactyl, M|100/100
|
|-weather|Sandstorm|[upkeep]
|upkeep
|turn|9
|
|t:|1729783003
|switch|p1a: Swampert|Swampert, F|100/100
|move|p2a: Aerodactyl|Earthquake|p1a: Swampert
|-damage|p1a: Swampert|72/100
|
|-weather|Sandstorm|[upkeep]
|-heal|p1a: Swampert|78/100|[from] item: Leftovers
|upkeep
|turn|10
|inactive|draccuscomun has 270 seconds left.
|
|t:|1729783027
|switch|p2a: Gengar|Gengar, F, shiny|100/100
|switch|p1a: Aerodactyl|Aerodactyl, F|100/100
|
|-weather|Sandstorm|[upkeep]
|-damage|p2a: Gengar|95/100|[from] Sandstorm
|-heal|p2a: Gengar|100/100|[from] item: Leftovers
|upkeep
|turn|11
|inactive|draccuscomun has 270 seconds left.
|
|t:|1729783061
|switch|p1a: Regice|Regice|100/100
|switch|p2a: Swampert|Swampert, F|75/100
|-damage|p2a: Swampert|58/100|[from] Spikes
|
|-weather|Sandstorm|[upkeep]
|-damage|p1a: Regice|94/100|[from] Sandstorm
|-heal|p2a: Swampert|65/100|[from] item: Leftovers
|-heal|p1a: Regice|100/100|[from] item: Leftovers
|upkeep
|turn|12
|
|t:|1729783072
|move|p2a: Swampert|Protect|p2a: Swampert
|-singleturn|p2a: Swampert|Protect
|move|p1a: Regice|Ice Beam|p2a: Swampert
|-activate|p2a: Swampert|Protect
|
|-weather|Sandstorm|[upkeep]
|-damage|p1a: Regice|94/100|[from] Sandstorm
|-heal|p2a: Swampert|71/100|[from] item: Leftovers
|-heal|p1a: Regice|100/100|[from] item: Leftovers
|upkeep
|turn|13
|inactive|draccuscomun has 240 seconds left.
|
|t:|1729783090
|switch|p2a: Umbreon|Umbreon, F, shiny|100/100
|-damage|p2a: Umbreon|84/100|[from] Spikes
|move|p1a: Regice|Ice Beam|p2a: Umbreon
|-damage|p2a: Umbreon|58/100
|
|-weather|Sandstorm|[upkeep]
|-damage|p2a: Umbreon|52/100|[from] Sandstorm
|-damage|p1a: Regice|94/100|[from] Sandstorm
|-heal|p2a: Umbreon|58/100|[from] item: Leftovers
|-heal|p1a: Regice|100/100|[from] item: Leftovers
|upkeep
|turn|14
|inactive|draccuscomun has 240 seconds left.
|
|t:|1729783120
|switch|p1a: Tyranitar|Tyranitar, M|100/100
|move|p2a: Umbreon|Wish|p2a: Umbreon
|
|-weather|Sandstorm|[upkeep]
|-damage|p2a: Umbreon|52/100|[from] Sandstorm
|-heal|p2a: Umbreon|58/100|[from] item: Leftovers
|upkeep
|turn|15
|
|t:|1729783129
|-singleturn|p1a: Tyranitar|move: Focus Punch
|move|p2a: Umbreon|Curse|p2a: Umbreon
|-unboost|p2a: Umbreon|spe|1
|-boost|p2a: Umbreon|atk|1
|-boost|p2a: Umbreon|def|1
|move|p1a: Tyranitar|Focus Punch|p2a: Umbreon
|-supereffective|p2a: Umbreon
|-crit|p2a: Umbreon
|-damage|p2a: Umbreon|0 fnt
|faint|p2a: Umbreon
|
|t:|1729783138
|switch|p2a: Swampert|Swampert, F|71/100
|-damage|p2a: Swampert|54/100|[from] Spikes
|
|-heal|p2a: Swampert|100/100|[from] move: Wish|[wisher] Umbreon
|-weather|Sandstorm|[upkeep]
|upkeep
|turn|16
|
|t:|1729783145
|switch|p1a: Regice|Regice|100/100
|move|p2a: Swampert|Surf|p1a: Regice
|-damage|p1a: Regice|83/100
|
|-weather|Sandstorm|[upkeep]
|-damage|p1a: Regice|77/100|[from] Sandstorm
|-heal|p1a: Regice|83/100|[from] item: Leftovers
|upkeep
|turn|17
|
|t:|1729783152
|move|p2a: Swampert|Earthquake|p1a: Regice
|-damage|p1a: Regice|48/100
|move|p1a: Regice|Ice Beam|p2a: Swampert
|-damage|p2a: Swampert|58/100
|
|-weather|Sandstorm|[upkeep]
|-damage|p1a: Regice|42/100|[from] Sandstorm
|-heal|p2a: Swampert|64/100|[from] item: Leftovers
|-heal|p1a: Regice|48/100|[from] item: Leftovers
|upkeep
|turn|18
|
|t:|1729783162
|switch|p1a: Gengar|Gengar, F|37/100
|move|p2a: Swampert|Protect||[still]
|-fail|p2a: Swampert
|
|-weather|Sandstorm|[upkeep]
|-damage|p1a: Gengar|30/100|[from] Sandstorm
|-heal|p1a: Gengar|37/100|[from] item: Leftovers
|-heal|p2a: Swampert|70/100|[from] item: Leftovers
|upkeep
|turn|19
|
|t:|1729783170
|move|p2a: Swampert|Protect|p2a: Swampert
|-singleturn|p2a: Swampert|Protect
|move|p1a: Gengar|Hidden Power|p2a: Swampert
|-activate|p2a: Swampert|Protect
|
|-weather|Sandstorm|[upkeep]
|-damage|p1a: Gengar|30/100|[from] Sandstorm
|-heal|p1a: Gengar|37/100|[from] item: Leftovers
|-heal|p2a: Swampert|76/100|[from] item: Leftovers
|upkeep
|turn|20
|inactive|draccuscomun has 270 seconds left.
|
|t:|1729783190
|move|p1a: Gengar|Ice Punch|p2a: Swampert
|-damage|p2a: Swampert|55/100
|move|p2a: Swampert|Surf|p1a: Gengar
|-damage|p1a: Gengar|0 fnt
|faint|p1a: Gengar
|
|t:|1729783196
|switch|p1a: Regice|Regice|48/100
|
|-weather|Sandstorm|[upkeep]
|-damage|p1a: Regice|42/100|[from] Sandstorm
|-heal|p2a: Swampert|62/100|[from] item: Leftovers
|-heal|p1a: Regice|48/100|[from] item: Leftovers
|upkeep
|turn|21
|
|t:|1729783202
|move|p2a: Swampert|Protect|p2a: Swampert
|-singleturn|p2a: Swampert|Protect
|move|p1a: Regice|Ice Beam|p2a: Swampert
|-activate|p2a: Swampert|Protect
|
|-weather|Sandstorm|[upkeep]
|-damage|p1a: Regice|42/100|[from] Sandstorm
|-heal|p2a: Swampert|68/100|[from] item: Leftovers
|-heal|p1a: Regice|48/100|[from] item: Leftovers
|upkeep
|turn|22
|inactive|draccuscomun has 270 seconds left.
|
|t:|1729783228
|move|p2a: Swampert|Earthquake|p1a: Regice
|-damage|p1a: Regice|15/100
|move|p1a: Regice|Explosion|p2a: Swampert
|-damage|p2a: Swampert|23/100
|faint|p1a: Regice
|
|t:|1729783234
|switch|p1a: Swampert|Swampert, F|78/100
|
|-weather|Sandstorm|[upkeep]
|-heal|p1a: Swampert|84/100|[from] item: Leftovers
|-heal|p2a: Swampert|29/100|[from] item: Leftovers
|upkeep
|turn|23
|
|t:|1729783240
|move|p2a: Swampert|Protect|p2a: Swampert
|-singleturn|p2a: Swampert|Protect
|move|p1a: Swampert|Hydro Pump|p2a: Swampert|[miss]
|-miss|p1a: Swampert|p2a: Swampert
|
|-weather|Sandstorm|[upkeep]
|-heal|p1a: Swampert|91/100|[from] item: Leftovers
|-heal|p2a: Swampert|35/100|[from] item: Leftovers
|upkeep
|turn|24
|inactive|draccuscomun has 270 seconds left.
|
|t:|1729783269
|switch|p2a: Snorlax|Snorlax, F|100/100
|-damage|p2a: Snorlax|84/100|[from] Spikes
|move|p1a: Swampert|Hydro Pump|p2a: Snorlax
|-damage|p2a: Snorlax|56/100
|
|-weather|Sandstorm|[upkeep]
|-damage|p2a: Snorlax|50/100|[from] Sandstorm
|-heal|p1a: Swampert|97/100|[from] item: Leftovers
|-heal|p2a: Snorlax|56/100|[from] item: Leftovers
|upkeep
|turn|25
|inactive|draccuscomun has 270 seconds left.
|
|t:|1729783283
|move|p1a: Swampert|Earthquake|p2a: Snorlax
|-damage|p2a: Snorlax|21/100
|move|p2a: Snorlax|Self-Destruct|p1a: Swampert
|-damage|p1a: Swampert|0 fnt
|faint|p2a: Snorlax
|faint|p1a: Swampert
|inactive|draccuscomun has 270 seconds left.
|
|t:|1729783293
|switch|p1a: Aerodactyl|Aerodactyl, F|100/100
|switch|p2a: Salamence|Salamence, M|100/100
|-ability|p2a: Salamence|Intimidate|boost
|-unboost|p1a: Aerodactyl|atk|1
|
|-weather|Sandstorm|[upkeep]
|-damage|p2a: Salamence|94/100|[from] Sandstorm
|-heal|p2a: Salamence|100/100|[from] item: Leftovers
|upkeep
|turn|26
|inactive|draccuscomun has 270 seconds left.
|
|t:|1729783308
|switch|p2a: Swampert|Swampert, F|35/100
|-damage|p2a: Swampert|19/100|[from] Spikes
|move|p1a: Aerodactyl|Rock Slide|p2a: Swampert
|-resisted|p2a: Swampert
|-damage|p2a: Swampert|7/100
|
|-weather|Sandstorm|[upkeep]
|-heal|p2a: Swampert|13/100|[from] item: Leftovers
|upkeep
|turn|27
|inactive|draccuscomun has 270 seconds left.
|inactive|aldrich_unfaithful has 270 seconds left.
|
|t:|1729783335
|switch|p1a: Tyranitar|Tyranitar, M|100/100
|move|p2a: Swampert|Surf|p1a: Tyranitar
|-supereffective|p1a: Tyranitar
|-damage|p1a: Tyranitar|22/100
|
|-weather|Sandstorm|[upkeep]
|-heal|p1a: Tyranitar|28/100|[from] item: Leftovers
|-heal|p2a: Swampert|19/100|[from] item: Leftovers
|upkeep
|turn|28
|inactive|aldrich_unfaithful has 270 seconds left.
|inactive|draccuscomun has 270 seconds left.
|inactive|aldrich_unfaithful has 240 seconds left.
|
|t:|1729783372
|move|p1a: Tyranitar|Earthquake|p2a: Swampert
|-damage|p2a: Swampert|0 fnt
|faint|p2a: Swampert
|inactive|draccuscomun has 270 seconds left.
|
|t:|1729783383
|switch|p2a: Gengar|Gengar, F, shiny|100/100
|
|-weather|Sandstorm|[upkeep]
|-damage|p2a: Gengar|95/100|[from] Sandstorm
|-heal|p2a: Gengar|100/100|[from] item: Leftovers
|-heal|p1a: Tyranitar|34/100|[from] item: Leftovers
|upkeep
|turn|29
|inactive|draccuscomun has 270 seconds left.
|inactive|aldrich_unfaithful has 240 seconds left.
|inactive|aldrich_unfaithful has 210 seconds left.
|
|t:|1729783432
|move|p2a: Gengar|Explosion|p1a: Tyranitar
|-resisted|p1a: Tyranitar
|-damage|p1a: Tyranitar|5/100
|faint|p2a: Gengar
|
|t:|1729783436
|switch|p2a: Aerodactyl|Aerodactyl, M|100/100
|
|-weather|Sandstorm|[upkeep]
|-heal|p1a: Tyranitar|12/100|[from] item: Leftovers
|upkeep
|turn|30
|
|t:|1729783444
|move|p2a: Aerodactyl|Rock Slide|p1a: Tyranitar
|-damage|p1a: Tyranitar|0 fnt
|faint|p1a: Tyranitar
|
|t:|1729783446
|switch|p1a: Aerodactyl|Aerodactyl, F|100/100
|
|-weather|Sandstorm|[upkeep]
|upkeep
|turn|31
|inactive|draccuscomun has 270 seconds left.
|
|t:|1729783481
|move|p1a: Aerodactyl|Rock Slide|p2a: Aerodactyl
|-supereffective|p2a: Aerodactyl
|-damage|p2a: Aerodactyl|0 fnt
|faint|p2a: Aerodactyl
|
|t:|1729783485
|switch|p2a: Salamence|Salamence, M|100/100
|-ability|p2a: Salamence|Intimidate|boost
|-unboost|p1a: Aerodactyl|atk|1
|
|-weather|Sandstorm|[upkeep]
|-damage|p2a: Salamence|94/100|[from] Sandstorm
|-heal|p2a: Salamence|100/100|[from] item: Leftovers
|upkeep
|turn|32
|
|t:|1729783493
|move|p1a: Aerodactyl|Rock Slide|p2a: Salamence
|-supereffective|p2a: Salamence
|-damage|p2a: Salamence|19/100
|cant|p2a: Salamence|flinch
|
|-weather|Sandstorm|[upkeep]
|-damage|p2a: Salamence|13/100|[from] Sandstorm
|-heal|p2a: Salamence|19/100|[from] item: Leftovers
|upkeep
|turn|33
|c|☆draccuscomun|gg
|
|t:|1729783501
|move|p1a: Aerodactyl|Rock Slide|p2a: Salamence
|-supereffective|p2a: Salamence
|-damage|p2a: Salamence|0 fnt
|faint|p2a: Salamence
|
|win|aldrich_unfaithful
|c|☆aldrich_unfaithful|ggwp, sorry for the brutal aero hax there

</script>
<script type="application/json" class="data" id="replaydata-smogtours-gen3ou-801545">
{"id":"smogtours-gen3ou-801545","format":"[Gen 3] OU","players":["aldrich_unfaithful","draccuscomun"],"uploadtime":1729783501,"views":83,"formatid":"gen3ou","rating":null,"private":0,"password":null}
</script>

<script defer src="js/replays.js?9d40a366"></script>
