<!DOCTYPE html>
<meta charset="utf-8" />
<meta name="viewport" content="width=device-width" />

<title>[Gen 3] OU: Doc. Steel vs. Aobera - Replays - Pok&eacute;mon Showdown!</title>

<meta name="description" content="Watch a replay of a Pok&eacute;mon battle between Doc. Steel and Aobera! Format: [Gen 3] OU; Date: Oct 8, 2024" />
<!--

Hey, you! Looking in the source for the replay log?

You can find them in JSON format, just add `.json` at the end of a replay URL.

https://replay.pokemonshowdown.com/gen7randomdoublesbattle-865046831.json

Or, if you only need the log itself, add `.log` instead:

https://replay.pokemonshowdown.com/gen7randomdoublesbattle-865046831.log

-->

<link rel="stylesheet" href="//pokemonshowdown.com/style/global.css?0.023195364461161105" />
<link rel="stylesheet" href="//play.pokemonshowdown.com/style/font-awesome.css?0.13261647063804238" />
<link rel="stylesheet" href="//play.pokemonshowdown.com/style/battle.css?0.8753245789963631" />
<link rel="stylesheet" href="//play.pokemonshowdown.com/style/utilichart.css?0.8627959624976733" />

<!-- Global site tag (gtag.js) - Google Analytics -->
<script async src="https://www.googletagmanager.com/gtag/js?id=UA-26211653-1"></script>
<script>
  window.dataLayer = window.dataLayer || [];
  function gtag(){dataLayer.push(arguments);}
  gtag('js', new Date());

  gtag('config', 'UA-26211653-1');
</script>
<!-- End Google Analytics -->
<!-- Venatus Ad Manager - Install in <HEAD> of page -->
	<script src="https://hb.vntsm.com/v3/live/ad-manager.min.js" type="text/javascript" data-site-id="642aba63ec9a7b11c3c9c1be" data-mode="scan" async></script>
<!-- / Venatus Ad Manager -->

<style>
	@media (max-width:820px) {
		.battle {
			margin: 0 auto;
		}
		.battle-log {
			margin: 7px auto 0;
			max-width: 640px;
			height: 300px;
			position: static;
		}
	}
	.optgroup {
		display: inline-block;
		line-height: 22px;
		font-size: 10pt;
	}
	.optgroup .button {
		height: 25px;
		padding-top: 0;
		padding-bottom: 0;
	}
	.optgroup button.button {
		padding-left: 12px;
		padding-right: 12px;
	}
	.linklist {
		list-style: none;
		margin: 0.5em 0;
		padding: 0;
	}
	.linklist li {
		padding: 2px 0;
	}
	.sidebar {
		float: left;
		width: 320px;
	}
	.bar-wrapper {
		max-width: 1100px;
		margin: 0 auto;
	}
	.bar-wrapper.has-sidebar {
		max-width: 1430px;
	}
	.mainbar {
		margin: 0;
		padding-right: 1px;
	}
	.mainbar.has-sidebar {
		margin-left: 330px;
	}
	@media (min-width: 1511px) {
		.sidebar {
			width: 400px;
		}
		.bar-wrapper.has-sidebar {
			max-width: 1510px;
		}
		.mainbar.has-sidebar {
			margin-left: 410px;
		}
	}
	.section.first-section {
		margin-top: 9px;
	}
	.blocklink small {
		white-space: normal;
	}
	.button {
		vertical-align: middle;
	}
	.replay-controls {
		padding-top: 10px;
	}
	.replay-controls h1 {
		font-size: 16pt;
		font-weight: normal;
		color: #CCC;
	}
	.pagelink {
		text-align: center;
	}
	.pagelink a {
		width: 150px;
	}
	.textbox, .button {
		font-size: 11pt;
		vertical-align: middle;
	}
	@media (max-width: 450px) {
		.button {
			font-size: 9pt;
		}
	}
</style>

<div>

	<header>
		<div class="nav-wrapper"><ul class="nav">
			<li><a class="button nav-first" href="//pokemonshowdown.com/"><img src="//pokemonshowdown.com/images/pokemonshowdownbeta.png" srcset="//pokemonshowdown.com/images/pokemonshowdownbeta.png 1x, //pokemonshowdown.com/images/pokemonshowdownbeta@2x.png 2x" alt="Pok&eacute;mon Showdown" width="146" height="44" /> Home</a></li>
			<li><a class="button" href="//pokemonshowdown.com/dex/">Pok&eacute;dex</a></li>
			<li><a class="button cur" href="/">Replays</a></li>
			<li><a class="button" href="//pokemonshowdown.com/ladder/">Ladder</a></li>
			<li><a class="button nav-last" href="//pokemonshowdown.com/forums/">Forum</a></li>
			<li><a class="button greenbutton nav-first nav-last" href="//play.pokemonshowdown.com/">Play</a></li>
		</ul></div>
	</header>

	<div class="main" id="main">

		<noscript><section class="section">You need to enable JavaScript to use this page; sorry!</section></noscript>

	</div>

</div>

<script defer nomodule src="//play.pokemonshowdown.com/js/lib/ps-polyfill.js"></script>
<script defer src="//play.pokemonshowdown.com/js/lib/preact.min.js"></script>

<script defer src="//play.pokemonshowdown.com/config/config.js?2bddbc15"></script>
<script defer src="//play.pokemonshowdown.com/js/lib/jquery-1.11.0.min.js"></script>
<script defer src="//play.pokemonshowdown.com/js/lib/html-sanitizer-minified.js"></script>
<script defer src="//play.pokemonshowdown.com/js/battle-sound.js"></script>
<script defer src="//play.pokemonshowdown.com/js/battledata.js?0.7209276989879541"></script>
<script defer src="//play.pokemonshowdown.com/data/pokedex-mini.js?0.6111056340867951"></script>
<script defer src="//play.pokemonshowdown.com/data/pokedex-mini-bw.js?0.3532142036491459"></script>
<script defer src="//play.pokemonshowdown.com/data/graphics.js?0.24223875632456182"></script>
<script defer src="//play.pokemonshowdown.com/data/pokedex.js?0.38839984266356864"></script>
<script defer src="//play.pokemonshowdown.com/data/moves.js?0.21866028504024015"></script>
<script defer src="//play.pokemonshowdown.com/data/abilities.js?0.2005157953846628"></script>
<script defer src="//play.pokemonshowdown.com/data/items.js?0.9894211263848525"></script>
<script defer src="//play.pokemonshowdown.com/data/teambuilder-tables.js?0.6008791140282215"></script>
<script defer src="//play.pokemonshowdown.com/js/battle-tooltips.js?0.7580118955022959"></script>
<script defer src="//play.pokemonshowdown.com/js/battle.js?0.6057722274234274"></script>

<script defer src="js/utils.js?e31f9a17"></script>
<script defer src="js/replays-battle.js?7008c182"></script>

<!-- don't scrape this data! just add .json or .log after the URL!
Full API docs: https://github.com/smogon/pokemon-showdown-client/blob/master/WEB-API.md -->
<script type="text/plain" class="log" id="replaylog-smogtours-gen3ou-796333">
|inactive|Battle timer is ON: inactive players will automatically lose when time's up.
|t:|1728375039
|gametype|singles
|player|p1|Doc. Steel|102|
|player|p2|Aobera|lady|
|teamsize|p1|6
|teamsize|p2|6
|gen|3
|tier|[Gen 3] OU
|rule|Sleep Clause Mod: Limit one foe put to sleep
|rule|Switch Priority Clause Mod: Faster Pokémon switch first
|rule|Species Clause: Limit one of each Pokémon
|rule|OHKO Clause: OHKO moves are banned
|rule|Evasion Items Clause: Evasion items are banned
|rule|Evasion Moves Clause: Evasion moves are banned
|rule|Endless Battle Clause: Forcing endless battles is banned
|rule|HP Percentage Mod: HP is shown in percentages
|rule|One Boost Passer Clause: Limit one Baton Passer that has a way to boost its stats
|rule|Freeze Clause Mod: Limit one foe frozen
|
|t:|1728375039
|start
|switch|p1a: Tyranitar|Tyranitar, F|100/100
|switch|p2a: Tyranitar|Tyranitar, F|100/100
|-weather|Sandstorm|[from] ability: Sand Stream|[of] p2a: Tyranitar
|turn|1
|inactive|Aobera also wants the timer to be on.
|c|☆Aobera|glhf
|c|☆Doc. Steel|glhf
|
|t:|1728375064
|switch|p2a: Swampert|Swampert, M|100/100
|switch|p1a: Swampert|Swampert, F|100/100
|
|-weather|Sandstorm|[upkeep]
|upkeep
|turn|2
|
|t:|1728375075
|switch|p1a: Skarmory|Skarmory, M|100/100
|switch|p2a: Skarmory|Skarmory, M|100/100
|
|-weather|Sandstorm|[upkeep]
|upkeep
|turn|3
|
|t:|1728375083
|move|p2a: Skarmory|Taunt|p1a: Skarmory
|-start|p1a: Skarmory|move: Taunt
|cant|p1a: Skarmory|move: Taunt|Taunt
|
|-weather|Sandstorm|[upkeep]
|upkeep
|turn|4
|
|t:|1728375090
|switch|p1a: Moltres|Moltres|100/100
|move|p2a: Skarmory|Spikes|p1a: Moltres
|-sidestart|p1: Doc. Steel|Spikes
|
|-weather|Sandstorm|[upkeep]
|-damage|p1a: Moltres|94/100|[from] Sandstorm
|-heal|p1a: Moltres|100/100|[from] item: Leftovers
|upkeep
|turn|5
|
|t:|1728375104
|switch|p2a: Blissey|Blissey, F|100/100
|move|p1a: Moltres|Will-O-Wisp|p2a: Blissey|[miss]
|-miss|p1a: Moltres|p2a: Blissey
|
|-weather|Sandstorm|[upkeep]
|-damage|p1a: Moltres|94/100|[from] Sandstorm
|-damage|p2a: Blissey|94/100|[from] Sandstorm
|-heal|p1a: Moltres|100/100|[from] item: Leftovers
|-heal|p2a: Blissey|100/100|[from] item: Leftovers
|upkeep
|turn|6
|
|t:|1728375124
|switch|p1a: Blissey|Blissey, F|100/100
|-damage|p1a: Blissey|88/100|[from] Spikes
|move|p2a: Blissey|Thunder Wave|p1a: Blissey
|-status|p1a: Blissey|par
|
|-weather|Sandstorm|[upkeep]
|-damage|p2a: Blissey|94/100|[from] Sandstorm
|-damage|p1a: Blissey|82/100 par|[from] Sandstorm
|-heal|p2a: Blissey|100/100|[from] item: Leftovers
|-heal|p1a: Blissey|88/100 par|[from] item: Leftovers
|upkeep
|turn|7
|
|t:|1728375145
|switch|p2a: Tyranitar|Tyranitar, F|100/100
|move|p1a: Blissey|Seismic Toss|p2a: Tyranitar
|-damage|p2a: Tyranitar|71/100
|
|-weather|Sandstorm|[upkeep]
|-damage|p1a: Blissey|82/100 par|[from] Sandstorm
|-heal|p2a: Tyranitar|77/100|[from] item: Leftovers
|-heal|p1a: Blissey|88/100 par|[from] item: Leftovers
|upkeep
|turn|8
|inactive|Doc. Steel has 270 seconds left.
|
|t:|1728375169
|-curestatus|p1a: Blissey|par|[from] ability: Natural Cure
|switch|p1a: Swampert|Swampert, F|100/100
|-damage|p1a: Swampert|88/100|[from] Spikes
|move|p2a: Tyranitar|Toxic|p1a: Swampert
|-status|p1a: Swampert|tox
|
|-weather|Sandstorm|[upkeep]
|-heal|p2a: Tyranitar|83/100|[from] item: Leftovers
|-heal|p1a: Swampert|94/100 tox|[from] item: Leftovers
|-damage|p1a: Swampert|88/100 tox|[from] psn
|upkeep
|turn|9
|inactive|Doc. Steel has 270 seconds left.
|
|t:|1728375181
|switch|p2a: Skarmory|Skarmory, M|100/100
|switch|p1a: Skarmory|Skarmory, M|100/100
|
|-weather|Sandstorm|[upkeep]
|upkeep
|turn|10
|inactive|Doc. Steel has 270 seconds left.
|
|t:|1728375190
|move|p2a: Skarmory|Toxic|p1a: Skarmory
|-immune|p1a: Skarmory
|move|p1a: Skarmory|Taunt|p2a: Skarmory
|-start|p2a: Skarmory|move: Taunt
|
|-weather|Sandstorm|[upkeep]
|upkeep
|turn|11
|
|t:|1728375199
|switch|p2a: Gengar|Gengar, F|100/100
|move|p1a: Skarmory|Spikes|p2a: Gengar
|-sidestart|p2: Aobera|Spikes
|
|-weather|Sandstorm|[upkeep]
|-damage|p2a: Gengar|94/100|[from] Sandstorm
|-heal|p2a: Gengar|100/100|[from] item: Leftovers
|upkeep
|turn|12
|inactive|Doc. Steel has 270 seconds left.
|
|t:|1728375225
|switch|p1a: Blissey|Blissey, F|88/100
|-damage|p1a: Blissey|76/100|[from] Spikes
|move|p2a: Gengar|Thunderbolt|p1a: Blissey
|-damage|p1a: Blissey|65/100
|
|-weather|Sandstorm|[upkeep]
|-damage|p2a: Gengar|94/100|[from] Sandstorm
|-damage|p1a: Blissey|59/100|[from] Sandstorm
|-heal|p2a: Gengar|100/100|[from] item: Leftovers
|-heal|p1a: Blissey|65/100|[from] item: Leftovers
|upkeep
|turn|13
|
|t:|1728375242
|move|p2a: Gengar|Taunt|p1a: Blissey
|-start|p1a: Blissey|move: Taunt
|move|p1a: Blissey|Ice Beam|p2a: Gengar
|-damage|p2a: Gengar|74/100
|
|-weather|Sandstorm|[upkeep]
|-damage|p2a: Gengar|68/100|[from] Sandstorm
|-damage|p1a: Blissey|59/100|[from] Sandstorm
|-heal|p2a: Gengar|74/100|[from] item: Leftovers
|-heal|p1a: Blissey|65/100|[from] item: Leftovers
|upkeep
|turn|14
|
|t:|1728375250
|switch|p2a: Tyranitar|Tyranitar, F|83/100
|-damage|p2a: Tyranitar|71/100|[from] Spikes
|move|p1a: Blissey|Ice Beam|p2a: Tyranitar
|-damage|p2a: Tyranitar|49/100
|
|-weather|Sandstorm|[upkeep]
|-damage|p1a: Blissey|59/100|[from] Sandstorm
|-heal|p2a: Tyranitar|55/100|[from] item: Leftovers
|-heal|p1a: Blissey|65/100|[from] item: Leftovers
|-end|p1a: Blissey|move: Taunt|[silent]
|upkeep
|turn|15
|inactive|Doc. Steel has 270 seconds left.
|
|t:|1728375279
|switch|p1a: Swampert|Swampert, F|88/100 tox
|-damage|p1a: Swampert|76/100 tox|[from] Spikes
|move|p2a: Tyranitar|Dragon Dance|p2a: Tyranitar
|-boost|p2a: Tyranitar|atk|1
|-boost|p2a: Tyranitar|spe|1
|
|-weather|Sandstorm|[upkeep]
|-heal|p2a: Tyranitar|61/100|[from] item: Leftovers
|-heal|p1a: Swampert|82/100 tox|[from] item: Leftovers
|-damage|p1a: Swampert|76/100 tox|[from] psn
|upkeep
|turn|16
|
|t:|1728375287
|switch|p2a: Skarmory|Skarmory, M|100/100
|move|p1a: Swampert|Earthquake|p2a: Skarmory
|-immune|p2a: Skarmory
|
|-weather|Sandstorm|[upkeep]
|-heal|p1a: Swampert|82/100 tox|[from] item: Leftovers
|-damage|p1a: Swampert|69/100 tox|[from] psn
|upkeep
|turn|17
|
|t:|1728375295
|switch|p1a: Moltres|Moltres|100/100
|move|p2a: Skarmory|Spikes|p1a: Moltres
|-sidestart|p1: Doc. Steel|Spikes
|
|-weather|Sandstorm|[upkeep]
|-damage|p1a: Moltres|94/100|[from] Sandstorm
|-heal|p1a: Moltres|100/100|[from] item: Leftovers
|upkeep
|turn|18
|
|t:|1728375304
|switch|p2a: Blissey|Blissey, F|100/100
|-damage|p2a: Blissey|88/100|[from] Spikes
|move|p1a: Moltres|Flamethrower|p2a: Blissey
|-damage|p2a: Blissey|67/100
|
|-weather|Sandstorm|[upkeep]
|-damage|p1a: Moltres|94/100|[from] Sandstorm
|-damage|p2a: Blissey|61/100|[from] Sandstorm
|-heal|p1a: Moltres|100/100|[from] item: Leftovers
|-heal|p2a: Blissey|67/100|[from] item: Leftovers
|upkeep
|turn|19
|inactive|Doc. Steel has 270 seconds left.
|
|t:|1728375321
|switch|p1a: Skarmory|Skarmory, M|100/100
|move|p2a: Blissey|Soft-Boiled|p2a: Blissey
|-heal|p2a: Blissey|100/100
|
|-weather|Sandstorm|[upkeep]
|-damage|p2a: Blissey|94/100|[from] Sandstorm
|-heal|p2a: Blissey|100/100|[from] item: Leftovers
|upkeep
|turn|20
|
|t:|1728375327
|move|p1a: Skarmory|Taunt|p2a: Blissey
|-start|p2a: Blissey|move: Taunt
|cant|p2a: Blissey|move: Taunt|Thunder Wave
|
|-weather|Sandstorm|[upkeep]
|-damage|p2a: Blissey|94/100|[from] Sandstorm
|-heal|p2a: Blissey|100/100|[from] item: Leftovers
|upkeep
|turn|21
|inactive|Doc. Steel has 270 seconds left.
|
|t:|1728375336
|switch|p2a: Skarmory|Skarmory, M|100/100
|move|p1a: Skarmory|Spikes|p2a: Skarmory
|-sidestart|p2: Aobera|Spikes
|
|-weather|Sandstorm|[upkeep]
|upkeep
|turn|22
|
|t:|1728375341
|move|p2a: Skarmory|Spikes|p1a: Skarmory
|-sidestart|p1: Doc. Steel|Spikes
|move|p1a: Skarmory|Taunt|p2a: Skarmory
|-start|p2a: Skarmory|move: Taunt
|
|-weather|Sandstorm|[upkeep]
|upkeep
|turn|23
|
|t:|1728375347
|switch|p2a: Gengar|Gengar, F|74/100
|move|p1a: Skarmory|Spikes|p2a: Gengar
|-sidestart|p2: Aobera|Spikes
|
|-weather|Sandstorm|[upkeep]
|-damage|p2a: Gengar|68/100|[from] Sandstorm
|-heal|p2a: Gengar|74/100|[from] item: Leftovers
|upkeep
|turn|24
|inactive|Doc. Steel has 270 seconds left.
|
|t:|1728375374
|switch|p1a: Moltres|Moltres|100/100
|move|p2a: Gengar|Thunderbolt|p1a: Moltres
|-supereffective|p1a: Moltres
|-damage|p1a: Moltres|30/100
|
|-weather|Sandstorm|[upkeep]
|-damage|p2a: Gengar|68/100|[from] Sandstorm
|-damage|p1a: Moltres|24/100|[from] Sandstorm
|-heal|p2a: Gengar|74/100|[from] item: Leftovers
|-heal|p1a: Moltres|30/100|[from] item: Leftovers
|upkeep
|turn|25
|inactive|Doc. Steel has 270 seconds left.
|
|t:|1728375387
|switch|p1a: Gengar|Gengar, F|100/100
|move|p2a: Gengar|Thunderbolt|p1a: Gengar
|-damage|p1a: Gengar|68/100
|
|-weather|Sandstorm|[upkeep]
|-damage|p2a: Gengar|68/100|[from] Sandstorm
|-damage|p1a: Gengar|62/100|[from] Sandstorm
|-heal|p2a: Gengar|74/100|[from] item: Leftovers
|-heal|p1a: Gengar|68/100|[from] item: Leftovers
|upkeep
|turn|26
|inactive|Doc. Steel has 270 seconds left.
|inactive|Aobera has 270 seconds left.
|
|t:|1728375423
|move|p2a: Gengar|Thunderbolt|p1a: Gengar
|-damage|p1a: Gengar|35/100
|move|p1a: Gengar|Will-O-Wisp|p2a: Gengar|[miss]
|-miss|p1a: Gengar|p2a: Gengar
|
|-weather|Sandstorm|[upkeep]
|-damage|p2a: Gengar|68/100|[from] Sandstorm
|-damage|p1a: Gengar|29/100|[from] Sandstorm
|-heal|p2a: Gengar|74/100|[from] item: Leftovers
|-heal|p1a: Gengar|35/100|[from] item: Leftovers
|upkeep
|turn|27
|inactive|Aobera has 270 seconds left.
|
|t:|1728375433
|move|p2a: Gengar|Ice Punch|p1a: Gengar
|-damage|p1a: Gengar|11/100
|move|p1a: Gengar|Thunderbolt|p2a: Gengar
|-damage|p2a: Gengar|44/100
|
|-weather|Sandstorm|[upkeep]
|-damage|p2a: Gengar|37/100|[from] Sandstorm
|-damage|p1a: Gengar|5/100|[from] Sandstorm
|-heal|p2a: Gengar|44/100|[from] item: Leftovers
|-heal|p1a: Gengar|11/100|[from] item: Leftovers
|upkeep
|turn|28
|inactive|Doc. Steel has 270 seconds left.
|
|t:|1728375443
|move|p2a: Gengar|Thunderbolt|p1a: Gengar
|-damage|p1a: Gengar|0 fnt
|faint|p1a: Gengar
|
|t:|1728375453
|switch|p1a: Tyranitar|Tyranitar, F|100/100
|-damage|p1a: Tyranitar|75/100|[from] Spikes
|
|-weather|Sandstorm|[upkeep]
|-damage|p2a: Gengar|37/100|[from] Sandstorm
|-heal|p2a: Gengar|44/100|[from] item: Leftovers
|-heal|p1a: Tyranitar|82/100|[from] item: Leftovers
|upkeep
|turn|29
|inactive|Doc. Steel has 270 seconds left.
|
|t:|1728375470
|move|p2a: Gengar|Taunt|p1a: Tyranitar
|-start|p1a: Tyranitar|move: Taunt
|move|p1a: Tyranitar|Rock Slide|p2a: Gengar
|-damage|p2a: Gengar|0 fnt
|faint|p2a: Gengar
|
|t:|1728375473
|switch|p2a: Swampert|Swampert, M|100/100
|-damage|p2a: Swampert|76/100|[from] Spikes
|
|-weather|Sandstorm|[upkeep]
|-heal|p1a: Tyranitar|88/100|[from] item: Leftovers
|-heal|p2a: Swampert|82/100|[from] item: Leftovers
|upkeep
|turn|30
|inactive|Doc. Steel has 270 seconds left.
|
|t:|1728375486
|switch|p1a: Skarmory|Skarmory, M|100/100
|move|p2a: Swampert|Earthquake|p1a: Skarmory
|-immune|p1a: Skarmory
|
|-weather|Sandstorm|[upkeep]
|-heal|p2a: Swampert|88/100|[from] item: Leftovers
|upkeep
|turn|31
|
|t:|1728375494
|move|p2a: Swampert|Hydro Pump|p1a: Skarmory
|-damage|p1a: Skarmory|63/100
|move|p1a: Skarmory|Roar|p2a: Swampert
|drag|p2a: Blissey|Blissey, F|100/100
|-damage|p2a: Blissey|76/100|[from] Spikes
|
|-weather|Sandstorm|[upkeep]
|-damage|p2a: Blissey|69/100|[from] Sandstorm
|-heal|p1a: Skarmory|69/100|[from] item: Leftovers
|-heal|p2a: Blissey|76/100|[from] item: Leftovers
|upkeep
|turn|32
|
|t:|1728375500
|move|p1a: Skarmory|Taunt|p2a: Blissey
|-start|p2a: Blissey|move: Taunt
|move|p2a: Blissey|Flamethrower|p1a: Skarmory
|-supereffective|p1a: Skarmory
|-damage|p1a: Skarmory|28/100
|
|-weather|Sandstorm|[upkeep]
|-damage|p2a: Blissey|69/100|[from] Sandstorm
|-heal|p1a: Skarmory|34/100|[from] item: Leftovers
|-heal|p2a: Blissey|76/100|[from] item: Leftovers
|upkeep
|turn|33
|
|t:|1728375508
|switch|p1a: Blissey|Blissey, F|65/100
|-damage|p1a: Blissey|40/100|[from] Spikes
|move|p2a: Blissey|Flamethrower|p1a: Blissey
|-damage|p1a: Blissey|31/100
|
|-weather|Sandstorm|[upkeep]
|-damage|p1a: Blissey|25/100|[from] Sandstorm
|-damage|p2a: Blissey|69/100|[from] Sandstorm
|-heal|p1a: Blissey|31/100|[from] item: Leftovers
|-heal|p2a: Blissey|76/100|[from] item: Leftovers
|-end|p2a: Blissey|move: Taunt|[silent]
|upkeep
|turn|34
|
|t:|1728375525
|move|p1a: Blissey|Soft-Boiled|p1a: Blissey
|-heal|p1a: Blissey|81/100
|move|p2a: Blissey|Thunder Wave|p1a: Blissey
|-status|p1a: Blissey|par
|
|-weather|Sandstorm|[upkeep]
|-damage|p2a: Blissey|69/100|[from] Sandstorm
|-damage|p1a: Blissey|75/100 par|[from] Sandstorm
|-heal|p2a: Blissey|76/100|[from] item: Leftovers
|-heal|p1a: Blissey|81/100 par|[from] item: Leftovers
|upkeep
|turn|35
|
|t:|1728375539
|move|p2a: Blissey|Thunder Wave|p1a: Blissey
|-fail|p1a: Blissey|par
|move|p1a: Blissey|Soft-Boiled|p1a: Blissey
|-heal|p1a: Blissey|100/100 par
|
|-weather|Sandstorm|[upkeep]
|-damage|p2a: Blissey|69/100|[from] Sandstorm
|-damage|p1a: Blissey|94/100 par|[from] Sandstorm
|-heal|p2a: Blissey|76/100|[from] item: Leftovers
|-heal|p1a: Blissey|100/100 par|[from] item: Leftovers
|upkeep
|turn|36
|
|t:|1728375542
|move|p2a: Blissey|Thunder Wave|p1a: Blissey
|-fail|p1a: Blissey|par
|cant|p1a: Blissey|par
|
|-weather|Sandstorm|[upkeep]
|-damage|p2a: Blissey|69/100|[from] Sandstorm
|-damage|p1a: Blissey|94/100 par|[from] Sandstorm
|-heal|p2a: Blissey|76/100|[from] item: Leftovers
|-heal|p1a: Blissey|100/100 par|[from] item: Leftovers
|upkeep
|turn|37
|
|t:|1728375547
|move|p2a: Blissey|Thunder Wave|p1a: Blissey
|-fail|p1a: Blissey|par
|move|p1a: Blissey|Toxic|p2a: Blissey
|-status|p2a: Blissey|tox
|
|-weather|Sandstorm|[upkeep]
|-damage|p2a: Blissey|69/100 tox|[from] Sandstorm
|-damage|p1a: Blissey|94/100 par|[from] Sandstorm
|-heal|p2a: Blissey|76/100 tox|[from] item: Leftovers
|-damage|p2a: Blissey|69/100 tox|[from] psn
|-heal|p1a: Blissey|100/100 par|[from] item: Leftovers
|upkeep
|turn|38
|
|t:|1728375556
|move|p2a: Blissey|Soft-Boiled|p2a: Blissey
|-heal|p2a: Blissey|100/100 tox
|cant|p1a: Blissey|par
|
|-weather|Sandstorm|[upkeep]
|-damage|p2a: Blissey|94/100 tox|[from] Sandstorm
|-damage|p1a: Blissey|94/100 par|[from] Sandstorm
|-heal|p2a: Blissey|100/100 tox|[from] item: Leftovers
|-damage|p2a: Blissey|88/100 tox|[from] psn
|-heal|p1a: Blissey|100/100 par|[from] item: Leftovers
|upkeep
|turn|39
|
|t:|1728375562
|-curestatus|p2a: Blissey|tox|[from] ability: Natural Cure
|switch|p2a: Skarmory|Skarmory, M|100/100
|move|p1a: Blissey|Ice Beam|p2a: Skarmory
|-damage|p2a: Skarmory|80/100
|
|-weather|Sandstorm|[upkeep]
|-damage|p1a: Blissey|94/100 par|[from] Sandstorm
|-heal|p2a: Skarmory|86/100|[from] item: Leftovers
|-heal|p1a: Blissey|100/100 par|[from] item: Leftovers
|upkeep
|turn|40
|
|t:|1728375574
|cant|p1a: Blissey|par
|move|p2a: Skarmory|Roar|p1a: Blissey
|-curestatus|p1a: Blissey|par|[from] ability: Natural Cure
|drag|p1a: Tyranitar|Tyranitar, F|88/100
|-damage|p1a: Tyranitar|63/100|[from] Spikes
|
|-weather|Sandstorm|[upkeep]
|-heal|p2a: Skarmory|92/100|[from] item: Leftovers
|-heal|p1a: Tyranitar|69/100|[from] item: Leftovers
|upkeep
|turn|41
|
|t:|1728375591
|switch|p1a: Skarmory|Skarmory, M|34/100
|move|p2a: Skarmory|Toxic|p1a: Skarmory
|-immune|p1a: Skarmory
|
|-weather|Sandstorm|[upkeep]
|-heal|p2a: Skarmory|99/100|[from] item: Leftovers
|-heal|p1a: Skarmory|40/100|[from] item: Leftovers
|upkeep
|turn|42
|
|t:|1728375601
|move|p2a: Skarmory|Taunt|p1a: Skarmory
|-start|p1a: Skarmory|move: Taunt
|cant|p1a: Skarmory|move: Taunt|Taunt
|
|-weather|Sandstorm|[upkeep]
|-heal|p2a: Skarmory|100/100|[from] item: Leftovers
|-heal|p1a: Skarmory|46/100|[from] item: Leftovers
|upkeep
|turn|43
|
|t:|1728375607
|move|p1a: Skarmory|Struggle|p2a: Skarmory
|-damage|p2a: Skarmory|95/100
|-damage|p1a: Skarmory|45/100|[from] Recoil|[of] p2a: Skarmory
|move|p2a: Skarmory|Roar|p1a: Skarmory
|drag|p1a: Tyranitar|Tyranitar, F|69/100
|-damage|p1a: Tyranitar|44/100|[from] Spikes
|
|-weather|Sandstorm|[upkeep]
|-heal|p2a: Skarmory|100/100|[from] item: Leftovers
|-heal|p1a: Tyranitar|50/100|[from] item: Leftovers
|upkeep
|turn|44
|inactive|Doc. Steel has 270 seconds left.
|inactive|Doc. Steel has 240 seconds left.
|
|t:|1728375676
|move|p2a: Skarmory|Toxic|p1a: Tyranitar
|-status|p1a: Tyranitar|tox
|move|p1a: Tyranitar|Rock Slide|p2a: Skarmory|[miss]
|-miss|p1a: Tyranitar|p2a: Skarmory
|
|-weather|Sandstorm|[upkeep]
|-heal|p1a: Tyranitar|56/100 tox|[from] item: Leftovers
|-damage|p1a: Tyranitar|50/100 tox|[from] psn
|upkeep
|turn|45
|inactive|Doc. Steel has 240 seconds left.
|inactive|Aobera has 270 seconds left.
|
|t:|1728375710
|move|p1a: Tyranitar|Taunt|p2a: Skarmory
|-start|p2a: Skarmory|move: Taunt
|cant|p2a: Skarmory|move: Taunt|Roar
|
|-weather|Sandstorm|[upkeep]
|-heal|p1a: Tyranitar|56/100 tox|[from] item: Leftovers
|-damage|p1a: Tyranitar|44/100 tox|[from] psn
|upkeep
|turn|46
|inactive|Doc. Steel has 240 seconds left.
|inactive|Aobera has 270 seconds left.
|
|t:|1728375730
|switch|p2a: Swampert|Swampert, M|88/100
|-damage|p2a: Swampert|63/100|[from] Spikes
|switch|p1a: Skarmory|Skarmory, M|45/100
|
|-weather|Sandstorm|[upkeep]
|-heal|p1a: Skarmory|50/100|[from] item: Leftovers
|-heal|p2a: Swampert|69/100|[from] item: Leftovers
|upkeep
|turn|47
|inactive|Aobera has 270 seconds left.
|inactive|Doc. Steel has 240 seconds left.
|
|t:|1728375752
|move|p2a: Swampert|Hydro Pump|p1a: Skarmory
|-damage|p1a: Skarmory|16/100
|move|p1a: Skarmory|Roar|p2a: Swampert
|drag|p2a: Skarmory|Skarmory, M|100/100
|
|-weather|Sandstorm|[upkeep]
|-heal|p1a: Skarmory|22/100|[from] item: Leftovers
|upkeep
|turn|48
|inactive|Aobera has 270 seconds left.
|inactive|Doc. Steel has 210 seconds left.
|
|t:|1728375794
|move|p2a: Skarmory|Taunt|p1a: Skarmory
|-start|p1a: Skarmory|move: Taunt
|cant|p1a: Skarmory|move: Taunt|Roar
|
|-weather|Sandstorm|[upkeep]
|-heal|p1a: Skarmory|28/100|[from] item: Leftovers
|upkeep
|turn|49
|inactive|Doc. Steel has 210 seconds left.
|
|t:|1728375803
|move|p1a: Skarmory|Struggle|p2a: Skarmory
|-damage|p2a: Skarmory|94/100
|-damage|p1a: Skarmory|27/100|[from] Recoil|[of] p2a: Skarmory
|move|p2a: Skarmory|Roar|p1a: Skarmory
|drag|p1a: Tyranitar|Tyranitar, F|44/100 tox
|-damage|p1a: Tyranitar|19/100 tox|[from] Spikes
|
|-weather|Sandstorm|[upkeep]
|-heal|p2a: Skarmory|99/100|[from] item: Leftovers
|-heal|p1a: Tyranitar|25/100 tox|[from] item: Leftovers
|-damage|p1a: Tyranitar|19/100 tox|[from] psn
|upkeep
|turn|50
|inactive|Doc. Steel has 210 seconds left.
|
|t:|1728375817
|move|p1a: Tyranitar|Rock Slide|p2a: Skarmory
|-damage|p2a: Skarmory|67/100
|cant|p2a: Skarmory|flinch
|
|-weather|Sandstorm|[upkeep]
|-heal|p2a: Skarmory|73/100|[from] item: Leftovers
|-heal|p1a: Tyranitar|25/100 tox|[from] item: Leftovers
|-damage|p1a: Tyranitar|13/100 tox|[from] psn
|upkeep
|turn|51
|inactive|Doc. Steel has 210 seconds left.
|
|t:|1728375829
|move|p2a: Skarmory|Taunt|p1a: Tyranitar
|-start|p1a: Tyranitar|move: Taunt
|cant|p1a: Tyranitar|move: Taunt|Taunt
|
|-weather|Sandstorm|[upkeep]
|-heal|p2a: Skarmory|79/100|[from] item: Leftovers
|-heal|p1a: Tyranitar|19/100 tox|[from] item: Leftovers
|-damage|p1a: Tyranitar|0 fnt|[from] psn
|faint|p1a: Tyranitar
|upkeep
|
|t:|1728375833
|switch|p1a: Moltres|Moltres|30/100
|turn|52
|inactive|Aobera has 270 seconds left.
|inactive|Doc. Steel has 210 seconds left.
|inactive|Aobera has 240 seconds left.
|
|t:|1728375868
|switch|p2a: Blissey|Blissey, F|88/100
|-damage|p2a: Blissey|63/100|[from] Spikes
|move|p1a: Moltres|Flamethrower|p2a: Blissey
|-damage|p2a: Blissey|43/100
|
|-weather|Sandstorm|[upkeep]
|-damage|p1a: Moltres|24/100|[from] Sandstorm
|-damage|p2a: Blissey|37/100|[from] Sandstorm
|-heal|p1a: Moltres|30/100|[from] item: Leftovers
|-heal|p2a: Blissey|43/100|[from] item: Leftovers
|upkeep
|turn|53
|inactive|Doc. Steel has 210 seconds left.
|
|t:|1728375880
|switch|p1a: Blissey|Blissey, F|100/100
|-damage|p1a: Blissey|76/100|[from] Spikes
|move|p2a: Blissey|Soft-Boiled|p2a: Blissey
|-heal|p2a: Blissey|93/100
|
|-weather|Sandstorm|[upkeep]
|-damage|p1a: Blissey|69/100|[from] Sandstorm
|-damage|p2a: Blissey|87/100|[from] Sandstorm
|-heal|p1a: Blissey|76/100|[from] item: Leftovers
|-heal|p2a: Blissey|93/100|[from] item: Leftovers
|upkeep
|turn|54
|inactive|Doc. Steel has 210 seconds left.
|
|t:|1728375891
|switch|p2a: Skarmory|Skarmory, M|79/100
|move|p1a: Blissey|Seismic Toss|p2a: Skarmory
|-damage|p2a: Skarmory|48/100
|
|-weather|Sandstorm|[upkeep]
|-damage|p1a: Blissey|69/100|[from] Sandstorm
|-heal|p2a: Skarmory|54/100|[from] item: Leftovers
|-heal|p1a: Blissey|76/100|[from] item: Leftovers
|upkeep
|turn|55
|
|t:|1728375900
|move|p2a: Skarmory|Toxic|p1a: Blissey
|-status|p1a: Blissey|tox
|move|p1a: Blissey|Soft-Boiled|p1a: Blissey
|-heal|p1a: Blissey|100/100 tox
|
|-weather|Sandstorm|[upkeep]
|-damage|p1a: Blissey|94/100 tox|[from] Sandstorm
|-heal|p2a: Skarmory|60/100|[from] item: Leftovers
|-heal|p1a: Blissey|100/100 tox|[from] item: Leftovers
|-damage|p1a: Blissey|94/100 tox|[from] psn
|upkeep
|turn|56
|inactive|Aobera has 270 seconds left.
|
|t:|1728375906
|move|p2a: Skarmory|Taunt|p1a: Blissey
|-start|p1a: Blissey|move: Taunt
|move|p1a: Blissey|Seismic Toss|p2a: Skarmory
|-damage|p2a: Skarmory|29/100
|
|-weather|Sandstorm|[upkeep]
|-damage|p1a: Blissey|88/100 tox|[from] Sandstorm
|-heal|p2a: Skarmory|36/100|[from] item: Leftovers
|-heal|p1a: Blissey|94/100 tox|[from] item: Leftovers
|-damage|p1a: Blissey|82/100 tox|[from] psn
|upkeep
|turn|57
|inactive|Aobera has 270 seconds left.
|
|t:|1728375931
|switch|p2a: Blissey|Blissey, F|93/100
|-damage|p2a: Blissey|68/100|[from] Spikes
|move|p1a: Blissey|Seismic Toss|p2a: Blissey
|-damage|p2a: Blissey|53/100
|
|-weather|Sandstorm|[upkeep]
|-damage|p1a: Blissey|76/100 tox|[from] Sandstorm
|-damage|p2a: Blissey|47/100|[from] Sandstorm
|-heal|p1a: Blissey|82/100 tox|[from] item: Leftovers
|-damage|p1a: Blissey|64/100 tox|[from] psn
|-end|p1a: Blissey|move: Taunt|[silent]
|-heal|p2a: Blissey|53/100|[from] item: Leftovers
|upkeep
|turn|58
|
|t:|1728375936
|-curestatus|p1a: Blissey|tox|[from] ability: Natural Cure
|switch|p1a: Skarmory|Skarmory, M|27/100
|move|p2a: Blissey|Soft-Boiled|p2a: Blissey
|-heal|p2a: Blissey|100/100
|
|-weather|Sandstorm|[upkeep]
|-damage|p2a: Blissey|94/100|[from] Sandstorm
|-heal|p1a: Skarmory|33/100|[from] item: Leftovers
|-heal|p2a: Blissey|100/100|[from] item: Leftovers
|upkeep
|turn|59
|inactive|Doc. Steel has 240 seconds left.
|inactive|Aobera has 270 seconds left.
|
|t:|1728375967
|switch|p1a: Blissey|Blissey, F|64/100
|-damage|p1a: Blissey|39/100|[from] Spikes
|switch|p2a: Tyranitar|Tyranitar, F|61/100
|-damage|p2a: Tyranitar|37/100|[from] Spikes
|
|-weather|Sandstorm|[upkeep]
|-damage|p1a: Blissey|33/100|[from] Sandstorm
|-heal|p2a: Tyranitar|43/100|[from] item: Leftovers
|-heal|p1a: Blissey|39/100|[from] item: Leftovers
|upkeep
|turn|60
|inactive|Doc. Steel has 210 seconds left.
|
|t:|1728375993
|switch|p1a: Swampert|Swampert, F|69/100 tox
|-damage|p1a: Swampert|45/100 tox|[from] Spikes
|move|p2a: Tyranitar|Rock Slide|p1a: Swampert
|-resisted|p1a: Swampert
|-damage|p1a: Swampert|30/100 tox
|
|-weather|Sandstorm|[upkeep]
|-heal|p2a: Tyranitar|49/100|[from] item: Leftovers
|-heal|p1a: Swampert|36/100 tox|[from] item: Leftovers
|-damage|p1a: Swampert|30/100 tox|[from] psn
|upkeep
|turn|61
|
|t:|1728376002
|switch|p2a: Skarmory|Skarmory, M|36/100
|move|p1a: Swampert|Earthquake|p2a: Skarmory
|-immune|p2a: Skarmory
|
|-weather|Sandstorm|[upkeep]
|-heal|p2a: Skarmory|42/100|[from] item: Leftovers
|-heal|p1a: Swampert|36/100 tox|[from] item: Leftovers
|-damage|p1a: Swampert|24/100 tox|[from] psn
|upkeep
|turn|62
|
|t:|1728376009
|move|p1a: Swampert|Hydro Pump|p2a: Skarmory
|-damage|p2a: Skarmory|0 fnt
|faint|p2a: Skarmory
|
|t:|1728376018
|switch|p2a: Aerodactyl|Aerodactyl, M|100/100
|
|-weather|Sandstorm|[upkeep]
|-heal|p1a: Swampert|30/100 tox|[from] item: Leftovers
|-damage|p1a: Swampert|11/100 tox|[from] psn
|upkeep
|turn|63
|inactive|Aobera has 270 seconds left.
|
|t:|1728376040
|move|p2a: Aerodactyl|Double-Edge|p1a: Swampert
|-damage|p1a: Swampert|0 fnt
|faint|p1a: Swampert
|
|t:|1728376046
|switch|p1a: Skarmory|Skarmory, M|33/100
|
|-weather|Sandstorm|[upkeep]
|-heal|p1a: Skarmory|39/100|[from] item: Leftovers
|upkeep
|turn|64
|
|t:|1728376054
|switch|p2a: Blissey|Blissey, F|100/100
|-damage|p2a: Blissey|76/100|[from] Spikes
|move|p1a: Skarmory|Roar|p2a: Blissey
|drag|p2a: Tyranitar|Tyranitar, F|49/100
|-damage|p2a: Tyranitar|24/100|[from] Spikes
|
|-weather|Sandstorm|[upkeep]
|-heal|p2a: Tyranitar|30/100|[from] item: Leftovers
|-heal|p1a: Skarmory|45/100|[from] item: Leftovers
|upkeep
|turn|65
|
|t:|1728376064
|move|p2a: Tyranitar|Rock Slide|p1a: Skarmory
|-damage|p1a: Skarmory|8/100
|cant|p1a: Skarmory|flinch
|
|-weather|Sandstorm|[upkeep]
|-heal|p2a: Tyranitar|36/100|[from] item: Leftovers
|-heal|p1a: Skarmory|14/100|[from] item: Leftovers
|upkeep
|turn|66
|
|t:|1728376078
|switch|p1a: Moltres|Moltres|30/100
|move|p2a: Tyranitar|Rock Slide|p1a: Moltres
|-supereffective|p1a: Moltres
|-damage|p1a: Moltres|0 fnt
|faint|p1a: Moltres
|
|t:|1728376083
|switch|p1a: Skarmory|Skarmory, M|14/100
|
|-weather|Sandstorm|[upkeep]
|-heal|p2a: Tyranitar|42/100|[from] item: Leftovers
|-heal|p1a: Skarmory|20/100|[from] item: Leftovers
|upkeep
|turn|67
|
|t:|1728376099
|switch|p1a: Blissey|Blissey, F|39/100
|-damage|p1a: Blissey|14/100|[from] Spikes
|move|p2a: Tyranitar|Rock Slide|p1a: Blissey
|-damage|p1a: Blissey|0 fnt
|faint|p1a: Blissey
|
|t:|1728376101
|switch|p1a: Skarmory|Skarmory, M|20/100
|
|-weather|Sandstorm|[upkeep]
|-heal|p2a: Tyranitar|49/100|[from] item: Leftovers
|-heal|p1a: Skarmory|26/100|[from] item: Leftovers
|upkeep
|turn|68
|
|t:|1728376107
|move|p2a: Tyranitar|Rock Slide|p1a: Skarmory
|-damage|p1a: Skarmory|0 fnt
|faint|p1a: Skarmory
|
|win|Aobera
|c|☆Doc. Steel|gg
|c|☆Aobera|gg
|player|p1|
|player|p1|Doc. Steel|102|
|player|p1|
|player|p2|
|player|p2|Aobera|furisodegirl-black|

</script>
<script type="application/json" class="data" id="replaydata-smogtours-gen3ou-796333">
{"id":"smogtours-gen3ou-796333","format":"[Gen 3] OU","players":["Doc. Steel","Aobera"],"uploadtime":1728376107,"views":84,"formatid":"gen3ou","rating":null,"private":0,"password":null}
</script>

<script defer src="js/replays.js?9d40a366"></script>
