<!DOCTYPE html>
<meta charset="utf-8" />
<meta name="viewport" content="width=device-width" />

<title>[Gen 3] OU: beignet2 vs. Christos - Replays - Pok&eacute;mon Showdown!</title>

<meta name="description" content="Watch a replay of a Pok&eacute;mon battle between beignet2 and Christos! Format: [Gen 3] OU; Date: Oct 22, 2024" />
<!--

Hey, you! Looking in the source for the replay log?

You can find them in JSON format, just add `.json` at the end of a replay URL.

https://replay.pokemonshowdown.com/gen7randomdoublesbattle-865046831.json

Or, if you only need the log itself, add `.log` instead:

https://replay.pokemonshowdown.com/gen7randomdoublesbattle-865046831.log

-->

<link rel="stylesheet" href="//pokemonshowdown.com/style/global.css?0.023195364461161105" />
<link rel="stylesheet" href="//play.pokemonshowdown.com/style/font-awesome.css?0.13261647063804238" />
<link rel="stylesheet" href="//play.pokemonshowdown.com/style/battle.css?0.8753245789963631" />
<link rel="stylesheet" href="//play.pokemonshowdown.com/style/utilichart.css?0.8627959624976733" />

<!-- Global site tag (gtag.js) - Google Analytics -->
<script async src="https://www.googletagmanager.com/gtag/js?id=UA-26211653-1"></script>
<script>
  window.dataLayer = window.dataLayer || [];
  function gtag(){dataLayer.push(arguments);}
  gtag('js', new Date());

  gtag('config', 'UA-26211653-1');
</script>
<!-- End Google Analytics -->
<!-- Venatus Ad Manager - Install in <HEAD> of page -->
	<script src="https://hb.vntsm.com/v3/live/ad-manager.min.js" type="text/javascript" data-site-id="642aba63ec9a7b11c3c9c1be" data-mode="scan" async></script>
<!-- / Venatus Ad Manager -->

<style>
	@media (max-width:820px) {
		.battle {
			margin: 0 auto;
		}
		.battle-log {
			margin: 7px auto 0;
			max-width: 640px;
			height: 300px;
			position: static;
		}
	}
	.optgroup {
		display: inline-block;
		line-height: 22px;
		font-size: 10pt;
	}
	.optgroup .button {
		height: 25px;
		padding-top: 0;
		padding-bottom: 0;
	}
	.optgroup button.button {
		padding-left: 12px;
		padding-right: 12px;
	}
	.linklist {
		list-style: none;
		margin: 0.5em 0;
		padding: 0;
	}
	.linklist li {
		padding: 2px 0;
	}
	.sidebar {
		float: left;
		width: 320px;
	}
	.bar-wrapper {
		max-width: 1100px;
		margin: 0 auto;
	}
	.bar-wrapper.has-sidebar {
		max-width: 1430px;
	}
	.mainbar {
		margin: 0;
		padding-right: 1px;
	}
	.mainbar.has-sidebar {
		margin-left: 330px;
	}
	@media (min-width: 1511px) {
		.sidebar {
			width: 400px;
		}
		.bar-wrapper.has-sidebar {
			max-width: 1510px;
		}
		.mainbar.has-sidebar {
			margin-left: 410px;
		}
	}
	.section.first-section {
		margin-top: 9px;
	}
	.blocklink small {
		white-space: normal;
	}
	.button {
		vertical-align: middle;
	}
	.replay-controls {
		padding-top: 10px;
	}
	.replay-controls h1 {
		font-size: 16pt;
		font-weight: normal;
		color: #CCC;
	}
	.pagelink {
		text-align: center;
	}
	.pagelink a {
		width: 150px;
	}
	.textbox, .button {
		font-size: 11pt;
		vertical-align: middle;
	}
	@media (max-width: 450px) {
		.button {
			font-size: 9pt;
		}
	}
</style>

<div>

	<header>
		<div class="nav-wrapper"><ul class="nav">
			<li><a class="button nav-first" href="//pokemonshowdown.com/"><img src="//pokemonshowdown.com/images/pokemonshowdownbeta.png" srcset="//pokemonshowdown.com/images/pokemonshowdownbeta.png 1x, //pokemonshowdown.com/images/pokemonshowdownbeta@2x.png 2x" alt="Pok&eacute;mon Showdown" width="146" height="44" /> Home</a></li>
			<li><a class="button" href="//pokemonshowdown.com/dex/">Pok&eacute;dex</a></li>
			<li><a class="button cur" href="/">Replays</a></li>
			<li><a class="button" href="//pokemonshowdown.com/ladder/">Ladder</a></li>
			<li><a class="button nav-last" href="//pokemonshowdown.com/forums/">Forum</a></li>
			<li><a class="button greenbutton nav-first nav-last" href="//play.pokemonshowdown.com/">Play</a></li>
		</ul></div>
	</header>

	<div class="main" id="main">

		<noscript><section class="section">You need to enable JavaScript to use this page; sorry!</section></noscript>

	</div>

</div>

<script defer nomodule src="//play.pokemonshowdown.com/js/lib/ps-polyfill.js"></script>
<script defer src="//play.pokemonshowdown.com/js/lib/preact.min.js"></script>

<script defer src="//play.pokemonshowdown.com/config/config.js?2bddbc15"></script>
<script defer src="//play.pokemonshowdown.com/js/lib/jquery-1.11.0.min.js"></script>
<script defer src="//play.pokemonshowdown.com/js/lib/html-sanitizer-minified.js"></script>
<script defer src="//play.pokemonshowdown.com/js/battle-sound.js"></script>
<script defer src="//play.pokemonshowdown.com/js/battledata.js?0.7209276989879541"></script>
<script defer src="//play.pokemonshowdown.com/data/pokedex-mini.js?0.6111056340867951"></script>
<script defer src="//play.pokemonshowdown.com/data/pokedex-mini-bw.js?0.3532142036491459"></script>
<script defer src="//play.pokemonshowdown.com/data/graphics.js?0.24223875632456182"></script>
<script defer src="//play.pokemonshowdown.com/data/pokedex.js?0.38839984266356864"></script>
<script defer src="//play.pokemonshowdown.com/data/moves.js?0.21866028504024015"></script>
<script defer src="//play.pokemonshowdown.com/data/abilities.js?0.2005157953846628"></script>
<script defer src="//play.pokemonshowdown.com/data/items.js?0.9894211263848525"></script>
<script defer src="//play.pokemonshowdown.com/data/teambuilder-tables.js?0.6008791140282215"></script>
<script defer src="//play.pokemonshowdown.com/js/battle-tooltips.js?0.7580118955022959"></script>
<script defer src="//play.pokemonshowdown.com/js/battle.js?0.6057722274234274"></script>

<script defer src="js/utils.js?e31f9a17"></script>
<script defer src="js/replays-battle.js?7008c182"></script>

<!-- don't scrape this data! just add .json or .log after the URL!
Full API docs: https://github.com/smogon/pokemon-showdown-client/blob/master/WEB-API.md -->
<script type="text/plain" class="log" id="replaylog-smogtours-gen3ou-801234">
|inactive|Battle timer is ON: inactive players will automatically lose when time's up.
|t:|1729622208
|gametype|singles
|player|p1|beignet2|blue-gen3two|
|player|p2|Christos|boarder|
|teamsize|p1|6
|teamsize|p2|6
|gen|3
|tier|[Gen 3] OU
|rule|Sleep Clause Mod: Limit one foe put to sleep
|rule|Switch Priority Clause Mod: Faster Pokémon switch first
|rule|Species Clause: Limit one of each Pokémon
|rule|OHKO Clause: OHKO moves are banned
|rule|Evasion Items Clause: Evasion items are banned
|rule|Evasion Moves Clause: Evasion moves are banned
|rule|Endless Battle Clause: Forcing endless battles is banned
|rule|HP Percentage Mod: HP is shown in percentages
|rule|One Boost Passer Clause: Limit one Baton Passer that has a way to boost its stats
|rule|Freeze Clause Mod: Limit one foe frozen
|
|t:|1729622208
|start
|switch|p1a: 2|Zapdos|100/100
|switch|p2a: Hariyama|Hariyama, F|100/100
|turn|1
|c|☆Christos|hf
|inactive|Christos has 270 seconds left.
|
|t:|1729622239
|switch|p2a: Blissey|Blissey, F|100/100
|move|p1a: 2|Thunderbolt|p2a: Blissey
|-damage|p2a: Blissey|81/100
|
|-heal|p2a: Blissey|88/100|[from] item: Leftovers
|upkeep
|turn|2
|
|t:|1729622266
|move|p2a: Blissey|Ice Beam|p1a: 2
|-supereffective|p1a: 2
|-damage|p1a: 2|50/100
|move|p1a: 2|Roar|p2a: Blissey
|drag|p2a: Skarmory|Skarmory, F|100/100
|
|-heal|p1a: 2|56/100|[from] item: Leftovers
|upkeep
|turn|3
|inactive|Christos has 270 seconds left.
|
|t:|1729622294
|switch|p2a: Blissey|Blissey, F|88/100
|move|p1a: 2|Thunderbolt|p2a: Blissey
|-damage|p2a: Blissey|69/100
|
|-heal|p1a: 2|62/100|[from] item: Leftovers
|-heal|p2a: Blissey|75/100|[from] item: Leftovers
|upkeep
|turn|4
|
|t:|1729622306
|move|p1a: 2|Thunderbolt|p2a: Blissey
|-damage|p2a: Blissey|56/100
|move|p2a: Blissey|Ice Beam|p1a: 2
|-supereffective|p1a: 2
|-damage|p1a: 2|13/100
|
|-heal|p1a: 2|19/100|[from] item: Leftovers
|-heal|p2a: Blissey|62/100|[from] item: Leftovers
|upkeep
|turn|5
|
|t:|1729622311
|move|p1a: 2|Thunderbolt|p2a: Blissey
|-crit|p2a: Blissey
|-damage|p2a: Blissey|22/100
|move|p2a: Blissey|Soft-Boiled|p2a: Blissey
|-heal|p2a: Blissey|71/100
|
|-heal|p1a: 2|25/100|[from] item: Leftovers
|-heal|p2a: Blissey|78/100|[from] item: Leftovers
|upkeep
|turn|6
|
|t:|1729622318
|move|p1a: 2|Thunderbolt|p2a: Blissey
|-damage|p2a: Blissey|59/100
|move|p2a: Blissey|Soft-Boiled|p2a: Blissey
|-heal|p2a: Blissey|100/100
|
|-heal|p1a: 2|32/100|[from] item: Leftovers
|upkeep
|turn|7
|
|t:|1729622333
|move|p1a: 2|Thunderbolt|p2a: Blissey
|-damage|p2a: Blissey|79/100
|move|p2a: Blissey|Sing|p1a: 2|[miss]
|-miss|p2a: Blissey|p1a: 2
|
|-heal|p1a: 2|38/100|[from] item: Leftovers
|-heal|p2a: Blissey|85/100|[from] item: Leftovers
|upkeep
|turn|8
|
|t:|1729622340
|move|p1a: 2|Thunderbolt|p2a: Blissey
|-damage|p2a: Blissey|66/100
|move|p2a: Blissey|Sing|p1a: 2|[miss]
|-miss|p2a: Blissey|p1a: 2
|
|-heal|p1a: 2|44/100|[from] item: Leftovers
|-heal|p2a: Blissey|73/100|[from] item: Leftovers
|upkeep
|turn|9
|
|t:|1729622343
|move|p1a: 2|Thunderbolt|p2a: Blissey
|-damage|p2a: Blissey|52/100
|move|p2a: Blissey|Soft-Boiled|p2a: Blissey
|-heal|p2a: Blissey|100/100
|
|-heal|p1a: 2|50/100|[from] item: Leftovers
|upkeep
|turn|10
|
|t:|1729622348
|move|p1a: 2|Thunderbolt|p2a: Blissey
|-damage|p2a: Blissey|81/100
|move|p2a: Blissey|Sing|p1a: 2|[miss]
|-miss|p2a: Blissey|p1a: 2
|
|-heal|p1a: 2|56/100|[from] item: Leftovers
|-heal|p2a: Blissey|87/100|[from] item: Leftovers
|upkeep
|turn|11
|
|t:|1729622353
|move|p1a: 2|Thunderbolt|p2a: Blissey
|-damage|p2a: Blissey|67/100
|move|p2a: Blissey|Sing|p1a: 2
|-status|p1a: 2|slp|[from] move: Sing
|
|-heal|p1a: 2|63/100 slp|[from] item: Leftovers
|-heal|p2a: Blissey|74/100|[from] item: Leftovers
|upkeep
|turn|12
|
|t:|1729622359
|switch|p1a: LAST MON SUICUNE!?|Suicune|100/100
|move|p2a: Blissey|Ice Beam|p1a: LAST MON SUICUNE!?
|-resisted|p1a: LAST MON SUICUNE!?
|-damage|p1a: LAST MON SUICUNE!?|90/100
|
|-heal|p1a: LAST MON SUICUNE!?|96/100|[from] item: Leftovers
|-heal|p2a: Blissey|80/100|[from] item: Leftovers
|upkeep
|turn|13
|
|t:|1729622369
|move|p1a: LAST MON SUICUNE!?|Calm Mind|p1a: LAST MON SUICUNE!?
|-boost|p1a: LAST MON SUICUNE!?|spa|1
|-boost|p1a: LAST MON SUICUNE!?|spd|1
|move|p2a: Blissey|Seismic Toss|p1a: LAST MON SUICUNE!?
|-damage|p1a: LAST MON SUICUNE!?|67/100
|
|-heal|p1a: LAST MON SUICUNE!?|73/100|[from] item: Leftovers
|-heal|p2a: Blissey|86/100|[from] item: Leftovers
|upkeep
|turn|14
|
|t:|1729622384
|move|p2a: Blissey|Seismic Toss|p1a: LAST MON SUICUNE!?
|-damage|p1a: LAST MON SUICUNE!?|45/100
|move|p1a: LAST MON SUICUNE!?|Roar|p2a: Blissey
|drag|p2a: Skarmory|Skarmory, F|100/100
|
|-heal|p1a: LAST MON SUICUNE!?|51/100|[from] item: Leftovers
|upkeep
|turn|15
|
|t:|1729622395
|switch|p2a: Starmie|Starmie|100/100
|move|p1a: LAST MON SUICUNE!?|Calm Mind|p1a: LAST MON SUICUNE!?
|-boost|p1a: LAST MON SUICUNE!?|spa|1
|-boost|p1a: LAST MON SUICUNE!?|spd|1
|
|-heal|p1a: LAST MON SUICUNE!?|57/100|[from] item: Leftovers
|upkeep
|turn|16
|
|t:|1729622399
|move|p2a: Starmie|Thunder Wave|p1a: LAST MON SUICUNE!?
|-status|p1a: LAST MON SUICUNE!?|par
|move|p1a: LAST MON SUICUNE!?|Hydro Pump|p2a: Starmie
|-resisted|p2a: Starmie
|-damage|p2a: Starmie|42/100
|
|-heal|p2a: Starmie|49/100|[from] item: Leftovers
|-heal|p1a: LAST MON SUICUNE!?|63/100 par|[from] item: Leftovers
|upkeep
|turn|17
|
|t:|1729622409
|move|p2a: Starmie|Recover|p2a: Starmie
|-heal|p2a: Starmie|99/100
|move|p1a: LAST MON SUICUNE!?|Hydro Pump|p2a: Starmie
|-resisted|p2a: Starmie
|-damage|p2a: Starmie|32/100
|
|-heal|p2a: Starmie|38/100|[from] item: Leftovers
|-heal|p1a: LAST MON SUICUNE!?|69/100 par|[from] item: Leftovers
|upkeep
|turn|18
|
|t:|1729622414
|move|p2a: Starmie|Recover|p2a: Starmie
|-heal|p2a: Starmie|88/100
|move|p1a: LAST MON SUICUNE!?|Hydro Pump|p2a: Starmie|[miss]
|-miss|p1a: LAST MON SUICUNE!?|p2a: Starmie
|
|-heal|p2a: Starmie|94/100|[from] item: Leftovers
|-heal|p1a: LAST MON SUICUNE!?|75/100 par|[from] item: Leftovers
|upkeep
|turn|19
|
|t:|1729622420
|switch|p2a: Blissey|Blissey, F|86/100
|move|p1a: LAST MON SUICUNE!?|Calm Mind|p1a: LAST MON SUICUNE!?
|-boost|p1a: LAST MON SUICUNE!?|spa|1
|-boost|p1a: LAST MON SUICUNE!?|spd|1
|
|-heal|p2a: Blissey|92/100|[from] item: Leftovers
|-heal|p1a: LAST MON SUICUNE!?|81/100 par|[from] item: Leftovers
|upkeep
|turn|20
|
|t:|1729622425
|move|p2a: Blissey|Seismic Toss|p1a: LAST MON SUICUNE!?
|-damage|p1a: LAST MON SUICUNE!?|52/100 par
|move|p1a: LAST MON SUICUNE!?|Roar|p2a: Blissey
|drag|p2a: Skarmory|Skarmory, F|100/100
|
|-heal|p1a: LAST MON SUICUNE!?|58/100 par|[from] item: Leftovers
|upkeep
|turn|21
|
|t:|1729622439
|move|p2a: Skarmory|Protect|p2a: Skarmory
|-singleturn|p2a: Skarmory|Protect
|move|p1a: LAST MON SUICUNE!?|Calm Mind|p1a: LAST MON SUICUNE!?
|-boost|p1a: LAST MON SUICUNE!?|spa|1
|-boost|p1a: LAST MON SUICUNE!?|spd|1
|
|-heal|p1a: LAST MON SUICUNE!?|64/100 par|[from] item: Leftovers
|upkeep
|turn|22
|
|t:|1729622447
|move|p2a: Skarmory|Spikes|p1a: LAST MON SUICUNE!?
|-sidestart|p1: beignet2|Spikes
|move|p1a: LAST MON SUICUNE!?|Hydro Pump|p2a: Skarmory
|-damage|p2a: Skarmory|0 fnt
|faint|p2a: Skarmory
|
|t:|1729622454
|switch|p2a: Blissey|Blissey, F|92/100
|
|-heal|p2a: Blissey|98/100|[from] item: Leftovers
|-heal|p1a: LAST MON SUICUNE!?|70/100 par|[from] item: Leftovers
|upkeep
|turn|23
|
|t:|1729622457
|move|p2a: Blissey|Seismic Toss|p1a: LAST MON SUICUNE!?
|-damage|p1a: LAST MON SUICUNE!?|42/100 par
|cant|p1a: LAST MON SUICUNE!?|par
|
|-heal|p2a: Blissey|100/100|[from] item: Leftovers
|-heal|p1a: LAST MON SUICUNE!?|48/100 par|[from] item: Leftovers
|upkeep
|turn|24
|
|t:|1729622462
|move|p2a: Blissey|Seismic Toss|p1a: LAST MON SUICUNE!?
|-damage|p1a: LAST MON SUICUNE!?|19/100 par
|move|p1a: LAST MON SUICUNE!?|Hydro Pump|p2a: Blissey
|-damage|p2a: Blissey|37/100
|
|-heal|p2a: Blissey|43/100|[from] item: Leftovers
|-heal|p1a: LAST MON SUICUNE!?|25/100 par|[from] item: Leftovers
|upkeep
|turn|25
|
|t:|1729622470
|move|p2a: Blissey|Soft-Boiled|p2a: Blissey
|-heal|p2a: Blissey|93/100
|move|p1a: LAST MON SUICUNE!?|Hydro Pump|p2a: Blissey
|-crit|p2a: Blissey
|-damage|p2a: Blissey|0 fnt
|faint|p2a: Blissey
|
|t:|1729622487
|switch|p2a: Dugtrio|Dugtrio, M|100/100
|
|-heal|p1a: LAST MON SUICUNE!?|31/100 par|[from] item: Leftovers
|upkeep
|turn|26
|
|t:|1729622491
|move|p2a: Dugtrio|Earthquake|p1a: LAST MON SUICUNE!?
|-damage|p1a: LAST MON SUICUNE!?|0 fnt
|faint|p1a: LAST MON SUICUNE!?
|
|t:|1729622495
|switch|p1a: Calling For Rain|Ludicolo, F|100/100
|-damage|p1a: Calling For Rain|88/100|[from] Spikes
|
|-heal|p1a: Calling For Rain|94/100|[from] item: Leftovers
|upkeep
|turn|27
|
|t:|1729622502
|switch|p2a: Starmie|Starmie|94/100
|move|p1a: Calling For Rain|Rain Dance|p1a: Calling For Rain
|-weather|RainDance
|
|-weather|RainDance|[upkeep]
|-heal|p1a: Calling For Rain|100/100|[from] item: Leftovers
|-heal|p2a: Starmie|99/100|[from] item: Leftovers
|upkeep
|turn|28
|
|t:|1729622513
|switch|p1a: Agent 47|Dugtrio, F|100/100
|-damage|p1a: Agent 47|88/100|[from] Spikes
|move|p2a: Starmie|Thunder Wave|p1a: Agent 47
|-immune|p1a: Agent 47
|
|-weather|RainDance|[upkeep]
|-heal|p2a: Starmie|100/100|[from] item: Leftovers
|upkeep
|turn|29
|
|t:|1729622518
|move|p2a: Starmie|Surf|p1a: Agent 47
|-supereffective|p1a: Agent 47
|-damage|p1a: Agent 47|0 fnt
|faint|p1a: Agent 47
|
|t:|1729622525
|switch|p1a: Rain On Me|Kingdra, F|100/100
|-damage|p1a: Rain On Me|88/100|[from] Spikes
|
|-weather|RainDance|[upkeep]
|upkeep
|turn|30
|
|t:|1729622532
|move|p1a: Rain On Me|Hidden Power|p2a: Starmie
|-supereffective|p2a: Starmie
|-crit|p2a: Starmie
|-damage|p2a: Starmie|1/100
|move|p2a: Starmie|Thunder Wave|p1a: Rain On Me
|-status|p1a: Rain On Me|par
|-enditem|p1a: Rain On Me|Lum Berry|[eat]
|-curestatus|p1a: Rain On Me|par|[msg]
|
|-weather|RainDance|[upkeep]
|-heal|p2a: Starmie|7/100|[from] item: Leftovers
|upkeep
|turn|31
|inactive|Christos has 270 seconds left.
|
|t:|1729622584
|switch|p2a: Hariyama|Hariyama, F|100/100
|move|p1a: Rain On Me|Surf|p2a: Hariyama
|-damage|p2a: Hariyama|22/100
|
|-weather|none
|-heal|p2a: Hariyama|28/100|[from] item: Leftovers
|upkeep
|turn|32
|
|t:|1729622598
|move|p1a: Rain On Me|Surf|p2a: Hariyama
|-damage|p2a: Hariyama|0 fnt
|faint|p2a: Hariyama
|inactive|Christos has 240 seconds left.
|inactive|Christos has 210 seconds left.
|
|t:|1729622649
|switch|p2a: Starmie|Starmie|7/100
|
|-heal|p2a: Starmie|13/100|[from] item: Leftovers
|upkeep
|turn|33
|
|t:|1729622654
|move|p2a: Starmie|Recover|p2a: Starmie
|-heal|p2a: Starmie|63/100
|move|p1a: Rain On Me|Rain Dance|p1a: Rain On Me
|-weather|RainDance
|
|-weather|RainDance|[upkeep]
|-heal|p2a: Starmie|69/100|[from] item: Leftovers
|upkeep
|turn|34
|
|t:|1729622657
|move|p1a: Rain On Me|Hidden Power|p2a: Starmie
|-supereffective|p2a: Starmie
|-damage|p2a: Starmie|20/100
|move|p2a: Starmie|Thunder Wave|p1a: Rain On Me
|-status|p1a: Rain On Me|par
|
|-weather|RainDance|[upkeep]
|-heal|p2a: Starmie|26/100|[from] item: Leftovers
|upkeep
|turn|35
|
|t:|1729622660
|move|p2a: Starmie|Recover|p2a: Starmie
|-heal|p2a: Starmie|76/100
|cant|p1a: Rain On Me|par
|
|-weather|RainDance|[upkeep]
|-heal|p2a: Starmie|82/100|[from] item: Leftovers
|upkeep
|turn|36
|inactive|Christos has 240 seconds left.
|
|t:|1729622671
|move|p2a: Starmie|Surf|p1a: Rain On Me
|-resisted|p1a: Rain On Me
|-damage|p1a: Rain On Me|74/100 par
|move|p1a: Rain On Me|Hidden Power|p2a: Starmie
|-supereffective|p2a: Starmie
|-damage|p2a: Starmie|36/100
|
|-weather|RainDance|[upkeep]
|-heal|p2a: Starmie|42/100|[from] item: Leftovers
|upkeep
|turn|37
|
|t:|1729622676
|move|p2a: Starmie|Recover|p2a: Starmie
|-heal|p2a: Starmie|92/100
|cant|p1a: Rain On Me|par
|
|-weather|none
|-heal|p2a: Starmie|99/100|[from] item: Leftovers
|upkeep
|turn|38
|
|t:|1729622680
|move|p2a: Starmie|Surf|p1a: Rain On Me
|-resisted|p1a: Rain On Me
|-damage|p1a: Rain On Me|65/100 par
|move|p1a: Rain On Me|Hidden Power|p2a: Starmie
|-supereffective|p2a: Starmie
|-damage|p2a: Starmie|49/100
|
|-heal|p2a: Starmie|55/100|[from] item: Leftovers
|upkeep
|turn|39
|
|t:|1729622696
|switch|p1a: 2|Zapdos|63/100 slp
|move|p2a: Starmie|Recover|p2a: Starmie
|-heal|p2a: Starmie|100/100
|
|-heal|p1a: 2|69/100 slp|[from] item: Leftovers
|upkeep
|turn|40
|
|t:|1729622710
|move|p2a: Starmie|Surf|p1a: 2
|-damage|p1a: 2|28/100 slp
|cant|p1a: 2|slp
|
|-heal|p1a: 2|34/100 slp|[from] item: Leftovers
|upkeep
|turn|41
|
|t:|1729622716
|move|p2a: Starmie|Surf|p1a: 2
|-damage|p1a: 2|0 fnt
|faint|p1a: 2
|
|t:|1729622720
|switch|p1a: 10 000 YEARS|Jirachi|100/100
|-damage|p1a: 10 000 YEARS|88/100|[from] Spikes
|
|-heal|p1a: 10 000 YEARS|94/100|[from] item: Leftovers
|upkeep
|turn|42
|inactive|Christos has 270 seconds left.
|
|t:|1729622730
|move|p2a: Starmie|Thunder Wave|p1a: 10 000 YEARS
|-status|p1a: 10 000 YEARS|par
|move|p1a: 10 000 YEARS|Thunder|p2a: Starmie
|-supereffective|p2a: Starmie
|-damage|p2a: Starmie|35/100
|-status|p2a: Starmie|par
|
|-heal|p2a: Starmie|41/100 par|[from] item: Leftovers
|-heal|p1a: 10 000 YEARS|100/100 par|[from] item: Leftovers
|upkeep
|turn|43
|inactive|Christos has 270 seconds left.
|
|t:|1729622740
|-curestatus|p2a: Starmie|par|[from] ability: Natural Cure
|switch|p2a: Dugtrio|Dugtrio, M|100/100
|move|p1a: 10 000 YEARS|Ice Punch|p2a: Dugtrio
|-supereffective|p2a: Dugtrio
|-damage|p2a: Dugtrio|24/100
|
|upkeep
|turn|44
|
|t:|1729622746
|move|p2a: Dugtrio|Earthquake|p1a: 10 000 YEARS
|-supereffective|p1a: 10 000 YEARS
|-damage|p1a: 10 000 YEARS|33/100 par
|move|p1a: 10 000 YEARS|Ice Punch|p2a: Dugtrio
|-supereffective|p2a: Dugtrio
|-damage|p2a: Dugtrio|0 fnt
|faint|p2a: Dugtrio
|
|t:|1729622751
|switch|p2a: Metagross|Metagross|100/100
|
|-heal|p1a: 10 000 YEARS|40/100 par|[from] item: Leftovers
|upkeep
|turn|45
|
|t:|1729622759
|move|p2a: Metagross|Earthquake|p1a: 10 000 YEARS
|-supereffective|p1a: 10 000 YEARS
|-damage|p1a: 10 000 YEARS|0 fnt
|faint|p1a: 10 000 YEARS
|
|t:|1729622762
|switch|p1a: Calling For Rain|Ludicolo, F|100/100
|-damage|p1a: Calling For Rain|88/100|[from] Spikes
|
|-heal|p1a: Calling For Rain|94/100|[from] item: Leftovers
|upkeep
|turn|46
|
|t:|1729622789
|move|p1a: Calling For Rain|Leech Seed|p2a: Metagross
|-start|p2a: Metagross|move: Leech Seed
|move|p2a: Metagross|Explosion|p1a: Calling For Rain
|-damage|p1a: Calling For Rain|0 fnt
|faint|p2a: Metagross
|faint|p1a: Calling For Rain
|
|t:|1729622793
|switch|p1a: Rain On Me|Kingdra, F|65/100 par
|switch|p2a: Starmie|Starmie|41/100
|-damage|p1a: Rain On Me|52/100 par|[from] Spikes
|
|-heal|p2a: Starmie|47/100|[from] item: Leftovers
|upkeep
|turn|47
|
|t:|1729622797
|move|p2a: Starmie|Recover|p2a: Starmie
|-heal|p2a: Starmie|97/100
|move|p1a: Rain On Me|Hidden Power|p2a: Starmie
|-supereffective|p2a: Starmie
|-damage|p2a: Starmie|47/100
|
|-heal|p2a: Starmie|53/100|[from] item: Leftovers
|upkeep
|turn|48
|
|t:|1729622801
|move|p2a: Starmie|Recover|p2a: Starmie
|-heal|p2a: Starmie|100/100
|move|p1a: Rain On Me|Hidden Power|p2a: Starmie
|-supereffective|p2a: Starmie
|-damage|p2a: Starmie|46/100
|
|-heal|p2a: Starmie|52/100|[from] item: Leftovers
|upkeep
|turn|49
|
|t:|1729622807
|move|p2a: Starmie|Recover|p2a: Starmie
|-heal|p2a: Starmie|100/100
|move|p1a: Rain On Me|Hidden Power|p2a: Starmie
|-supereffective|p2a: Starmie
|-damage|p2a: Starmie|46/100
|
|-heal|p2a: Starmie|52/100|[from] item: Leftovers
|upkeep
|turn|50
|
|t:|1729622811
|move|p2a: Starmie|Recover|p2a: Starmie
|-heal|p2a: Starmie|100/100
|move|p1a: Rain On Me|Hidden Power|p2a: Starmie
|-supereffective|p2a: Starmie
|-damage|p2a: Starmie|50/100
|
|-heal|p2a: Starmie|56/100|[from] item: Leftovers
|upkeep
|turn|51
|
|t:|1729622815
|move|p2a: Starmie|Recover|p2a: Starmie
|-heal|p2a: Starmie|100/100
|cant|p1a: Rain On Me|par
|
|upkeep
|turn|52
|
|t:|1729622819
|move|p2a: Starmie|Surf|p1a: Rain On Me
|-resisted|p1a: Rain On Me
|-damage|p1a: Rain On Me|42/100 par
|cant|p1a: Rain On Me|par
|
|upkeep
|turn|53
|
|t:|1729622822
|move|p2a: Starmie|Surf|p1a: Rain On Me
|-resisted|p1a: Rain On Me
|-damage|p1a: Rain On Me|34/100 par
|move|p1a: Rain On Me|Hidden Power|p2a: Starmie
|-supereffective|p2a: Starmie
|-damage|p2a: Starmie|51/100
|
|-heal|p2a: Starmie|57/100|[from] item: Leftovers
|upkeep
|turn|54
|
|t:|1729622827
|move|p2a: Starmie|Recover|p2a: Starmie
|-heal|p2a: Starmie|100/100
|move|p1a: Rain On Me|Hidden Power|p2a: Starmie
|-supereffective|p2a: Starmie
|-damage|p2a: Starmie|52/100
|
|-heal|p2a: Starmie|58/100|[from] item: Leftovers
|upkeep
|turn|55
|
|t:|1729622833
|move|p2a: Starmie|Recover|p2a: Starmie
|-heal|p2a: Starmie|100/100
|cant|p1a: Rain On Me|par
|
|upkeep
|turn|56
|
|t:|1729622838
|move|p2a: Starmie|Surf|p1a: Rain On Me
|-resisted|p1a: Rain On Me
|-damage|p1a: Rain On Me|24/100 par
|move|p1a: Rain On Me|Hidden Power|p2a: Starmie
|-supereffective|p2a: Starmie
|-damage|p2a: Starmie|51/100
|
|-heal|p2a: Starmie|57/100|[from] item: Leftovers
|upkeep
|turn|57
|
|t:|1729622843
|move|p2a: Starmie|Recover|p2a: Starmie
|-heal|p2a: Starmie|100/100
|move|p1a: Rain On Me|Hidden Power|p2a: Starmie
|-supereffective|p2a: Starmie
|-damage|p2a: Starmie|53/100
|
|-heal|p2a: Starmie|59/100|[from] item: Leftovers
|upkeep
|turn|58
|
|t:|1729622850
|move|p2a: Starmie|Recover|p2a: Starmie
|-heal|p2a: Starmie|100/100
|move|p1a: Rain On Me|Hidden Power|p2a: Starmie
|-supereffective|p2a: Starmie
|-damage|p2a: Starmie|54/100
|
|-heal|p2a: Starmie|60/100|[from] item: Leftovers
|upkeep
|turn|59
|
|t:|1729622855
|move|p2a: Starmie|Recover|p2a: Starmie
|-heal|p2a: Starmie|100/100
|move|p1a: Rain On Me|Hidden Power|p2a: Starmie
|-supereffective|p2a: Starmie
|-damage|p2a: Starmie|55/100
|
|-heal|p2a: Starmie|61/100|[from] item: Leftovers
|upkeep
|turn|60
|
|t:|1729622862
|move|p2a: Starmie|Recover|p2a: Starmie
|-heal|p2a: Starmie|100/100
|move|p1a: Rain On Me|Hidden Power|p2a: Starmie
|-supereffective|p2a: Starmie
|-damage|p2a: Starmie|47/100
|
|-heal|p2a: Starmie|54/100|[from] item: Leftovers
|upkeep
|turn|61
|
|t:|1729622864
|move|p2a: Starmie|Recover|p2a: Starmie
|-heal|p2a: Starmie|100/100
|cant|p1a: Rain On Me|par
|
|upkeep
|turn|62
|
|t:|1729622869
|move|p2a: Starmie|Surf|p1a: Rain On Me
|-resisted|p1a: Rain On Me
|-crit|p1a: Rain On Me
|-damage|p1a: Rain On Me|6/100 par
|move|p1a: Rain On Me|Hidden Power|p2a: Starmie
|-supereffective|p2a: Starmie
|-damage|p2a: Starmie|48/100
|
|-heal|p2a: Starmie|54/100|[from] item: Leftovers
|upkeep
|turn|63
|
|t:|1729622877
|move|p2a: Starmie|Surf|p1a: Rain On Me
|-resisted|p1a: Rain On Me
|-damage|p1a: Rain On Me|0 fnt
|faint|p1a: Rain On Me
|
|win|Christos
|c|☆beignet2|ggs
|c|☆Christos|ggs
|c|☆Christos|/log Christos made the replay of this battle unlisted.
|player|p2|

</script>
<script type="application/json" class="data" id="replaydata-smogtours-gen3ou-801234">
{"id":"smogtours-gen3ou-801234","format":"[Gen 3] OU","players":["beignet2","Christos"],"uploadtime":1729622877,"views":74,"formatid":"gen3ou","rating":null,"private":1,"password":null}
</script>

<script defer src="js/replays.js?9d40a366"></script>
