<!DOCTYPE html>
<meta charset="utf-8" />
<meta name="viewport" content="width=device-width" />

<title>[Gen 3] OU: busyboi vs. Organic Oranges - Replays - Pok&eacute;mon Showdown!</title>

<meta name="description" content="Watch a replay of a Pok&eacute;mon battle between busyboi and Organic Oranges! Format: [Gen 3] OU; Date: Oct 10, 2024" />
<!--

Hey, you! Looking in the source for the replay log?

You can find them in JSON format, just add `.json` at the end of a replay URL.

https://replay.pokemonshowdown.com/gen7randomdoublesbattle-865046831.json

Or, if you only need the log itself, add `.log` instead:

https://replay.pokemonshowdown.com/gen7randomdoublesbattle-865046831.log

-->

<link rel="stylesheet" href="//pokemonshowdown.com/style/global.css?0.023195364461161105" />
<link rel="stylesheet" href="//play.pokemonshowdown.com/style/font-awesome.css?0.13261647063804238" />
<link rel="stylesheet" href="//play.pokemonshowdown.com/style/battle.css?0.8753245789963631" />
<link rel="stylesheet" href="//play.pokemonshowdown.com/style/utilichart.css?0.8627959624976733" />

<!-- Global site tag (gtag.js) - Google Analytics -->
<script async src="https://www.googletagmanager.com/gtag/js?id=UA-26211653-1"></script>
<script>
  window.dataLayer = window.dataLayer || [];
  function gtag(){dataLayer.push(arguments);}
  gtag('js', new Date());

  gtag('config', 'UA-26211653-1');
</script>
<!-- End Google Analytics -->
<!-- Venatus Ad Manager - Install in <HEAD> of page -->
	<script src="https://hb.vntsm.com/v3/live/ad-manager.min.js" type="text/javascript" data-site-id="642aba63ec9a7b11c3c9c1be" data-mode="scan" async></script>
<!-- / Venatus Ad Manager -->

<style>
	@media (max-width:820px) {
		.battle {
			margin: 0 auto;
		}
		.battle-log {
			margin: 7px auto 0;
			max-width: 640px;
			height: 300px;
			position: static;
		}
	}
	.optgroup {
		display: inline-block;
		line-height: 22px;
		font-size: 10pt;
	}
	.optgroup .button {
		height: 25px;
		padding-top: 0;
		padding-bottom: 0;
	}
	.optgroup button.button {
		padding-left: 12px;
		padding-right: 12px;
	}
	.linklist {
		list-style: none;
		margin: 0.5em 0;
		padding: 0;
	}
	.linklist li {
		padding: 2px 0;
	}
	.sidebar {
		float: left;
		width: 320px;
	}
	.bar-wrapper {
		max-width: 1100px;
		margin: 0 auto;
	}
	.bar-wrapper.has-sidebar {
		max-width: 1430px;
	}
	.mainbar {
		margin: 0;
		padding-right: 1px;
	}
	.mainbar.has-sidebar {
		margin-left: 330px;
	}
	@media (min-width: 1511px) {
		.sidebar {
			width: 400px;
		}
		.bar-wrapper.has-sidebar {
			max-width: 1510px;
		}
		.mainbar.has-sidebar {
			margin-left: 410px;
		}
	}
	.section.first-section {
		margin-top: 9px;
	}
	.blocklink small {
		white-space: normal;
	}
	.button {
		vertical-align: middle;
	}
	.replay-controls {
		padding-top: 10px;
	}
	.replay-controls h1 {
		font-size: 16pt;
		font-weight: normal;
		color: #CCC;
	}
	.pagelink {
		text-align: center;
	}
	.pagelink a {
		width: 150px;
	}
	.textbox, .button {
		font-size: 11pt;
		vertical-align: middle;
	}
	@media (max-width: 450px) {
		.button {
			font-size: 9pt;
		}
	}
</style>

<div>

	<header>
		<div class="nav-wrapper"><ul class="nav">
			<li><a class="button nav-first" href="//pokemonshowdown.com/"><img src="//pokemonshowdown.com/images/pokemonshowdownbeta.png" srcset="//pokemonshowdown.com/images/pokemonshowdownbeta.png 1x, //pokemonshowdown.com/images/pokemonshowdownbeta@2x.png 2x" alt="Pok&eacute;mon Showdown" width="146" height="44" /> Home</a></li>
			<li><a class="button" href="//pokemonshowdown.com/dex/">Pok&eacute;dex</a></li>
			<li><a class="button cur" href="/">Replays</a></li>
			<li><a class="button" href="//pokemonshowdown.com/ladder/">Ladder</a></li>
			<li><a class="button nav-last" href="//pokemonshowdown.com/forums/">Forum</a></li>
			<li><a class="button greenbutton nav-first nav-last" href="//play.pokemonshowdown.com/">Play</a></li>
		</ul></div>
	</header>

	<div class="main" id="main">

		<noscript><section class="section">You need to enable JavaScript to use this page; sorry!</section></noscript>

	</div>

</div>

<script defer nomodule src="//play.pokemonshowdown.com/js/lib/ps-polyfill.js"></script>
<script defer src="//play.pokemonshowdown.com/js/lib/preact.min.js"></script>

<script defer src="//play.pokemonshowdown.com/config/config.js?2bddbc15"></script>
<script defer src="//play.pokemonshowdown.com/js/lib/jquery-1.11.0.min.js"></script>
<script defer src="//play.pokemonshowdown.com/js/lib/html-sanitizer-minified.js"></script>
<script defer src="//play.pokemonshowdown.com/js/battle-sound.js"></script>
<script defer src="//play.pokemonshowdown.com/js/battledata.js?0.7209276989879541"></script>
<script defer src="//play.pokemonshowdown.com/data/pokedex-mini.js?0.6111056340867951"></script>
<script defer src="//play.pokemonshowdown.com/data/pokedex-mini-bw.js?0.3532142036491459"></script>
<script defer src="//play.pokemonshowdown.com/data/graphics.js?0.24223875632456182"></script>
<script defer src="//play.pokemonshowdown.com/data/pokedex.js?0.38839984266356864"></script>
<script defer src="//play.pokemonshowdown.com/data/moves.js?0.21866028504024015"></script>
<script defer src="//play.pokemonshowdown.com/data/abilities.js?0.2005157953846628"></script>
<script defer src="//play.pokemonshowdown.com/data/items.js?0.9894211263848525"></script>
<script defer src="//play.pokemonshowdown.com/data/teambuilder-tables.js?0.6008791140282215"></script>
<script defer src="//play.pokemonshowdown.com/js/battle-tooltips.js?0.7580118955022959"></script>
<script defer src="//play.pokemonshowdown.com/js/battle.js?0.6057722274234274"></script>

<script defer src="js/utils.js?e31f9a17"></script>
<script defer src="js/replays-battle.js?7008c182"></script>

<!-- don't scrape this data! just add .json or .log after the URL!
Full API docs: https://github.com/smogon/pokemon-showdown-client/blob/master/WEB-API.md -->
<script type="text/plain" class="log" id="replaylog-smogtours-gen3ou-796977">
|inactive|Battle timer is ON: inactive players will automatically lose when time's up.
|t:|1728587627
|gametype|singles
|player|p1|busyboi|266|
|player|p2|Organic Oranges|psychic-gen4|
|teamsize|p1|6
|teamsize|p2|6
|gen|3
|tier|[Gen 3] OU
|rule|Sleep Clause Mod: Limit one foe put to sleep
|rule|Switch Priority Clause Mod: Faster Pokémon switch first
|rule|Species Clause: Limit one of each Pokémon
|rule|OHKO Clause: OHKO moves are banned
|rule|Evasion Items Clause: Evasion items are banned
|rule|Evasion Moves Clause: Evasion moves are banned
|rule|Endless Battle Clause: Forcing endless battles is banned
|rule|HP Percentage Mod: HP is shown in percentages
|rule|One Boost Passer Clause: Limit one Baton Passer that has a way to boost its stats
|rule|Freeze Clause Mod: Limit one foe frozen
|
|t:|1728587627
|start
|switch|p1a: Cifter|Tyranitar, M|100/100
|switch|p2a: Metagross|Metagross|100/100
|-weather|Sandstorm|[from] ability: Sand Stream|[of] p1a: Cifter
|turn|1
|inactive|busyboi has 270 seconds left.
|
|t:|1728587661
|switch|p1a: Bird Up|Skarmory, F|100/100
|move|p2a: Metagross|Meteor Mash|p1a: Bird Up
|-resisted|p1a: Bird Up
|-damage|p1a: Bird Up|66/100
|
|-weather|Sandstorm|[upkeep]
|-heal|p1a: Bird Up|72/100|[from] item: Leftovers
|upkeep
|turn|2
|
|t:|1728587669
|switch|p2a: Turn it down|Magneton, shiny|100/100
|move|p1a: Bird Up|Spikes|p2a: Turn it down
|-sidestart|p2: Organic Oranges|Spikes
|
|-weather|Sandstorm|[upkeep]
|-heal|p1a: Bird Up|78/100|[from] item: Leftovers
|upkeep
|turn|3
|
|t:|1728587677
|move|p2a: Turn it down|Thunderbolt|p1a: Bird Up
|-supereffective|p1a: Bird Up
|-damage|p1a: Bird Up|0 fnt
|faint|p1a: Bird Up
|
|t:|1728587698
|switch|p1a: Cifter|Tyranitar, M|100/100
|
|-weather|Sandstorm|[upkeep]
|upkeep
|turn|4
|
|t:|1728587713
|switch|p2a: Swampert|Swampert, F|100/100
|-damage|p2a: Swampert|88/100|[from] Spikes
|move|p1a: Cifter|Dragon Dance|p1a: Cifter
|-boost|p1a: Cifter|atk|1
|-boost|p1a: Cifter|spe|1
|
|-weather|Sandstorm|[upkeep]
|-heal|p2a: Swampert|94/100|[from] item: Leftovers
|upkeep
|turn|5
|
|t:|1728587723
|move|p1a: Cifter|Hidden Power|p2a: Swampert
|-supereffective|p2a: Swampert
|-damage|p2a: Swampert|41/100
|move|p2a: Swampert|Substitute|p2a: Swampert
|-start|p2a: Swampert|Substitute
|-damage|p2a: Swampert|16/100
|
|-weather|Sandstorm|[upkeep]
|-heal|p2a: Swampert|22/100|[from] item: Leftovers
|upkeep
|turn|6
|
|t:|1728587732
|-singleturn|p2a: Swampert|move: Focus Punch
|move|p1a: Cifter|Hidden Power|p2a: Swampert
|-supereffective|p2a: Swampert
|-end|p2a: Swampert|Substitute
|move|p2a: Swampert|Focus Punch|p1a: Cifter
|-supereffective|p1a: Cifter
|-damage|p1a: Cifter|0 fnt
|faint|p1a: Cifter
|
|t:|1728587752
|switch|p1a: Pert|Swampert, M|100/100
|
|-weather|Sandstorm|[upkeep]
|-heal|p2a: Swampert|28/100|[from] item: Leftovers
|upkeep
|turn|7
|
|t:|1728587778
|move|p1a: Pert|Surf|p2a: Swampert
|-crit|p2a: Swampert
|-damage|p2a: Swampert|0 fnt
|faint|p2a: Swampert
|inactive|Organic Oranges has 270 seconds left.
|
|t:|1728587794
|switch|p2a: All Day|Gyarados, F, shiny|100/100
|-ability|p2a: All Day|Intimidate|boost
|-unboost|p1a: Pert|atk|1
|
|-weather|Sandstorm|[upkeep]
|-damage|p2a: All Day|94/100|[from] Sandstorm
|-heal|p2a: All Day|100/100|[from] item: Leftovers
|upkeep
|turn|8
|inactive|Organic Oranges has 270 seconds left.
|
|t:|1728587802
|switch|p1a: Caw|Salamence, M|100/100
|-ability|p1a: Caw|Intimidate|boost
|-unboost|p2a: All Day|atk|1
|move|p2a: All Day|Dragon Dance|p2a: All Day
|-boost|p2a: All Day|atk|1
|-boost|p2a: All Day|spe|1
|
|-weather|Sandstorm|[upkeep]
|-damage|p2a: All Day|94/100|[from] Sandstorm
|-damage|p1a: Caw|94/100|[from] Sandstorm
|-heal|p2a: All Day|100/100|[from] item: Leftovers
|-heal|p1a: Caw|100/100|[from] item: Leftovers
|upkeep
|turn|9
|inactive|Organic Oranges has 270 seconds left.
|
|t:|1728587835
|move|p2a: All Day|Double-Edge|p1a: Caw
|-damage|p1a: Caw|52/100
|-damage|p2a: All Day|87/100|[from] Recoil|[of] p1a: Caw
|move|p1a: Caw|Rock Slide|p2a: All Day
|-supereffective|p2a: All Day
|-damage|p2a: All Day|22/100
|
|-weather|Sandstorm|[upkeep]
|-damage|p2a: All Day|16/100|[from] Sandstorm
|-damage|p1a: Caw|46/100|[from] Sandstorm
|-heal|p2a: All Day|22/100|[from] item: Leftovers
|-heal|p1a: Caw|52/100|[from] item: Leftovers
|upkeep
|turn|10
|
|t:|1728587847
|switch|p1a: Pert|Swampert, M|100/100
|move|p2a: All Day|Double-Edge|p1a: Pert
|-damage|p1a: Pert|73/100
|-damage|p2a: All Day|12/100|[from] Recoil|[of] p1a: Pert
|
|-weather|Sandstorm|[upkeep]
|-damage|p2a: All Day|6/100|[from] Sandstorm
|-heal|p2a: All Day|12/100|[from] item: Leftovers
|-heal|p1a: Pert|80/100|[from] item: Leftovers
|upkeep
|turn|11
|
|t:|1728587864
|move|p1a: Pert|Protect|p1a: Pert
|-singleturn|p1a: Pert|Protect
|move|p2a: All Day|Hidden Power|p1a: Pert
|-activate|p1a: Pert|Protect
|
|-weather|Sandstorm|[upkeep]
|-damage|p2a: All Day|6/100|[from] Sandstorm
|-heal|p2a: All Day|12/100|[from] item: Leftovers
|-heal|p1a: Pert|86/100|[from] item: Leftovers
|upkeep
|turn|12
|
|t:|1728587874
|move|p2a: All Day|Hidden Power|p1a: Pert
|-damage|p1a: Pert|63/100
|move|p1a: Pert|Surf|p2a: All Day
|-resisted|p2a: All Day
|-damage|p2a: All Day|0 fnt
|faint|p2a: All Day
|inactive|Organic Oranges has 240 seconds left.
|
|t:|1728587898
|switch|p2a: Replay|Snorlax, F, shiny|100/100
|-damage|p2a: Replay|88/100|[from] Spikes
|
|-weather|Sandstorm|[upkeep]
|-damage|p2a: Replay|82/100|[from] Sandstorm
|-heal|p1a: Pert|69/100|[from] item: Leftovers
|-heal|p2a: Replay|88/100|[from] item: Leftovers
|upkeep
|turn|13
|inactive|Organic Oranges has 240 seconds left.
|
|t:|1728587910
|move|p2a: Replay|Body Slam|p1a: Pert
|-damage|p1a: Pert|37/100
|-status|p1a: Pert|par
|move|p1a: Pert|Roar|p2a: Replay
|drag|p2a: Listen2UAllDay|Salamence, F, shiny|100/100
|-ability|p2a: Listen2UAllDay|Intimidate|boost
|-unboost|p1a: Pert|atk|1
|
|-weather|Sandstorm|[upkeep]
|-damage|p2a: Listen2UAllDay|94/100|[from] Sandstorm
|-heal|p2a: Listen2UAllDay|100/100|[from] item: Leftovers
|-heal|p1a: Pert|43/100 par|[from] item: Leftovers
|upkeep
|turn|14
|inactive|Organic Oranges has 240 seconds left.
|
|t:|1728587930
|switch|p2a: Turn it down|Magneton, shiny|100/100
|-damage|p2a: Turn it down|88/100|[from] Spikes
|move|p1a: Pert|Roar|p2a: Turn it down
|drag|p2a: Metagross|Metagross|100/100
|-damage|p2a: Metagross|88/100|[from] Spikes
|
|-weather|Sandstorm|[upkeep]
|-heal|p1a: Pert|49/100 par|[from] item: Leftovers
|upkeep
|turn|15
|
|t:|1728587941
|move|p1a: Pert|Protect|p1a: Pert
|-singleturn|p1a: Pert|Protect
|move|p2a: Metagross|Earthquake|p1a: Pert
|-activate|p1a: Pert|Protect
|
|-weather|Sandstorm|[upkeep]
|-heal|p1a: Pert|56/100 par|[from] item: Leftovers
|upkeep
|turn|16
|
|t:|1728587948
|switch|p1a: Ghoul|Gengar, F, shiny|100/100
|move|p2a: Metagross|Earthquake|p1a: Ghoul
|-immune|p1a: Ghoul
|
|-weather|Sandstorm|[upkeep]
|-damage|p1a: Ghoul|95/100|[from] Sandstorm
|-heal|p1a: Ghoul|100/100|[from] item: Leftovers
|upkeep
|turn|17
|inactive|Organic Oranges has 240 seconds left.
|
|t:|1728587956
|switch|p2a: Turn it down|Magneton, shiny|88/100
|-damage|p2a: Turn it down|76/100|[from] Spikes
|move|p1a: Ghoul|Will-O-Wisp|p2a: Turn it down|[miss]
|-miss|p1a: Ghoul|p2a: Turn it down
|
|-weather|Sandstorm|[upkeep]
|-damage|p1a: Ghoul|95/100|[from] Sandstorm
|-heal|p1a: Ghoul|100/100|[from] item: Leftovers
|upkeep
|turn|18
|inactive|Organic Oranges has 240 seconds left.
|
|t:|1728587969
|switch|p1a: Pert|Swampert, M|56/100 par
|move|p2a: Turn it down|Hidden Power|p1a: Pert
|-supereffective|p1a: Pert
|-damage|p1a: Pert|0 fnt
|faint|p1a: Pert
|
|t:|1728587980
|switch|p1a: Ghoul|Gengar, F, shiny|100/100
|
|-weather|Sandstorm|[upkeep]
|-damage|p1a: Ghoul|95/100|[from] Sandstorm
|-heal|p1a: Ghoul|100/100|[from] item: Leftovers
|upkeep
|turn|19
|
|t:|1728587992
|move|p1a: Ghoul|Will-O-Wisp|p2a: Turn it down
|-status|p2a: Turn it down|brn
|move|p2a: Turn it down|Thunder Wave|p1a: Ghoul
|-status|p1a: Ghoul|par
|
|-weather|Sandstorm|[upkeep]
|-damage|p1a: Ghoul|95/100 par|[from] Sandstorm
|-damage|p2a: Turn it down|63/100 brn|[from] brn
|-heal|p1a: Ghoul|100/100 par|[from] item: Leftovers
|upkeep
|turn|20
|
|t:|1728588003
|move|p2a: Turn it down|Thunderbolt|p1a: Ghoul
|-damage|p1a: Ghoul|38/100 par
|move|p1a: Ghoul|Ice Punch|p2a: Turn it down
|-resisted|p2a: Turn it down
|-damage|p2a: Turn it down|44/100 brn
|
|-weather|Sandstorm|[upkeep]
|-damage|p1a: Ghoul|33/100 par|[from] Sandstorm
|-damage|p2a: Turn it down|32/100 brn|[from] brn
|-heal|p1a: Ghoul|38/100 par|[from] item: Leftovers
|upkeep
|turn|21
|
|t:|1728588013
|switch|p1a: Jolt|Jolteon, F|100/100
|move|p2a: Turn it down|Thunderbolt|p1a: Jolt
|-immune|p1a: Jolt|[from] ability: Volt Absorb
|
|-weather|Sandstorm|[upkeep]
|-damage|p1a: Jolt|94/100|[from] Sandstorm
|-heal|p1a: Jolt|100/100|[from] item: Leftovers
|-damage|p2a: Turn it down|19/100 brn|[from] brn
|upkeep
|turn|22
|
|t:|1728588026
|move|p1a: Jolt|Thunderbolt|p2a: Turn it down
|-resisted|p2a: Turn it down
|-damage|p2a: Turn it down|0 fnt
|faint|p2a: Turn it down
|
|t:|1728588037
|switch|p2a: Replay|Snorlax, F, shiny|88/100
|-damage|p2a: Replay|75/100|[from] Spikes
|
|-weather|Sandstorm|[upkeep]
|-damage|p1a: Jolt|94/100|[from] Sandstorm
|-damage|p2a: Replay|69/100|[from] Sandstorm
|-heal|p1a: Jolt|100/100|[from] item: Leftovers
|-heal|p2a: Replay|75/100|[from] item: Leftovers
|upkeep
|turn|23
|
|t:|1728588046
|switch|p1a: Ghoul|Gengar, F, shiny|38/100 par
|move|p2a: Replay|Shadow Ball|p1a: Ghoul
|-supereffective|p1a: Ghoul
|-damage|p1a: Ghoul|0 fnt
|faint|p1a: Ghoul
|
|t:|1728588050
|switch|p1a: Caw|Salamence, M|52/100
|-ability|p1a: Caw|Intimidate|boost
|-unboost|p2a: Replay|atk|1
|
|-weather|Sandstorm|[upkeep]
|-damage|p1a: Caw|46/100|[from] Sandstorm
|-damage|p2a: Replay|69/100|[from] Sandstorm
|-heal|p1a: Caw|52/100|[from] item: Leftovers
|-heal|p2a: Replay|75/100|[from] item: Leftovers
|upkeep
|turn|24
|
|t:|1728588061
|move|p1a: Caw|Dragon Dance|p1a: Caw
|-boost|p1a: Caw|atk|1
|-boost|p1a: Caw|spe|1
|move|p2a: Replay|Self-Destruct|p1a: Caw
|-damage|p1a: Caw|0 fnt
|faint|p2a: Replay
|faint|p1a: Caw
|
|t:|1728588068
|switch|p1a: Jolt|Jolteon, F|100/100
|switch|p2a: Metagross|Metagross|88/100
|-damage|p2a: Metagross|76/100|[from] Spikes
|
|-weather|Sandstorm|[upkeep]
|-damage|p1a: Jolt|94/100|[from] Sandstorm
|-heal|p1a: Jolt|100/100|[from] item: Leftovers
|upkeep
|turn|25
|
|t:|1728588076
|move|p1a: Jolt|Thunderbolt|p2a: Metagross
|-damage|p2a: Metagross|26/100
|move|p2a: Metagross|Earthquake|p1a: Jolt
|-supereffective|p1a: Jolt
|-damage|p1a: Jolt|0 fnt
|faint|p1a: Jolt
|
|win|Organic Oranges

</script>
<script type="application/json" class="data" id="replaydata-smogtours-gen3ou-796977">
{"id":"smogtours-gen3ou-796977","format":"[Gen 3] OU","players":["busyboi","Organic Oranges"],"uploadtime":1728588076,"views":204,"formatid":"gen3ou","rating":null,"private":0,"password":null}
</script>

<script defer src="js/replays.js?9d40a366"></script>
