<!DOCTYPE html>
<meta charset="utf-8" />
<meta name="viewport" content="width=device-width" />

<title>[Gen 3] OU: cremozar vs. Void - Replays - Pok&eacute;mon Showdown!</title>

<meta name="description" content="Watch a replay of a Pok&eacute;mon battle between cremozar and Void! Format: [Gen 3] OU; Date: Oct 14, 2024" />
<!--

Hey, you! Looking in the source for the replay log?

You can find them in JSON format, just add `.json` at the end of a replay URL.

https://replay.pokemonshowdown.com/gen7randomdoublesbattle-865046831.json

Or, if you only need the log itself, add `.log` instead:

https://replay.pokemonshowdown.com/gen7randomdoublesbattle-865046831.log

-->

<link rel="stylesheet" href="//pokemonshowdown.com/style/global.css?0.023195364461161105" />
<link rel="stylesheet" href="//play.pokemonshowdown.com/style/font-awesome.css?0.13261647063804238" />
<link rel="stylesheet" href="//play.pokemonshowdown.com/style/battle.css?0.8753245789963631" />
<link rel="stylesheet" href="//play.pokemonshowdown.com/style/utilichart.css?0.8627959624976733" />

<!-- Global site tag (gtag.js) - Google Analytics -->
<script async src="https://www.googletagmanager.com/gtag/js?id=UA-26211653-1"></script>
<script>
  window.dataLayer = window.dataLayer || [];
  function gtag(){dataLayer.push(arguments);}
  gtag('js', new Date());

  gtag('config', 'UA-26211653-1');
</script>
<!-- End Google Analytics -->
<!-- Venatus Ad Manager - Install in <HEAD> of page -->
	<script src="https://hb.vntsm.com/v3/live/ad-manager.min.js" type="text/javascript" data-site-id="642aba63ec9a7b11c3c9c1be" data-mode="scan" async></script>
<!-- / Venatus Ad Manager -->

<style>
	@media (max-width:820px) {
		.battle {
			margin: 0 auto;
		}
		.battle-log {
			margin: 7px auto 0;
			max-width: 640px;
			height: 300px;
			position: static;
		}
	}
	.optgroup {
		display: inline-block;
		line-height: 22px;
		font-size: 10pt;
	}
	.optgroup .button {
		height: 25px;
		padding-top: 0;
		padding-bottom: 0;
	}
	.optgroup button.button {
		padding-left: 12px;
		padding-right: 12px;
	}
	.linklist {
		list-style: none;
		margin: 0.5em 0;
		padding: 0;
	}
	.linklist li {
		padding: 2px 0;
	}
	.sidebar {
		float: left;
		width: 320px;
	}
	.bar-wrapper {
		max-width: 1100px;
		margin: 0 auto;
	}
	.bar-wrapper.has-sidebar {
		max-width: 1430px;
	}
	.mainbar {
		margin: 0;
		padding-right: 1px;
	}
	.mainbar.has-sidebar {
		margin-left: 330px;
	}
	@media (min-width: 1511px) {
		.sidebar {
			width: 400px;
		}
		.bar-wrapper.has-sidebar {
			max-width: 1510px;
		}
		.mainbar.has-sidebar {
			margin-left: 410px;
		}
	}
	.section.first-section {
		margin-top: 9px;
	}
	.blocklink small {
		white-space: normal;
	}
	.button {
		vertical-align: middle;
	}
	.replay-controls {
		padding-top: 10px;
	}
	.replay-controls h1 {
		font-size: 16pt;
		font-weight: normal;
		color: #CCC;
	}
	.pagelink {
		text-align: center;
	}
	.pagelink a {
		width: 150px;
	}
	.textbox, .button {
		font-size: 11pt;
		vertical-align: middle;
	}
	@media (max-width: 450px) {
		.button {
			font-size: 9pt;
		}
	}
</style>

<div>

	<header>
		<div class="nav-wrapper"><ul class="nav">
			<li><a class="button nav-first" href="//pokemonshowdown.com/"><img src="//pokemonshowdown.com/images/pokemonshowdownbeta.png" srcset="//pokemonshowdown.com/images/pokemonshowdownbeta.png 1x, //pokemonshowdown.com/images/pokemonshowdownbeta@2x.png 2x" alt="Pok&eacute;mon Showdown" width="146" height="44" /> Home</a></li>
			<li><a class="button" href="//pokemonshowdown.com/dex/">Pok&eacute;dex</a></li>
			<li><a class="button cur" href="/">Replays</a></li>
			<li><a class="button" href="//pokemonshowdown.com/ladder/">Ladder</a></li>
			<li><a class="button nav-last" href="//pokemonshowdown.com/forums/">Forum</a></li>
			<li><a class="button greenbutton nav-first nav-last" href="//play.pokemonshowdown.com/">Play</a></li>
		</ul></div>
	</header>

	<div class="main" id="main">

		<noscript><section class="section">You need to enable JavaScript to use this page; sorry!</section></noscript>

	</div>

</div>

<script defer nomodule src="//play.pokemonshowdown.com/js/lib/ps-polyfill.js"></script>
<script defer src="//play.pokemonshowdown.com/js/lib/preact.min.js"></script>

<script defer src="//play.pokemonshowdown.com/config/config.js?2bddbc15"></script>
<script defer src="//play.pokemonshowdown.com/js/lib/jquery-1.11.0.min.js"></script>
<script defer src="//play.pokemonshowdown.com/js/lib/html-sanitizer-minified.js"></script>
<script defer src="//play.pokemonshowdown.com/js/battle-sound.js"></script>
<script defer src="//play.pokemonshowdown.com/js/battledata.js?0.7209276989879541"></script>
<script defer src="//play.pokemonshowdown.com/data/pokedex-mini.js?0.6111056340867951"></script>
<script defer src="//play.pokemonshowdown.com/data/pokedex-mini-bw.js?0.3532142036491459"></script>
<script defer src="//play.pokemonshowdown.com/data/graphics.js?0.24223875632456182"></script>
<script defer src="//play.pokemonshowdown.com/data/pokedex.js?0.38839984266356864"></script>
<script defer src="//play.pokemonshowdown.com/data/moves.js?0.21866028504024015"></script>
<script defer src="//play.pokemonshowdown.com/data/abilities.js?0.2005157953846628"></script>
<script defer src="//play.pokemonshowdown.com/data/items.js?0.9894211263848525"></script>
<script defer src="//play.pokemonshowdown.com/data/teambuilder-tables.js?0.6008791140282215"></script>
<script defer src="//play.pokemonshowdown.com/js/battle-tooltips.js?0.7580118955022959"></script>
<script defer src="//play.pokemonshowdown.com/js/battle.js?0.6057722274234274"></script>

<script defer src="js/utils.js?e31f9a17"></script>
<script defer src="js/replays-battle.js?7008c182"></script>

<!-- don't scrape this data! just add .json or .log after the URL!
Full API docs: https://github.com/smogon/pokemon-showdown-client/blob/master/WEB-API.md -->
<script type="text/plain" class="log" id="replaylog-smogtours-gen3ou-798603">
|inactive|Battle timer is ON: inactive players will automatically lose when time's up.
|t:|1728882109
|gametype|singles
|player|p1|cremozar|1|
|player|p2|Void|#splxvwolfpack|
|teamsize|p1|6
|teamsize|p2|6
|gen|3
|tier|[Gen 3] OU
|rule|Sleep Clause Mod: Limit one foe put to sleep
|rule|Switch Priority Clause Mod: Faster Pokémon switch first
|rule|Species Clause: Limit one of each Pokémon
|rule|OHKO Clause: OHKO moves are banned
|rule|Evasion Items Clause: Evasion items are banned
|rule|Evasion Moves Clause: Evasion moves are banned
|rule|Endless Battle Clause: Forcing endless battles is banned
|rule|HP Percentage Mod: HP is shown in percentages
|rule|One Boost Passer Clause: Limit one Baton Passer that has a way to boost its stats
|rule|Freeze Clause Mod: Limit one foe frozen
|
|t:|1728882109
|start
|switch|p1a: Simba|Raikou|100/100
|switch|p2a: Blissey|Blissey, F|100/100
|turn|1
|
|t:|1728882120
|switch|p1a: Metagross|Metagross|100/100
|move|p2a: Blissey|Seismic Toss|p1a: Metagross
|-damage|p1a: Metagross|70/100
|
|upkeep
|turn|2
|
|t:|1728882127
|switch|p2a: Skarmory|Skarmory, M|100/100
|move|p1a: Metagross|Brick Break|p2a: Skarmory
|-damage|p2a: Skarmory|65/100
|
|-heal|p2a: Skarmory|71/100|[from] item: Leftovers
|upkeep
|turn|3
|
|t:|1728882135
|switch|p1a: Simba|Raikou|100/100
|move|p2a: Skarmory|Spikes|p1a: Simba
|-sidestart|p1: cremozar|Spikes
|
|-heal|p2a: Skarmory|77/100|[from] item: Leftovers
|upkeep
|turn|4
|
|t:|1728882141
|switch|p2a: Dugtrio|Dugtrio, M|100/100
|move|p1a: Simba|Substitute|p1a: Simba
|-start|p1a: Simba|Substitute
|-damage|p1a: Simba|76/100
|
|-heal|p1a: Simba|82/100|[from] item: Leftovers
|upkeep
|turn|5
|
|t:|1728882144
|switch|p2a: Blissey|Blissey, F|100/100
|move|p1a: Simba|Hidden Power|p2a: Blissey
|-damage|p2a: Blissey|91/100
|
|-heal|p1a: Simba|88/100|[from] item: Leftovers
|-heal|p2a: Blissey|97/100|[from] item: Leftovers
|upkeep
|turn|6
|
|t:|1728882148
|move|p1a: Simba|Toxic|p2a: Blissey
|-status|p2a: Blissey|tox
|move|p2a: Blissey|Seismic Toss|p1a: Simba
|-end|p1a: Simba|Substitute
|
|-heal|p1a: Simba|94/100|[from] item: Leftovers
|-heal|p2a: Blissey|100/100 tox|[from] item: Leftovers
|-damage|p2a: Blissey|94/100 tox|[from] psn
|upkeep
|turn|7
|
|t:|1728882153
|-curestatus|p2a: Blissey|tox|[from] ability: Natural Cure
|switch|p2a: Claydol|Claydol|100/100
|move|p1a: Simba|Substitute|p1a: Simba
|-start|p1a: Simba|Substitute
|-damage|p1a: Simba|69/100
|
|-heal|p1a: Simba|76/100|[from] item: Leftovers
|upkeep
|turn|8
|
|t:|1728882160
|switch|p2a: Blissey|Blissey, F|94/100
|move|p1a: Simba|Toxic|p2a: Blissey|[miss]
|-miss|p1a: Simba|p2a: Blissey
|
|-heal|p1a: Simba|82/100|[from] item: Leftovers
|-heal|p2a: Blissey|100/100|[from] item: Leftovers
|upkeep
|turn|9
|
|t:|1728882163
|move|p1a: Simba|Toxic|p2a: Blissey
|-status|p2a: Blissey|tox
|move|p2a: Blissey|Seismic Toss|p1a: Simba
|-end|p1a: Simba|Substitute
|
|-heal|p1a: Simba|88/100|[from] item: Leftovers
|-damage|p2a: Blissey|94/100 tox|[from] psn
|upkeep
|turn|10
|
|t:|1728882168
|-curestatus|p2a: Blissey|tox|[from] ability: Natural Cure
|switch|p2a: Claydol|Claydol|100/100
|move|p1a: Simba|Hidden Power|p2a: Claydol
|-supereffective|p2a: Claydol
|-damage|p2a: Claydol|65/100
|
|-heal|p1a: Simba|94/100|[from] item: Leftovers
|-heal|p2a: Claydol|71/100|[from] item: Leftovers
|upkeep
|turn|11
|
|t:|1728882176
|move|p1a: Simba|Toxic|p2a: Claydol
|-status|p2a: Claydol|tox
|move|p2a: Claydol|Earthquake|p1a: Simba
|-supereffective|p1a: Simba
|-crit|p1a: Simba
|-damage|p1a: Simba|0 fnt
|faint|p1a: Simba
|
|t:|1728882183
|switch|p1a: Suicune|Suicune|100/100
|-damage|p1a: Suicune|88/100|[from] Spikes
|
|-heal|p1a: Suicune|94/100|[from] item: Leftovers
|-heal|p2a: Claydol|78/100 tox|[from] item: Leftovers
|-damage|p2a: Claydol|71/100 tox|[from] psn
|upkeep
|turn|12
|
|t:|1728882198
|switch|p2a: Suicune|Suicune|100/100
|move|p1a: Suicune|Substitute|p1a: Suicune
|-start|p1a: Suicune|Substitute
|-damage|p1a: Suicune|69/100
|
|-heal|p1a: Suicune|75/100|[from] item: Leftovers
|upkeep
|turn|13
|
|t:|1728882201
|move|p2a: Suicune|Calm Mind|p2a: Suicune
|-boost|p2a: Suicune|spa|1
|-boost|p2a: Suicune|spd|1
|move|p1a: Suicune|Calm Mind|p1a: Suicune
|-boost|p1a: Suicune|spa|1
|-boost|p1a: Suicune|spd|1
|
|-heal|p1a: Suicune|82/100|[from] item: Leftovers
|upkeep
|turn|14
|
|t:|1728882207
|move|p2a: Suicune|Calm Mind|p2a: Suicune
|-boost|p2a: Suicune|spa|1
|-boost|p2a: Suicune|spd|1
|move|p1a: Suicune|Calm Mind|p1a: Suicune
|-boost|p1a: Suicune|spa|1
|-boost|p1a: Suicune|spd|1
|
|-heal|p1a: Suicune|88/100|[from] item: Leftovers
|upkeep
|turn|15
|
|t:|1728882211
|move|p2a: Suicune|Calm Mind|p2a: Suicune
|-boost|p2a: Suicune|spa|1
|-boost|p2a: Suicune|spd|1
|move|p1a: Suicune|Surf|p2a: Suicune
|-resisted|p2a: Suicune
|-damage|p2a: Suicune|89/100
|
|-heal|p2a: Suicune|95/100|[from] item: Leftovers
|-heal|p1a: Suicune|94/100|[from] item: Leftovers
|upkeep
|turn|16
|
|t:|1728882215
|switch|p1a: Zapdos|Zapdos|100/100
|move|p2a: Suicune|Calm Mind|p2a: Suicune
|-boost|p2a: Suicune|spa|1
|-boost|p2a: Suicune|spd|1
|
|-heal|p2a: Suicune|100/100|[from] item: Leftovers
|upkeep
|turn|17
|
|t:|1728882218
|move|p2a: Suicune|Surf|p1a: Zapdos
|-damage|p1a: Zapdos|0 fnt
|faint|p1a: Zapdos
|
|t:|1728882222
|switch|p1a: Metagross|Metagross|70/100
|-damage|p1a: Metagross|58/100|[from] Spikes
|
|upkeep
|turn|18
|
|t:|1728882226
|move|p2a: Suicune|Surf|p1a: Metagross
|-damage|p1a: Metagross|0 fnt
|faint|p1a: Metagross
|
|t:|1728882229
|switch|p1a: Celebi|Celebi|100/100
|-damage|p1a: Celebi|88/100|[from] Spikes
|
|-heal|p1a: Celebi|94/100|[from] item: Leftovers
|upkeep
|turn|19
|
|t:|1728882233
|move|p1a: Celebi|Calm Mind|p1a: Celebi
|-boost|p1a: Celebi|spa|1
|-boost|p1a: Celebi|spd|1
|move|p2a: Suicune|Surf|p1a: Celebi
|-resisted|p1a: Celebi
|-damage|p1a: Celebi|70/100
|
|-heal|p1a: Celebi|77/100|[from] item: Leftovers
|upkeep
|turn|20
|
|t:|1728882236
|move|p1a: Celebi|Giga Drain|p2a: Suicune
|-supereffective|p2a: Suicune
|-damage|p2a: Suicune|78/100
|-heal|p1a: Celebi|88/100|[from] drain|[of] p2a: Suicune
|move|p2a: Suicune|Calm Mind|p2a: Suicune
|-boost|p2a: Suicune|spa|1
|-boost|p2a: Suicune|spd|1
|
|-heal|p1a: Celebi|94/100|[from] item: Leftovers
|-heal|p2a: Suicune|84/100|[from] item: Leftovers
|upkeep
|turn|21
|
|t:|1728882241
|move|p1a: Celebi|Calm Mind|p1a: Celebi
|-boost|p1a: Celebi|spa|1
|-boost|p1a: Celebi|spd|1
|move|p2a: Suicune|Calm Mind|p2a: Suicune
|-boost|p2a: Suicune|spa|1
|-boost|p2a: Suicune|spd|1
|
|-heal|p1a: Celebi|99/100|[from] item: Leftovers
|-heal|p2a: Suicune|90/100|[from] item: Leftovers
|upkeep
|turn|22
|
|t:|1728882243
|move|p1a: Celebi|Calm Mind|p1a: Celebi
|-boost|p1a: Celebi|spa|1
|-boost|p1a: Celebi|spd|1
|move|p2a: Suicune|Roar|p1a: Celebi
|drag|p1a: Porygon2|Porygon2|100/100
|-damage|p1a: Porygon2|88/100|[from] Spikes
|-ability|p1a: Porygon2|Pressure|[from] ability: Trace|[of] p2a: Suicune
|
|-heal|p2a: Suicune|96/100|[from] item: Leftovers
|-heal|p1a: Porygon2|94/100|[from] item: Leftovers
|upkeep
|turn|23
|
|t:|1728882249
|move|p2a: Suicune|Surf|p1a: Porygon2
|-damage|p1a: Porygon2|0 fnt
|faint|p1a: Porygon2
|
|t:|1728882251
|switch|p1a: Suicune|Suicune|94/100
|-damage|p1a: Suicune|82/100|[from] Spikes
|
|-heal|p2a: Suicune|100/100|[from] item: Leftovers
|-heal|p1a: Suicune|88/100|[from] item: Leftovers
|upkeep
|turn|24
|
|t:|1728882254
|move|p2a: Suicune|Surf|p1a: Suicune
|-resisted|p1a: Suicune
|-damage|p1a: Suicune|44/100
|move|p1a: Suicune|Calm Mind|p1a: Suicune
|-boost|p1a: Suicune|spa|1
|-boost|p1a: Suicune|spd|1
|
|-heal|p1a: Suicune|50/100|[from] item: Leftovers
|upkeep
|turn|25
|
|t:|1728882260
|move|p2a: Suicune|Surf|p1a: Suicune
|-resisted|p1a: Suicune
|-damage|p1a: Suicune|22/100
|move|p1a: Suicune|Calm Mind|p1a: Suicune
|-boost|p1a: Suicune|spa|1
|-boost|p1a: Suicune|spd|1
|
|-heal|p1a: Suicune|28/100|[from] item: Leftovers
|upkeep
|turn|26
|
|t:|1728882266
|move|p1a: Suicune|Calm Mind|p1a: Suicune
|-boost|p1a: Suicune|spa|1
|-boost|p1a: Suicune|spd|1
|move|p2a: Suicune|Roar|p1a: Suicune
|drag|p1a: Celebi|Celebi|99/100
|-damage|p1a: Celebi|88/100|[from] Spikes
|
|-heal|p1a: Celebi|94/100|[from] item: Leftovers
|upkeep
|turn|27
|
|t:|1728882269
|switch|p1a: Suicune|Suicune|28/100
|-damage|p1a: Suicune|16/100|[from] Spikes
|move|p2a: Suicune|Surf|p1a: Suicune
|-resisted|p1a: Suicune
|-damage|p1a: Suicune|0 fnt
|faint|p1a: Suicune
|
|t:|1728882270
|switch|p1a: Celebi|Celebi|94/100
|-damage|p1a: Celebi|82/100|[from] Spikes
|
|-heal|p1a: Celebi|88/100|[from] item: Leftovers
|upkeep
|turn|28
|
|t:|1728882279
|switch|p2a: Skarmory|Skarmory, M|77/100
|move|p1a: Celebi|Calm Mind|p1a: Celebi
|-boost|p1a: Celebi|spa|1
|-boost|p1a: Celebi|spd|1
|
|-heal|p1a: Celebi|94/100|[from] item: Leftovers
|-heal|p2a: Skarmory|83/100|[from] item: Leftovers
|upkeep
|turn|29
|
|t:|1728882283
|move|p1a: Celebi|Hidden Power|p2a: Skarmory
|-supereffective|p2a: Skarmory
|-damage|p2a: Skarmory|23/100
|move|p2a: Skarmory|Drill Peck|p1a: Celebi
|-supereffective|p1a: Celebi
|-damage|p1a: Celebi|56/100
|
|-heal|p1a: Celebi|62/100|[from] item: Leftovers
|-heal|p2a: Skarmory|29/100|[from] item: Leftovers
|upkeep
|turn|30
|
|t:|1728882288
|move|p1a: Celebi|Hidden Power|p2a: Skarmory
|-supereffective|p2a: Skarmory
|-damage|p2a: Skarmory|0 fnt
|faint|p2a: Skarmory
|
|t:|1728882290
|switch|p2a: Dugtrio|Dugtrio, M|100/100
|
|-heal|p1a: Celebi|68/100|[from] item: Leftovers
|upkeep
|turn|31
|
|t:|1728882292
|move|p2a: Dugtrio|Hidden Power|p1a: Celebi
|-supereffective|p1a: Celebi
|-damage|p1a: Celebi|0 fnt
|faint|p1a: Celebi
|
|win|Void
|player|p1|
|c|☆Void|gg
|player|p2|
|player|p1|cremozar|1|
|player|p1|
|player|p2|Void|#splxvwolfpack|

</script>
<script type="application/json" class="data" id="replaydata-smogtours-gen3ou-798603">
{"id":"smogtours-gen3ou-798603","format":"[Gen 3] OU","players":["cremozar","Void"],"uploadtime":1728882292,"views":125,"formatid":"gen3ou","rating":null,"private":0,"password":null}
</script>

<script defer src="js/replays.js?9d40a366"></script>
