<!DOCTYPE html>
<meta charset="utf-8" />
<meta name="viewport" content="width=device-width" />

<title>[Gen 3] OU: taccat vs. Dhrabb - Replays - Pok&eacute;mon Showdown!</title>

<meta name="description" content="Watch a replay of a Pok&eacute;mon battle between taccat and Dhrabb! Format: [Gen 3] OU; Date: Oct 27, 2024" />
<!--

Hey, you! Looking in the source for the replay log?

You can find them in JSON format, just add `.json` at the end of a replay URL.

https://replay.pokemonshowdown.com/gen7randomdoublesbattle-865046831.json

Or, if you only need the log itself, add `.log` instead:

https://replay.pokemonshowdown.com/gen7randomdoublesbattle-865046831.log

-->

<link rel="stylesheet" href="//pokemonshowdown.com/style/global.css?0.023195364461161105" />
<link rel="stylesheet" href="//play.pokemonshowdown.com/style/font-awesome.css?0.13261647063804238" />
<link rel="stylesheet" href="//play.pokemonshowdown.com/style/battle.css?0.8753245789963631" />
<link rel="stylesheet" href="//play.pokemonshowdown.com/style/utilichart.css?0.8627959624976733" />

<!-- Global site tag (gtag.js) - Google Analytics -->
<script async src="https://www.googletagmanager.com/gtag/js?id=UA-26211653-1"></script>
<script>
  window.dataLayer = window.dataLayer || [];
  function gtag(){dataLayer.push(arguments);}
  gtag('js', new Date());

  gtag('config', 'UA-26211653-1');
</script>
<!-- End Google Analytics -->
<!-- Venatus Ad Manager - Install in <HEAD> of page -->
	<script src="https://hb.vntsm.com/v3/live/ad-manager.min.js" type="text/javascript" data-site-id="642aba63ec9a7b11c3c9c1be" data-mode="scan" async></script>
<!-- / Venatus Ad Manager -->

<style>
	@media (max-width:820px) {
		.battle {
			margin: 0 auto;
		}
		.battle-log {
			margin: 7px auto 0;
			max-width: 640px;
			height: 300px;
			position: static;
		}
	}
	.optgroup {
		display: inline-block;
		line-height: 22px;
		font-size: 10pt;
	}
	.optgroup .button {
		height: 25px;
		padding-top: 0;
		padding-bottom: 0;
	}
	.optgroup button.button {
		padding-left: 12px;
		padding-right: 12px;
	}
	.linklist {
		list-style: none;
		margin: 0.5em 0;
		padding: 0;
	}
	.linklist li {
		padding: 2px 0;
	}
	.sidebar {
		float: left;
		width: 320px;
	}
	.bar-wrapper {
		max-width: 1100px;
		margin: 0 auto;
	}
	.bar-wrapper.has-sidebar {
		max-width: 1430px;
	}
	.mainbar {
		margin: 0;
		padding-right: 1px;
	}
	.mainbar.has-sidebar {
		margin-left: 330px;
	}
	@media (min-width: 1511px) {
		.sidebar {
			width: 400px;
		}
		.bar-wrapper.has-sidebar {
			max-width: 1510px;
		}
		.mainbar.has-sidebar {
			margin-left: 410px;
		}
	}
	.section.first-section {
		margin-top: 9px;
	}
	.blocklink small {
		white-space: normal;
	}
	.button {
		vertical-align: middle;
	}
	.replay-controls {
		padding-top: 10px;
	}
	.replay-controls h1 {
		font-size: 16pt;
		font-weight: normal;
		color: #CCC;
	}
	.pagelink {
		text-align: center;
	}
	.pagelink a {
		width: 150px;
	}
	.textbox, .button {
		font-size: 11pt;
		vertical-align: middle;
	}
	@media (max-width: 450px) {
		.button {
			font-size: 9pt;
		}
	}
</style>

<div>

	<header>
		<div class="nav-wrapper"><ul class="nav">
			<li><a class="button nav-first" href="//pokemonshowdown.com/"><img src="//pokemonshowdown.com/images/pokemonshowdownbeta.png" srcset="//pokemonshowdown.com/images/pokemonshowdownbeta.png 1x, //pokemonshowdown.com/images/pokemonshowdownbeta@2x.png 2x" alt="Pok&eacute;mon Showdown" width="146" height="44" /> Home</a></li>
			<li><a class="button" href="//pokemonshowdown.com/dex/">Pok&eacute;dex</a></li>
			<li><a class="button cur" href="/">Replays</a></li>
			<li><a class="button" href="//pokemonshowdown.com/ladder/">Ladder</a></li>
			<li><a class="button nav-last" href="//pokemonshowdown.com/forums/">Forum</a></li>
			<li><a class="button greenbutton nav-first nav-last" href="//play.pokemonshowdown.com/">Play</a></li>
		</ul></div>
	</header>

	<div class="main" id="main">

		<noscript><section class="section">You need to enable JavaScript to use this page; sorry!</section></noscript>

	</div>

</div>

<script defer nomodule src="//play.pokemonshowdown.com/js/lib/ps-polyfill.js"></script>
<script defer src="//play.pokemonshowdown.com/js/lib/preact.min.js"></script>

<script defer src="//play.pokemonshowdown.com/config/config.js?2bddbc15"></script>
<script defer src="//play.pokemonshowdown.com/js/lib/jquery-1.11.0.min.js"></script>
<script defer src="//play.pokemonshowdown.com/js/lib/html-sanitizer-minified.js"></script>
<script defer src="//play.pokemonshowdown.com/js/battle-sound.js"></script>
<script defer src="//play.pokemonshowdown.com/js/battledata.js?0.7209276989879541"></script>
<script defer src="//play.pokemonshowdown.com/data/pokedex-mini.js?0.6111056340867951"></script>
<script defer src="//play.pokemonshowdown.com/data/pokedex-mini-bw.js?0.3532142036491459"></script>
<script defer src="//play.pokemonshowdown.com/data/graphics.js?0.24223875632456182"></script>
<script defer src="//play.pokemonshowdown.com/data/pokedex.js?0.38839984266356864"></script>
<script defer src="//play.pokemonshowdown.com/data/moves.js?0.21866028504024015"></script>
<script defer src="//play.pokemonshowdown.com/data/abilities.js?0.2005157953846628"></script>
<script defer src="//play.pokemonshowdown.com/data/items.js?0.9894211263848525"></script>
<script defer src="//play.pokemonshowdown.com/data/teambuilder-tables.js?0.6008791140282215"></script>
<script defer src="//play.pokemonshowdown.com/js/battle-tooltips.js?0.7580118955022959"></script>
<script defer src="//play.pokemonshowdown.com/js/battle.js?0.6057722274234274"></script>

<script defer src="js/utils.js?e31f9a17"></script>
<script defer src="js/replays-battle.js?7008c182"></script>

<!-- don't scrape this data! just add .json or .log after the URL!
Full API docs: https://github.com/smogon/pokemon-showdown-client/blob/master/WEB-API.md -->
<script type="text/plain" class="log" id="replaylog-smogtours-gen3ou-802509">
|inactive|Battle timer is ON: inactive players will automatically lose when time's up.
|t:|1730044533
|gametype|singles
|player|p1|taccat|ltsurge|
|player|p2|Dhrabb|#wcop2024bangladesh|
|teamsize|p1|6
|teamsize|p2|6
|gen|3
|tier|[Gen 3] OU
|rule|Sleep Clause Mod: Limit one foe put to sleep
|rule|Switch Priority Clause Mod: Faster Pokémon switch first
|rule|Species Clause: Limit one of each Pokémon
|rule|OHKO Clause: OHKO moves are banned
|rule|Evasion Items Clause: Evasion items are banned
|rule|Evasion Moves Clause: Evasion moves are banned
|rule|Endless Battle Clause: Forcing endless battles is banned
|rule|HP Percentage Mod: HP is shown in percentages
|rule|One Boost Passer Clause: Limit one Baton Passer that has a way to boost its stats
|rule|Freeze Clause Mod: Limit one foe frozen
|
|t:|1730044533
|start
|switch|p1a: Suicune|Suicune|100/100
|switch|p2a: Tyranitar|Tyranitar, M|100/100
|-weather|Sandstorm|[from] ability: Sand Stream|[of] p2a: Tyranitar
|turn|1
|c|☆Dhrabb|hf
|c|☆taccat|hf!
|c|☆taccat|nice avatar
|
|t:|1730044563
|switch|p2a: Skarmory|Skarmory, F|100/100
|move|p1a: Suicune|Calm Mind|p1a: Suicune
|-boost|p1a: Suicune|spa|1
|-boost|p1a: Suicune|spd|1
|
|-weather|Sandstorm|[upkeep]
|-damage|p1a: Suicune|95/100|[from] Sandstorm
|-heal|p1a: Suicune|100/100|[from] item: Leftovers
|upkeep
|turn|2
|
|t:|1730044567
|move|p1a: Suicune|Surf|p2a: Skarmory
|-damage|p2a: Skarmory|37/100
|move|p2a: Skarmory|Roar|p1a: Suicune
|drag|p1a: Celebi|Celebi|100/100
|
|-weather|Sandstorm|[upkeep]
|-damage|p1a: Celebi|94/100|[from] Sandstorm
|-heal|p1a: Celebi|100/100|[from] item: Leftovers
|-heal|p2a: Skarmory|43/100|[from] item: Leftovers
|upkeep
|turn|3
|c|☆Dhrabb|ty
|c|+feen|whats this for
|c|☆Dhrabb|Revival
|
|t:|1730044594
|move|p1a: Celebi|Calm Mind|p1a: Celebi
|-boost|p1a: Celebi|spa|1
|-boost|p1a: Celebi|spd|1
|move|p2a: Skarmory|Spikes|p1a: Celebi
|-sidestart|p1: taccat|Spikes
|
|-weather|Sandstorm|[upkeep]
|-damage|p1a: Celebi|94/100|[from] Sandstorm
|-heal|p1a: Celebi|100/100|[from] item: Leftovers
|-heal|p2a: Skarmory|49/100|[from] item: Leftovers
|upkeep
|turn|4
|
|t:|1730044602
|move|p1a: Celebi|Hidden Power|p2a: Skarmory
|-supereffective|p2a: Skarmory
|-damage|p2a: Skarmory|9/100
|move|p2a: Skarmory|Roar|p1a: Celebi
|drag|p1a: Jirachi|Jirachi|100/100
|-damage|p1a: Jirachi|88/100|[from] Spikes
|
|-weather|Sandstorm|[upkeep]
|-heal|p1a: Jirachi|94/100|[from] item: Leftovers
|-heal|p2a: Skarmory|15/100|[from] item: Leftovers
|upkeep
|turn|5
|
|t:|1730044613
|switch|p2a: Flygon|Flygon, M|100/100
|move|p1a: Jirachi|Thunderbolt|p2a: Flygon
|-immune|p2a: Flygon
|
|-weather|Sandstorm|[upkeep]
|-heal|p1a: Jirachi|100/100|[from] item: Leftovers
|upkeep
|turn|6
|
|t:|1730044627
|switch|p1a: Zapdos|Zapdos|100/100
|switch|p2a: Jirachi|Jirachi|100/100
|
|-weather|Sandstorm|[upkeep]
|-damage|p1a: Zapdos|94/100|[from] Sandstorm
|-heal|p1a: Zapdos|100/100|[from] item: Leftovers
|upkeep
|turn|7
|
|t:|1730044646
|move|p1a: Zapdos|Baton Pass|p1a: Zapdos
|
|t:|1730044649
|switch|p1a: Suicune|Suicune|100/100|[from] Baton Pass
|-damage|p1a: Suicune|88/100|[from] Spikes
|move|p2a: Jirachi|Wish|p2a: Jirachi
|
|-weather|Sandstorm|[upkeep]
|-damage|p1a: Suicune|82/100|[from] Sandstorm
|-heal|p1a: Suicune|88/100|[from] item: Leftovers
|upkeep
|turn|8
|
|t:|1730044654
|move|p1a: Suicune|Calm Mind|p1a: Suicune
|-boost|p1a: Suicune|spa|1
|-boost|p1a: Suicune|spd|1
|move|p2a: Jirachi|Toxic|p1a: Suicune
|-status|p1a: Suicune|tox
|
|-weather|Sandstorm|[upkeep]
|-damage|p1a: Suicune|82/100 tox|[from] Sandstorm
|-heal|p1a: Suicune|88/100 tox|[from] item: Leftovers
|-damage|p1a: Suicune|82/100 tox|[from] psn
|upkeep
|turn|9
|
|t:|1730044662
|move|p1a: Suicune|Surf|p2a: Jirachi
|-damage|p2a: Jirachi|56/100
|move|p2a: Jirachi|Wish|p2a: Jirachi
|
|-weather|Sandstorm|[upkeep]
|-damage|p1a: Suicune|76/100 tox|[from] Sandstorm
|-heal|p1a: Suicune|82/100 tox|[from] item: Leftovers
|-damage|p1a: Suicune|70/100 tox|[from] psn
|-heal|p2a: Jirachi|62/100|[from] item: Leftovers
|upkeep
|turn|10
|
|t:|1730044671
|switch|p1a: Celebi|Celebi|100/100
|-damage|p1a: Celebi|88/100|[from] Spikes
|switch|p2a: Skarmory|Skarmory, F|15/100
|
|-heal|p2a: Skarmory|65/100|[from] move: Wish|[wisher] Jirachi
|-weather|Sandstorm|[upkeep]
|-damage|p1a: Celebi|82/100|[from] Sandstorm
|-heal|p1a: Celebi|88/100|[from] item: Leftovers
|-heal|p2a: Skarmory|71/100|[from] item: Leftovers
|upkeep
|turn|11
|
|t:|1730044677
|move|p1a: Celebi|Baton Pass|p1a: Celebi
|
|t:|1730044679
|switch|p1a: Zapdos|Zapdos|100/100|[from] Baton Pass
|move|p2a: Skarmory|Roar|p1a: Zapdos
|drag|p1a: Tyranitar|Tyranitar, F|100/100
|-damage|p1a: Tyranitar|88/100|[from] Spikes
|
|-weather|Sandstorm|[upkeep]
|-heal|p2a: Skarmory|77/100|[from] item: Leftovers
|upkeep
|turn|12
|
|t:|1730044695
|switch|p1a: Zapdos|Zapdos|100/100
|move|p2a: Skarmory|Roar|p1a: Zapdos
|drag|p1a: Swampert|Swampert, M|100/100
|-damage|p1a: Swampert|88/100|[from] Spikes
|
|-weather|Sandstorm|[upkeep]
|-heal|p1a: Swampert|94/100|[from] item: Leftovers
|-heal|p2a: Skarmory|83/100|[from] item: Leftovers
|upkeep
|turn|13
|
|t:|1730044700
|move|p1a: Swampert|Surf|p2a: Skarmory
|-damage|p2a: Skarmory|48/100
|move|p2a: Skarmory|Toxic|p1a: Swampert
|-status|p1a: Swampert|tox
|
|-weather|Sandstorm|[upkeep]
|-heal|p1a: Swampert|100/100 tox|[from] item: Leftovers
|-damage|p1a: Swampert|94/100 tox|[from] psn
|-heal|p2a: Skarmory|53/100|[from] item: Leftovers
|upkeep
|turn|14
|
|t:|1730044708
|move|p1a: Swampert|Surf|p2a: Skarmory
|-damage|p2a: Skarmory|21/100
|move|p2a: Skarmory|Roar|p1a: Swampert
|drag|p1a: Celebi|Celebi|88/100
|-damage|p1a: Celebi|76/100|[from] Spikes
|
|-weather|Sandstorm|[upkeep]
|-damage|p1a: Celebi|70/100|[from] Sandstorm
|-heal|p1a: Celebi|76/100|[from] item: Leftovers
|-heal|p2a: Skarmory|27/100|[from] item: Leftovers
|upkeep
|turn|15
|
|t:|1730044720
|switch|p2a: Tyranitar|Tyranitar, M|100/100
|move|p1a: Celebi|Hidden Power|p2a: Tyranitar
|-resisted|p2a: Tyranitar
|-damage|p2a: Tyranitar|94/100
|
|-weather|Sandstorm|[upkeep]
|-damage|p1a: Celebi|70/100|[from] Sandstorm
|-heal|p1a: Celebi|76/100|[from] item: Leftovers
|-heal|p2a: Tyranitar|99/100|[from] item: Leftovers
|upkeep
|turn|16
|
|t:|1730044727
|move|p1a: Celebi|Baton Pass|p1a: Celebi
|
|t:|1730044730
|switch|p1a: Swampert|Swampert, M|94/100 tox|[from] Baton Pass
|-damage|p1a: Swampert|82/100 tox|[from] Spikes
|move|p2a: Tyranitar|Crunch|p1a: Swampert
|-crit|p1a: Swampert
|-damage|p1a: Swampert|9/100 tox
|
|-weather|Sandstorm|[upkeep]
|-heal|p1a: Swampert|15/100 tox|[from] item: Leftovers
|-damage|p1a: Swampert|9/100 tox|[from] psn
|-heal|p2a: Tyranitar|100/100|[from] item: Leftovers
|upkeep
|turn|17
|inactive|Dhrabb has 270 seconds left.
|
|t:|1730044769
|switch|p2a: Gengar|Gengar, M|100/100
|move|p1a: Swampert|Surf|p2a: Gengar
|-damage|p2a: Gengar|33/100
|
|-weather|Sandstorm|[upkeep]
|-damage|p2a: Gengar|27/100|[from] Sandstorm
|-heal|p2a: Gengar|33/100|[from] item: Leftovers
|-heal|p1a: Swampert|15/100 tox|[from] item: Leftovers
|-damage|p1a: Swampert|2/100 tox|[from] psn
|upkeep
|turn|18
|inactive|Dhrabb has 270 seconds left.
|
|t:|1730044781
|move|p2a: Gengar|Ice Punch|p1a: Swampert
|-damage|p1a: Swampert|0 fnt
|faint|p1a: Swampert
|
|t:|1730044793
|switch|p1a: Suicune|Suicune|70/100 tox
|-damage|p1a: Suicune|58/100 tox|[from] Spikes
|
|-weather|Sandstorm|[upkeep]
|-damage|p2a: Gengar|27/100|[from] Sandstorm
|-damage|p1a: Suicune|52/100 tox|[from] Sandstorm
|-heal|p2a: Gengar|33/100|[from] item: Leftovers
|-heal|p1a: Suicune|58/100 tox|[from] item: Leftovers
|-damage|p1a: Suicune|52/100 tox|[from] psn
|upkeep
|turn|19
|
|t:|1730044804
|move|p2a: Gengar|Thunderbolt|p1a: Suicune
|-supereffective|p1a: Suicune
|-damage|p1a: Suicune|8/100 tox
|move|p1a: Suicune|Surf|p2a: Gengar
|-damage|p2a: Gengar|0 fnt
|faint|p2a: Gengar
|inactive|Dhrabb has 270 seconds left.
|
|t:|1730044819
|switch|p2a: Jirachi|Jirachi|62/100
|
|-weather|Sandstorm|[upkeep]
|-damage|p1a: Suicune|2/100 tox|[from] Sandstorm
|-heal|p1a: Suicune|8/100 tox|[from] item: Leftovers
|-damage|p1a: Suicune|0 fnt|[from] psn
|faint|p1a: Suicune
|-heal|p2a: Jirachi|68/100|[from] item: Leftovers
|upkeep
|
|t:|1730044830
|switch|p1a: Celebi|Celebi|76/100
|-damage|p1a: Celebi|63/100|[from] Spikes
|turn|20
|
|t:|1730044834
|move|p1a: Celebi|Calm Mind|p1a: Celebi
|-boost|p1a: Celebi|spa|1
|-boost|p1a: Celebi|spd|1
|move|p2a: Jirachi|Toxic|p1a: Celebi
|-status|p1a: Celebi|tox
|
|-weather|Sandstorm|[upkeep]
|-damage|p1a: Celebi|57/100 tox|[from] Sandstorm
|-heal|p1a: Celebi|63/100 tox|[from] item: Leftovers
|-damage|p1a: Celebi|57/100 tox|[from] psn
|-heal|p2a: Jirachi|74/100|[from] item: Leftovers
|upkeep
|turn|21
|
|t:|1730044849
|move|p1a: Celebi|Calm Mind|p1a: Celebi
|-boost|p1a: Celebi|spa|1
|-boost|p1a: Celebi|spd|1
|move|p2a: Jirachi|Fire Punch|p1a: Celebi
|-supereffective|p1a: Celebi
|-damage|p1a: Celebi|42/100 tox
|
|-weather|Sandstorm|[upkeep]
|-damage|p1a: Celebi|36/100 tox|[from] Sandstorm
|-heal|p1a: Celebi|42/100 tox|[from] item: Leftovers
|-damage|p1a: Celebi|30/100 tox|[from] psn
|-heal|p2a: Jirachi|80/100|[from] item: Leftovers
|upkeep
|turn|22
|
|t:|1730044854
|switch|p2a: Tyranitar|Tyranitar, M|100/100
|move|p1a: Celebi|Baton Pass|p1a: Celebi
|
|t:|1730044875
|-curestatus|p1a: Celebi|tox|[from] ability: Natural Cure
|switch|p1a: Zapdos|Zapdos|100/100|[from] Baton Pass
|
|-weather|Sandstorm|[upkeep]
|-damage|p1a: Zapdos|94/100|[from] Sandstorm
|-heal|p1a: Zapdos|100/100|[from] item: Leftovers
|upkeep
|turn|23
|
|t:|1730044885
|move|p1a: Zapdos|Thunderbolt|p2a: Tyranitar
|-damage|p2a: Tyranitar|17/100
|move|p2a: Tyranitar|Ice Beam|p1a: Zapdos
|-supereffective|p1a: Zapdos
|-damage|p1a: Zapdos|70/100
|
|-weather|Sandstorm|[upkeep]
|-damage|p1a: Zapdos|64/100|[from] Sandstorm
|-heal|p1a: Zapdos|70/100|[from] item: Leftovers
|-heal|p2a: Tyranitar|23/100|[from] item: Leftovers
|upkeep
|turn|24
|
|t:|1730044897
|move|p1a: Zapdos|Thunderbolt|p2a: Tyranitar
|-damage|p2a: Tyranitar|0 fnt
|faint|p2a: Tyranitar
|
|t:|1730044904
|switch|p2a: Jirachi|Jirachi|80/100
|
|-weather|Sandstorm|[upkeep]
|-damage|p1a: Zapdos|64/100|[from] Sandstorm
|-heal|p1a: Zapdos|70/100|[from] item: Leftovers
|-heal|p2a: Jirachi|87/100|[from] item: Leftovers
|upkeep
|turn|25
|
|t:|1730044916
|move|p1a: Zapdos|Thunderbolt|p2a: Jirachi
|-damage|p2a: Jirachi|14/100
|move|p2a: Jirachi|Toxic|p1a: Zapdos|[miss]
|-miss|p2a: Jirachi|p1a: Zapdos
|
|-weather|Sandstorm|[upkeep]
|-damage|p1a: Zapdos|64/100|[from] Sandstorm
|-heal|p1a: Zapdos|70/100|[from] item: Leftovers
|-heal|p2a: Jirachi|20/100|[from] item: Leftovers
|upkeep
|turn|26
|
|t:|1730044923
|switch|p2a: Flygon|Flygon, M|100/100
|move|p1a: Zapdos|Thunderbolt|p2a: Flygon
|-immune|p2a: Flygon
|
|-weather|Sandstorm|[upkeep]
|-damage|p1a: Zapdos|64/100|[from] Sandstorm
|-heal|p1a: Zapdos|70/100|[from] item: Leftovers
|upkeep
|turn|27
|
|t:|1730044927
|switch|p2a: Jirachi|Jirachi|20/100
|move|p1a: Zapdos|Hidden Power|p2a: Jirachi
|-resisted|p2a: Jirachi
|-damage|p2a: Jirachi|2/100
|
|-weather|Sandstorm|[upkeep]
|-damage|p1a: Zapdos|64/100|[from] Sandstorm
|-heal|p1a: Zapdos|70/100|[from] item: Leftovers
|-heal|p2a: Jirachi|8/100|[from] item: Leftovers
|upkeep
|turn|28
|
|t:|1730044935
|move|p2a: Jirachi|Protect|p2a: Jirachi
|-singleturn|p2a: Jirachi|Protect
|move|p1a: Zapdos|Hidden Power|p2a: Jirachi
|-activate|p2a: Jirachi|Protect
|
|-weather|Sandstorm|[upkeep]
|-damage|p1a: Zapdos|64/100|[from] Sandstorm
|-heal|p1a: Zapdos|70/100|[from] item: Leftovers
|-heal|p2a: Jirachi|14/100|[from] item: Leftovers
|upkeep
|turn|29
|
|t:|1730044941
|move|p1a: Zapdos|Hidden Power|p2a: Jirachi
|-resisted|p2a: Jirachi
|-crit|p2a: Jirachi
|-damage|p2a: Jirachi|0 fnt
|faint|p2a: Jirachi
|
|t:|1730044949
|switch|p2a: Flygon|Flygon, M|100/100
|
|-weather|Sandstorm|[upkeep]
|-damage|p1a: Zapdos|64/100|[from] Sandstorm
|-heal|p1a: Zapdos|70/100|[from] item: Leftovers
|upkeep
|turn|30
|
|t:|1730044952
|move|p1a: Zapdos|Hidden Power|p2a: Flygon
|-supereffective|p2a: Flygon
|-damage|p2a: Flygon|0 fnt
|faint|p2a: Flygon
|
|t:|1730044954
|switch|p2a: Moltres|Moltres|100/100
|
|-weather|Sandstorm|[upkeep]
|-damage|p2a: Moltres|94/100|[from] Sandstorm
|-damage|p1a: Zapdos|64/100|[from] Sandstorm
|-heal|p2a: Moltres|100/100|[from] item: Leftovers
|-heal|p1a: Zapdos|70/100|[from] item: Leftovers
|upkeep
|turn|31
|c|☆Dhrabb|gg
|
|t:|1730044961
|move|p2a: Moltres|Will-O-Wisp|p1a: Zapdos
|-status|p1a: Zapdos|brn
|move|p1a: Zapdos|Thunderbolt|p2a: Moltres
|-supereffective|p2a: Moltres
|-damage|p2a: Moltres|0 fnt
|faint|p2a: Moltres
|
|t:|1730044965
|switch|p2a: Skarmory|Skarmory, F|27/100
|
|-weather|Sandstorm|[upkeep]
|-damage|p1a: Zapdos|64/100 brn|[from] Sandstorm
|-heal|p1a: Zapdos|70/100 brn|[from] item: Leftovers
|-damage|p1a: Zapdos|58/100 brn|[from] brn
|-heal|p2a: Skarmory|33/100|[from] item: Leftovers
|upkeep
|turn|32
|
|t:|1730044967
|move|p2a: Skarmory|Protect|p2a: Skarmory
|-singleturn|p2a: Skarmory|Protect
|move|p1a: Zapdos|Thunderbolt|p2a: Skarmory
|-activate|p2a: Skarmory|Protect
|
|-weather|Sandstorm|[upkeep]
|-damage|p1a: Zapdos|51/100 brn|[from] Sandstorm
|-heal|p1a: Zapdos|58/100 brn|[from] item: Leftovers
|-damage|p1a: Zapdos|45/100 brn|[from] brn
|-heal|p2a: Skarmory|39/100|[from] item: Leftovers
|upkeep
|turn|33
|c|☆taccat|gg
|
|t:|1730044974
|move|p2a: Skarmory|Protect|p2a: Skarmory
|-singleturn|p2a: Skarmory|Protect
|move|p1a: Zapdos|Thunderbolt|p2a: Skarmory
|-activate|p2a: Skarmory|Protect
|
|-weather|Sandstorm|[upkeep]
|-damage|p1a: Zapdos|39/100 brn|[from] Sandstorm
|-heal|p1a: Zapdos|45/100 brn|[from] item: Leftovers
|-damage|p1a: Zapdos|33/100 brn|[from] brn
|-heal|p2a: Skarmory|45/100|[from] item: Leftovers
|upkeep
|turn|34
|
|t:|1730044977
|move|p2a: Skarmory|Protect||[still]
|-fail|p2a: Skarmory
|move|p1a: Zapdos|Thunderbolt|p2a: Skarmory
|-supereffective|p2a: Skarmory
|-crit|p2a: Skarmory
|-damage|p2a: Skarmory|0 fnt
|faint|p2a: Skarmory
|
|win|taccat

</script>
<script type="application/json" class="data" id="replaydata-smogtours-gen3ou-802509">
{"id":"smogtours-gen3ou-802509","format":"[Gen 3] OU","players":["taccat","Dhrabb"],"uploadtime":1730044977,"views":85,"formatid":"gen3ou","rating":null,"private":0,"password":null}
</script>

<script defer src="js/replays.js?9d40a366"></script>
