<!DOCTYPE html>
<meta charset="utf-8" />
<meta name="viewport" content="width=device-width" />

<title>[Gen 3] OU: Dit Dus vs. Melee Minion - Replays - Pok&eacute;mon Showdown!</title>

<meta name="description" content="Watch a replay of a Pok&eacute;mon battle between Dit Dus and Melee Minion! Format: [Gen 3] OU; Date: Oct 14, 2024" />
<!--

Hey, you! Looking in the source for the replay log?

You can find them in JSON format, just add `.json` at the end of a replay URL.

https://replay.pokemonshowdown.com/gen7randomdoublesbattle-865046831.json

Or, if you only need the log itself, add `.log` instead:

https://replay.pokemonshowdown.com/gen7randomdoublesbattle-865046831.log

-->

<link rel="stylesheet" href="//pokemonshowdown.com/style/global.css?0.023195364461161105" />
<link rel="stylesheet" href="//play.pokemonshowdown.com/style/font-awesome.css?0.13261647063804238" />
<link rel="stylesheet" href="//play.pokemonshowdown.com/style/battle.css?0.8753245789963631" />
<link rel="stylesheet" href="//play.pokemonshowdown.com/style/utilichart.css?0.8627959624976733" />

<!-- Global site tag (gtag.js) - Google Analytics -->
<script async src="https://www.googletagmanager.com/gtag/js?id=UA-26211653-1"></script>
<script>
  window.dataLayer = window.dataLayer || [];
  function gtag(){dataLayer.push(arguments);}
  gtag('js', new Date());

  gtag('config', 'UA-26211653-1');
</script>
<!-- End Google Analytics -->
<!-- Venatus Ad Manager - Install in <HEAD> of page -->
	<script src="https://hb.vntsm.com/v3/live/ad-manager.min.js" type="text/javascript" data-site-id="642aba63ec9a7b11c3c9c1be" data-mode="scan" async></script>
<!-- / Venatus Ad Manager -->

<style>
	@media (max-width:820px) {
		.battle {
			margin: 0 auto;
		}
		.battle-log {
			margin: 7px auto 0;
			max-width: 640px;
			height: 300px;
			position: static;
		}
	}
	.optgroup {
		display: inline-block;
		line-height: 22px;
		font-size: 10pt;
	}
	.optgroup .button {
		height: 25px;
		padding-top: 0;
		padding-bottom: 0;
	}
	.optgroup button.button {
		padding-left: 12px;
		padding-right: 12px;
	}
	.linklist {
		list-style: none;
		margin: 0.5em 0;
		padding: 0;
	}
	.linklist li {
		padding: 2px 0;
	}
	.sidebar {
		float: left;
		width: 320px;
	}
	.bar-wrapper {
		max-width: 1100px;
		margin: 0 auto;
	}
	.bar-wrapper.has-sidebar {
		max-width: 1430px;
	}
	.mainbar {
		margin: 0;
		padding-right: 1px;
	}
	.mainbar.has-sidebar {
		margin-left: 330px;
	}
	@media (min-width: 1511px) {
		.sidebar {
			width: 400px;
		}
		.bar-wrapper.has-sidebar {
			max-width: 1510px;
		}
		.mainbar.has-sidebar {
			margin-left: 410px;
		}
	}
	.section.first-section {
		margin-top: 9px;
	}
	.blocklink small {
		white-space: normal;
	}
	.button {
		vertical-align: middle;
	}
	.replay-controls {
		padding-top: 10px;
	}
	.replay-controls h1 {
		font-size: 16pt;
		font-weight: normal;
		color: #CCC;
	}
	.pagelink {
		text-align: center;
	}
	.pagelink a {
		width: 150px;
	}
	.textbox, .button {
		font-size: 11pt;
		vertical-align: middle;
	}
	@media (max-width: 450px) {
		.button {
			font-size: 9pt;
		}
	}
</style>

<div>

	<header>
		<div class="nav-wrapper"><ul class="nav">
			<li><a class="button nav-first" href="//pokemonshowdown.com/"><img src="//pokemonshowdown.com/images/pokemonshowdownbeta.png" srcset="//pokemonshowdown.com/images/pokemonshowdownbeta.png 1x, //pokemonshowdown.com/images/pokemonshowdownbeta@2x.png 2x" alt="Pok&eacute;mon Showdown" width="146" height="44" /> Home</a></li>
			<li><a class="button" href="//pokemonshowdown.com/dex/">Pok&eacute;dex</a></li>
			<li><a class="button cur" href="/">Replays</a></li>
			<li><a class="button" href="//pokemonshowdown.com/ladder/">Ladder</a></li>
			<li><a class="button nav-last" href="//pokemonshowdown.com/forums/">Forum</a></li>
			<li><a class="button greenbutton nav-first nav-last" href="//play.pokemonshowdown.com/">Play</a></li>
		</ul></div>
	</header>

	<div class="main" id="main">

		<noscript><section class="section">You need to enable JavaScript to use this page; sorry!</section></noscript>

	</div>

</div>

<script defer nomodule src="//play.pokemonshowdown.com/js/lib/ps-polyfill.js"></script>
<script defer src="//play.pokemonshowdown.com/js/lib/preact.min.js"></script>

<script defer src="//play.pokemonshowdown.com/config/config.js?2bddbc15"></script>
<script defer src="//play.pokemonshowdown.com/js/lib/jquery-1.11.0.min.js"></script>
<script defer src="//play.pokemonshowdown.com/js/lib/html-sanitizer-minified.js"></script>
<script defer src="//play.pokemonshowdown.com/js/battle-sound.js"></script>
<script defer src="//play.pokemonshowdown.com/js/battledata.js?0.7209276989879541"></script>
<script defer src="//play.pokemonshowdown.com/data/pokedex-mini.js?0.6111056340867951"></script>
<script defer src="//play.pokemonshowdown.com/data/pokedex-mini-bw.js?0.3532142036491459"></script>
<script defer src="//play.pokemonshowdown.com/data/graphics.js?0.24223875632456182"></script>
<script defer src="//play.pokemonshowdown.com/data/pokedex.js?0.38839984266356864"></script>
<script defer src="//play.pokemonshowdown.com/data/moves.js?0.21866028504024015"></script>
<script defer src="//play.pokemonshowdown.com/data/abilities.js?0.2005157953846628"></script>
<script defer src="//play.pokemonshowdown.com/data/items.js?0.9894211263848525"></script>
<script defer src="//play.pokemonshowdown.com/data/teambuilder-tables.js?0.6008791140282215"></script>
<script defer src="//play.pokemonshowdown.com/js/battle-tooltips.js?0.7580118955022959"></script>
<script defer src="//play.pokemonshowdown.com/js/battle.js?0.6057722274234274"></script>

<script defer src="js/utils.js?e31f9a17"></script>
<script defer src="js/replays-battle.js?7008c182"></script>

<!-- don't scrape this data! just add .json or .log after the URL!
Full API docs: https://github.com/smogon/pokemon-showdown-client/blob/master/WEB-API.md -->
<script type="text/plain" class="log" id="replaylog-smogtours-gen3ou-798649">
|inactive|Battle timer is ON: inactive players will automatically lose when time's up.
|t:|1728922629
|gametype|singles
|player|p1|Dit Dus|102|
|player|p2|Melee Minion|266|
|teamsize|p1|6
|teamsize|p2|6
|gen|3
|tier|[Gen 3] OU
|rule|Sleep Clause Mod: Limit one foe put to sleep
|rule|Switch Priority Clause Mod: Faster Pokémon switch first
|rule|Species Clause: Limit one of each Pokémon
|rule|OHKO Clause: OHKO moves are banned
|rule|Evasion Items Clause: Evasion items are banned
|rule|Evasion Moves Clause: Evasion moves are banned
|rule|Endless Battle Clause: Forcing endless battles is banned
|rule|HP Percentage Mod: HP is shown in percentages
|rule|One Boost Passer Clause: Limit one Baton Passer that has a way to boost its stats
|rule|Freeze Clause Mod: Limit one foe frozen
|
|t:|1728922629
|start
|switch|p1a: Jynx|Jynx, F|100/100
|switch|p2a: Tyranitar|Tyranitar, F|100/100
|-weather|Sandstorm|[from] ability: Sand Stream|[of] p2a: Tyranitar
|turn|1
|
|t:|1728922649
|move|p1a: Jynx|Lovely Kiss|p2a: Tyranitar
|-status|p2a: Tyranitar|slp|[from] move: Lovely Kiss
|cant|p2a: Tyranitar|slp
|
|-weather|Sandstorm|[upkeep]
|-damage|p1a: Jynx|95/100|[from] Sandstorm
|-heal|p1a: Jynx|100/100|[from] item: Leftovers
|upkeep
|turn|2
|
|t:|1728922660
|switch|p2a: Jirachi|Jirachi|100/100
|move|p1a: Jynx|Substitute|p1a: Jynx
|-start|p1a: Jynx|Substitute
|-damage|p1a: Jynx|76/100
|
|-weather|Sandstorm|[upkeep]
|-damage|p1a: Jynx|70/100|[from] Sandstorm
|-heal|p1a: Jynx|76/100|[from] item: Leftovers
|upkeep
|turn|3
|c|☆Melee Minion|glhf
|c|☆Dit Dus|hf
|
|t:|1728922679
|move|p1a: Jynx|Ice Beam|p2a: Jirachi
|-resisted|p2a: Jirachi
|-damage|p2a: Jirachi|86/100
|move|p2a: Jirachi|Body Slam|p1a: Jynx
|-end|p1a: Jynx|Substitute
|
|-weather|Sandstorm|[upkeep]
|-damage|p1a: Jynx|70/100|[from] Sandstorm
|-heal|p1a: Jynx|76/100|[from] item: Leftovers
|-heal|p2a: Jirachi|92/100|[from] item: Leftovers
|upkeep
|turn|4
|inactive|Dit Dus has 270 seconds left.
|
|t:|1728922721
|switch|p1a: Zapdos|Zapdos|100/100
|switch|p2a: Moltres|Moltres|100/100
|
|-weather|Sandstorm|[upkeep]
|-damage|p1a: Zapdos|94/100|[from] Sandstorm
|-damage|p2a: Moltres|94/100|[from] Sandstorm
|-heal|p1a: Zapdos|100/100|[from] item: Leftovers
|-heal|p2a: Moltres|100/100|[from] item: Leftovers
|upkeep
|turn|5
|
|t:|1728922736
|switch|p2a: Flygon|Flygon, F|100/100
|move|p1a: Zapdos|Thunderbolt|p2a: Flygon
|-immune|p2a: Flygon
|
|-weather|Sandstorm|[upkeep]
|-damage|p1a: Zapdos|94/100|[from] Sandstorm
|-heal|p1a: Zapdos|100/100|[from] item: Leftovers
|upkeep
|turn|6
|
|t:|1728922749
|switch|p1a: Jirachi|Jirachi|100/100
|move|p2a: Flygon|Protect||[still]
|-fail|p2a: Flygon
|
|-weather|Sandstorm|[upkeep]
|upkeep
|turn|7
|
|t:|1728922762
|switch|p2a: Jirachi|Jirachi|92/100
|move|p1a: Jirachi|Substitute|p1a: Jirachi
|-start|p1a: Jirachi|Substitute
|-damage|p1a: Jirachi|75/100
|
|-weather|Sandstorm|[upkeep]
|-heal|p1a: Jirachi|82/100|[from] item: Leftovers
|-heal|p2a: Jirachi|98/100|[from] item: Leftovers
|upkeep
|turn|8
|
|t:|1728922770
|move|p1a: Jirachi|Calm Mind|p1a: Jirachi
|-boost|p1a: Jirachi|spa|1
|-boost|p1a: Jirachi|spd|1
|move|p2a: Jirachi|Fire Punch|p1a: Jirachi
|-supereffective|p1a: Jirachi
|-activate|p1a: Jirachi|Substitute|[damage]
|
|-weather|Sandstorm|[upkeep]
|-heal|p1a: Jirachi|88/100|[from] item: Leftovers
|-heal|p2a: Jirachi|100/100|[from] item: Leftovers
|upkeep
|turn|9
|inactive|Dit Dus has 270 seconds left.
|
|t:|1728922784
|switch|p2a: Skarmory|Skarmory, M|100/100
|move|p1a: Jirachi|Calm Mind|p1a: Jirachi
|-boost|p1a: Jirachi|spa|1
|-boost|p1a: Jirachi|spd|1
|
|-weather|Sandstorm|[upkeep]
|-heal|p1a: Jirachi|94/100|[from] item: Leftovers
|upkeep
|turn|10
|
|t:|1728922792
|move|p1a: Jirachi|Thunderbolt|p2a: Skarmory
|-supereffective|p2a: Skarmory
|-damage|p2a: Skarmory|20/100
|-status|p2a: Skarmory|par
|move|p2a: Skarmory|Roar|p1a: Jirachi
|drag|p1a: Suicune|Suicune|100/100
|
|-weather|Sandstorm|[upkeep]
|-damage|p1a: Suicune|94/100|[from] Sandstorm
|-heal|p1a: Suicune|100/100|[from] item: Leftovers
|-heal|p2a: Skarmory|26/100 par|[from] item: Leftovers
|upkeep
|turn|11
|inactive|Dit Dus has 270 seconds left.
|
|t:|1728922813
|switch|p2a: Jirachi|Jirachi|100/100
|move|p1a: Suicune|Hydro Pump|p2a: Jirachi
|-damage|p2a: Jirachi|63/100
|
|-weather|Sandstorm|[upkeep]
|-damage|p1a: Suicune|94/100|[from] Sandstorm
|-heal|p1a: Suicune|100/100|[from] item: Leftovers
|-heal|p2a: Jirachi|69/100|[from] item: Leftovers
|upkeep
|turn|12
|inactive|Dit Dus has 270 seconds left.
|
|t:|1728922824
|switch|p1a: Zapdos|Zapdos|100/100
|move|p2a: Jirachi|Wish|p2a: Jirachi
|
|-weather|Sandstorm|[upkeep]
|-damage|p1a: Zapdos|94/100|[from] Sandstorm
|-heal|p1a: Zapdos|100/100|[from] item: Leftovers
|-heal|p2a: Jirachi|75/100|[from] item: Leftovers
|upkeep
|turn|13
|inactive|Dit Dus has 270 seconds left.
|
|t:|1728922835
|move|p1a: Zapdos|Thunderbolt|p2a: Jirachi
|-damage|p2a: Jirachi|43/100
|-status|p2a: Jirachi|par
|move|p2a: Jirachi|Body Slam|p1a: Zapdos
|-damage|p1a: Zapdos|75/100
|-status|p1a: Zapdos|par
|
|-heal|p2a: Jirachi|93/100 par|[from] move: Wish|[wisher] Jirachi
|-weather|Sandstorm|[upkeep]
|-damage|p1a: Zapdos|69/100 par|[from] Sandstorm
|-heal|p1a: Zapdos|75/100 par|[from] item: Leftovers
|-heal|p2a: Jirachi|99/100 par|[from] item: Leftovers
|upkeep
|turn|14
|inactive|Dit Dus has 270 seconds left.
|
|t:|1728922851
|move|p1a: Zapdos|Thunderbolt|p2a: Jirachi
|-damage|p2a: Jirachi|68/100 par
|move|p2a: Jirachi|Wish|p2a: Jirachi
|
|-weather|Sandstorm|[upkeep]
|-damage|p1a: Zapdos|69/100 par|[from] Sandstorm
|-heal|p1a: Zapdos|75/100 par|[from] item: Leftovers
|-heal|p2a: Jirachi|74/100 par|[from] item: Leftovers
|upkeep
|turn|15
|inactive|Dit Dus has 270 seconds left.
|
|t:|1728922862
|move|p1a: Zapdos|Baton Pass|p1a: Zapdos
|inactive|Dit Dus has 270 seconds left.
|inactive|Dit Dus has 240 seconds left.
|
|t:|1728922900
|switch|p1a: Claydol|Claydol|100/100|[from] Baton Pass
|move|p2a: Jirachi|Body Slam|p1a: Claydol
|-damage|p1a: Claydol|81/100
|
|-heal|p2a: Jirachi|100/100 par|[from] move: Wish|[wisher] Jirachi
|-weather|Sandstorm|[upkeep]
|-heal|p1a: Claydol|87/100|[from] item: Leftovers
|upkeep
|turn|16
|inactive|Dit Dus has 240 seconds left.
|
|t:|1728922926
|switch|p1a: Jirachi|Jirachi|94/100
|switch|p2a: Flygon|Flygon, F|100/100
|
|-weather|Sandstorm|[upkeep]
|-heal|p1a: Jirachi|99/100|[from] item: Leftovers
|upkeep
|turn|17
|inactive|Dit Dus has 240 seconds left.
|
|t:|1728922938
|move|p1a: Jirachi|Substitute|p1a: Jirachi
|-start|p1a: Jirachi|Substitute
|-damage|p1a: Jirachi|75/100
|move|p2a: Flygon|Earthquake|p1a: Jirachi
|-supereffective|p1a: Jirachi
|-end|p1a: Jirachi|Substitute
|
|-weather|Sandstorm|[upkeep]
|-heal|p1a: Jirachi|81/100|[from] item: Leftovers
|upkeep
|turn|18
|inactive|Dit Dus has 240 seconds left.
|inactive|Melee Minion has 270 seconds left.
|inactive|Dit Dus has 210 seconds left.
|
|t:|1728923004
|switch|p1a: Zapdos|Zapdos|75/100 par
|move|p2a: Flygon|Earthquake|p1a: Zapdos
|-immune|p1a: Zapdos
|
|-weather|Sandstorm|[upkeep]
|-damage|p1a: Zapdos|69/100 par|[from] Sandstorm
|-heal|p1a: Zapdos|75/100 par|[from] item: Leftovers
|upkeep
|turn|19
|
|t:|1728923015
|move|p2a: Flygon|Protect|p2a: Flygon
|-singleturn|p2a: Flygon|Protect
|cant|p1a: Zapdos|par
|
|-weather|Sandstorm|[upkeep]
|-damage|p1a: Zapdos|69/100 par|[from] Sandstorm
|-heal|p1a: Zapdos|75/100 par|[from] item: Leftovers
|upkeep
|turn|20
|inactive|Melee Minion has 270 seconds left.
|
|t:|1728923033
|switch|p2a: Skarmory|Skarmory, M|26/100 par
|move|p1a: Zapdos|Baton Pass|p1a: Zapdos
|
|t:|1728923038
|switch|p1a: Jirachi|Jirachi|81/100|[from] Baton Pass
|
|-weather|Sandstorm|[upkeep]
|-heal|p1a: Jirachi|88/100|[from] item: Leftovers
|-heal|p2a: Skarmory|32/100 par|[from] item: Leftovers
|upkeep
|turn|21
|inactive|Melee Minion has 270 seconds left.
|
|t:|1728923051
|move|p1a: Jirachi|Ice Punch|p2a: Skarmory
|-damage|p2a: Skarmory|14/100 par
|move|p2a: Skarmory|Roar|p1a: Jirachi
|drag|p1a: Jynx|Jynx, F|76/100
|
|-weather|Sandstorm|[upkeep]
|-damage|p1a: Jynx|70/100|[from] Sandstorm
|-heal|p1a: Jynx|76/100|[from] item: Leftovers
|-heal|p2a: Skarmory|20/100 par|[from] item: Leftovers
|upkeep
|turn|22
|inactive|Melee Minion has 270 seconds left.
|
|t:|1728923066
|move|p1a: Jynx|Ice Beam|p2a: Skarmory
|-damage|p2a: Skarmory|0 fnt
|faint|p2a: Skarmory
|inactive|Melee Minion has 240 seconds left.
|
|t:|1728923108
|switch|p2a: Moltres|Moltres|100/100
|
|-weather|Sandstorm|[upkeep]
|-damage|p1a: Jynx|70/100|[from] Sandstorm
|-damage|p2a: Moltres|94/100|[from] Sandstorm
|-heal|p1a: Jynx|76/100|[from] item: Leftovers
|-heal|p2a: Moltres|100/100|[from] item: Leftovers
|upkeep
|turn|23
|inactive|Dit Dus has 210 seconds left.
|inactive|Dit Dus has 180 seconds left.
|
|t:|1728923156
|switch|p1a: Suicune|Suicune|100/100
|move|p2a: Moltres|Fire Blast|p1a: Suicune
|-resisted|p1a: Suicune
|-damage|p1a: Suicune|73/100
|
|-weather|Sandstorm|[upkeep]
|-damage|p2a: Moltres|94/100|[from] Sandstorm
|-damage|p1a: Suicune|67/100|[from] Sandstorm
|-heal|p2a: Moltres|100/100|[from] item: Leftovers
|-heal|p1a: Suicune|73/100|[from] item: Leftovers
|upkeep
|turn|24
|inactive|Melee Minion has 240 seconds left.
|
|t:|1728923181
|switch|p2a: Jirachi|Jirachi|100/100 par
|move|p1a: Suicune|Calm Mind|p1a: Suicune
|-boost|p1a: Suicune|spa|1
|-boost|p1a: Suicune|spd|1
|
|-weather|Sandstorm|[upkeep]
|-damage|p1a: Suicune|67/100|[from] Sandstorm
|-heal|p1a: Suicune|73/100|[from] item: Leftovers
|upkeep
|turn|25
|
|t:|1728923190
|move|p1a: Suicune|Hydro Pump|p2a: Jirachi
|-damage|p2a: Jirachi|49/100 par
|move|p2a: Jirachi|Fire Punch|p1a: Suicune
|-resisted|p1a: Suicune
|-damage|p1a: Suicune|69/100
|
|-weather|Sandstorm|[upkeep]
|-damage|p1a: Suicune|62/100|[from] Sandstorm
|-heal|p1a: Suicune|69/100|[from] item: Leftovers
|-heal|p2a: Jirachi|55/100 par|[from] item: Leftovers
|upkeep
|turn|26
|inactive|Dit Dus has 180 seconds left.
|
|t:|1728923203
|move|p1a: Suicune|Hydro Pump|p2a: Jirachi
|-damage|p2a: Jirachi|4/100 par
|move|p2a: Jirachi|Wish|p2a: Jirachi
|
|-weather|Sandstorm|[upkeep]
|-damage|p1a: Suicune|62/100|[from] Sandstorm
|-heal|p1a: Suicune|69/100|[from] item: Leftovers
|-heal|p2a: Jirachi|10/100 par|[from] item: Leftovers
|upkeep
|turn|27
|inactive|Dit Dus has 180 seconds left.
|
|t:|1728923212
|switch|p1a: Dugtrio|Dugtrio, F|100/100
|move|p2a: Jirachi|Protect||[still]
|-fail|p2a: Jirachi
|
|-heal|p2a: Jirachi|60/100 par|[from] move: Wish|[wisher] Jirachi
|-weather|Sandstorm|[upkeep]
|-heal|p2a: Jirachi|66/100 par|[from] item: Leftovers
|upkeep
|turn|28
|
|t:|1728923220
|move|p2a: Jirachi|Protect|p2a: Jirachi
|-singleturn|p2a: Jirachi|Protect
|move|p1a: Dugtrio|Earthquake|p2a: Jirachi
|-activate|p2a: Jirachi|Protect
|
|-weather|Sandstorm|[upkeep]
|-heal|p2a: Jirachi|72/100 par|[from] item: Leftovers
|upkeep
|turn|29
|
|t:|1728923227
|move|p1a: Dugtrio|Earthquake|p2a: Jirachi
|-supereffective|p2a: Jirachi
|-damage|p2a: Jirachi|0 fnt
|faint|p2a: Jirachi
|
|t:|1728923237
|switch|p2a: Moltres|Moltres|100/100
|
|-weather|Sandstorm|[upkeep]
|-damage|p2a: Moltres|94/100|[from] Sandstorm
|-heal|p2a: Moltres|100/100|[from] item: Leftovers
|upkeep
|turn|30
|inactive|Dit Dus has 180 seconds left.
|
|t:|1728923274
|switch|p1a: Zapdos|Zapdos|75/100 par
|move|p2a: Moltres|Will-O-Wisp|p1a: Zapdos|[miss]
|-miss|p2a: Moltres|p1a: Zapdos
|
|-weather|Sandstorm|[upkeep]
|-damage|p2a: Moltres|94/100|[from] Sandstorm
|-damage|p1a: Zapdos|69/100 par|[from] Sandstorm
|-heal|p2a: Moltres|100/100|[from] item: Leftovers
|-heal|p1a: Zapdos|75/100 par|[from] item: Leftovers
|upkeep
|turn|31
|inactive|Melee Minion has 270 seconds left.
|
|t:|1728923284
|switch|p2a: Flygon|Flygon, F|100/100
|move|p1a: Zapdos|Baton Pass|p1a: Zapdos
|
|t:|1728923288
|switch|p1a: Jynx|Jynx, F|76/100|[from] Baton Pass
|
|-weather|Sandstorm|[upkeep]
|-damage|p1a: Jynx|70/100|[from] Sandstorm
|-heal|p1a: Jynx|76/100|[from] item: Leftovers
|upkeep
|turn|32
|
|t:|1728923295
|move|p2a: Flygon|Protect|p2a: Flygon
|-singleturn|p2a: Flygon|Protect
|move|p1a: Jynx|Ice Beam|p2a: Flygon
|-activate|p2a: Flygon|Protect
|
|-weather|Sandstorm|[upkeep]
|-damage|p1a: Jynx|70/100|[from] Sandstorm
|-heal|p1a: Jynx|76/100|[from] item: Leftovers
|upkeep
|turn|33
|
|t:|1728923304
|switch|p2a: Moltres|Moltres|100/100
|move|p1a: Jynx|Ice Beam|p2a: Moltres
|-damage|p2a: Moltres|42/100
|-status|p2a: Moltres|frz
|
|-weather|Sandstorm|[upkeep]
|-damage|p1a: Jynx|70/100|[from] Sandstorm
|-damage|p2a: Moltres|36/100 frz|[from] Sandstorm
|-heal|p1a: Jynx|76/100|[from] item: Leftovers
|-heal|p2a: Moltres|42/100 frz|[from] item: Leftovers
|upkeep
|turn|34
|
|t:|1728923320
|switch|p2a: Tyranitar|Tyranitar, F|100/100 slp
|move|p1a: Jynx|Ice Beam|p2a: Tyranitar
|-damage|p2a: Tyranitar|59/100 slp
|
|-weather|Sandstorm|[upkeep]
|-damage|p1a: Jynx|70/100|[from] Sandstorm
|-heal|p1a: Jynx|76/100|[from] item: Leftovers
|-heal|p2a: Tyranitar|65/100 slp|[from] item: Leftovers
|upkeep
|turn|35
|
|t:|1728923330
|move|p1a: Jynx|Ice Beam|p2a: Tyranitar
|-damage|p2a: Tyranitar|25/100 slp
|-curestatus|p2a: Tyranitar|slp|[msg]
|move|p2a: Tyranitar|Brick Break|p1a: Jynx
|-damage|p1a: Jynx|20/100
|
|-weather|Sandstorm|[upkeep]
|-damage|p1a: Jynx|15/100|[from] Sandstorm
|-heal|p1a: Jynx|20/100|[from] item: Leftovers
|-heal|p2a: Tyranitar|31/100|[from] item: Leftovers
|upkeep
|turn|36
|
|t:|1728923342
|move|p1a: Jynx|Ice Beam|p2a: Tyranitar
|-damage|p2a: Tyranitar|0 fnt
|faint|p2a: Tyranitar
|
|t:|1728923346
|switch|p2a: Gengar|Gengar, M|100/100
|
|-weather|Sandstorm|[upkeep]
|-damage|p1a: Jynx|15/100|[from] Sandstorm
|-damage|p2a: Gengar|94/100|[from] Sandstorm
|-heal|p1a: Jynx|20/100|[from] item: Leftovers
|-heal|p2a: Gengar|100/100|[from] item: Leftovers
|upkeep
|turn|37
|
|t:|1728923362
|switch|p1a: Dugtrio|Dugtrio, F|100/100
|move|p2a: Gengar|Thunderbolt|p1a: Dugtrio
|-immune|p1a: Dugtrio
|
|-weather|Sandstorm|[upkeep]
|-damage|p2a: Gengar|94/100|[from] Sandstorm
|-heal|p2a: Gengar|100/100|[from] item: Leftovers
|upkeep
|turn|38
|
|t:|1728923371
|move|p1a: Dugtrio|Beat Up|p2a: Gengar
|-damage|p2a: Gengar|97/100
|-damage|p2a: Gengar|94/100
|-damage|p2a: Gengar|91/100
|-crit|p2a: Gengar
|-damage|p2a: Gengar|82/100
|-damage|p2a: Gengar|79/100
|-hitcount|p2a: Gengar|5
|move|p2a: Gengar|Ice Punch|p1a: Dugtrio
|-supereffective|p1a: Dugtrio
|-damage|p1a: Dugtrio|32/100
|
|-weather|Sandstorm|[upkeep]
|-damage|p2a: Gengar|72/100|[from] Sandstorm
|-heal|p2a: Gengar|79/100|[from] item: Leftovers
|upkeep
|turn|39
|
|t:|1728923387
|switch|p2a: Flygon|Flygon, F|100/100
|move|p1a: Dugtrio|Beat Up|p2a: Flygon
|-damage|p2a: Flygon|98/100
|-damage|p2a: Flygon|96/100
|-damage|p2a: Flygon|94/100
|-damage|p2a: Flygon|91/100
|-damage|p2a: Flygon|89/100
|-hitcount|p2a: Flygon|5
|
|-weather|Sandstorm|[upkeep]
|-heal|p2a: Flygon|95/100|[from] item: Leftovers
|upkeep
|turn|40
|
|t:|1728923399
|move|p1a: Dugtrio|Beat Up|p2a: Flygon
|-damage|p2a: Flygon|93/100
|-damage|p2a: Flygon|91/100
|-damage|p2a: Flygon|89/100
|-crit|p2a: Flygon
|-damage|p2a: Flygon|83/100
|-damage|p2a: Flygon|81/100
|-hitcount|p2a: Flygon|5
|move|p2a: Flygon|Toxic|p1a: Dugtrio|[miss]
|-miss|p2a: Flygon|p1a: Dugtrio
|
|-weather|Sandstorm|[upkeep]
|-heal|p2a: Flygon|87/100|[from] item: Leftovers
|upkeep
|turn|41
|
|t:|1728923410
|move|p1a: Dugtrio|Beat Up|p2a: Flygon
|-damage|p2a: Flygon|85/100
|-damage|p2a: Flygon|83/100
|-damage|p2a: Flygon|81/100
|-damage|p2a: Flygon|78/100
|-damage|p2a: Flygon|76/100
|-hitcount|p2a: Flygon|5
|move|p2a: Flygon|Earthquake|p1a: Dugtrio
|-crit|p1a: Dugtrio
|-damage|p1a: Dugtrio|0 fnt
|faint|p1a: Dugtrio
|
|t:|1728923425
|switch|p1a: Jynx|Jynx, F|20/100
|
|-weather|Sandstorm|[upkeep]
|-damage|p1a: Jynx|15/100|[from] Sandstorm
|-heal|p1a: Jynx|20/100|[from] item: Leftovers
|-heal|p2a: Flygon|82/100|[from] item: Leftovers
|upkeep
|turn|42
|
|t:|1728923433
|move|p2a: Flygon|Protect|p2a: Flygon
|-singleturn|p2a: Flygon|Protect
|move|p1a: Jynx|Ice Beam|p2a: Flygon
|-activate|p2a: Flygon|Protect
|
|-weather|Sandstorm|[upkeep]
|-damage|p1a: Jynx|15/100|[from] Sandstorm
|-heal|p1a: Jynx|20/100|[from] item: Leftovers
|-heal|p2a: Flygon|88/100|[from] item: Leftovers
|upkeep
|turn|43
|
|t:|1728923443
|switch|p2a: Moltres|Moltres|42/100 frz
|move|p1a: Jynx|Ice Beam|p2a: Moltres
|-damage|p2a: Moltres|0 fnt
|faint|p2a: Moltres
|
|t:|1728923447
|switch|p2a: Gengar|Gengar, M|79/100
|
|-weather|Sandstorm|[upkeep]
|-damage|p1a: Jynx|15/100|[from] Sandstorm
|-damage|p2a: Gengar|72/100|[from] Sandstorm
|-heal|p1a: Jynx|20/100|[from] item: Leftovers
|-heal|p2a: Gengar|79/100|[from] item: Leftovers
|upkeep
|turn|44
|inactive|Dit Dus has 210 seconds left.
|
|t:|1728923460
|switch|p1a: Zapdos|Zapdos|75/100 par
|move|p2a: Gengar|Thunderbolt|p1a: Zapdos
|-damage|p1a: Zapdos|43/100 par
|
|-weather|Sandstorm|[upkeep]
|-damage|p2a: Gengar|72/100|[from] Sandstorm
|-damage|p1a: Zapdos|37/100 par|[from] Sandstorm
|-heal|p2a: Gengar|79/100|[from] item: Leftovers
|-heal|p1a: Zapdos|43/100 par|[from] item: Leftovers
|upkeep
|turn|45
|inactive|Dit Dus has 210 seconds left.
|
|t:|1728923470
|move|p2a: Gengar|Ice Punch|p1a: Zapdos
|-supereffective|p1a: Zapdos
|-damage|p1a: Zapdos|0 fnt
|faint|p1a: Zapdos
|inactive|Dit Dus has 210 seconds left.
|
|t:|1728923489
|switch|p1a: Jirachi|Jirachi|88/100
|
|-weather|Sandstorm|[upkeep]
|-damage|p2a: Gengar|72/100|[from] Sandstorm
|-heal|p1a: Jirachi|94/100|[from] item: Leftovers
|-heal|p2a: Gengar|79/100|[from] item: Leftovers
|upkeep
|turn|46
|
|t:|1728923500
|move|p1a: Jirachi|Calm Mind|p1a: Jirachi
|-boost|p1a: Jirachi|spa|1
|-boost|p1a: Jirachi|spd|1
|move|p2a: Gengar|Taunt|p1a: Jirachi
|-start|p1a: Jirachi|move: Taunt
|
|-weather|Sandstorm|[upkeep]
|-damage|p2a: Gengar|72/100|[from] Sandstorm
|-heal|p1a: Jirachi|99/100|[from] item: Leftovers
|-heal|p2a: Gengar|79/100|[from] item: Leftovers
|upkeep
|turn|47
|
|t:|1728923510
|move|p1a: Jirachi|Thunderbolt|p2a: Gengar
|-damage|p2a: Gengar|40/100
|move|p2a: Gengar|Will-O-Wisp|p1a: Jirachi
|-status|p1a: Jirachi|brn
|
|-weather|Sandstorm|[upkeep]
|-damage|p2a: Gengar|33/100|[from] Sandstorm
|-heal|p1a: Jirachi|100/100 brn|[from] item: Leftovers
|-damage|p1a: Jirachi|88/100 brn|[from] brn
|-end|p1a: Jirachi|move: Taunt|[silent]
|-heal|p2a: Gengar|40/100|[from] item: Leftovers
|upkeep
|turn|48
|inactive|Dit Dus has 210 seconds left.
|
|t:|1728923523
|switch|p2a: Flygon|Flygon, F|88/100
|move|p1a: Jirachi|Ice Punch|p2a: Flygon
|-supereffective|p2a: Flygon
|-damage|p2a: Flygon|0 fnt
|faint|p2a: Flygon
|
|t:|1728923527
|switch|p2a: Gengar|Gengar, M|40/100
|
|-weather|Sandstorm|[upkeep]
|-damage|p2a: Gengar|33/100|[from] Sandstorm
|-heal|p1a: Jirachi|94/100 brn|[from] item: Leftovers
|-damage|p1a: Jirachi|82/100 brn|[from] brn
|-heal|p2a: Gengar|40/100|[from] item: Leftovers
|upkeep
|turn|49
|
|t:|1728923535
|move|p1a: Jirachi|Thunderbolt|p2a: Gengar
|-damage|p2a: Gengar|0 fnt
|faint|p2a: Gengar
|
|win|Dit Dus
|c|☆Melee Minion|gg
|c|☆Dit Dus|gg

</script>
<script type="application/json" class="data" id="replaydata-smogtours-gen3ou-798649">
{"id":"smogtours-gen3ou-798649","format":"[Gen 3] OU","players":["Dit Dus","Melee Minion"],"uploadtime":1728923535,"views":75,"formatid":"gen3ou","rating":null,"private":0,"password":null}
</script>

<script defer src="js/replays.js?9d40a366"></script>
