<!DOCTYPE html>
<meta charset="utf-8" />
<meta name="viewport" content="width=device-width" />

<title>[Gen 3] OU: Dhrabb vs. lexitg - Replays - Pok&eacute;mon Showdown!</title>

<meta name="description" content="Watch a replay of a Pok&eacute;mon battle between Dhrabb and lexitg! Format: [Gen 3] OU; Date: Nov 3, 2024" />
<!--

Hey, you! Looking in the source for the replay log?

You can find them in JSON format, just add `.json` at the end of a replay URL.

https://replay.pokemonshowdown.com/gen7randomdoublesbattle-865046831.json

Or, if you only need the log itself, add `.log` instead:

https://replay.pokemonshowdown.com/gen7randomdoublesbattle-865046831.log

-->

<link rel="stylesheet" href="//pokemonshowdown.com/style/global.css?0.023195364461161105" />
<link rel="stylesheet" href="//play.pokemonshowdown.com/style/font-awesome.css?0.13261647063804238" />
<link rel="stylesheet" href="//play.pokemonshowdown.com/style/battle.css?0.8753245789963631" />
<link rel="stylesheet" href="//play.pokemonshowdown.com/style/utilichart.css?0.8627959624976733" />

<!-- Global site tag (gtag.js) - Google Analytics -->
<script async src="https://www.googletagmanager.com/gtag/js?id=UA-26211653-1"></script>
<script>
  window.dataLayer = window.dataLayer || [];
  function gtag(){dataLayer.push(arguments);}
  gtag('js', new Date());

  gtag('config', 'UA-26211653-1');
</script>
<!-- End Google Analytics -->
<!-- Venatus Ad Manager - Install in <HEAD> of page -->
	<script src="https://hb.vntsm.com/v3/live/ad-manager.min.js" type="text/javascript" data-site-id="642aba63ec9a7b11c3c9c1be" data-mode="scan" async></script>
<!-- / Venatus Ad Manager -->

<style>
	@media (max-width:820px) {
		.battle {
			margin: 0 auto;
		}
		.battle-log {
			margin: 7px auto 0;
			max-width: 640px;
			height: 300px;
			position: static;
		}
	}
	.optgroup {
		display: inline-block;
		line-height: 22px;
		font-size: 10pt;
	}
	.optgroup .button {
		height: 25px;
		padding-top: 0;
		padding-bottom: 0;
	}
	.optgroup button.button {
		padding-left: 12px;
		padding-right: 12px;
	}
	.linklist {
		list-style: none;
		margin: 0.5em 0;
		padding: 0;
	}
	.linklist li {
		padding: 2px 0;
	}
	.sidebar {
		float: left;
		width: 320px;
	}
	.bar-wrapper {
		max-width: 1100px;
		margin: 0 auto;
	}
	.bar-wrapper.has-sidebar {
		max-width: 1430px;
	}
	.mainbar {
		margin: 0;
		padding-right: 1px;
	}
	.mainbar.has-sidebar {
		margin-left: 330px;
	}
	@media (min-width: 1511px) {
		.sidebar {
			width: 400px;
		}
		.bar-wrapper.has-sidebar {
			max-width: 1510px;
		}
		.mainbar.has-sidebar {
			margin-left: 410px;
		}
	}
	.section.first-section {
		margin-top: 9px;
	}
	.blocklink small {
		white-space: normal;
	}
	.button {
		vertical-align: middle;
	}
	.replay-controls {
		padding-top: 10px;
	}
	.replay-controls h1 {
		font-size: 16pt;
		font-weight: normal;
		color: #CCC;
	}
	.pagelink {
		text-align: center;
	}
	.pagelink a {
		width: 150px;
	}
	.textbox, .button {
		font-size: 11pt;
		vertical-align: middle;
	}
	@media (max-width: 450px) {
		.button {
			font-size: 9pt;
		}
	}
</style>

<div>

	<header>
		<div class="nav-wrapper"><ul class="nav">
			<li><a class="button nav-first" href="//pokemonshowdown.com/"><img src="//pokemonshowdown.com/images/pokemonshowdownbeta.png" srcset="//pokemonshowdown.com/images/pokemonshowdownbeta.png 1x, //pokemonshowdown.com/images/pokemonshowdownbeta@2x.png 2x" alt="Pok&eacute;mon Showdown" width="146" height="44" /> Home</a></li>
			<li><a class="button" href="//pokemonshowdown.com/dex/">Pok&eacute;dex</a></li>
			<li><a class="button cur" href="/">Replays</a></li>
			<li><a class="button" href="//pokemonshowdown.com/ladder/">Ladder</a></li>
			<li><a class="button nav-last" href="//pokemonshowdown.com/forums/">Forum</a></li>
			<li><a class="button greenbutton nav-first nav-last" href="//play.pokemonshowdown.com/">Play</a></li>
		</ul></div>
	</header>

	<div class="main" id="main">

		<noscript><section class="section">You need to enable JavaScript to use this page; sorry!</section></noscript>

	</div>

</div>

<script defer nomodule src="//play.pokemonshowdown.com/js/lib/ps-polyfill.js"></script>
<script defer src="//play.pokemonshowdown.com/js/lib/preact.min.js"></script>

<script defer src="//play.pokemonshowdown.com/config/config.js?2bddbc15"></script>
<script defer src="//play.pokemonshowdown.com/js/lib/jquery-1.11.0.min.js"></script>
<script defer src="//play.pokemonshowdown.com/js/lib/html-sanitizer-minified.js"></script>
<script defer src="//play.pokemonshowdown.com/js/battle-sound.js"></script>
<script defer src="//play.pokemonshowdown.com/js/battledata.js?0.7209276989879541"></script>
<script defer src="//play.pokemonshowdown.com/data/pokedex-mini.js?0.6111056340867951"></script>
<script defer src="//play.pokemonshowdown.com/data/pokedex-mini-bw.js?0.3532142036491459"></script>
<script defer src="//play.pokemonshowdown.com/data/graphics.js?0.24223875632456182"></script>
<script defer src="//play.pokemonshowdown.com/data/pokedex.js?0.38839984266356864"></script>
<script defer src="//play.pokemonshowdown.com/data/moves.js?0.21866028504024015"></script>
<script defer src="//play.pokemonshowdown.com/data/abilities.js?0.2005157953846628"></script>
<script defer src="//play.pokemonshowdown.com/data/items.js?0.9894211263848525"></script>
<script defer src="//play.pokemonshowdown.com/data/teambuilder-tables.js?0.6008791140282215"></script>
<script defer src="//play.pokemonshowdown.com/js/battle-tooltips.js?0.7580118955022959"></script>
<script defer src="//play.pokemonshowdown.com/js/battle.js?0.6057722274234274"></script>

<script defer src="js/utils.js?e31f9a17"></script>
<script defer src="js/replays-battle.js?7008c182"></script>

<!-- don't scrape this data! just add .json or .log after the URL!
Full API docs: https://github.com/smogon/pokemon-showdown-client/blob/master/WEB-API.md -->
<script type="text/plain" class="log" id="replaylog-smogtours-gen3ou-804407">
|inactive|Battle timer is ON: inactive players will automatically lose when time's up.
|badge|p1|bronze|gen9ou|100-3
|uhtml|medal-msg|<div class="broadcast-blue">Curious what those medals under the avatar are? PS now has Ladder Seasons! For more information, check out the <a href="https://www.smogon.com/forums/threads/3740067/">thread on Smogon.<\/a><\/div>
|t:|1730653616
|gametype|singles
|player|p1|Dhrabb|#wcop2024bangladesh|
|player|p2|lexitg|102|
|teamsize|p1|6
|teamsize|p2|6
|gen|3
|tier|[Gen 3] OU
|rule|Sleep Clause Mod: Limit one foe put to sleep
|rule|Switch Priority Clause Mod: Faster Pokémon switch first
|rule|Species Clause: Limit one of each Pokémon
|rule|OHKO Clause: OHKO moves are banned
|rule|Evasion Items Clause: Evasion items are banned
|rule|Evasion Moves Clause: Evasion moves are banned
|rule|Endless Battle Clause: Forcing endless battles is banned
|rule|HP Percentage Mod: HP is shown in percentages
|rule|One Boost Passer Clause: Limit one Baton Passer that has a way to boost its stats
|rule|Freeze Clause Mod: Limit one foe frozen
|
|t:|1730653616
|start
|switch|p1a: Medicham|Medicham, F|100/100
|switch|p2a: Salamence|Salamence, M|100/100
|-ability|p2a: Salamence|Intimidate|boost
|-unboost|p1a: Medicham|atk|1
|turn|1
|c|☆lexitg|glhf
|inactive|Dhrabb has 270 seconds left.
|c|☆Dhrabb|hf
|
|t:|1730653672
|switch|p1a: Suicune|Suicune|100/100
|move|p2a: Salamence|Hidden Power|p1a: Suicune
|-crit|p1a: Suicune
|-damage|p1a: Suicune|13/100
|
|-heal|p1a: Suicune|19/100|[from] item: Leftovers
|upkeep
|turn|2
|
|t:|1730653690
|switch|p2a: Hariyama|Hariyama, M|100/100
|switch|p1a: Metagross|Metagross|100/100
|
|upkeep
|turn|3
|
|t:|1730653697
|move|p1a: Metagross|Meteor Mash|p2a: Hariyama
|-damage|p2a: Hariyama|53/100
|move|p2a: Hariyama|Knock Off|p1a: Metagross
|-damage|p1a: Metagross|98/100
|-enditem|p1a: Metagross|Leftovers|[from] move: Knock Off|[of] p2a: Hariyama
|-hint|In Gens 3-4, Knock Off only makes the target's item unusable; it cannot obtain a new item.
|
|-heal|p2a: Hariyama|59/100|[from] item: Leftovers
|upkeep
|turn|4
|
|t:|1730653702
|switch|p2a: Suicune|Suicune|100/100
|move|p1a: Metagross|Meteor Mash|p2a: Suicune
|-resisted|p2a: Suicune
|-damage|p2a: Suicune|84/100
|
|-heal|p2a: Suicune|91/100|[from] item: Leftovers
|upkeep
|turn|5
|
|t:|1730653714
|switch|p1a: Snorlax|Snorlax, F|100/100
|move|p2a: Suicune|Surf|p1a: Snorlax
|-damage|p1a: Snorlax|83/100
|
|-heal|p2a: Suicune|97/100|[from] item: Leftovers
|-heal|p1a: Snorlax|90/100|[from] item: Leftovers
|upkeep
|turn|6
|
|t:|1730653719
|move|p1a: Snorlax|Body Slam|p2a: Suicune
|-damage|p2a: Suicune|74/100
|move|p2a: Suicune|Roar|p1a: Snorlax
|drag|p1a: Magneton|Magneton|100/100
|
|-heal|p2a: Suicune|80/100|[from] item: Leftovers
|upkeep
|turn|7
|
|t:|1730653727
|switch|p2a: Blissey|Blissey, F|100/100
|move|p1a: Magneton|Thunderbolt|p2a: Blissey
|-damage|p2a: Blissey|78/100
|
|-heal|p2a: Blissey|84/100|[from] item: Leftovers
|upkeep
|turn|8
|
|t:|1730653740
|switch|p1a: Medicham|Medicham, F|100/100
|switch|p2a: Salamence|Salamence, M|100/100
|-ability|p2a: Salamence|Intimidate|boost
|-unboost|p1a: Medicham|atk|1
|
|upkeep
|turn|9
|
|t:|1730653752
|switch|p1a: Salamence|Salamence, F|100/100
|-ability|p1a: Salamence|Intimidate|boost
|-unboost|p2a: Salamence|atk|1
|move|p2a: Salamence|Hidden Power|p1a: Salamence
|-damage|p1a: Salamence|58/100
|
|-heal|p1a: Salamence|64/100|[from] item: Leftovers
|upkeep
|turn|10
|inactive|lexitg has 270 seconds left.
|
|t:|1730653782
|switch|p2a: Blissey|Blissey, F|84/100
|switch|p1a: Snorlax|Snorlax, F|90/100
|
|-heal|p2a: Blissey|91/100|[from] item: Leftovers
|-heal|p1a: Snorlax|96/100|[from] item: Leftovers
|upkeep
|turn|11
|inactive|lexitg has 270 seconds left.
|
|t:|1730653801
|switch|p2a: Hariyama|Hariyama, M|59/100
|move|p1a: Snorlax|Body Slam|p2a: Hariyama
|-damage|p2a: Hariyama|26/100
|-status|p2a: Hariyama|par
|
|-heal|p1a: Snorlax|100/100|[from] item: Leftovers
|-heal|p2a: Hariyama|32/100 par|[from] item: Leftovers
|upkeep
|turn|12
|inactive|lexitg has 270 seconds left.
|
|t:|1730653810
|move|p1a: Snorlax|Body Slam|p2a: Hariyama
|-damage|p2a: Hariyama|0 fnt
|faint|p2a: Hariyama
|
|t:|1730653814
|switch|p2a: Salamence|Salamence, M|100/100
|-ability|p2a: Salamence|Intimidate|boost
|-unboost|p1a: Snorlax|atk|1
|
|upkeep
|turn|13
|
|t:|1730653823
|switch|p1a: Suicune|Suicune|19/100
|move|p2a: Salamence|Brick Break|p1a: Suicune
|-crit|p1a: Suicune
|-damage|p1a: Suicune|0 fnt
|faint|p1a: Suicune
|
|t:|1730653830
|switch|p1a: Salamence|Salamence, F|64/100
|-ability|p1a: Salamence|Intimidate|boost
|-unboost|p2a: Salamence|atk|1
|
|-heal|p1a: Salamence|70/100|[from] item: Leftovers
|upkeep
|turn|14
|
|t:|1730653835
|switch|p2a: Suicune|Suicune|80/100
|switch|p1a: Medicham|Medicham, F|100/100
|
|-heal|p2a: Suicune|86/100|[from] item: Leftovers
|upkeep
|turn|15
|
|t:|1730653841
|switch|p1a: Snorlax|Snorlax, F|100/100
|move|p2a: Suicune|Surf|p1a: Snorlax
|-damage|p1a: Snorlax|82/100
|
|-heal|p2a: Suicune|93/100|[from] item: Leftovers
|-heal|p1a: Snorlax|89/100|[from] item: Leftovers
|upkeep
|turn|16
|
|t:|1730653858
|move|p1a: Snorlax|Body Slam|p2a: Suicune
|-damage|p2a: Suicune|70/100
|move|p2a: Suicune|Roar|p1a: Snorlax
|drag|p1a: Metagross|Metagross|98/100
|
|-heal|p2a: Suicune|76/100|[from] item: Leftovers
|upkeep
|turn|17
|inactive|Dhrabb has 270 seconds left.
|
|t:|1730653912
|switch|p1a: Snorlax|Snorlax, F|89/100
|move|p2a: Suicune|Surf|p1a: Snorlax
|-damage|p1a: Snorlax|72/100
|
|-heal|p2a: Suicune|82/100|[from] item: Leftovers
|-heal|p1a: Snorlax|78/100|[from] item: Leftovers
|upkeep
|turn|18
|inactive|lexitg has 270 seconds left.
|
|t:|1730653944
|switch|p2a: Jirachi|Jirachi|100/100
|move|p1a: Snorlax|Body Slam|p2a: Jirachi
|-resisted|p2a: Jirachi
|-damage|p2a: Jirachi|88/100
|
|-heal|p2a: Jirachi|94/100|[from] item: Leftovers
|-heal|p1a: Snorlax|84/100|[from] item: Leftovers
|upkeep
|turn|19
|
|t:|1730653949
|move|p2a: Jirachi|Wish|p2a: Jirachi
|move|p1a: Snorlax|Earthquake|p2a: Jirachi
|-supereffective|p2a: Jirachi
|-crit|p2a: Jirachi
|-damage|p2a: Jirachi|23/100
|
|-heal|p2a: Jirachi|29/100|[from] item: Leftovers
|-heal|p1a: Snorlax|90/100|[from] item: Leftovers
|upkeep
|turn|20
|
|t:|1730653961
|switch|p1a: Salamence|Salamence, F|70/100
|-ability|p1a: Salamence|Intimidate|boost
|-unboost|p2a: Jirachi|atk|1
|move|p2a: Jirachi|Protect||[still]
|-fail|p2a: Jirachi
|
|-heal|p2a: Jirachi|79/100|[from] move: Wish|[wisher] Jirachi
|-heal|p1a: Salamence|76/100|[from] item: Leftovers
|-heal|p2a: Jirachi|85/100|[from] item: Leftovers
|upkeep
|turn|21
|
|t:|1730653973
|switch|p1a: Snorlax|Snorlax, F|90/100
|move|p2a: Jirachi|Protect||[still]
|-fail|p2a: Jirachi
|
|-heal|p2a: Jirachi|92/100|[from] item: Leftovers
|-heal|p1a: Snorlax|96/100|[from] item: Leftovers
|upkeep
|turn|22
|
|t:|1730653978
|move|p2a: Jirachi|Wish|p2a: Jirachi
|move|p1a: Snorlax|Earthquake|p2a: Jirachi
|-supereffective|p2a: Jirachi
|-damage|p2a: Jirachi|51/100
|
|-heal|p2a: Jirachi|57/100|[from] item: Leftovers
|-heal|p1a: Snorlax|100/100|[from] item: Leftovers
|upkeep
|turn|23
|
|t:|1730653989
|move|p2a: Jirachi|Fire Punch|p1a: Snorlax
|-damage|p1a: Snorlax|91/100
|move|p1a: Snorlax|Body Slam|p2a: Jirachi
|-resisted|p2a: Jirachi
|-damage|p2a: Jirachi|44/100
|
|-heal|p2a: Jirachi|94/100|[from] move: Wish|[wisher] Jirachi
|-heal|p2a: Jirachi|99/100|[from] item: Leftovers
|-heal|p1a: Snorlax|97/100|[from] item: Leftovers
|upkeep
|turn|24
|
|t:|1730653992
|move|p2a: Jirachi|Wish|p2a: Jirachi
|move|p1a: Snorlax|Earthquake|p2a: Jirachi
|-supereffective|p2a: Jirachi
|-damage|p2a: Jirachi|65/100
|
|-heal|p2a: Jirachi|71/100|[from] item: Leftovers
|-heal|p1a: Snorlax|100/100|[from] item: Leftovers
|upkeep
|turn|25
|
|t:|1730654001
|move|p2a: Jirachi|Fire Punch|p1a: Snorlax
|-damage|p1a: Snorlax|90/100
|-status|p1a: Snorlax|brn
|move|p1a: Snorlax|Earthquake|p2a: Jirachi
|-supereffective|p2a: Jirachi
|-damage|p2a: Jirachi|50/100
|
|-heal|p2a: Jirachi|99/100|[from] move: Wish|[wisher] Jirachi
|-heal|p2a: Jirachi|100/100|[from] item: Leftovers
|-heal|p1a: Snorlax|96/100 brn|[from] item: Leftovers
|-damage|p1a: Snorlax|84/100 brn|[from] brn
|upkeep
|turn|26
|inactive|lexitg has 270 seconds left.
|
|t:|1730654035
|move|p2a: Jirachi|Protect|p2a: Jirachi
|-singleturn|p2a: Jirachi|Protect
|move|p1a: Snorlax|Earthquake|p2a: Jirachi
|-activate|p2a: Jirachi|Protect
|
|-heal|p1a: Snorlax|90/100 brn|[from] item: Leftovers
|-damage|p1a: Snorlax|78/100 brn|[from] brn
|upkeep
|turn|27
|inactive|Dhrabb has 270 seconds left.
|
|t:|1730654052
|move|p2a: Jirachi|Wish|p2a: Jirachi
|move|p1a: Snorlax|Earthquake|p2a: Jirachi
|-supereffective|p2a: Jirachi
|-damage|p2a: Jirachi|82/100
|
|-heal|p2a: Jirachi|88/100|[from] item: Leftovers
|-heal|p1a: Snorlax|84/100 brn|[from] item: Leftovers
|-damage|p1a: Snorlax|71/100 brn|[from] brn
|upkeep
|turn|28
|
|t:|1730654067
|switch|p2a: Salamence|Salamence, M|100/100
|-ability|p2a: Salamence|Intimidate|boost
|-unboost|p1a: Snorlax|atk|1
|move|p1a: Snorlax|Self-Destruct|p2a: Salamence
|-damage|p2a: Salamence|29/100
|faint|p1a: Snorlax
|
|t:|1730654073
|switch|p1a: Salamence|Salamence, F|76/100
|-ability|p1a: Salamence|Intimidate|boost
|-unboost|p2a: Salamence|atk|1
|
|-heal|p2a: Salamence|79/100|[from] move: Wish|[wisher] Jirachi
|-heal|p1a: Salamence|82/100|[from] item: Leftovers
|upkeep
|turn|29
|
|t:|1730654088
|switch|p2a: Suicune|Suicune|82/100
|switch|p1a: Magneton|Magneton|100/100
|
|-heal|p2a: Suicune|89/100|[from] item: Leftovers
|upkeep
|turn|30
|
|t:|1730654094
|switch|p2a: Blissey|Blissey, F|91/100
|move|p1a: Magneton|Toxic|p2a: Blissey
|-status|p2a: Blissey|tox
|
|-heal|p2a: Blissey|97/100 tox|[from] item: Leftovers
|-damage|p2a: Blissey|91/100 tox|[from] psn
|upkeep
|turn|31
|
|t:|1730654112
|-curestatus|p2a: Blissey|tox|[from] ability: Natural Cure
|switch|p2a: Jirachi|Jirachi|88/100
|move|p1a: Magneton|Thunderbolt|p2a: Jirachi
|-damage|p2a: Jirachi|40/100
|
|-heal|p2a: Jirachi|46/100|[from] item: Leftovers
|upkeep
|turn|32
|
|t:|1730654117
|move|p2a: Jirachi|Protect|p2a: Jirachi
|-singleturn|p2a: Jirachi|Protect
|move|p1a: Magneton|Thunderbolt|p2a: Jirachi
|-activate|p2a: Jirachi|Protect
|
|-heal|p2a: Jirachi|52/100|[from] item: Leftovers
|upkeep
|turn|33
|
|t:|1730654120
|move|p2a: Jirachi|Wish|p2a: Jirachi
|move|p1a: Magneton|Thunderbolt|p2a: Jirachi
|-damage|p2a: Jirachi|3/100
|-status|p2a: Jirachi|par
|
|-heal|p2a: Jirachi|10/100 par|[from] item: Leftovers
|upkeep
|turn|34
|
|t:|1730654124
|move|p2a: Jirachi|Protect|p2a: Jirachi
|-singleturn|p2a: Jirachi|Protect
|move|p1a: Magneton|Thunderbolt|p2a: Jirachi
|-activate|p2a: Jirachi|Protect
|
|-heal|p2a: Jirachi|60/100 par|[from] move: Wish|[wisher] Jirachi
|-heal|p2a: Jirachi|66/100 par|[from] item: Leftovers
|upkeep
|turn|35
|
|t:|1730654126
|move|p1a: Magneton|Thunderbolt|p2a: Jirachi
|-damage|p2a: Jirachi|22/100 par
|move|p2a: Jirachi|Wish|p2a: Jirachi
|
|-heal|p2a: Jirachi|29/100 par|[from] item: Leftovers
|upkeep
|turn|36
|
|t:|1730654129
|move|p2a: Jirachi|Protect|p2a: Jirachi
|-singleturn|p2a: Jirachi|Protect
|move|p1a: Magneton|Thunderbolt|p2a: Jirachi
|-activate|p2a: Jirachi|Protect
|
|-heal|p2a: Jirachi|78/100 par|[from] move: Wish|[wisher] Jirachi
|-heal|p2a: Jirachi|85/100 par|[from] item: Leftovers
|upkeep
|turn|37
|
|t:|1730654138
|move|p1a: Magneton|Thunderbolt|p2a: Jirachi
|-damage|p2a: Jirachi|40/100 par
|move|p2a: Jirachi|Wish|p2a: Jirachi
|
|-heal|p2a: Jirachi|46/100 par|[from] item: Leftovers
|upkeep
|turn|38
|
|t:|1730654142
|move|p1a: Magneton|Thunderbolt|p2a: Jirachi
|-damage|p2a: Jirachi|0 fnt
|faint|p2a: Jirachi
|
|t:|1730654146
|switch|p2a: Salamence|Salamence, M|79/100
|-ability|p2a: Salamence|Intimidate|boost
|-unboost|p1a: Magneton|atk|1
|
|-heal|p2a: Salamence|100/100|[from] move: Wish|[wisher] Jirachi
|upkeep
|turn|39
|
|t:|1730654157
|switch|p1a: Salamence|Salamence, F|82/100
|-ability|p1a: Salamence|Intimidate|boost
|-unboost|p2a: Salamence|atk|1
|move|p2a: Salamence|Brick Break|p1a: Salamence
|-resisted|p1a: Salamence
|-damage|p1a: Salamence|65/100
|
|-heal|p1a: Salamence|71/100|[from] item: Leftovers
|upkeep
|turn|40
|
|t:|1730654166
|switch|p2a: Blissey|Blissey, F|91/100
|switch|p1a: Magneton|Magneton|100/100
|
|-heal|p2a: Blissey|97/100|[from] item: Leftovers
|upkeep
|turn|41
|
|t:|1730654176
|move|p1a: Magneton|Toxic|p2a: Blissey
|-status|p2a: Blissey|tox
|move|p2a: Blissey|Ice Beam|p1a: Magneton
|-resisted|p1a: Magneton
|-damage|p1a: Magneton|78/100
|
|-heal|p2a: Blissey|100/100 tox|[from] item: Leftovers
|-damage|p2a: Blissey|94/100 tox|[from] psn
|upkeep
|turn|42
|
|t:|1730654181
|switch|p1a: Medicham|Medicham, F|100/100
|move|p2a: Blissey|Aromatherapy|p2a: Blissey
|-cureteam|p2a: Blissey|[from] move: Aromatherapy
|
|-heal|p2a: Blissey|100/100|[from] item: Leftovers
|upkeep
|turn|43
|
|t:|1730654186
|switch|p2a: Claydol|Claydol|100/100
|move|p1a: Medicham|Rock Slide|p2a: Claydol
|-resisted|p2a: Claydol
|-damage|p2a: Claydol|83/100
|
|-heal|p2a: Claydol|89/100|[from] item: Leftovers
|upkeep
|turn|44
|
|t:|1730654200
|move|p1a: Medicham|Shadow Ball|p2a: Claydol
|-supereffective|p2a: Claydol
|-damage|p2a: Claydol|13/100
|-unboost|p2a: Claydol|spd|1
|move|p2a: Claydol|Explosion|p1a: Medicham
|-damage|p1a: Medicham|0 fnt
|faint|p2a: Claydol
|faint|p1a: Medicham
|
|t:|1730654213
|switch|p1a: Salamence|Salamence, F|71/100
|switch|p2a: Suicune|Suicune|89/100
|-ability|p1a: Salamence|Intimidate|boost
|-unboost|p2a: Suicune|atk|1
|
|-heal|p1a: Salamence|77/100|[from] item: Leftovers
|-heal|p2a: Suicune|95/100|[from] item: Leftovers
|upkeep
|turn|45
|
|t:|1730654221
|switch|p1a: Magneton|Magneton|78/100
|move|p2a: Suicune|Calm Mind|p2a: Suicune
|-boost|p2a: Suicune|spa|1
|-boost|p2a: Suicune|spd|1
|
|-heal|p2a: Suicune|100/100|[from] item: Leftovers
|upkeep
|turn|46
|
|t:|1730654226
|move|p1a: Magneton|Toxic|p2a: Suicune|[miss]
|-miss|p1a: Magneton|p2a: Suicune
|move|p2a: Suicune|Surf|p1a: Magneton
|-crit|p1a: Magneton
|-damage|p1a: Magneton|0 fnt
|faint|p1a: Magneton
|
|t:|1730654229
|switch|p1a: Metagross|Metagross|98/100
|
|upkeep
|turn|47
|
|t:|1730654235
|move|p2a: Suicune|Surf|p1a: Metagross
|-damage|p1a: Metagross|53/100
|move|p1a: Metagross|Agility|p1a: Metagross
|-boost|p1a: Metagross|spe|2
|
|upkeep
|turn|48
|
|t:|1730654244
|move|p1a: Metagross|Earthquake|p2a: Suicune
|-damage|p2a: Suicune|77/100
|move|p2a: Suicune|Surf|p1a: Metagross
|-damage|p1a: Metagross|11/100
|
|-heal|p2a: Suicune|84/100|[from] item: Leftovers
|upkeep
|turn|49
|
|t:|1730654247
|move|p1a: Metagross|Explosion|p2a: Suicune
|-damage|p2a: Suicune|0 fnt
|faint|p1a: Metagross
|faint|p2a: Suicune
|
|t:|1730654252
|switch|p2a: Blissey|Blissey, F|100/100
|switch|p1a: Salamence|Salamence, F|77/100
|-ability|p1a: Salamence|Intimidate|boost
|-unboost|p2a: Blissey|atk|1
|
|-heal|p1a: Salamence|83/100|[from] item: Leftovers
|upkeep
|turn|50
|
|t:|1730654257
|move|p1a: Salamence|Rock Slide|p2a: Blissey
|-damage|p2a: Blissey|73/100
|move|p2a: Blissey|Ice Beam|p1a: Salamence
|-supereffective|p1a: Salamence
|-damage|p1a: Salamence|0 fnt
|faint|p1a: Salamence
|
|win|lexitg
|c|☆Dhrabb|gg
|c|☆lexitg|gg

</script>
<script type="application/json" class="data" id="replaydata-smogtours-gen3ou-804407">
{"id":"smogtours-gen3ou-804407","format":"[Gen 3] OU","players":["Dhrabb","lexitg"],"uploadtime":1730654257,"views":44,"formatid":"gen3ou","rating":null,"private":0,"password":null}
</script>

<script defer src="js/replays.js?9d40a366"></script>
