<!DOCTYPE html>
<meta charset="utf-8" />
<meta name="viewport" content="width=device-width" />

<title>[Gen 3] OU: oopsalldeoxys vs. Kvist - Replays - Pok&eacute;mon Showdown!</title>

<meta name="description" content="Watch a replay of a Pok&eacute;mon battle between oopsalldeoxys and Kvist! Format: [Gen 3] OU; Date: Oct 25, 2024" />
<!--

Hey, you! Looking in the source for the replay log?

You can find them in JSON format, just add `.json` at the end of a replay URL.

https://replay.pokemonshowdown.com/gen7randomdoublesbattle-865046831.json

Or, if you only need the log itself, add `.log` instead:

https://replay.pokemonshowdown.com/gen7randomdoublesbattle-865046831.log

-->

<link rel="stylesheet" href="//pokemonshowdown.com/style/global.css?0.023195364461161105" />
<link rel="stylesheet" href="//play.pokemonshowdown.com/style/font-awesome.css?0.13261647063804238" />
<link rel="stylesheet" href="//play.pokemonshowdown.com/style/battle.css?0.8753245789963631" />
<link rel="stylesheet" href="//play.pokemonshowdown.com/style/utilichart.css?0.8627959624976733" />

<!-- Global site tag (gtag.js) - Google Analytics -->
<script async src="https://www.googletagmanager.com/gtag/js?id=UA-26211653-1"></script>
<script>
  window.dataLayer = window.dataLayer || [];
  function gtag(){dataLayer.push(arguments);}
  gtag('js', new Date());

  gtag('config', 'UA-26211653-1');
</script>
<!-- End Google Analytics -->
<!-- Venatus Ad Manager - Install in <HEAD> of page -->
	<script src="https://hb.vntsm.com/v3/live/ad-manager.min.js" type="text/javascript" data-site-id="642aba63ec9a7b11c3c9c1be" data-mode="scan" async></script>
<!-- / Venatus Ad Manager -->

<style>
	@media (max-width:820px) {
		.battle {
			margin: 0 auto;
		}
		.battle-log {
			margin: 7px auto 0;
			max-width: 640px;
			height: 300px;
			position: static;
		}
	}
	.optgroup {
		display: inline-block;
		line-height: 22px;
		font-size: 10pt;
	}
	.optgroup .button {
		height: 25px;
		padding-top: 0;
		padding-bottom: 0;
	}
	.optgroup button.button {
		padding-left: 12px;
		padding-right: 12px;
	}
	.linklist {
		list-style: none;
		margin: 0.5em 0;
		padding: 0;
	}
	.linklist li {
		padding: 2px 0;
	}
	.sidebar {
		float: left;
		width: 320px;
	}
	.bar-wrapper {
		max-width: 1100px;
		margin: 0 auto;
	}
	.bar-wrapper.has-sidebar {
		max-width: 1430px;
	}
	.mainbar {
		margin: 0;
		padding-right: 1px;
	}
	.mainbar.has-sidebar {
		margin-left: 330px;
	}
	@media (min-width: 1511px) {
		.sidebar {
			width: 400px;
		}
		.bar-wrapper.has-sidebar {
			max-width: 1510px;
		}
		.mainbar.has-sidebar {
			margin-left: 410px;
		}
	}
	.section.first-section {
		margin-top: 9px;
	}
	.blocklink small {
		white-space: normal;
	}
	.button {
		vertical-align: middle;
	}
	.replay-controls {
		padding-top: 10px;
	}
	.replay-controls h1 {
		font-size: 16pt;
		font-weight: normal;
		color: #CCC;
	}
	.pagelink {
		text-align: center;
	}
	.pagelink a {
		width: 150px;
	}
	.textbox, .button {
		font-size: 11pt;
		vertical-align: middle;
	}
	@media (max-width: 450px) {
		.button {
			font-size: 9pt;
		}
	}
</style>

<div>

	<header>
		<div class="nav-wrapper"><ul class="nav">
			<li><a class="button nav-first" href="//pokemonshowdown.com/"><img src="//pokemonshowdown.com/images/pokemonshowdownbeta.png" srcset="//pokemonshowdown.com/images/pokemonshowdownbeta.png 1x, //pokemonshowdown.com/images/pokemonshowdownbeta@2x.png 2x" alt="Pok&eacute;mon Showdown" width="146" height="44" /> Home</a></li>
			<li><a class="button" href="//pokemonshowdown.com/dex/">Pok&eacute;dex</a></li>
			<li><a class="button cur" href="/">Replays</a></li>
			<li><a class="button" href="//pokemonshowdown.com/ladder/">Ladder</a></li>
			<li><a class="button nav-last" href="//pokemonshowdown.com/forums/">Forum</a></li>
			<li><a class="button greenbutton nav-first nav-last" href="//play.pokemonshowdown.com/">Play</a></li>
		</ul></div>
	</header>

	<div class="main" id="main">

		<noscript><section class="section">You need to enable JavaScript to use this page; sorry!</section></noscript>

	</div>

</div>

<script defer nomodule src="//play.pokemonshowdown.com/js/lib/ps-polyfill.js"></script>
<script defer src="//play.pokemonshowdown.com/js/lib/preact.min.js"></script>

<script defer src="//play.pokemonshowdown.com/config/config.js?2bddbc15"></script>
<script defer src="//play.pokemonshowdown.com/js/lib/jquery-1.11.0.min.js"></script>
<script defer src="//play.pokemonshowdown.com/js/lib/html-sanitizer-minified.js"></script>
<script defer src="//play.pokemonshowdown.com/js/battle-sound.js"></script>
<script defer src="//play.pokemonshowdown.com/js/battledata.js?0.7209276989879541"></script>
<script defer src="//play.pokemonshowdown.com/data/pokedex-mini.js?0.6111056340867951"></script>
<script defer src="//play.pokemonshowdown.com/data/pokedex-mini-bw.js?0.3532142036491459"></script>
<script defer src="//play.pokemonshowdown.com/data/graphics.js?0.24223875632456182"></script>
<script defer src="//play.pokemonshowdown.com/data/pokedex.js?0.38839984266356864"></script>
<script defer src="//play.pokemonshowdown.com/data/moves.js?0.21866028504024015"></script>
<script defer src="//play.pokemonshowdown.com/data/abilities.js?0.2005157953846628"></script>
<script defer src="//play.pokemonshowdown.com/data/items.js?0.9894211263848525"></script>
<script defer src="//play.pokemonshowdown.com/data/teambuilder-tables.js?0.6008791140282215"></script>
<script defer src="//play.pokemonshowdown.com/js/battle-tooltips.js?0.7580118955022959"></script>
<script defer src="//play.pokemonshowdown.com/js/battle.js?0.6057722274234274"></script>

<script defer src="js/utils.js?e31f9a17"></script>
<script defer src="js/replays-battle.js?7008c182"></script>

<!-- don't scrape this data! just add .json or .log after the URL!
Full API docs: https://github.com/smogon/pokemon-showdown-client/blob/master/WEB-API.md -->
<script type="text/plain" class="log" id="replaylog-smogtours-gen3ou-801767">
|inactive|Battle timer is ON: inactive players will automatically lose when time's up.
|t:|1729829918
|gametype|singles
|player|p1|oopsalldeoxys|1|
|player|p2|Kvist|2|
|teamsize|p1|6
|teamsize|p2|6
|gen|3
|tier|[Gen 3] OU
|rule|Sleep Clause Mod: Limit one foe put to sleep
|rule|Switch Priority Clause Mod: Faster Pokémon switch first
|rule|Species Clause: Limit one of each Pokémon
|rule|OHKO Clause: OHKO moves are banned
|rule|Evasion Items Clause: Evasion items are banned
|rule|Evasion Moves Clause: Evasion moves are banned
|rule|Endless Battle Clause: Forcing endless battles is banned
|rule|HP Percentage Mod: HP is shown in percentages
|rule|One Boost Passer Clause: Limit one Baton Passer that has a way to boost its stats
|rule|Freeze Clause Mod: Limit one foe frozen
|
|t:|1729829918
|start
|switch|p1a: BAPTISMA|Suicune, shiny|100/100
|switch|p2a: Tyranitar|Tyranitar, F|100/100
|-weather|Sandstorm|[from] ability: Sand Stream|[of] p2a: Tyranitar
|turn|1
|
|t:|1729829941
|switch|p2a: Zapdos|Zapdos|100/100
|move|p1a: BAPTISMA|Calm Mind|p1a: BAPTISMA
|-boost|p1a: BAPTISMA|spa|1
|-boost|p1a: BAPTISMA|spd|1
|
|-weather|Sandstorm|[upkeep]
|-damage|p2a: Zapdos|94/100|[from] Sandstorm
|-damage|p1a: BAPTISMA|94/100|[from] Sandstorm
|-heal|p2a: Zapdos|100/100|[from] item: Leftovers
|-heal|p1a: BAPTISMA|100/100|[from] item: Leftovers
|upkeep
|turn|2
|c|☆oopsalldeoxys|glhf
|
|t:|1729829951
|switch|p1a: バイナリ|Regice, shiny|100/100
|move|p2a: Zapdos|Thunder Wave|p1a: バイナリ
|-status|p1a: バイナリ|par
|
|-weather|Sandstorm|[upkeep]
|-damage|p2a: Zapdos|94/100|[from] Sandstorm
|-damage|p1a: バイナリ|94/100 par|[from] Sandstorm
|-heal|p2a: Zapdos|100/100|[from] item: Leftovers
|-heal|p1a: バイナリ|100/100 par|[from] item: Leftovers
|upkeep
|turn|3
|inactive|oopsalldeoxys has 270 seconds left.
|
|t:|1729829996
|switch|p1a: BAPTISMA|Suicune, shiny|100/100
|move|p2a: Zapdos|Light Screen|p2a: Zapdos
|-sidestart|p2: Kvist|Light Screen
|
|-weather|Sandstorm|[upkeep]
|-damage|p2a: Zapdos|94/100|[from] Sandstorm
|-damage|p1a: BAPTISMA|94/100|[from] Sandstorm
|-heal|p2a: Zapdos|100/100|[from] item: Leftovers
|-heal|p1a: BAPTISMA|100/100|[from] item: Leftovers
|upkeep
|turn|4
|inactive|oopsalldeoxys has 270 seconds left.
|
|t:|1729830002
|switch|p1a: バイナリ|Regice, shiny|100/100 par
|move|p2a: Zapdos|Thunderbolt|p1a: バイナリ
|-damage|p1a: バイナリ|78/100 par
|
|-weather|Sandstorm|[upkeep]
|-damage|p2a: Zapdos|94/100|[from] Sandstorm
|-damage|p1a: バイナリ|72/100 par|[from] Sandstorm
|-heal|p2a: Zapdos|100/100|[from] item: Leftovers
|-heal|p1a: バイナリ|78/100 par|[from] item: Leftovers
|upkeep
|turn|5
|
|t:|1729830007
|switch|p2a: Tyranitar|Tyranitar, F|100/100
|move|p1a: バイナリ|Thunder Wave|p2a: Tyranitar
|-status|p2a: Tyranitar|par
|-enditem|p2a: Tyranitar|Lum Berry|[eat]
|-curestatus|p2a: Tyranitar|par|[msg]
|
|-weather|Sandstorm|[upkeep]
|-damage|p1a: バイナリ|72/100 par|[from] Sandstorm
|-heal|p1a: バイナリ|78/100 par|[from] item: Leftovers
|upkeep
|turn|6
|
|t:|1729830016
|switch|p1a: X-DAY|Dugtrio, F|100/100
|move|p2a: Tyranitar|Brick Break|p1a: X-DAY
|-damage|p1a: X-DAY|38/100
|
|-weather|Sandstorm|[upkeep]
|upkeep
|turn|7
|
|t:|1729830029
|move|p1a: X-DAY|Earthquake|p2a: Tyranitar
|-supereffective|p2a: Tyranitar
|-damage|p2a: Tyranitar|2/100
|move|p2a: Tyranitar|Brick Break|p1a: X-DAY
|-crit|p1a: X-DAY
|-damage|p1a: X-DAY|0 fnt
|faint|p1a: X-DAY
|
|t:|1729830038
|switch|p1a: MASS HYSTERIA|Zapdos|100/100
|
|-sideend|p2: Kvist|Light Screen
|-weather|Sandstorm|[upkeep]
|-damage|p1a: MASS HYSTERIA|95/100|[from] Sandstorm
|-heal|p1a: MASS HYSTERIA|100/100|[from] item: Leftovers
|upkeep
|turn|8
|
|t:|1729830047
|switch|p2a: Blissey|Blissey, F|100/100
|move|p1a: MASS HYSTERIA|Thunderbolt|p2a: Blissey
|-damage|p2a: Blissey|79/100
|
|-weather|Sandstorm|[upkeep]
|-damage|p1a: MASS HYSTERIA|95/100|[from] Sandstorm
|-damage|p2a: Blissey|73/100|[from] Sandstorm
|-heal|p1a: MASS HYSTERIA|100/100|[from] item: Leftovers
|-heal|p2a: Blissey|79/100|[from] item: Leftovers
|upkeep
|turn|9
|
|t:|1729830057
|switch|p1a: バイナリ|Regice, shiny|78/100 par
|move|p2a: Blissey|Thunderbolt|p1a: バイナリ
|-damage|p1a: バイナリ|66/100 par
|
|-weather|Sandstorm|[upkeep]
|-damage|p2a: Blissey|73/100|[from] Sandstorm
|-damage|p1a: バイナリ|60/100 par|[from] Sandstorm
|-heal|p2a: Blissey|79/100|[from] item: Leftovers
|-heal|p1a: バイナリ|66/100 par|[from] item: Leftovers
|upkeep
|turn|10
|
|t:|1729830077
|switch|p2a: Tyranitar|Tyranitar, F|2/100
|cant|p1a: バイナリ|par
|
|-weather|Sandstorm|[upkeep]
|-damage|p1a: バイナリ|60/100 par|[from] Sandstorm
|-heal|p1a: バイナリ|66/100 par|[from] item: Leftovers
|upkeep
|turn|11
|
|t:|1729830085
|switch|p1a: BAPTISMA|Suicune, shiny|100/100
|move|p2a: Tyranitar|Fire Blast|p1a: BAPTISMA
|-resisted|p1a: BAPTISMA
|-damage|p1a: BAPTISMA|88/100
|
|-weather|Sandstorm|[upkeep]
|-damage|p1a: BAPTISMA|81/100|[from] Sandstorm
|-heal|p1a: BAPTISMA|88/100|[from] item: Leftovers
|upkeep
|turn|12
|
|t:|1729830107
|switch|p2a: Blissey|Blissey, F|79/100
|move|p1a: BAPTISMA|Surf|p2a: Blissey
|-crit|p2a: Blissey
|-damage|p2a: Blissey|47/100
|
|-weather|Sandstorm|[upkeep]
|-damage|p1a: BAPTISMA|81/100|[from] Sandstorm
|-damage|p2a: Blissey|40/100|[from] Sandstorm
|-heal|p1a: BAPTISMA|88/100|[from] item: Leftovers
|-heal|p2a: Blissey|47/100|[from] item: Leftovers
|upkeep
|turn|13
|
|t:|1729830114
|move|p1a: BAPTISMA|Calm Mind|p1a: BAPTISMA
|-boost|p1a: BAPTISMA|spa|1
|-boost|p1a: BAPTISMA|spd|1
|move|p2a: Blissey|Soft-Boiled|p2a: Blissey
|-heal|p2a: Blissey|97/100
|
|-weather|Sandstorm|[upkeep]
|-damage|p1a: BAPTISMA|81/100|[from] Sandstorm
|-damage|p2a: Blissey|90/100|[from] Sandstorm
|-heal|p1a: BAPTISMA|88/100|[from] item: Leftovers
|-heal|p2a: Blissey|97/100|[from] item: Leftovers
|upkeep
|turn|14
|
|t:|1729830118
|move|p1a: BAPTISMA|Substitute|p1a: BAPTISMA
|-start|p1a: BAPTISMA|Substitute
|-damage|p1a: BAPTISMA|63/100
|move|p2a: Blissey|Wish|p2a: Blissey
|
|-weather|Sandstorm|[upkeep]
|-damage|p1a: BAPTISMA|56/100|[from] Sandstorm
|-damage|p2a: Blissey|90/100|[from] Sandstorm
|-heal|p1a: BAPTISMA|63/100|[from] item: Leftovers
|-heal|p2a: Blissey|97/100|[from] item: Leftovers
|upkeep
|turn|15
|
|t:|1729830121
|switch|p2a: Zapdos|Zapdos|100/100
|move|p1a: BAPTISMA|Calm Mind|p1a: BAPTISMA
|-boost|p1a: BAPTISMA|spa|1
|-boost|p1a: BAPTISMA|spd|1
|
|-weather|Sandstorm|[upkeep]
|-damage|p2a: Zapdos|94/100|[from] Sandstorm
|-damage|p1a: BAPTISMA|56/100|[from] Sandstorm
|-heal|p2a: Zapdos|100/100|[from] item: Leftovers
|-heal|p1a: BAPTISMA|63/100|[from] item: Leftovers
|upkeep
|turn|16
|
|t:|1729830129
|move|p2a: Zapdos|Thunderbolt|p1a: BAPTISMA
|-supereffective|p1a: BAPTISMA
|-end|p1a: BAPTISMA|Substitute
|move|p1a: BAPTISMA|Ice Beam|p2a: Zapdos
|-supereffective|p2a: Zapdos
|-damage|p2a: Zapdos|21/100
|
|-weather|Sandstorm|[upkeep]
|-damage|p2a: Zapdos|15/100|[from] Sandstorm
|-damage|p1a: BAPTISMA|56/100|[from] Sandstorm
|-heal|p2a: Zapdos|21/100|[from] item: Leftovers
|-heal|p1a: BAPTISMA|63/100|[from] item: Leftovers
|upkeep
|turn|17
|
|t:|1729830144
|switch|p1a: ユリシス|Claydol, shiny|100/100
|move|p2a: Zapdos|Thunder Wave|p1a: ユリシス
|-immune|p1a: ユリシス
|
|-weather|Sandstorm|[upkeep]
|-damage|p2a: Zapdos|15/100|[from] Sandstorm
|-heal|p2a: Zapdos|21/100|[from] item: Leftovers
|upkeep
|turn|18
|
|t:|1729830152
|switch|p2a: Skarmory|Skarmory, F|100/100
|move|p1a: ユリシス|Earthquake|p2a: Skarmory
|-immune|p2a: Skarmory
|
|-weather|Sandstorm|[upkeep]
|upkeep
|turn|19
|
|t:|1729830155
|switch|p1a: SILENT FINALE|Jirachi|100/100
|move|p2a: Skarmory|Toxic|p1a: SILENT FINALE
|-immune|p1a: SILENT FINALE
|
|-weather|Sandstorm|[upkeep]
|upkeep
|turn|20
|
|t:|1729830162
|move|p1a: SILENT FINALE|Ice Punch|p2a: Skarmory
|-damage|p2a: Skarmory|80/100
|move|p2a: Skarmory|Spikes|p1a: SILENT FINALE
|-sidestart|p1: oopsalldeoxys|Spikes
|
|-weather|Sandstorm|[upkeep]
|-heal|p2a: Skarmory|86/100|[from] item: Leftovers
|upkeep
|turn|21
|
|t:|1729830166
|move|p1a: SILENT FINALE|Calm Mind|p1a: SILENT FINALE
|-boost|p1a: SILENT FINALE|spa|1
|-boost|p1a: SILENT FINALE|spd|1
|move|p2a: Skarmory|Spikes|p1a: SILENT FINALE
|-sidestart|p1: oopsalldeoxys|Spikes
|
|-weather|Sandstorm|[upkeep]
|-heal|p2a: Skarmory|92/100|[from] item: Leftovers
|upkeep
|turn|22
|
|t:|1729830168
|move|p1a: SILENT FINALE|Calm Mind|p1a: SILENT FINALE
|-boost|p1a: SILENT FINALE|spa|1
|-boost|p1a: SILENT FINALE|spd|1
|move|p2a: Skarmory|Roar|p1a: SILENT FINALE
|drag|p1a: MASS HYSTERIA|Zapdos|100/100
|
|-weather|Sandstorm|[upkeep]
|-damage|p1a: MASS HYSTERIA|95/100|[from] Sandstorm
|-heal|p1a: MASS HYSTERIA|100/100|[from] item: Leftovers
|-heal|p2a: Skarmory|98/100|[from] item: Leftovers
|upkeep
|turn|23
|
|t:|1729830177
|switch|p2a: Blissey|Blissey, F|97/100
|move|p1a: MASS HYSTERIA|Baton Pass|p1a: MASS HYSTERIA
|
|t:|1729830181
|switch|p1a: ユリシス|Claydol, shiny|100/100|[from] Baton Pass
|
|-weather|Sandstorm|[upkeep]
|-damage|p2a: Blissey|90/100|[from] Sandstorm
|-heal|p2a: Blissey|97/100|[from] item: Leftovers
|upkeep
|turn|24
|
|t:|1729830205
|move|p1a: ユリシス|Rapid Spin|p2a: Blissey
|-damage|p2a: Blissey|92/100
|-sideend|p1: oopsalldeoxys|Spikes|[from] move: Rapid Spin|[of] p1a: ユリシス
|move|p2a: Blissey|Counter|p1a: ユリシス
|-damage|p1a: ユリシス|83/100
|
|-weather|Sandstorm|[upkeep]
|-damage|p2a: Blissey|86/100|[from] Sandstorm
|-heal|p1a: ユリシス|89/100|[from] item: Leftovers
|-heal|p2a: Blissey|92/100|[from] item: Leftovers
|upkeep
|turn|25
|inactive|oopsalldeoxys has 270 seconds left.
|
|t:|1729830226
|switch|p1a: MASS HYSTERIA|Zapdos|100/100
|move|p2a: Blissey|Wish|p2a: Blissey
|
|-weather|Sandstorm|[upkeep]
|-damage|p1a: MASS HYSTERIA|95/100|[from] Sandstorm
|-damage|p2a: Blissey|86/100|[from] Sandstorm
|-heal|p1a: MASS HYSTERIA|100/100|[from] item: Leftovers
|-heal|p2a: Blissey|92/100|[from] item: Leftovers
|upkeep
|turn|26
|
|t:|1729830237
|move|p1a: MASS HYSTERIA|Thunderbolt|p2a: Blissey
|-damage|p2a: Blissey|73/100
|move|p2a: Blissey|Thunderbolt|p1a: MASS HYSTERIA
|-damage|p1a: MASS HYSTERIA|77/100
|
|-heal|p2a: Blissey|100/100|[from] move: Wish|[wisher] Blissey
|-weather|Sandstorm|[upkeep]
|-damage|p1a: MASS HYSTERIA|71/100|[from] Sandstorm
|-damage|p2a: Blissey|94/100|[from] Sandstorm
|-heal|p1a: MASS HYSTERIA|77/100|[from] item: Leftovers
|-heal|p2a: Blissey|100/100|[from] item: Leftovers
|upkeep
|turn|27
|
|t:|1729830248
|move|p1a: MASS HYSTERIA|Light Screen|p1a: MASS HYSTERIA
|-sidestart|p1: oopsalldeoxys|Light Screen
|move|p2a: Blissey|Wish|p2a: Blissey
|
|-weather|Sandstorm|[upkeep]
|-damage|p1a: MASS HYSTERIA|71/100|[from] Sandstorm
|-damage|p2a: Blissey|94/100|[from] Sandstorm
|-heal|p1a: MASS HYSTERIA|77/100|[from] item: Leftovers
|-heal|p2a: Blissey|100/100|[from] item: Leftovers
|upkeep
|turn|28
|
|t:|1729830264
|move|p1a: MASS HYSTERIA|Thunderbolt|p2a: Blissey
|-damage|p2a: Blissey|79/100
|-status|p2a: Blissey|par
|move|p2a: Blissey|Thunderbolt|p1a: MASS HYSTERIA
|-damage|p1a: MASS HYSTERIA|63/100
|
|-heal|p2a: Blissey|100/100 par|[from] move: Wish|[wisher] Blissey
|-weather|Sandstorm|[upkeep]
|-damage|p1a: MASS HYSTERIA|57/100|[from] Sandstorm
|-damage|p2a: Blissey|94/100 par|[from] Sandstorm
|-heal|p1a: MASS HYSTERIA|63/100|[from] item: Leftovers
|-heal|p2a: Blissey|100/100 par|[from] item: Leftovers
|upkeep
|turn|29
|
|t:|1729830273
|switch|p1a: ユリシス|Claydol, shiny|89/100
|move|p2a: Blissey|Wish|p2a: Blissey
|
|-weather|Sandstorm|[upkeep]
|-damage|p2a: Blissey|94/100 par|[from] Sandstorm
|-heal|p1a: ユリシス|96/100|[from] item: Leftovers
|-heal|p2a: Blissey|100/100 par|[from] item: Leftovers
|upkeep
|turn|30
|
|t:|1729830289
|-curestatus|p2a: Blissey|par|[from] ability: Natural Cure
|switch|p2a: Swampert|Swampert, M|100/100
|move|p1a: ユリシス|Psychic|p2a: Swampert
|-damage|p2a: Swampert|82/100
|
|-heal|p2a: Swampert|100/100|[from] move: Wish|[wisher] Blissey
|-weather|Sandstorm|[upkeep]
|-heal|p1a: ユリシス|100/100|[from] item: Leftovers
|upkeep
|turn|31
|
|t:|1729830297
|switch|p1a: BAPTISMA|Suicune, shiny|63/100
|move|p2a: Swampert|Hydro Pump|p1a: BAPTISMA
|-resisted|p1a: BAPTISMA
|-crit|p1a: BAPTISMA
|-damage|p1a: BAPTISMA|33/100
|
|-sideend|p1: oopsalldeoxys|Light Screen
|-weather|Sandstorm|[upkeep]
|-damage|p1a: BAPTISMA|27/100|[from] Sandstorm
|-heal|p1a: BAPTISMA|33/100|[from] item: Leftovers
|upkeep
|turn|32
|
|t:|1729830306
|move|p1a: BAPTISMA|Surf|p2a: Swampert
|-damage|p2a: Swampert|69/100
|move|p2a: Swampert|Earthquake|p1a: BAPTISMA
|-damage|p1a: BAPTISMA|6/100
|
|-weather|Sandstorm|[upkeep]
|-damage|p1a: BAPTISMA|0 fnt|[from] Sandstorm
|faint|p1a: BAPTISMA
|-heal|p2a: Swampert|75/100|[from] item: Leftovers
|upkeep
|
|t:|1729830310
|switch|p1a: SILENT FINALE|Jirachi|100/100
|turn|33
|
|t:|1729830317
|switch|p2a: Gengar|Gengar, M, shiny|100/100
|move|p1a: SILENT FINALE|Hidden Power|p2a: Gengar
|-resisted|p2a: Gengar
|-crit|p2a: Gengar
|-damage|p2a: Gengar|65/100
|
|-weather|Sandstorm|[upkeep]
|-damage|p2a: Gengar|59/100|[from] Sandstorm
|-heal|p2a: Gengar|65/100|[from] item: Leftovers
|upkeep
|turn|34
|
|t:|1729830346
|switch|p1a: バイナリ|Regice, shiny|66/100 par
|move|p2a: Gengar|Fire Punch|p1a: バイナリ
|-supereffective|p1a: バイナリ
|-damage|p1a: バイナリ|38/100 par
|
|-weather|Sandstorm|[upkeep]
|-damage|p2a: Gengar|59/100|[from] Sandstorm
|-damage|p1a: バイナリ|32/100 par|[from] Sandstorm
|-heal|p2a: Gengar|65/100|[from] item: Leftovers
|-heal|p1a: バイナリ|38/100 par|[from] item: Leftovers
|upkeep
|turn|35
|
|t:|1729830361
|move|p2a: Gengar|Fire Punch|p1a: バイナリ
|-supereffective|p1a: バイナリ
|-damage|p1a: バイナリ|11/100 par
|move|p1a: バイナリ|Ice Beam|p2a: Gengar
|-damage|p2a: Gengar|0 fnt
|faint|p2a: Gengar
|inactive|Kvist has 270 seconds left.
|
|t:|1729830380
|switch|p2a: Zapdos|Zapdos|21/100
|
|-weather|Sandstorm|[upkeep]
|-damage|p2a: Zapdos|15/100|[from] Sandstorm
|-damage|p1a: バイナリ|5/100 par|[from] Sandstorm
|-heal|p2a: Zapdos|21/100|[from] item: Leftovers
|-heal|p1a: バイナリ|11/100 par|[from] item: Leftovers
|upkeep
|turn|36
|inactive|Kvist has 270 seconds left.
|
|t:|1729830385
|move|p2a: Zapdos|Thunderbolt|p1a: バイナリ
|-damage|p1a: バイナリ|0 fnt
|faint|p1a: バイナリ
|
|t:|1729830387
|switch|p1a: SILENT FINALE|Jirachi|100/100
|
|-weather|Sandstorm|[upkeep]
|-damage|p2a: Zapdos|15/100|[from] Sandstorm
|-heal|p2a: Zapdos|21/100|[from] item: Leftovers
|upkeep
|turn|37
|
|t:|1729830401
|switch|p2a: Blissey|Blissey, F|100/100
|move|p1a: SILENT FINALE|Ice Punch|p2a: Blissey
|-damage|p2a: Blissey|92/100
|-status|p2a: Blissey|frz
|
|-weather|Sandstorm|[upkeep]
|-damage|p2a: Blissey|86/100 frz|[from] Sandstorm
|-heal|p2a: Blissey|92/100 frz|[from] item: Leftovers
|upkeep
|turn|38
|
|t:|1729830406
|-curestatus|p2a: Blissey|frz|[from] ability: Natural Cure
|switch|p2a: Skarmory|Skarmory, F|98/100
|move|p1a: SILENT FINALE|Calm Mind|p1a: SILENT FINALE
|-boost|p1a: SILENT FINALE|spa|1
|-boost|p1a: SILENT FINALE|spd|1
|
|-weather|Sandstorm|[upkeep]
|-heal|p2a: Skarmory|100/100|[from] item: Leftovers
|upkeep
|turn|39
|
|t:|1729830408
|move|p1a: SILENT FINALE|Thunderbolt|p2a: Skarmory
|-supereffective|p2a: Skarmory
|-damage|p2a: Skarmory|21/100
|move|p2a: Skarmory|Roar|p1a: SILENT FINALE
|drag|p1a: MASS HYSTERIA|Zapdos|63/100
|
|-weather|Sandstorm|[upkeep]
|-damage|p1a: MASS HYSTERIA|57/100|[from] Sandstorm
|-heal|p1a: MASS HYSTERIA|63/100|[from] item: Leftovers
|-heal|p2a: Skarmory|27/100|[from] item: Leftovers
|upkeep
|turn|40
|
|t:|1729830425
|move|p1a: MASS HYSTERIA|Thunderbolt|p2a: Skarmory
|-supereffective|p2a: Skarmory
|-damage|p2a: Skarmory|0 fnt
|faint|p2a: Skarmory
|
|t:|1729830439
|switch|p2a: Blissey|Blissey, F|92/100
|
|-weather|Sandstorm|[upkeep]
|-damage|p1a: MASS HYSTERIA|57/100|[from] Sandstorm
|-damage|p2a: Blissey|86/100|[from] Sandstorm
|-heal|p1a: MASS HYSTERIA|63/100|[from] item: Leftovers
|-heal|p2a: Blissey|92/100|[from] item: Leftovers
|upkeep
|turn|41
|
|t:|1729830446
|switch|p1a: SILENT FINALE|Jirachi|100/100
|move|p2a: Blissey|Wish|p2a: Blissey
|
|-weather|Sandstorm|[upkeep]
|-damage|p2a: Blissey|86/100|[from] Sandstorm
|-heal|p2a: Blissey|92/100|[from] item: Leftovers
|upkeep
|turn|42
|
|t:|1729830453
|move|p1a: SILENT FINALE|Calm Mind|p1a: SILENT FINALE
|-boost|p1a: SILENT FINALE|spa|1
|-boost|p1a: SILENT FINALE|spd|1
|move|p2a: Blissey|Thunderbolt|p1a: SILENT FINALE
|-damage|p1a: SILENT FINALE|84/100
|
|-heal|p2a: Blissey|100/100|[from] move: Wish|[wisher] Blissey
|-weather|Sandstorm|[upkeep]
|-damage|p2a: Blissey|94/100|[from] Sandstorm
|-heal|p1a: SILENT FINALE|90/100|[from] item: Leftovers
|-heal|p2a: Blissey|100/100|[from] item: Leftovers
|upkeep
|turn|43
|
|t:|1729830457
|move|p1a: SILENT FINALE|Calm Mind|p1a: SILENT FINALE
|-boost|p1a: SILENT FINALE|spa|1
|-boost|p1a: SILENT FINALE|spd|1
|move|p2a: Blissey|Wish|p2a: Blissey
|
|-weather|Sandstorm|[upkeep]
|-damage|p2a: Blissey|94/100|[from] Sandstorm
|-heal|p1a: SILENT FINALE|96/100|[from] item: Leftovers
|-heal|p2a: Blissey|100/100|[from] item: Leftovers
|upkeep
|turn|44
|
|t:|1729830459
|switch|p2a: Tyranitar|Tyranitar, F|2/100
|move|p1a: SILENT FINALE|Calm Mind|p1a: SILENT FINALE
|-boost|p1a: SILENT FINALE|spa|1
|-boost|p1a: SILENT FINALE|spd|1
|
|-heal|p2a: Tyranitar|52/100|[from] move: Wish|[wisher] Blissey
|-weather|Sandstorm|[upkeep]
|-heal|p1a: SILENT FINALE|100/100|[from] item: Leftovers
|upkeep
|turn|45
|
|t:|1729830469
|move|p1a: SILENT FINALE|Hidden Power|p2a: Tyranitar
|-supereffective|p2a: Tyranitar
|-damage|p2a: Tyranitar|0 fnt
|faint|p2a: Tyranitar
|
|t:|1729830477
|switch|p2a: Blissey|Blissey, F|100/100
|
|-weather|Sandstorm|[upkeep]
|-damage|p2a: Blissey|94/100|[from] Sandstorm
|-heal|p2a: Blissey|100/100|[from] item: Leftovers
|upkeep
|turn|46
|
|t:|1729830480
|move|p1a: SILENT FINALE|Calm Mind|p1a: SILENT FINALE
|-boost|p1a: SILENT FINALE|spa|1
|-boost|p1a: SILENT FINALE|spd|1
|move|p2a: Blissey|Thunderbolt|p1a: SILENT FINALE
|-damage|p1a: SILENT FINALE|92/100
|
|-weather|Sandstorm|[upkeep]
|-damage|p2a: Blissey|94/100|[from] Sandstorm
|-heal|p1a: SILENT FINALE|98/100|[from] item: Leftovers
|-heal|p2a: Blissey|100/100|[from] item: Leftovers
|upkeep
|turn|47
|
|t:|1729830483
|move|p1a: SILENT FINALE|Calm Mind|p1a: SILENT FINALE
|-boost|p1a: SILENT FINALE|spa|1
|-boost|p1a: SILENT FINALE|spd|1
|move|p2a: Blissey|Thunderbolt|p1a: SILENT FINALE
|-damage|p1a: SILENT FINALE|91/100
|
|-weather|Sandstorm|[upkeep]
|-damage|p2a: Blissey|94/100|[from] Sandstorm
|-heal|p1a: SILENT FINALE|98/100|[from] item: Leftovers
|-heal|p2a: Blissey|100/100|[from] item: Leftovers
|upkeep
|turn|48
|
|t:|1729830485
|move|p1a: SILENT FINALE|Calm Mind|p1a: SILENT FINALE
|-boost|p1a: SILENT FINALE|spa|1
|-boost|p1a: SILENT FINALE|spd|1
|move|p2a: Blissey|Thunderbolt|p1a: SILENT FINALE
|-damage|p1a: SILENT FINALE|92/100
|-status|p1a: SILENT FINALE|par
|
|-weather|Sandstorm|[upkeep]
|-damage|p2a: Blissey|94/100|[from] Sandstorm
|-heal|p2a: Blissey|100/100|[from] item: Leftovers
|-heal|p1a: SILENT FINALE|98/100 par|[from] item: Leftovers
|upkeep
|turn|49
|
|t:|1729830489
|move|p2a: Blissey|Wish|p2a: Blissey
|move|p1a: SILENT FINALE|Ice Punch|p2a: Blissey
|-damage|p2a: Blissey|68/100
|
|-weather|Sandstorm|[upkeep]
|-damage|p2a: Blissey|61/100|[from] Sandstorm
|-heal|p2a: Blissey|68/100|[from] item: Leftovers
|-heal|p1a: SILENT FINALE|100/100 par|[from] item: Leftovers
|upkeep
|turn|50
|
|t:|1729830494
|switch|p2a: Swampert|Swampert, M|75/100
|move|p1a: SILENT FINALE|Ice Punch|p2a: Swampert
|-damage|p2a: Swampert|0 fnt
|faint|p2a: Swampert
|
|t:|1729830500
|switch|p2a: Zapdos|Zapdos|21/100
|
|-heal|p2a: Zapdos|71/100|[from] move: Wish|[wisher] Blissey
|-weather|Sandstorm|[upkeep]
|-damage|p2a: Zapdos|65/100|[from] Sandstorm
|-heal|p2a: Zapdos|71/100|[from] item: Leftovers
|upkeep
|turn|51
|
|t:|1729830502
|move|p2a: Zapdos|Light Screen|p2a: Zapdos
|-sidestart|p2: Kvist|Light Screen
|move|p1a: SILENT FINALE|Ice Punch|p2a: Zapdos
|-supereffective|p2a: Zapdos
|-damage|p2a: Zapdos|0 fnt
|faint|p2a: Zapdos
|
|t:|1729830504
|switch|p2a: Blissey|Blissey, F|68/100
|
|-weather|Sandstorm|[upkeep]
|-damage|p2a: Blissey|61/100|[from] Sandstorm
|-heal|p2a: Blissey|68/100|[from] item: Leftovers
|upkeep
|turn|52
|c|☆Kvist|gg
|
|t:|1729830509
|move|p2a: Blissey|Thunderbolt|p1a: SILENT FINALE
|-damage|p1a: SILENT FINALE|94/100 par
|move|p1a: SILENT FINALE|Ice Punch|p2a: Blissey
|-damage|p2a: Blissey|49/100
|
|-weather|Sandstorm|[upkeep]
|-damage|p2a: Blissey|43/100|[from] Sandstorm
|-heal|p2a: Blissey|49/100|[from] item: Leftovers
|-heal|p1a: SILENT FINALE|99/100 par|[from] item: Leftovers
|upkeep
|turn|53
|c|☆oopsalldeoxys|gg
|
|t:|1729830514
|move|p2a: Blissey|Thunderbolt|p1a: SILENT FINALE
|-crit|p1a: SILENT FINALE
|-damage|p1a: SILENT FINALE|51/100 par
|cant|p1a: SILENT FINALE|par
|
|-weather|Sandstorm|[upkeep]
|-damage|p2a: Blissey|43/100|[from] Sandstorm
|-heal|p2a: Blissey|49/100|[from] item: Leftovers
|-heal|p1a: SILENT FINALE|57/100 par|[from] item: Leftovers
|upkeep
|turn|54
|
|t:|1729830518
|move|p2a: Blissey|Thunderbolt|p1a: SILENT FINALE
|-damage|p1a: SILENT FINALE|51/100 par
|move|p1a: SILENT FINALE|Ice Punch|p2a: Blissey
|-damage|p2a: Blissey|33/100
|
|-weather|Sandstorm|[upkeep]
|-damage|p2a: Blissey|27/100|[from] Sandstorm
|-heal|p2a: Blissey|33/100|[from] item: Leftovers
|-heal|p1a: SILENT FINALE|57/100 par|[from] item: Leftovers
|upkeep
|turn|55
|
|t:|1729830524
|move|p2a: Blissey|Soft-Boiled|p2a: Blissey
|-heal|p2a: Blissey|83/100
|move|p1a: SILENT FINALE|Ice Punch|p2a: Blissey
|-damage|p2a: Blissey|67/100
|
|-sideend|p2: Kvist|Light Screen
|-weather|Sandstorm|[upkeep]
|-damage|p2a: Blissey|61/100|[from] Sandstorm
|-heal|p2a: Blissey|67/100|[from] item: Leftovers
|-heal|p1a: SILENT FINALE|63/100 par|[from] item: Leftovers
|upkeep
|turn|56
|
|t:|1729830529
|move|p2a: Blissey|Thunderbolt|p1a: SILENT FINALE
|-damage|p1a: SILENT FINALE|57/100 par
|move|p1a: SILENT FINALE|Ice Punch|p2a: Blissey
|-damage|p2a: Blissey|30/100
|
|-weather|Sandstorm|[upkeep]
|-damage|p2a: Blissey|24/100|[from] Sandstorm
|-heal|p2a: Blissey|30/100|[from] item: Leftovers
|-heal|p1a: SILENT FINALE|63/100 par|[from] item: Leftovers
|upkeep
|turn|57
|
|t:|1729830534
|move|p2a: Blissey|Soft-Boiled|p2a: Blissey
|-heal|p2a: Blissey|80/100
|cant|p1a: SILENT FINALE|par
|
|-weather|Sandstorm|[upkeep]
|-damage|p2a: Blissey|74/100|[from] Sandstorm
|-heal|p2a: Blissey|80/100|[from] item: Leftovers
|-heal|p1a: SILENT FINALE|69/100 par|[from] item: Leftovers
|upkeep
|turn|58
|
|t:|1729830538
|move|p2a: Blissey|Thunderbolt|p1a: SILENT FINALE
|-damage|p1a: SILENT FINALE|63/100 par
|move|p1a: SILENT FINALE|Ice Punch|p2a: Blissey
|-damage|p2a: Blissey|47/100
|-status|p2a: Blissey|frz
|
|-weather|Sandstorm|[upkeep]
|-damage|p2a: Blissey|40/100 frz|[from] Sandstorm
|-heal|p2a: Blissey|47/100 frz|[from] item: Leftovers
|-heal|p1a: SILENT FINALE|69/100 par|[from] item: Leftovers
|upkeep
|turn|59
|
|t:|1729830543
|cant|p2a: Blissey|frz
|cant|p1a: SILENT FINALE|par
|
|-weather|Sandstorm|[upkeep]
|-damage|p2a: Blissey|40/100 frz|[from] Sandstorm
|-heal|p2a: Blissey|47/100 frz|[from] item: Leftovers
|-heal|p1a: SILENT FINALE|76/100 par|[from] item: Leftovers
|upkeep
|turn|60
|-message|Kvist forfeited.
|
|win|oopsalldeoxys
|player|p2|

</script>
<script type="application/json" class="data" id="replaydata-smogtours-gen3ou-801767">
{"id":"smogtours-gen3ou-801767","format":"[Gen 3] OU","players":["oopsalldeoxys","Kvist"],"uploadtime":1729830551,"views":97,"formatid":"gen3ou","rating":null,"private":0,"password":null}
</script>

<script defer src="js/replays.js?9d40a366"></script>
