<!DOCTYPE html>
<meta charset="utf-8" />
<meta name="viewport" content="width=device-width" />

<title>[Gen 3] OU: MeEsSm vs. cheesimoon - Replays - Pok&eacute;mon Showdown!</title>

<meta name="description" content="Watch a replay of a Pok&eacute;mon battle between MeEsSm and cheesimoon! Format: [Gen 3] OU; Date: Oct 14, 2024" />
<!--

Hey, you! Looking in the source for the replay log?

You can find them in JSON format, just add `.json` at the end of a replay URL.

https://replay.pokemonshowdown.com/gen7randomdoublesbattle-865046831.json

Or, if you only need the log itself, add `.log` instead:

https://replay.pokemonshowdown.com/gen7randomdoublesbattle-865046831.log

-->

<link rel="stylesheet" href="//pokemonshowdown.com/style/global.css?0.023195364461161105" />
<link rel="stylesheet" href="//play.pokemonshowdown.com/style/font-awesome.css?0.13261647063804238" />
<link rel="stylesheet" href="//play.pokemonshowdown.com/style/battle.css?0.8753245789963631" />
<link rel="stylesheet" href="//play.pokemonshowdown.com/style/utilichart.css?0.8627959624976733" />

<!-- Global site tag (gtag.js) - Google Analytics -->
<script async src="https://www.googletagmanager.com/gtag/js?id=UA-26211653-1"></script>
<script>
  window.dataLayer = window.dataLayer || [];
  function gtag(){dataLayer.push(arguments);}
  gtag('js', new Date());

  gtag('config', 'UA-26211653-1');
</script>
<!-- End Google Analytics -->
<!-- Venatus Ad Manager - Install in <HEAD> of page -->
	<script src="https://hb.vntsm.com/v3/live/ad-manager.min.js" type="text/javascript" data-site-id="642aba63ec9a7b11c3c9c1be" data-mode="scan" async></script>
<!-- / Venatus Ad Manager -->

<style>
	@media (max-width:820px) {
		.battle {
			margin: 0 auto;
		}
		.battle-log {
			margin: 7px auto 0;
			max-width: 640px;
			height: 300px;
			position: static;
		}
	}
	.optgroup {
		display: inline-block;
		line-height: 22px;
		font-size: 10pt;
	}
	.optgroup .button {
		height: 25px;
		padding-top: 0;
		padding-bottom: 0;
	}
	.optgroup button.button {
		padding-left: 12px;
		padding-right: 12px;
	}
	.linklist {
		list-style: none;
		margin: 0.5em 0;
		padding: 0;
	}
	.linklist li {
		padding: 2px 0;
	}
	.sidebar {
		float: left;
		width: 320px;
	}
	.bar-wrapper {
		max-width: 1100px;
		margin: 0 auto;
	}
	.bar-wrapper.has-sidebar {
		max-width: 1430px;
	}
	.mainbar {
		margin: 0;
		padding-right: 1px;
	}
	.mainbar.has-sidebar {
		margin-left: 330px;
	}
	@media (min-width: 1511px) {
		.sidebar {
			width: 400px;
		}
		.bar-wrapper.has-sidebar {
			max-width: 1510px;
		}
		.mainbar.has-sidebar {
			margin-left: 410px;
		}
	}
	.section.first-section {
		margin-top: 9px;
	}
	.blocklink small {
		white-space: normal;
	}
	.button {
		vertical-align: middle;
	}
	.replay-controls {
		padding-top: 10px;
	}
	.replay-controls h1 {
		font-size: 16pt;
		font-weight: normal;
		color: #CCC;
	}
	.pagelink {
		text-align: center;
	}
	.pagelink a {
		width: 150px;
	}
	.textbox, .button {
		font-size: 11pt;
		vertical-align: middle;
	}
	@media (max-width: 450px) {
		.button {
			font-size: 9pt;
		}
	}
</style>

<div>

	<header>
		<div class="nav-wrapper"><ul class="nav">
			<li><a class="button nav-first" href="//pokemonshowdown.com/"><img src="//pokemonshowdown.com/images/pokemonshowdownbeta.png" srcset="//pokemonshowdown.com/images/pokemonshowdownbeta.png 1x, //pokemonshowdown.com/images/pokemonshowdownbeta@2x.png 2x" alt="Pok&eacute;mon Showdown" width="146" height="44" /> Home</a></li>
			<li><a class="button" href="//pokemonshowdown.com/dex/">Pok&eacute;dex</a></li>
			<li><a class="button cur" href="/">Replays</a></li>
			<li><a class="button" href="//pokemonshowdown.com/ladder/">Ladder</a></li>
			<li><a class="button nav-last" href="//pokemonshowdown.com/forums/">Forum</a></li>
			<li><a class="button greenbutton nav-first nav-last" href="//play.pokemonshowdown.com/">Play</a></li>
		</ul></div>
	</header>

	<div class="main" id="main">

		<noscript><section class="section">You need to enable JavaScript to use this page; sorry!</section></noscript>

	</div>

</div>

<script defer nomodule src="//play.pokemonshowdown.com/js/lib/ps-polyfill.js"></script>
<script defer src="//play.pokemonshowdown.com/js/lib/preact.min.js"></script>

<script defer src="//play.pokemonshowdown.com/config/config.js?2bddbc15"></script>
<script defer src="//play.pokemonshowdown.com/js/lib/jquery-1.11.0.min.js"></script>
<script defer src="//play.pokemonshowdown.com/js/lib/html-sanitizer-minified.js"></script>
<script defer src="//play.pokemonshowdown.com/js/battle-sound.js"></script>
<script defer src="//play.pokemonshowdown.com/js/battledata.js?0.7209276989879541"></script>
<script defer src="//play.pokemonshowdown.com/data/pokedex-mini.js?0.6111056340867951"></script>
<script defer src="//play.pokemonshowdown.com/data/pokedex-mini-bw.js?0.3532142036491459"></script>
<script defer src="//play.pokemonshowdown.com/data/graphics.js?0.24223875632456182"></script>
<script defer src="//play.pokemonshowdown.com/data/pokedex.js?0.38839984266356864"></script>
<script defer src="//play.pokemonshowdown.com/data/moves.js?0.21866028504024015"></script>
<script defer src="//play.pokemonshowdown.com/data/abilities.js?0.2005157953846628"></script>
<script defer src="//play.pokemonshowdown.com/data/items.js?0.9894211263848525"></script>
<script defer src="//play.pokemonshowdown.com/data/teambuilder-tables.js?0.6008791140282215"></script>
<script defer src="//play.pokemonshowdown.com/js/battle-tooltips.js?0.7580118955022959"></script>
<script defer src="//play.pokemonshowdown.com/js/battle.js?0.6057722274234274"></script>

<script defer src="js/utils.js?e31f9a17"></script>
<script defer src="js/replays-battle.js?7008c182"></script>

<!-- don't scrape this data! just add .json or .log after the URL!
Full API docs: https://github.com/smogon/pokemon-showdown-client/blob/master/WEB-API.md -->
<script type="text/plain" class="log" id="replaylog-smogtours-gen3ou-798696">
|inactive|Battle timer is ON: inactive players will automatically lose when time's up.
|t:|1728930615
|gametype|singles
|player|p1|MeEsSm|#roaplxyorknewyanma|
|player|p2|cheesimoon|170|
|teamsize|p1|6
|teamsize|p2|6
|gen|3
|tier|[Gen 3] OU
|rule|Sleep Clause Mod: Limit one foe put to sleep
|rule|Switch Priority Clause Mod: Faster Pokémon switch first
|rule|Species Clause: Limit one of each Pokémon
|rule|OHKO Clause: OHKO moves are banned
|rule|Evasion Items Clause: Evasion items are banned
|rule|Evasion Moves Clause: Evasion moves are banned
|rule|Endless Battle Clause: Forcing endless battles is banned
|rule|HP Percentage Mod: HP is shown in percentages
|rule|One Boost Passer Clause: Limit one Baton Passer that has a way to boost its stats
|rule|Freeze Clause Mod: Limit one foe frozen
|
|t:|1728930615
|start
|switch|p1a: Tyranitar|Tyranitar, F|100/100
|switch|p2a: Saiki|Alakazam, F|100/100
|-weather|Sandstorm|[from] ability: Sand Stream|[of] p1a: Tyranitar
|turn|1
|c|☆cheesimoon|Gl hf
|
|t:|1728930641
|switch|p2a: Kuboyasu|Swampert, M|100/100
|move|p1a: Tyranitar|Earthquake|p2a: Kuboyasu
|-damage|p2a: Kuboyasu|75/100
|
|-weather|Sandstorm|[upkeep]
|-heal|p2a: Kuboyasu|81/100|[from] item: Leftovers
|upkeep
|turn|2
|c|☆MeEsSm|hf
|
|t:|1728930654
|switch|p1a: Skarmory|Skarmory, F|100/100
|move|p2a: Kuboyasu|Earthquake|p1a: Skarmory
|-immune|p1a: Skarmory
|
|-weather|Sandstorm|[upkeep]
|-heal|p2a: Kuboyasu|88/100|[from] item: Leftovers
|upkeep
|turn|3
|
|t:|1728930676
|switch|p2a: Kaido|Zapdos|100/100
|move|p1a: Skarmory|Spikes|p2a: Kaido
|-sidestart|p2: cheesimoon|Spikes
|
|-weather|Sandstorm|[upkeep]
|-damage|p2a: Kaido|94/100|[from] Sandstorm
|-heal|p2a: Kaido|100/100|[from] item: Leftovers
|upkeep
|turn|4
|
|t:|1728930696
|switch|p1a: Blissey|Blissey, F|100/100
|move|p2a: Kaido|Thunderbolt|p1a: Blissey
|-damage|p1a: Blissey|80/100
|
|-weather|Sandstorm|[upkeep]
|-damage|p2a: Kaido|94/100|[from] Sandstorm
|-damage|p1a: Blissey|73/100|[from] Sandstorm
|-heal|p2a: Kaido|100/100|[from] item: Leftovers
|-heal|p1a: Blissey|80/100|[from] item: Leftovers
|upkeep
|turn|5
|inactive|cheesimoon disconnected and has 300 seconds to reconnect!
|player|p2|
|inactive|cheesimoon reconnected and has 300 seconds left.
|player|p2|cheesimoon|170|
|
|t:|1728930713
|switch|p2a: Teruhashi|Celebi|100/100
|-damage|p2a: Teruhashi|88/100|[from] Spikes
|move|p1a: Blissey|Ice Beam|p2a: Teruhashi
|-supereffective|p2a: Teruhashi
|-damage|p2a: Teruhashi|44/100
|
|-weather|Sandstorm|[upkeep]
|-damage|p2a: Teruhashi|38/100|[from] Sandstorm
|-damage|p1a: Blissey|73/100|[from] Sandstorm
|-heal|p2a: Teruhashi|44/100|[from] item: Leftovers
|-heal|p1a: Blissey|80/100|[from] item: Leftovers
|upkeep
|turn|6
|
|t:|1728930722
|move|p2a: Teruhashi|Leech Seed|p1a: Blissey
|-start|p1a: Blissey|move: Leech Seed
|move|p1a: Blissey|Soft-Boiled|p1a: Blissey
|-heal|p1a: Blissey|100/100
|
|-weather|Sandstorm|[upkeep]
|-damage|p2a: Teruhashi|38/100|[from] Sandstorm
|-damage|p1a: Blissey|94/100|[from] Sandstorm
|-heal|p2a: Teruhashi|44/100|[from] item: Leftovers
|-heal|p1a: Blissey|100/100|[from] item: Leftovers
|-damage|p1a: Blissey|88/100|[from] Leech Seed|[of] p2a: Teruhashi
|-heal|p2a: Teruhashi|64/100|[silent]
|upkeep
|turn|7
|
|t:|1728930728
|switch|p1a: Skarmory|Skarmory, F|100/100
|move|p2a: Teruhashi|Calm Mind|p2a: Teruhashi
|-boost|p2a: Teruhashi|spa|1
|-boost|p2a: Teruhashi|spd|1
|
|-weather|Sandstorm|[upkeep]
|-damage|p2a: Teruhashi|58/100|[from] Sandstorm
|-heal|p2a: Teruhashi|64/100|[from] item: Leftovers
|upkeep
|turn|8
|
|t:|1728930734
|move|p2a: Teruhashi|Leech Seed|p1a: Skarmory
|-start|p1a: Skarmory|move: Leech Seed
|move|p1a: Skarmory|Roar|p2a: Teruhashi
|drag|p2a: Nendo|Tyranitar, F|100/100
|-damage|p2a: Nendo|88/100|[from] Spikes
|
|-weather|Sandstorm|[upkeep]
|-damage|p1a: Skarmory|88/100|[from] Leech Seed|[of] p2a: Nendo
|-heal|p2a: Nendo|99/100|[silent]
|upkeep
|turn|9
|
|t:|1728930743
|-singleturn|p2a: Nendo|move: Focus Punch
|switch|p1a: Milotic|Milotic, M|100/100
|move|p2a: Nendo|Focus Punch|p1a: Milotic
|-damage|p1a: Milotic|32/100
|
|-weather|Sandstorm|[upkeep]
|-damage|p1a: Milotic|26/100|[from] Sandstorm
|-heal|p1a: Milotic|32/100|[from] item: Leftovers
|upkeep
|turn|10
|
|t:|1728930761
|switch|p2a: Saiki|Alakazam, F|100/100
|-damage|p2a: Saiki|88/100|[from] Spikes
|move|p1a: Milotic|Surf|p2a: Saiki
|-damage|p2a: Saiki|36/100
|
|-weather|Sandstorm|[upkeep]
|-damage|p2a: Saiki|30/100|[from] Sandstorm
|-damage|p1a: Milotic|26/100|[from] Sandstorm
|-heal|p2a: Saiki|36/100|[from] item: Leftovers
|-heal|p1a: Milotic|32/100|[from] item: Leftovers
|upkeep
|turn|11
|
|t:|1728930778
|switch|p1a: Jirachi|Jirachi|100/100
|move|p2a: Saiki|Knock Off|p1a: Jirachi
|-damage|p1a: Jirachi|94/100
|-enditem|p1a: Jirachi|Leftovers|[from] move: Knock Off|[of] p2a: Saiki
|-hint|In Gens 3-4, Knock Off only makes the target's item unusable; it cannot obtain a new item.
|
|-weather|Sandstorm|[upkeep]
|-damage|p2a: Saiki|30/100|[from] Sandstorm
|-heal|p2a: Saiki|36/100|[from] item: Leftovers
|upkeep
|turn|12
|
|t:|1728930793
|switch|p2a: Kuboyasu|Swampert, M|88/100
|-damage|p2a: Kuboyasu|75/100|[from] Spikes
|move|p1a: Jirachi|Fire Punch|p2a: Kuboyasu
|-resisted|p2a: Kuboyasu
|-damage|p2a: Kuboyasu|68/100
|
|-weather|Sandstorm|[upkeep]
|-heal|p2a: Kuboyasu|74/100|[from] item: Leftovers
|upkeep
|turn|13
|
|t:|1728930801
|move|p1a: Jirachi|Toxic|p2a: Kuboyasu
|-status|p2a: Kuboyasu|tox
|move|p2a: Kuboyasu|Hydro Pump|p1a: Jirachi
|-damage|p1a: Jirachi|62/100
|
|-weather|Sandstorm|[upkeep]
|-heal|p2a: Kuboyasu|80/100 tox|[from] item: Leftovers
|-damage|p2a: Kuboyasu|74/100 tox|[from] psn
|upkeep
|turn|14
|
|t:|1728930830
|switch|p1a: Skarmory|Skarmory, F|88/100
|move|p2a: Kuboyasu|Hydro Pump|p1a: Skarmory
|-damage|p1a: Skarmory|56/100
|
|-weather|Sandstorm|[upkeep]
|-heal|p1a: Skarmory|62/100|[from] item: Leftovers
|-heal|p2a: Kuboyasu|80/100 tox|[from] item: Leftovers
|-damage|p2a: Kuboyasu|68/100 tox|[from] psn
|upkeep
|turn|15
|
|t:|1728930840
|switch|p2a: Kaido|Zapdos|100/100
|move|p1a: Skarmory|Spikes|p2a: Kaido
|-sidestart|p2: cheesimoon|Spikes
|
|-weather|Sandstorm|[upkeep]
|-damage|p2a: Kaido|94/100|[from] Sandstorm
|-heal|p2a: Kaido|100/100|[from] item: Leftovers
|-heal|p1a: Skarmory|68/100|[from] item: Leftovers
|upkeep
|turn|16
|
|t:|1728930858
|switch|p1a: Claydol|Claydol|100/100
|move|p2a: Kaido|Thunderbolt|p1a: Claydol
|-immune|p1a: Claydol
|
|-weather|Sandstorm|[upkeep]
|-damage|p2a: Kaido|94/100|[from] Sandstorm
|-heal|p2a: Kaido|100/100|[from] item: Leftovers
|upkeep
|turn|17
|
|t:|1728930865
|switch|p1a: Blissey|Blissey, F|88/100
|move|p2a: Kaido|Hidden Power|p1a: Blissey
|-damage|p1a: Blissey|79/100
|
|-weather|Sandstorm|[upkeep]
|-damage|p2a: Kaido|94/100|[from] Sandstorm
|-damage|p1a: Blissey|72/100|[from] Sandstorm
|-heal|p2a: Kaido|100/100|[from] item: Leftovers
|-heal|p1a: Blissey|79/100|[from] item: Leftovers
|upkeep
|turn|18
|
|t:|1728930893
|move|p2a: Kaido|Thunder Wave|p1a: Blissey
|-status|p1a: Blissey|par
|move|p1a: Blissey|Ice Beam|p2a: Kaido
|-supereffective|p2a: Kaido
|-damage|p2a: Kaido|40/100
|
|-weather|Sandstorm|[upkeep]
|-damage|p2a: Kaido|34/100|[from] Sandstorm
|-damage|p1a: Blissey|72/100 par|[from] Sandstorm
|-heal|p2a: Kaido|40/100|[from] item: Leftovers
|-heal|p1a: Blissey|79/100 par|[from] item: Leftovers
|upkeep
|turn|19
|inactive|cheesimoon has 270 seconds left.
|
|t:|1728930914
|switch|p2a: Nendo|Tyranitar, F|99/100
|-damage|p2a: Nendo|84/100|[from] Spikes
|-curestatus|p1a: Blissey|par|[from] ability: Natural Cure
|switch|p1a: Claydol|Claydol|100/100
|
|-weather|Sandstorm|[upkeep]
|upkeep
|turn|20
|
|t:|1728930926
|switch|p1a: Skarmory|Skarmory, F|68/100
|move|p2a: Nendo|Hidden Power|p1a: Skarmory
|-resisted|p1a: Skarmory
|-damage|p1a: Skarmory|60/100
|
|-weather|Sandstorm|[upkeep]
|-heal|p1a: Skarmory|66/100|[from] item: Leftovers
|upkeep
|turn|21
|
|t:|1728930937
|switch|p2a: Teruhashi|Celebi|64/100
|-damage|p2a: Teruhashi|48/100|[from] Spikes
|move|p1a: Skarmory|Spikes|p2a: Teruhashi
|-sidestart|p2: cheesimoon|Spikes
|
|-weather|Sandstorm|[upkeep]
|-damage|p2a: Teruhashi|41/100|[from] Sandstorm
|-heal|p2a: Teruhashi|48/100|[from] item: Leftovers
|-heal|p1a: Skarmory|72/100|[from] item: Leftovers
|upkeep
|turn|22
|
|t:|1728930943
|move|p1a: Skarmory|Protect|p1a: Skarmory
|-singleturn|p1a: Skarmory|Protect
|move|p2a: Teruhashi|Leech Seed|p1a: Skarmory
|-activate|p1a: Skarmory|Protect
|
|-weather|Sandstorm|[upkeep]
|-damage|p2a: Teruhashi|41/100|[from] Sandstorm
|-heal|p2a: Teruhashi|48/100|[from] item: Leftovers
|-heal|p1a: Skarmory|78/100|[from] item: Leftovers
|upkeep
|turn|23
|
|t:|1728930947
|move|p2a: Teruhashi|Leech Seed|p1a: Skarmory
|-start|p1a: Skarmory|move: Leech Seed
|move|p1a: Skarmory|Roar|p2a: Teruhashi
|drag|p2a: Nendo|Tyranitar, F|84/100
|-damage|p2a: Nendo|59/100|[from] Spikes
|
|-weather|Sandstorm|[upkeep]
|-heal|p1a: Skarmory|84/100|[from] item: Leftovers
|-damage|p1a: Skarmory|72/100|[from] Leech Seed|[of] p2a: Nendo
|-heal|p2a: Nendo|71/100|[silent]
|upkeep
|turn|24
|
|t:|1728930965
|switch|p1a: Jirachi|Jirachi|62/100
|move|p2a: Nendo|Hidden Power|p1a: Jirachi
|-damage|p1a: Jirachi|34/100
|
|-weather|Sandstorm|[upkeep]
|upkeep
|turn|25
|
|t:|1728930981
|move|p1a: Jirachi|Wish|p1a: Jirachi
|move|p2a: Nendo|Hidden Power|p1a: Jirachi
|-damage|p1a: Jirachi|10/100
|
|-weather|Sandstorm|[upkeep]
|upkeep
|turn|26
|
|t:|1728930988
|move|p1a: Jirachi|Protect|p1a: Jirachi
|-singleturn|p1a: Jirachi|Protect
|move|p2a: Nendo|Hidden Power|p1a: Jirachi
|-activate|p1a: Jirachi|Protect
|
|-heal|p1a: Jirachi|60/100|[from] move: Wish|[wisher] Jirachi
|-weather|Sandstorm|[upkeep]
|upkeep
|turn|27
|
|t:|1728931004
|switch|p2a: Kaido|Zapdos|40/100
|move|p1a: Jirachi|Wish|p1a: Jirachi
|
|-weather|Sandstorm|[upkeep]
|-damage|p2a: Kaido|34/100|[from] Sandstorm
|-heal|p2a: Kaido|40/100|[from] item: Leftovers
|upkeep
|turn|28
|
|t:|1728931021
|move|p2a: Kaido|Hidden Power|p1a: Jirachi
|-resisted|p1a: Jirachi
|-damage|p1a: Jirachi|50/100
|move|p1a: Jirachi|Toxic|p2a: Kaido
|-status|p2a: Kaido|tox
|
|-heal|p1a: Jirachi|99/100|[from] move: Wish|[wisher] Jirachi
|-weather|Sandstorm|[upkeep]
|-damage|p2a: Kaido|34/100 tox|[from] Sandstorm
|-heal|p2a: Kaido|40/100 tox|[from] item: Leftovers
|-damage|p2a: Kaido|34/100 tox|[from] psn
|upkeep
|turn|29
|
|t:|1728931030
|move|p1a: Jirachi|Protect|p1a: Jirachi
|-singleturn|p1a: Jirachi|Protect
|move|p2a: Kaido|Thunder Wave|p1a: Jirachi
|-activate|p1a: Jirachi|Protect
|
|-weather|Sandstorm|[upkeep]
|-damage|p2a: Kaido|28/100 tox|[from] Sandstorm
|-heal|p2a: Kaido|34/100 tox|[from] item: Leftovers
|-damage|p2a: Kaido|21/100 tox|[from] psn
|upkeep
|turn|30
|inactive|cheesimoon has 270 seconds left.
|
|t:|1728931067
|switch|p2a: Hairo|Charizard, M|100/100
|move|p1a: Jirachi|Wish|p1a: Jirachi
|
|-weather|Sandstorm|[upkeep]
|-damage|p2a: Hairo|94/100|[from] Sandstorm
|-heal|p2a: Hairo|100/100|[from] item: Leftovers
|upkeep
|turn|31
|
|t:|1728931090
|switch|p1a: Milotic|Milotic, M|32/100
|move|p2a: Hairo|Fire Blast|p1a: Milotic|[miss]
|-miss|p2a: Hairo|p1a: Milotic
|
|-heal|p1a: Milotic|82/100|[from] move: Wish|[wisher] Jirachi
|-weather|Sandstorm|[upkeep]
|-damage|p2a: Hairo|94/100|[from] Sandstorm
|-damage|p1a: Milotic|76/100|[from] Sandstorm
|-heal|p2a: Hairo|100/100|[from] item: Leftovers
|-heal|p1a: Milotic|82/100|[from] item: Leftovers
|upkeep
|turn|32
|inactive|MeEsSm has 270 seconds left.
|inactive|cheesimoon has 240 seconds left.
|
|t:|1728931132
|move|p2a: Hairo|Hidden Power|p1a: Milotic
|-supereffective|p1a: Milotic
|-damage|p1a: Milotic|53/100
|move|p1a: Milotic|Recover|p1a: Milotic
|-heal|p1a: Milotic|100/100
|
|-weather|Sandstorm|[upkeep]
|-damage|p2a: Hairo|94/100|[from] Sandstorm
|-damage|p1a: Milotic|94/100|[from] Sandstorm
|-heal|p2a: Hairo|100/100|[from] item: Leftovers
|-heal|p1a: Milotic|100/100|[from] item: Leftovers
|upkeep
|turn|33
|inactive|cheesimoon has 210 seconds left.
|
|t:|1728931165
|switch|p2a: Teruhashi|Celebi|48/100
|-damage|p2a: Teruhashi|23/100|[from] Spikes
|move|p1a: Milotic|Surf|p2a: Teruhashi
|-resisted|p2a: Teruhashi
|-damage|p2a: Teruhashi|9/100
|
|-weather|Sandstorm|[upkeep]
|-damage|p2a: Teruhashi|2/100|[from] Sandstorm
|-damage|p1a: Milotic|94/100|[from] Sandstorm
|-heal|p2a: Teruhashi|9/100|[from] item: Leftovers
|-heal|p1a: Milotic|100/100|[from] item: Leftovers
|upkeep
|turn|34
|inactive|MeEsSm has 270 seconds left.
|
|t:|1728931185
|switch|p1a: Skarmory|Skarmory, F|72/100
|move|p2a: Teruhashi|Giga Drain|p1a: Skarmory
|-resisted|p1a: Skarmory
|-damage|p1a: Skarmory|67/100
|-heal|p2a: Teruhashi|11/100|[from] drain|[of] p1a: Skarmory
|
|-weather|Sandstorm|[upkeep]
|-damage|p2a: Teruhashi|4/100|[from] Sandstorm
|-heal|p2a: Teruhashi|11/100|[from] item: Leftovers
|-heal|p1a: Skarmory|73/100|[from] item: Leftovers
|upkeep
|turn|35
|inactive|MeEsSm has 270 seconds left.
|
|t:|1728931193
|move|p1a: Skarmory|Protect|p1a: Skarmory
|-singleturn|p1a: Skarmory|Protect
|move|p2a: Teruhashi|Calm Mind|p2a: Teruhashi
|-boost|p2a: Teruhashi|spa|1
|-boost|p2a: Teruhashi|spd|1
|
|-weather|Sandstorm|[upkeep]
|-damage|p2a: Teruhashi|4/100|[from] Sandstorm
|-heal|p2a: Teruhashi|11/100|[from] item: Leftovers
|-heal|p1a: Skarmory|79/100|[from] item: Leftovers
|upkeep
|turn|36
|
|t:|1728931199
|move|p2a: Teruhashi|Leech Seed|p1a: Skarmory
|-start|p1a: Skarmory|move: Leech Seed
|move|p1a: Skarmory|Roar|p2a: Teruhashi
|drag|p2a: Kuboyasu|Swampert, M|68/100 tox
|-damage|p2a: Kuboyasu|43/100 tox|[from] Spikes
|
|-weather|Sandstorm|[upkeep]
|-heal|p1a: Skarmory|85/100|[from] item: Leftovers
|-damage|p1a: Skarmory|72/100|[from] Leech Seed|[of] p2a: Kuboyasu
|-heal|p2a: Kuboyasu|53/100 tox|[silent]
|-heal|p2a: Kuboyasu|60/100 tox|[from] item: Leftovers
|-damage|p2a: Kuboyasu|53/100 tox|[from] psn
|upkeep
|turn|37
|inactive|cheesimoon has 240 seconds left.
|
|t:|1728931212
|switch|p1a: Milotic|Milotic, M|100/100
|move|p2a: Kuboyasu|Hydro Pump|p1a: Milotic
|-resisted|p1a: Milotic
|-damage|p1a: Milotic|88/100
|
|-weather|Sandstorm|[upkeep]
|-damage|p1a: Milotic|82/100|[from] Sandstorm
|-heal|p1a: Milotic|88/100|[from] item: Leftovers
|-heal|p2a: Kuboyasu|60/100 tox|[from] item: Leftovers
|-damage|p2a: Kuboyasu|47/100 tox|[from] psn
|upkeep
|turn|38
|inactive|cheesimoon has 240 seconds left.
|inactive|MeEsSm has 270 seconds left.
|
|t:|1728931247
|switch|p1a: Skarmory|Skarmory, F|72/100
|move|p2a: Kuboyasu|Earthquake|p1a: Skarmory
|-immune|p1a: Skarmory
|
|-weather|Sandstorm|[upkeep]
|-heal|p1a: Skarmory|78/100|[from] item: Leftovers
|-heal|p2a: Kuboyasu|53/100 tox|[from] item: Leftovers
|-damage|p2a: Kuboyasu|35/100 tox|[from] psn
|upkeep
|turn|39
|
|t:|1728931256
|switch|p2a: Saiki|Alakazam, F|36/100
|-damage|p2a: Saiki|11/100|[from] Spikes
|move|p1a: Skarmory|Protect||[still]
|-fail|p1a: Skarmory
|
|-weather|Sandstorm|[upkeep]
|-damage|p2a: Saiki|5/100|[from] Sandstorm
|-heal|p2a: Saiki|11/100|[from] item: Leftovers
|-heal|p1a: Skarmory|84/100|[from] item: Leftovers
|upkeep
|turn|40
|
|t:|1728931270
|move|p2a: Saiki|Fire Punch|p1a: Skarmory
|-supereffective|p1a: Skarmory
|-damage|p1a: Skarmory|27/100
|move|p1a: Skarmory|Roar|p2a: Saiki
|drag|p2a: Teruhashi|Celebi|11/100
|-damage|p2a: Teruhashi|0 fnt|[from] Spikes
|faint|p2a: Teruhashi
|
|t:|1728931287
|switch|p2a: Nendo|Tyranitar, F|71/100
|-damage|p2a: Nendo|46/100|[from] Spikes
|
|-weather|Sandstorm|[upkeep]
|-heal|p1a: Skarmory|33/100|[from] item: Leftovers
|upkeep
|turn|41
|
|t:|1728931292
|-singleturn|p2a: Nendo|move: Focus Punch
|move|p1a: Skarmory|Protect|p1a: Skarmory
|-singleturn|p1a: Skarmory|Protect
|move|p2a: Nendo|Focus Punch|p1a: Skarmory
|-activate|p1a: Skarmory|Protect
|
|-weather|Sandstorm|[upkeep]
|-heal|p1a: Skarmory|39/100|[from] item: Leftovers
|upkeep
|turn|42
|
|t:|1728931295
|-singleturn|p2a: Nendo|move: Focus Punch
|move|p1a: Skarmory|Drill Peck|p2a: Nendo
|-resisted|p2a: Nendo
|-damage|p2a: Nendo|35/100
|move|p2a: Nendo|Focus Punch||[still]
|cant|p2a: Nendo|Focus Punch|Focus Punch
|
|-weather|Sandstorm|[upkeep]
|-heal|p1a: Skarmory|45/100|[from] item: Leftovers
|upkeep
|turn|43
|
|t:|1728931304
|-singleturn|p2a: Nendo|move: Focus Punch
|move|p1a: Skarmory|Drill Peck|p2a: Nendo
|-resisted|p2a: Nendo
|-damage|p2a: Nendo|24/100
|move|p2a: Nendo|Focus Punch||[still]
|cant|p2a: Nendo|Focus Punch|Focus Punch
|
|-weather|Sandstorm|[upkeep]
|-heal|p1a: Skarmory|51/100|[from] item: Leftovers
|upkeep
|turn|44
|
|t:|1728931315
|-singleturn|p2a: Nendo|move: Focus Punch
|move|p1a: Skarmory|Drill Peck|p2a: Nendo
|-resisted|p2a: Nendo
|-damage|p2a: Nendo|13/100
|move|p2a: Nendo|Focus Punch||[still]
|cant|p2a: Nendo|Focus Punch|Focus Punch
|
|-weather|Sandstorm|[upkeep]
|-heal|p1a: Skarmory|57/100|[from] item: Leftovers
|upkeep
|turn|45
|inactive|cheesimoon has 240 seconds left.
|
|t:|1728931332
|switch|p2a: Hairo|Charizard, M|100/100
|move|p1a: Skarmory|Drill Peck|p2a: Hairo
|-damage|p2a: Hairo|65/100
|
|-weather|Sandstorm|[upkeep]
|-damage|p2a: Hairo|59/100|[from] Sandstorm
|-heal|p2a: Hairo|65/100|[from] item: Leftovers
|-heal|p1a: Skarmory|63/100|[from] item: Leftovers
|upkeep
|turn|46
|inactive|cheesimoon has 240 seconds left.
|
|t:|1728931345
|-singleturn|p2a: Hairo|move: Focus Punch
|move|p2a: Hairo|Focus Punch|p1a: Skarmory
|-damage|p1a: Skarmory|38/100
|move|p1a: Skarmory|Roar|p2a: Hairo
|drag|p2a: Kuboyasu|Swampert, M|35/100 tox
|-damage|p2a: Kuboyasu|10/100 tox|[from] Spikes
|
|-weather|Sandstorm|[upkeep]
|-heal|p1a: Skarmory|44/100|[from] item: Leftovers
|-heal|p2a: Kuboyasu|16/100 tox|[from] item: Leftovers
|-damage|p2a: Kuboyasu|10/100 tox|[from] psn
|upkeep
|turn|47
|inactive|cheesimoon has 240 seconds left.
|
|t:|1728931357
|move|p1a: Skarmory|Protect|p1a: Skarmory
|-singleturn|p1a: Skarmory|Protect
|move|p2a: Kuboyasu|Hydro Pump|p1a: Skarmory|[miss]
|-miss|p2a: Kuboyasu|p1a: Skarmory
|
|-weather|Sandstorm|[upkeep]
|-heal|p1a: Skarmory|50/100|[from] item: Leftovers
|-heal|p2a: Kuboyasu|16/100 tox|[from] item: Leftovers
|-damage|p2a: Kuboyasu|4/100 tox|[from] psn
|upkeep
|turn|48
|
|t:|1728931364
|move|p1a: Skarmory|Drill Peck|p2a: Kuboyasu
|-damage|p2a: Kuboyasu|0 fnt
|faint|p2a: Kuboyasu
|inactive|cheesimoon has 240 seconds left.
|
|t:|1728931379
|switch|p2a: Hairo|Charizard, M|65/100
|
|-weather|Sandstorm|[upkeep]
|-damage|p2a: Hairo|59/100|[from] Sandstorm
|-heal|p2a: Hairo|65/100|[from] item: Leftovers
|-heal|p1a: Skarmory|56/100|[from] item: Leftovers
|upkeep
|turn|49
|
|t:|1728931389
|move|p2a: Hairo|Fire Blast|p1a: Skarmory|[miss]
|-miss|p2a: Hairo|p1a: Skarmory
|move|p1a: Skarmory|Drill Peck|p2a: Hairo
|-crit|p2a: Hairo
|-damage|p2a: Hairo|5/100
|
|-weather|Sandstorm|[upkeep]
|-damage|p2a: Hairo|0 fnt|[from] Sandstorm
|faint|p2a: Hairo
|-heal|p1a: Skarmory|62/100|[from] item: Leftovers
|upkeep
|
|t:|1728931403
|switch|p2a: Kaido|Zapdos|21/100 tox
|turn|50
|
|t:|1728931407
|move|p1a: Skarmory|Protect|p1a: Skarmory
|-singleturn|p1a: Skarmory|Protect
|move|p2a: Kaido|Thunderbolt|p1a: Skarmory
|-activate|p1a: Skarmory|Protect
|
|-weather|Sandstorm|[upkeep]
|-damage|p2a: Kaido|15/100 tox|[from] Sandstorm
|-heal|p2a: Kaido|21/100 tox|[from] item: Leftovers
|-damage|p2a: Kaido|15/100 tox|[from] psn
|-heal|p1a: Skarmory|68/100|[from] item: Leftovers
|upkeep
|turn|51
|
|t:|1728931411
|move|p1a: Skarmory|Protect|p1a: Skarmory
|-singleturn|p1a: Skarmory|Protect
|move|p2a: Kaido|Thunderbolt|p1a: Skarmory
|-activate|p1a: Skarmory|Protect
|
|-weather|Sandstorm|[upkeep]
|-damage|p2a: Kaido|9/100 tox|[from] Sandstorm
|-heal|p2a: Kaido|15/100 tox|[from] item: Leftovers
|-damage|p2a: Kaido|3/100 tox|[from] psn
|-heal|p1a: Skarmory|74/100|[from] item: Leftovers
|upkeep
|turn|52
|
|t:|1728931415
|move|p1a: Skarmory|Protect||[still]
|-fail|p1a: Skarmory
|move|p2a: Kaido|Thunderbolt|p1a: Skarmory
|-supereffective|p1a: Skarmory
|-damage|p1a: Skarmory|0 fnt
|faint|p1a: Skarmory
|c|☆cheesimoon|Gg
|
|t:|1728931419
|switch|p1a: Jirachi|Jirachi|99/100
|
|-weather|Sandstorm|[upkeep]
|-damage|p2a: Kaido|0 fnt|[from] Sandstorm
|faint|p2a: Kaido
|upkeep
|
|t:|1728931421
|switch|p2a: Saiki|Alakazam, F|11/100
|-damage|p2a: Saiki|0 fnt|[from] Spikes
|faint|p2a: Saiki
|
|t:|1728931422
|switch|p2a: Nendo|Tyranitar, F|13/100
|-damage|p2a: Nendo|0 fnt|[from] Spikes
|faint|p2a: Nendo
|
|win|MeEsSm
|c|☆MeEsSm|gg

</script>
<script type="application/json" class="data" id="replaydata-smogtours-gen3ou-798696">
{"id":"smogtours-gen3ou-798696","format":"[Gen 3] OU","players":["MeEsSm","cheesimoon"],"uploadtime":1728931422,"views":130,"formatid":"gen3ou","rating":null,"private":1,"password":null}
</script>

<script defer src="js/replays.js?9d40a366"></script>
