<!DOCTYPE html>
<meta charset="utf-8" />
<meta name="viewport" content="width=device-width" />

<title>[Gen 3] OU: butter dk vs. moistmania - Replays - Pok&eacute;mon Showdown!</title>

<meta name="description" content="Watch a replay of a Pok&eacute;mon battle between butter dk and moistmania! Format: [Gen 3] OU; Date: Nov 5, 2024" />
<!--

Hey, you! Looking in the source for the replay log?

You can find them in JSON format, just add `.json` at the end of a replay URL.

https://replay.pokemonshowdown.com/gen7randomdoublesbattle-865046831.json

Or, if you only need the log itself, add `.log` instead:

https://replay.pokemonshowdown.com/gen7randomdoublesbattle-865046831.log

-->

<link rel="stylesheet" href="//pokemonshowdown.com/style/global.css?0.023195364461161105" />
<link rel="stylesheet" href="//play.pokemonshowdown.com/style/font-awesome.css?0.13261647063804238" />
<link rel="stylesheet" href="//play.pokemonshowdown.com/style/battle.css?0.8753245789963631" />
<link rel="stylesheet" href="//play.pokemonshowdown.com/style/utilichart.css?0.8627959624976733" />

<!-- Global site tag (gtag.js) - Google Analytics -->
<script async src="https://www.googletagmanager.com/gtag/js?id=UA-26211653-1"></script>
<script>
  window.dataLayer = window.dataLayer || [];
  function gtag(){dataLayer.push(arguments);}
  gtag('js', new Date());

  gtag('config', 'UA-26211653-1');
</script>
<!-- End Google Analytics -->
<!-- Venatus Ad Manager - Install in <HEAD> of page -->
	<script src="https://hb.vntsm.com/v3/live/ad-manager.min.js" type="text/javascript" data-site-id="642aba63ec9a7b11c3c9c1be" data-mode="scan" async></script>
<!-- / Venatus Ad Manager -->

<style>
	@media (max-width:820px) {
		.battle {
			margin: 0 auto;
		}
		.battle-log {
			margin: 7px auto 0;
			max-width: 640px;
			height: 300px;
			position: static;
		}
	}
	.optgroup {
		display: inline-block;
		line-height: 22px;
		font-size: 10pt;
	}
	.optgroup .button {
		height: 25px;
		padding-top: 0;
		padding-bottom: 0;
	}
	.optgroup button.button {
		padding-left: 12px;
		padding-right: 12px;
	}
	.linklist {
		list-style: none;
		margin: 0.5em 0;
		padding: 0;
	}
	.linklist li {
		padding: 2px 0;
	}
	.sidebar {
		float: left;
		width: 320px;
	}
	.bar-wrapper {
		max-width: 1100px;
		margin: 0 auto;
	}
	.bar-wrapper.has-sidebar {
		max-width: 1430px;
	}
	.mainbar {
		margin: 0;
		padding-right: 1px;
	}
	.mainbar.has-sidebar {
		margin-left: 330px;
	}
	@media (min-width: 1511px) {
		.sidebar {
			width: 400px;
		}
		.bar-wrapper.has-sidebar {
			max-width: 1510px;
		}
		.mainbar.has-sidebar {
			margin-left: 410px;
		}
	}
	.section.first-section {
		margin-top: 9px;
	}
	.blocklink small {
		white-space: normal;
	}
	.button {
		vertical-align: middle;
	}
	.replay-controls {
		padding-top: 10px;
	}
	.replay-controls h1 {
		font-size: 16pt;
		font-weight: normal;
		color: #CCC;
	}
	.pagelink {
		text-align: center;
	}
	.pagelink a {
		width: 150px;
	}
	.textbox, .button {
		font-size: 11pt;
		vertical-align: middle;
	}
	@media (max-width: 450px) {
		.button {
			font-size: 9pt;
		}
	}
</style>

<div>

	<header>
		<div class="nav-wrapper"><ul class="nav">
			<li><a class="button nav-first" href="//pokemonshowdown.com/"><img src="//pokemonshowdown.com/images/pokemonshowdownbeta.png" srcset="//pokemonshowdown.com/images/pokemonshowdownbeta.png 1x, //pokemonshowdown.com/images/pokemonshowdownbeta@2x.png 2x" alt="Pok&eacute;mon Showdown" width="146" height="44" /> Home</a></li>
			<li><a class="button" href="//pokemonshowdown.com/dex/">Pok&eacute;dex</a></li>
			<li><a class="button cur" href="/">Replays</a></li>
			<li><a class="button" href="//pokemonshowdown.com/ladder/">Ladder</a></li>
			<li><a class="button nav-last" href="//pokemonshowdown.com/forums/">Forum</a></li>
			<li><a class="button greenbutton nav-first nav-last" href="//play.pokemonshowdown.com/">Play</a></li>
		</ul></div>
	</header>

	<div class="main" id="main">

		<noscript><section class="section">You need to enable JavaScript to use this page; sorry!</section></noscript>

	</div>

</div>

<script defer nomodule src="//play.pokemonshowdown.com/js/lib/ps-polyfill.js"></script>
<script defer src="//play.pokemonshowdown.com/js/lib/preact.min.js"></script>

<script defer src="//play.pokemonshowdown.com/config/config.js?2bddbc15"></script>
<script defer src="//play.pokemonshowdown.com/js/lib/jquery-1.11.0.min.js"></script>
<script defer src="//play.pokemonshowdown.com/js/lib/html-sanitizer-minified.js"></script>
<script defer src="//play.pokemonshowdown.com/js/battle-sound.js"></script>
<script defer src="//play.pokemonshowdown.com/js/battledata.js?0.7209276989879541"></script>
<script defer src="//play.pokemonshowdown.com/data/pokedex-mini.js?0.6111056340867951"></script>
<script defer src="//play.pokemonshowdown.com/data/pokedex-mini-bw.js?0.3532142036491459"></script>
<script defer src="//play.pokemonshowdown.com/data/graphics.js?0.24223875632456182"></script>
<script defer src="//play.pokemonshowdown.com/data/pokedex.js?0.38839984266356864"></script>
<script defer src="//play.pokemonshowdown.com/data/moves.js?0.21866028504024015"></script>
<script defer src="//play.pokemonshowdown.com/data/abilities.js?0.2005157953846628"></script>
<script defer src="//play.pokemonshowdown.com/data/items.js?0.9894211263848525"></script>
<script defer src="//play.pokemonshowdown.com/data/teambuilder-tables.js?0.6008791140282215"></script>
<script defer src="//play.pokemonshowdown.com/js/battle-tooltips.js?0.7580118955022959"></script>
<script defer src="//play.pokemonshowdown.com/js/battle.js?0.6057722274234274"></script>

<script defer src="js/utils.js?e31f9a17"></script>
<script defer src="js/replays-battle.js?7008c182"></script>

<!-- don't scrape this data! just add .json or .log after the URL!
Full API docs: https://github.com/smogon/pokemon-showdown-client/blob/master/WEB-API.md -->
<script type="text/plain" class="log" id="replaylog-smogtours-gen3ou-804844">
|inactive|Battle timer is ON: inactive players will automatically lose when time's up.
|t:|1730768506
|gametype|singles
|player|p1|butter dk|proton|
|player|p2|moistmania|backersf|
|teamsize|p1|6
|teamsize|p2|6
|gen|3
|tier|[Gen 3] OU
|rule|Sleep Clause Mod: Limit one foe put to sleep
|rule|Switch Priority Clause Mod: Faster Pokémon switch first
|rule|Species Clause: Limit one of each Pokémon
|rule|OHKO Clause: OHKO moves are banned
|rule|Evasion Items Clause: Evasion items are banned
|rule|Evasion Moves Clause: Evasion moves are banned
|rule|Endless Battle Clause: Forcing endless battles is banned
|rule|HP Percentage Mod: HP is shown in percentages
|rule|One Boost Passer Clause: Limit one Baton Passer that has a way to boost its stats
|rule|Freeze Clause Mod: Limit one foe frozen
|
|t:|1730768506
|start
|switch|p1a: Skarmory|Skarmory, F|100/100
|switch|p2a: Vaporeon|Vaporeon, F|100/100
|turn|1
|c|☆moistmania|glhf
|c|☆butter dk|u2
|
|t:|1730768521
|move|p2a: Vaporeon|Hydro Pump|p1a: Skarmory|[miss]
|-miss|p2a: Vaporeon|p1a: Skarmory
|move|p1a: Skarmory|Spikes|p2a: Vaporeon
|-sidestart|p2: moistmania|Spikes
|
|upkeep
|turn|2
|
|t:|1730768532
|move|p2a: Vaporeon|Hydro Pump|p1a: Skarmory
|-damage|p1a: Skarmory|46/100
|move|p1a: Skarmory|Roar|p2a: Vaporeon
|drag|p2a: Dugtrio|Dugtrio, F|100/100
|-damage|p2a: Dugtrio|88/100|[from] Spikes
|
|-heal|p1a: Skarmory|52/100|[from] item: Leftovers
|upkeep
|turn|3
|
|t:|1730768543
|switch|p2a: Zapdos|Zapdos|100/100
|move|p1a: Skarmory|Spikes|p2a: Zapdos
|-sidestart|p2: moistmania|Spikes
|
|-heal|p1a: Skarmory|58/100|[from] item: Leftovers
|upkeep
|turn|4
|
|t:|1730768551
|switch|p1a: Regice|Regice|100/100
|move|p2a: Zapdos|Thunderbolt|p1a: Regice
|-damage|p1a: Regice|74/100
|-status|p1a: Regice|par
|
|-heal|p1a: Regice|81/100 par|[from] item: Leftovers
|upkeep
|turn|5
|
|t:|1730768560
|move|p2a: Zapdos|Baton Pass|p2a: Zapdos
|
|t:|1730768567
|switch|p2a: Metagross|Metagross|100/100|[from] Baton Pass
|-damage|p2a: Metagross|84/100|[from] Spikes
|move|p1a: Regice|Thunder Wave|p2a: Metagross
|-status|p2a: Metagross|par
|
|-heal|p2a: Metagross|90/100 par|[from] item: Leftovers
|-heal|p1a: Regice|87/100 par|[from] item: Leftovers
|upkeep
|turn|6
|
|t:|1730768586
|switch|p1a: Metagross|Metagross|100/100
|move|p2a: Metagross|Meteor Mash|p1a: Metagross
|-resisted|p1a: Metagross
|-damage|p1a: Metagross|77/100
|
|-heal|p1a: Metagross|83/100|[from] item: Leftovers
|-heal|p2a: Metagross|96/100 par|[from] item: Leftovers
|upkeep
|turn|7
|
|t:|1730768604
|switch|p2a: Zapdos|Zapdos|100/100
|move|p1a: Metagross|Earthquake|p2a: Zapdos
|-immune|p2a: Zapdos
|
|-heal|p1a: Metagross|89/100|[from] item: Leftovers
|upkeep
|turn|8
|
|t:|1730768620
|move|p2a: Zapdos|Thunderbolt|p1a: Metagross
|-damage|p1a: Metagross|37/100
|move|p1a: Metagross|Agility|p1a: Metagross
|-boost|p1a: Metagross|spe|2
|
|-heal|p1a: Metagross|43/100|[from] item: Leftovers
|upkeep
|turn|9
|inactive|moistmania has 270 seconds left.
|inactive|moistmania has 240 seconds left.
|
|t:|1730768676
|switch|p2a: Vaporeon|Vaporeon, F|100/100
|-damage|p2a: Vaporeon|84/100|[from] Spikes
|move|p1a: Metagross|Rock Slide|p2a: Vaporeon
|-damage|p2a: Vaporeon|49/100
|
|-heal|p1a: Metagross|49/100|[from] item: Leftovers
|upkeep
|turn|10
|inactive|butter dk has 270 seconds left.
|
|t:|1730768709
|move|p1a: Metagross|Earthquake|p2a: Vaporeon
|-damage|p2a: Vaporeon|0 fnt
|faint|p2a: Vaporeon
|
|t:|1730768715
|switch|p2a: Zapdos|Zapdos|100/100
|
|-heal|p1a: Metagross|55/100|[from] item: Leftovers
|upkeep
|turn|11
|
|t:|1730768719
|move|p1a: Metagross|Rock Slide|p2a: Zapdos
|-supereffective|p2a: Zapdos
|-damage|p2a: Zapdos|34/100
|move|p2a: Zapdos|Thunder Wave|p1a: Metagross
|-status|p1a: Metagross|par
|
|-heal|p2a: Zapdos|40/100|[from] item: Leftovers
|-heal|p1a: Metagross|61/100 par|[from] item: Leftovers
|upkeep
|turn|12
|inactive|butter dk has 270 seconds left.
|
|t:|1730768742
|move|p2a: Zapdos|Thunderbolt|p1a: Metagross
|-damage|p1a: Metagross|6/100 par
|move|p1a: Metagross|Rock Slide|p2a: Zapdos
|-supereffective|p2a: Zapdos
|-damage|p2a: Zapdos|0 fnt
|faint|p2a: Zapdos
|
|t:|1730768755
|switch|p2a: Celebi|Celebi|100/100
|-damage|p2a: Celebi|84/100|[from] Spikes
|
|-heal|p2a: Celebi|90/100|[from] item: Leftovers
|-heal|p1a: Metagross|12/100 par|[from] item: Leftovers
|upkeep
|turn|13
|
|t:|1730768773
|move|p2a: Celebi|Giga Drain|p1a: Metagross
|-resisted|p1a: Metagross
|-damage|p1a: Metagross|0 fnt
|-heal|p2a: Celebi|95/100|[from] drain|[of] p1a: Metagross
|faint|p1a: Metagross
|inactive|butter dk has 270 seconds left.
|
|t:|1730768798
|switch|p1a: Gengar|Gengar, M|100/100
|
|-heal|p2a: Celebi|100/100|[from] item: Leftovers
|upkeep
|turn|14
|inactive|moistmania has 240 seconds left.
|
|t:|1730768823
|move|p1a: Gengar|Fire Punch|p2a: Celebi
|-supereffective|p2a: Celebi
|-damage|p2a: Celebi|47/100
|move|p2a: Celebi|Psychic|p1a: Gengar
|-supereffective|p1a: Gengar
|-damage|p1a: Gengar|0 fnt
|faint|p1a: Gengar
|inactive|butter dk has 270 seconds left.
|
|t:|1730768839
|switch|p1a: Regice|Regice|87/100 par
|
|-heal|p2a: Celebi|53/100|[from] item: Leftovers
|-heal|p1a: Regice|93/100 par|[from] item: Leftovers
|upkeep
|turn|15
|inactive|butter dk has 270 seconds left.
|inactive|moistmania has 240 seconds left.
|
|t:|1730768862
|switch|p1a: Claydol|Claydol|100/100
|move|p2a: Celebi|Hidden Power|p1a: Claydol
|-damage|p1a: Claydol|78/100
|
|-heal|p2a: Celebi|59/100|[from] item: Leftovers
|-heal|p1a: Claydol|84/100|[from] item: Leftovers
|upkeep
|turn|16
|inactive|moistmania has 240 seconds left.
|
|t:|1730768892
|move|p2a: Celebi|Giga Drain|p1a: Claydol
|-supereffective|p1a: Claydol
|-damage|p1a: Claydol|24/100
|-heal|p2a: Celebi|82/100|[from] drain|[of] p1a: Claydol
|move|p1a: Claydol|Explosion|p2a: Celebi
|-damage|p2a: Celebi|0 fnt
|faint|p1a: Claydol
|faint|p2a: Celebi
|
|t:|1730768899
|switch|p2a: Metagross|Metagross|96/100 par
|switch|p1a: Skarmory|Skarmory, F|58/100
|-damage|p2a: Metagross|80/100 par|[from] Spikes
|
|-heal|p1a: Skarmory|64/100|[from] item: Leftovers
|-heal|p2a: Metagross|86/100 par|[from] item: Leftovers
|upkeep
|turn|17
|inactive|butter dk has 270 seconds left.
|
|t:|1730768909
|move|p1a: Skarmory|Protect|p1a: Skarmory
|-singleturn|p1a: Skarmory|Protect
|move|p2a: Metagross|Rock Slide|p1a: Skarmory
|-activate|p1a: Skarmory|Protect
|
|-heal|p1a: Skarmory|70/100|[from] item: Leftovers
|-heal|p2a: Metagross|92/100 par|[from] item: Leftovers
|upkeep
|turn|18
|
|t:|1730768912
|move|p2a: Metagross|Rock Slide|p1a: Skarmory
|-damage|p1a: Skarmory|46/100
|cant|p1a: Skarmory|flinch
|
|-heal|p1a: Skarmory|52/100|[from] item: Leftovers
|-heal|p2a: Metagross|98/100 par|[from] item: Leftovers
|upkeep
|turn|19
|
|t:|1730768915
|move|p2a: Metagross|Rock Slide|p1a: Skarmory
|-damage|p1a: Skarmory|31/100
|move|p1a: Skarmory|Roar|p2a: Metagross
|drag|p2a: Dugtrio|Dugtrio, F|88/100
|-damage|p2a: Dugtrio|72/100|[from] Spikes
|
|-heal|p1a: Skarmory|37/100|[from] item: Leftovers
|upkeep
|turn|20
|inactive|moistmania has 240 seconds left.
|
|t:|1730768940
|switch|p2a: Dragonite|Dragonite, M|100/100
|move|p1a: Skarmory|Spikes|p2a: Dragonite
|-sidestart|p2: moistmania|Spikes
|
|-heal|p1a: Skarmory|43/100|[from] item: Leftovers
|upkeep
|turn|21
|inactive|moistmania has 240 seconds left.
|
|t:|1730768966
|move|p1a: Skarmory|Protect|p1a: Skarmory
|-singleturn|p1a: Skarmory|Protect
|move|p2a: Dragonite|Fire Blast|p1a: Skarmory
|-activate|p1a: Skarmory|Protect
|
|-heal|p1a: Skarmory|49/100|[from] item: Leftovers
|upkeep
|turn|22
|
|t:|1730768980
|switch|p1a: Suicune|Suicune|100/100
|move|p2a: Dragonite|Fire Blast|p1a: Suicune
|-resisted|p1a: Suicune
|-damage|p1a: Suicune|87/100
|
|-heal|p1a: Suicune|93/100|[from] item: Leftovers
|upkeep
|turn|23
|inactive|moistmania has 240 seconds left.
|inactive|moistmania has 210 seconds left.
|inactive|moistmania has 180 seconds left.
|
|t:|1730769049
|move|p1a: Suicune|Calm Mind|p1a: Suicune
|-boost|p1a: Suicune|spa|1
|-boost|p1a: Suicune|spd|1
|move|p2a: Dragonite|Thunderbolt|p1a: Suicune
|-supereffective|p1a: Suicune
|-damage|p1a: Suicune|62/100
|
|-heal|p1a: Suicune|68/100|[from] item: Leftovers
|upkeep
|turn|24
|
|t:|1730769061
|move|p1a: Suicune|Calm Mind|p1a: Suicune
|-boost|p1a: Suicune|spa|1
|-boost|p1a: Suicune|spd|1
|move|p2a: Dragonite|Thunderbolt|p1a: Suicune
|-supereffective|p1a: Suicune
|-damage|p1a: Suicune|45/100
|
|-heal|p1a: Suicune|51/100|[from] item: Leftovers
|upkeep
|turn|25
|
|t:|1730769072
|move|p1a: Suicune|Rest|p1a: Suicune
|-status|p1a: Suicune|slp|[from] move: Rest
|-heal|p1a: Suicune|100/100 slp|[silent]
|move|p2a: Dragonite|Thunderbolt|p1a: Suicune
|-supereffective|p1a: Suicune
|-damage|p1a: Suicune|76/100 slp
|
|-heal|p1a: Suicune|82/100 slp|[from] item: Leftovers
|upkeep
|turn|26
|
|t:|1730769084
|switch|p2a: Metagross|Metagross|98/100 par
|-damage|p2a: Metagross|74/100 par|[from] Spikes
|cant|p1a: Suicune|slp
|move|p1a: Suicune|Sleep Talk|p1a: Suicune
|move|p1a: Suicune|Calm Mind|p1a: Suicune|[from]Sleep Talk
|-boost|p1a: Suicune|spa|1
|-boost|p1a: Suicune|spd|1
|
|-heal|p1a: Suicune|89/100 slp|[from] item: Leftovers
|-heal|p2a: Metagross|80/100 par|[from] item: Leftovers
|upkeep
|turn|27
|
|t:|1730769097
|switch|p1a: Skarmory|Skarmory, F|49/100
|move|p2a: Metagross|Meteor Mash|p1a: Skarmory
|-resisted|p1a: Skarmory
|-damage|p1a: Skarmory|27/100
|
|-heal|p1a: Skarmory|33/100|[from] item: Leftovers
|-heal|p2a: Metagross|86/100 par|[from] item: Leftovers
|upkeep
|turn|28
|
|t:|1730769110
|move|p2a: Metagross|Rock Slide|p1a: Skarmory
|-damage|p1a: Skarmory|12/100
|move|p1a: Skarmory|Roar|p2a: Metagross
|drag|p2a: Dugtrio|Dugtrio, F|72/100
|-damage|p2a: Dugtrio|47/100|[from] Spikes
|
|-heal|p1a: Skarmory|18/100|[from] item: Leftovers
|upkeep
|turn|29
|
|t:|1730769121
|switch|p2a: Dragonite|Dragonite, M|100/100
|move|p1a: Skarmory|Protect||[still]
|-fail|p1a: Skarmory
|
|-heal|p1a: Skarmory|24/100|[from] item: Leftovers
|upkeep
|turn|30
|
|t:|1730769131
|move|p1a: Skarmory|Protect|p1a: Skarmory
|-singleturn|p1a: Skarmory|Protect
|move|p2a: Dragonite|Thunderbolt|p1a: Skarmory
|-activate|p1a: Skarmory|Protect
|
|-heal|p1a: Skarmory|30/100|[from] item: Leftovers
|upkeep
|turn|31
|
|t:|1730769136
|switch|p1a: Regice|Regice|93/100 par
|move|p2a: Dragonite|Fire Blast|p1a: Regice
|-supereffective|p1a: Regice
|-damage|p1a: Regice|52/100 par
|
|-heal|p1a: Regice|58/100 par|[from] item: Leftovers
|upkeep
|turn|32
|
|t:|1730769154
|switch|p2a: Dugtrio|Dugtrio, F|47/100
|-damage|p2a: Dugtrio|22/100|[from] Spikes
|move|p1a: Regice|Thunder Wave|p2a: Dugtrio
|-immune|p2a: Dugtrio
|
|-heal|p1a: Regice|64/100 par|[from] item: Leftovers
|upkeep
|turn|33
|
|t:|1730769159
|move|p2a: Dugtrio|Earthquake|p1a: Regice
|-damage|p1a: Regice|21/100 par
|move|p1a: Regice|Ice Beam|p2a: Dugtrio
|-supereffective|p2a: Dugtrio
|-damage|p2a: Dugtrio|0 fnt
|faint|p2a: Dugtrio
|inactive|moistmania has 180 seconds left.
|
|t:|1730769203
|switch|p2a: Dragonite|Dragonite, M|100/100
|
|-heal|p1a: Regice|27/100 par|[from] item: Leftovers
|upkeep
|turn|34
|
|t:|1730769218
|switch|p1a: Skarmory|Skarmory, F|30/100
|move|p2a: Dragonite|Fire Blast|p1a: Skarmory
|-supereffective|p1a: Skarmory
|-damage|p1a: Skarmory|0 fnt
|faint|p1a: Skarmory
|
|t:|1730769231
|switch|p1a: Suicune|Suicune|89/100 slp
|
|-heal|p1a: Suicune|95/100 slp|[from] item: Leftovers
|upkeep
|turn|35
|inactive|moistmania has 180 seconds left.
|
|t:|1730769256
|cant|p1a: Suicune|slp
|move|p1a: Suicune|Sleep Talk|p1a: Suicune
|move|p1a: Suicune|Surf|p2a: Dragonite|[from]Sleep Talk
|-resisted|p2a: Dragonite
|-damage|p2a: Dragonite|83/100
|move|p2a: Dragonite|Thunderbolt|p1a: Suicune
|-supereffective|p1a: Suicune
|-damage|p1a: Suicune|45/100 slp
|
|-heal|p1a: Suicune|51/100 slp|[from] item: Leftovers
|-heal|p2a: Dragonite|90/100|[from] item: Leftovers
|upkeep
|turn|36
|
|t:|1730769265
|cant|p1a: Suicune|slp
|move|p2a: Dragonite|Thunderbolt|p1a: Suicune
|-supereffective|p1a: Suicune
|-damage|p1a: Suicune|8/100 slp
|
|-heal|p1a: Suicune|14/100 slp|[from] item: Leftovers
|-heal|p2a: Dragonite|96/100|[from] item: Leftovers
|upkeep
|turn|37
|
|t:|1730769272
|-curestatus|p1a: Suicune|slp|[msg]
|move|p1a: Suicune|Rest|p1a: Suicune
|-status|p1a: Suicune|slp|[from] move: Rest
|-heal|p1a: Suicune|100/100 slp|[silent]
|move|p2a: Dragonite|Thunderbolt|p1a: Suicune
|-supereffective|p1a: Suicune
|-damage|p1a: Suicune|56/100 slp
|
|-heal|p1a: Suicune|62/100 slp|[from] item: Leftovers
|-heal|p2a: Dragonite|100/100|[from] item: Leftovers
|upkeep
|turn|38
|
|t:|1730769274
|cant|p1a: Suicune|slp
|move|p1a: Suicune|Sleep Talk|p1a: Suicune
|move|p1a: Suicune|Surf|p2a: Dragonite|[from]Sleep Talk
|-resisted|p2a: Dragonite
|-damage|p2a: Dragonite|83/100
|move|p2a: Dragonite|Thunderbolt|p1a: Suicune
|-supereffective|p1a: Suicune
|-damage|p1a: Suicune|13/100 slp
|
|-heal|p1a: Suicune|20/100 slp|[from] item: Leftovers
|-heal|p2a: Dragonite|89/100|[from] item: Leftovers
|upkeep
|turn|39
|
|t:|1730769286
|cant|p1a: Suicune|slp
|move|p1a: Suicune|Sleep Talk|p1a: Suicune
|move|p1a: Suicune|Surf|p2a: Dragonite|[from]Sleep Talk
|-resisted|p2a: Dragonite
|-damage|p2a: Dragonite|70/100
|move|p2a: Dragonite|Thunderbolt|p1a: Suicune
|-supereffective|p1a: Suicune
|-crit|p1a: Suicune
|-damage|p1a: Suicune|0 fnt
|faint|p1a: Suicune
|
|t:|1730769290
|switch|p1a: Regice|Regice|27/100 par
|
|-heal|p2a: Dragonite|76/100|[from] item: Leftovers
|-heal|p1a: Regice|33/100 par|[from] item: Leftovers
|upkeep
|turn|40
|
|t:|1730769295
|move|p2a: Dragonite|Fire Blast|p1a: Regice
|-supereffective|p1a: Regice
|-damage|p1a: Regice|0 fnt
|faint|p1a: Regice
|
|win|moistmania
|c|☆moistmania|gg
|c|☆butter dk|gg
|player|p1|
|player|p2|
|player|p1|butter dk|proton|

</script>
<script type="application/json" class="data" id="replaydata-smogtours-gen3ou-804844">
{"id":"smogtours-gen3ou-804844","format":"[Gen 3] OU","players":["butter dk","moistmania"],"uploadtime":1730769295,"views":35,"formatid":"gen3ou","rating":null,"private":0,"password":null}
</script>

<script defer src="js/replays.js?9d40a366"></script>
