<!DOCTYPE html>
<meta charset="utf-8" />
<meta name="viewport" content="width=device-width" />

<title>[Gen 3] OU: Lady_Sundalia vs. Klird - Replays - Pok&eacute;mon Showdown!</title>

<meta name="description" content="Watch a replay of a Pok&eacute;mon battle between Lady_Sundalia and Klird! Format: [Gen 3] OU; Date: Oct 10, 2024" />
<!--

Hey, you! Looking in the source for the replay log?

You can find them in JSON format, just add `.json` at the end of a replay URL.

https://replay.pokemonshowdown.com/gen7randomdoublesbattle-865046831.json

Or, if you only need the log itself, add `.log` instead:

https://replay.pokemonshowdown.com/gen7randomdoublesbattle-865046831.log

-->

<link rel="stylesheet" href="//pokemonshowdown.com/style/global.css?0.767286132409787" />
<link rel="stylesheet" href="//play.pokemonshowdown.com/style/font-awesome.css?0.9266228007934947" />
<link rel="stylesheet" href="//play.pokemonshowdown.com/style/battle.css?0.7924700842790926" />
<link rel="stylesheet" href="//play.pokemonshowdown.com/style/utilichart.css?0.8777417872839479" />

<!-- Global site tag (gtag.js) - Google Analytics -->
<script async src="https://www.googletagmanager.com/gtag/js?id=UA-26211653-1"></script>
<script>
  window.dataLayer = window.dataLayer || [];
  function gtag(){dataLayer.push(arguments);}
  gtag('js', new Date());

  gtag('config', 'UA-26211653-1');
</script>
<!-- End Google Analytics -->
<!-- Venatus Ad Manager - Install in <HEAD> of page -->
	<script src="https://hb.vntsm.com/v3/live/ad-manager.min.js" type="text/javascript" data-site-id="642aba63ec9a7b11c3c9c1be" data-mode="scan" async></script>
<!-- / Venatus Ad Manager -->

<style>
	@media (max-width:820px) {
		.battle {
			margin: 0 auto;
		}
		.battle-log {
			margin: 7px auto 0;
			max-width: 640px;
			height: 300px;
			position: static;
		}
	}
	.optgroup {
		display: inline-block;
		line-height: 22px;
		font-size: 10pt;
	}
	.optgroup .button {
		height: 25px;
		padding-top: 0;
		padding-bottom: 0;
	}
	.optgroup button.button {
		padding-left: 12px;
		padding-right: 12px;
	}
	.linklist {
		list-style: none;
		margin: 0.5em 0;
		padding: 0;
	}
	.linklist li {
		padding: 2px 0;
	}
	.sidebar {
		float: left;
		width: 320px;
	}
	.bar-wrapper {
		max-width: 1100px;
		margin: 0 auto;
	}
	.bar-wrapper.has-sidebar {
		max-width: 1430px;
	}
	.mainbar {
		margin: 0;
		padding-right: 1px;
	}
	.mainbar.has-sidebar {
		margin-left: 330px;
	}
	@media (min-width: 1511px) {
		.sidebar {
			width: 400px;
		}
		.bar-wrapper.has-sidebar {
			max-width: 1510px;
		}
		.mainbar.has-sidebar {
			margin-left: 410px;
		}
	}
	.section.first-section {
		margin-top: 9px;
	}
	.blocklink small {
		white-space: normal;
	}
	.button {
		vertical-align: middle;
	}
	.replay-controls {
		padding-top: 10px;
	}
	.replay-controls h1 {
		font-size: 16pt;
		font-weight: normal;
		color: #CCC;
	}
	.pagelink {
		text-align: center;
	}
	.pagelink a {
		width: 150px;
	}
	.textbox, .button {
		font-size: 11pt;
		vertical-align: middle;
	}
	@media (max-width: 450px) {
		.button {
			font-size: 9pt;
		}
	}
</style>

<div>

	<header>
		<div class="nav-wrapper"><ul class="nav">
			<li><a class="button nav-first" href="//pokemonshowdown.com/"><img src="//pokemonshowdown.com/images/pokemonshowdownbeta.png" srcset="//pokemonshowdown.com/images/pokemonshowdownbeta.png 1x, //pokemonshowdown.com/images/pokemonshowdownbeta@2x.png 2x" alt="Pok&eacute;mon Showdown" width="146" height="44" /> Home</a></li>
			<li><a class="button" href="//pokemonshowdown.com/dex/">Pok&eacute;dex</a></li>
			<li><a class="button cur" href="/">Replays</a></li>
			<li><a class="button" href="//pokemonshowdown.com/ladder/">Ladder</a></li>
			<li><a class="button nav-last" href="//pokemonshowdown.com/forums/">Forum</a></li>
			<li><a class="button greenbutton nav-first nav-last" href="//play.pokemonshowdown.com/">Play</a></li>
		</ul></div>
	</header>

	<div class="main" id="main">

		<noscript><section class="section">You need to enable JavaScript to use this page; sorry!</section></noscript>

	</div>

</div>

<script defer nomodule src="//play.pokemonshowdown.com/js/lib/ps-polyfill.js"></script>
<script defer src="//play.pokemonshowdown.com/js/lib/preact.min.js"></script>

<script defer src="//play.pokemonshowdown.com/config/config.js?6dec07f6"></script>
<script defer src="//play.pokemonshowdown.com/js/lib/jquery-1.11.0.min.js"></script>
<script defer src="//play.pokemonshowdown.com/js/lib/html-sanitizer-minified.js"></script>
<script defer src="//play.pokemonshowdown.com/js/battle-sound.js"></script>
<script defer src="//play.pokemonshowdown.com/js/battledata.js?0.6315294753075389"></script>
<script defer src="//play.pokemonshowdown.com/data/pokedex-mini.js?0.7603743185311358"></script>
<script defer src="//play.pokemonshowdown.com/data/pokedex-mini-bw.js?0.030888842834281283"></script>
<script defer src="//play.pokemonshowdown.com/data/graphics.js?0.05593094747507488"></script>
<script defer src="//play.pokemonshowdown.com/data/pokedex.js?0.47064822249611904"></script>
<script defer src="//play.pokemonshowdown.com/data/moves.js?0.8583693120512459"></script>
<script defer src="//play.pokemonshowdown.com/data/abilities.js?0.16017181182386842"></script>
<script defer src="//play.pokemonshowdown.com/data/items.js?0.4163379185673943"></script>
<script defer src="//play.pokemonshowdown.com/data/teambuilder-tables.js?0.31075597372830477"></script>
<script defer src="//play.pokemonshowdown.com/js/battle-tooltips.js?0.6536193500708172"></script>
<script defer src="//play.pokemonshowdown.com/js/battle.js?0.1916591943277901"></script>

<script defer src="js/utils.js?e31f9a17"></script>
<script defer src="js/replays-battle.js?7008c182"></script>

<!-- don't scrape this data! just add .json or .log after the URL!
Full API docs: https://github.com/smogon/pokemon-showdown-client/blob/master/WEB-API.md -->
<script type="text/plain" class="log" id="replaylog-smogtours-gen3ou-796925">
|inactive|Battle timer is ON: inactive players will automatically lose when time's up.
|t:|1728580463
|gametype|singles
|player|p1|Lady_Sundalia|waitress|
|player|p2|Klird|265|
|teamsize|p1|6
|teamsize|p2|6
|gen|3
|tier|[Gen 3] OU
|rule|Sleep Clause Mod: Limit one foe put to sleep
|rule|Switch Priority Clause Mod: Faster Pokémon switch first
|rule|Species Clause: Limit one of each Pokémon
|rule|OHKO Clause: OHKO moves are banned
|rule|Evasion Items Clause: Evasion items are banned
|rule|Evasion Moves Clause: Evasion moves are banned
|rule|Endless Battle Clause: Forcing endless battles is banned
|rule|HP Percentage Mod: HP is shown in percentages
|rule|One Boost Passer Clause: Limit one Baton Passer that has a way to boost its stats
|rule|Freeze Clause Mod: Limit one foe frozen
|
|t:|1728580463
|start
|switch|p1a: darude|Tyranitar, F|100/100
|switch|p2a: Suicune|Suicune|100/100
|-weather|Sandstorm|[from] ability: Sand Stream|[of] p1a: darude
|turn|1
|c|☆Klird|Darude Sand storm
|
|t:|1728580485
|switch|p1a: beach boys|Suicune|100/100
|move|p2a: Suicune|Calm Mind|p2a: Suicune
|-boost|p2a: Suicune|spa|1
|-boost|p2a: Suicune|spd|1
|
|-weather|Sandstorm|[upkeep]
|-damage|p2a: Suicune|94/100|[from] Sandstorm
|-damage|p1a: beach boys|94/100|[from] Sandstorm
|-heal|p2a: Suicune|100/100|[from] item: Leftovers
|-heal|p1a: beach boys|100/100|[from] item: Leftovers
|upkeep
|turn|2
|
|t:|1728580489
|switch|p2a: Celebi|Celebi|100/100
|move|p1a: beach boys|Calm Mind|p1a: beach boys
|-boost|p1a: beach boys|spa|1
|-boost|p1a: beach boys|spd|1
|
|-weather|Sandstorm|[upkeep]
|-damage|p2a: Celebi|94/100|[from] Sandstorm
|-damage|p1a: beach boys|94/100|[from] Sandstorm
|-heal|p2a: Celebi|100/100|[from] item: Leftovers
|-heal|p1a: beach boys|100/100|[from] item: Leftovers
|upkeep
|turn|3
|
|t:|1728580502
|switch|p1a: britney spears|Blissey, F|100/100
|move|p2a: Celebi|Leech Seed|p1a: britney spears
|-start|p1a: britney spears|move: Leech Seed
|
|-weather|Sandstorm|[upkeep]
|-damage|p2a: Celebi|94/100|[from] Sandstorm
|-damage|p1a: britney spears|94/100|[from] Sandstorm
|-heal|p2a: Celebi|100/100|[from] item: Leftovers
|-heal|p1a: britney spears|100/100|[from] item: Leftovers
|-damage|p1a: britney spears|88/100|[from] Leech Seed|[of] p2a: Celebi
|upkeep
|turn|4
|
|t:|1728580527
|move|p2a: Celebi|Leech Seed|p1a: britney spears|[miss]
|-miss|p2a: Celebi|p1a: britney spears
|move|p1a: britney spears|Toxic|p2a: Celebi
|-status|p2a: Celebi|tox
|
|-weather|Sandstorm|[upkeep]
|-damage|p2a: Celebi|94/100 tox|[from] Sandstorm
|-damage|p1a: britney spears|82/100|[from] Sandstorm
|-heal|p2a: Celebi|100/100 tox|[from] item: Leftovers
|-damage|p2a: Celebi|94/100 tox|[from] psn
|-heal|p1a: britney spears|88/100|[from] item: Leftovers
|-damage|p1a: britney spears|76/100|[from] Leech Seed|[of] p2a: Celebi
|-heal|p2a: Celebi|100/100 tox|[silent]
|upkeep
|turn|5
|
|t:|1728580534
|move|p2a: Celebi|Leech Seed|p1a: britney spears|[miss]
|-miss|p2a: Celebi|p1a: britney spears
|move|p1a: britney spears|Wish|p1a: britney spears
|
|-weather|Sandstorm|[upkeep]
|-damage|p2a: Celebi|94/100 tox|[from] Sandstorm
|-damage|p1a: britney spears|70/100|[from] Sandstorm
|-heal|p2a: Celebi|100/100 tox|[from] item: Leftovers
|-damage|p2a: Celebi|88/100 tox|[from] psn
|-heal|p1a: britney spears|76/100|[from] item: Leftovers
|-damage|p1a: britney spears|63/100|[from] Leech Seed|[of] p2a: Celebi
|-heal|p2a: Celebi|100/100 tox|[silent]
|upkeep
|turn|6
|
|t:|1728580550
|move|p2a: Celebi|Psychic|p1a: britney spears
|-damage|p1a: britney spears|49/100
|move|p1a: britney spears|Seismic Toss|p2a: Celebi
|-damage|p2a: Celebi|76/100 tox
|
|-heal|p1a: britney spears|99/100|[from] move: Wish|[wisher] britney spears
|-weather|Sandstorm|[upkeep]
|-damage|p2a: Celebi|70/100 tox|[from] Sandstorm
|-damage|p1a: britney spears|93/100|[from] Sandstorm
|-heal|p2a: Celebi|76/100 tox|[from] item: Leftovers
|-damage|p2a: Celebi|57/100 tox|[from] psn
|-heal|p1a: britney spears|99/100|[from] item: Leftovers
|-damage|p1a: britney spears|86/100|[from] Leech Seed|[of] p2a: Celebi
|-heal|p2a: Celebi|77/100 tox|[silent]
|upkeep
|turn|7
|
|t:|1728580557
|-curestatus|p2a: Celebi|tox|[from] ability: Natural Cure
|switch|p2a: Dugtrio|Dugtrio, F|100/100
|move|p1a: britney spears|Toxic|p2a: Dugtrio
|-status|p2a: Dugtrio|tox
|
|-weather|Sandstorm|[upkeep]
|-damage|p1a: britney spears|80/100|[from] Sandstorm
|-damage|p2a: Dugtrio|94/100 tox|[from] psn
|-heal|p1a: britney spears|86/100|[from] item: Leftovers
|-damage|p1a: britney spears|74/100|[from] Leech Seed|[of] p2a: Dugtrio
|-heal|p2a: Dugtrio|100/100 tox|[silent]
|upkeep
|turn|8
|
|t:|1728580565
|move|p2a: Dugtrio|Earthquake|p1a: britney spears
|-damage|p1a: britney spears|19/100
|move|p1a: britney spears|Soft-Boiled|p1a: britney spears
|-heal|p1a: britney spears|69/100
|
|-weather|Sandstorm|[upkeep]
|-damage|p1a: britney spears|63/100|[from] Sandstorm
|-damage|p2a: Dugtrio|88/100 tox|[from] psn
|-heal|p1a: britney spears|69/100|[from] item: Leftovers
|-damage|p1a: britney spears|57/100|[from] Leech Seed|[of] p2a: Dugtrio
|-heal|p2a: Dugtrio|100/100 tox|[silent]
|upkeep
|turn|9
|
|t:|1728580573
|move|p2a: Dugtrio|Earthquake|p1a: britney spears
|-damage|p1a: britney spears|0 fnt
|faint|p1a: britney spears
|
|t:|1728580575
|switch|p1a: death grips|Skarmory, M|100/100
|
|-weather|Sandstorm|[upkeep]
|-damage|p2a: Dugtrio|82/100 tox|[from] psn
|upkeep
|turn|10
|
|t:|1728580578
|switch|p2a: Magneton|Magneton|100/100
|move|p1a: death grips|Spikes|p2a: Magneton
|-sidestart|p2: Klird|Spikes
|
|-weather|Sandstorm|[upkeep]
|upkeep
|turn|11
|
|t:|1728580581
|move|p2a: Magneton|Thunderbolt|p1a: death grips
|-supereffective|p1a: death grips
|-damage|p1a: death grips|0 fnt
|faint|p1a: death grips
|
|t:|1728580583
|switch|p1a: gucci mane|Magneton|100/100
|
|-weather|Sandstorm|[upkeep]
|upkeep
|turn|12
|
|t:|1728580587
|move|p2a: Magneton|Hidden Power|p1a: gucci mane
|-supereffective|p1a: gucci mane
|-damage|p1a: gucci mane|19/100
|move|p1a: gucci mane|Hidden Power|p2a: Magneton
|-supereffective|p2a: Magneton
|-damage|p2a: Magneton|3/100
|
|-weather|Sandstorm|[upkeep]
|upkeep
|turn|13
|
|t:|1728580608
|move|p2a: Magneton|Hidden Power|p1a: gucci mane
|-supereffective|p1a: gucci mane
|-damage|p1a: gucci mane|0 fnt
|faint|p1a: gucci mane
|
|t:|1728580623
|switch|p1a: darude|Tyranitar, F|100/100
|
|-weather|Sandstorm|[upkeep]
|upkeep
|turn|14
|
|t:|1728580630
|move|p2a: Magneton|Toxic|p1a: darude
|-status|p1a: darude|tox
|move|p1a: darude|Pursuit|p2a: Magneton
|-resisted|p2a: Magneton
|-damage|p2a: Magneton|0 fnt
|faint|p2a: Magneton
|
|t:|1728580639
|switch|p2a: Dugtrio|Dugtrio, F|82/100 tox
|-damage|p2a: Dugtrio|70/100 tox|[from] Spikes
|
|-weather|Sandstorm|[upkeep]
|-damage|p2a: Dugtrio|64/100 tox|[from] psn
|-damage|p1a: darude|94/100 tox|[from] psn
|upkeep
|turn|15
|
|t:|1728580645
|move|p2a: Dugtrio|Earthquake|p1a: darude
|-supereffective|p1a: darude
|-damage|p1a: darude|0 fnt
|faint|p1a: darude
|
|t:|1728580650
|switch|p1a: Michael Jackson|Donphan, M|100/100
|
|-weather|Sandstorm|[upkeep]
|-damage|p2a: Dugtrio|51/100 tox|[from] psn
|upkeep
|turn|16
|
|t:|1728580663
|switch|p2a: Blissey|Blissey, F|100/100
|-damage|p2a: Blissey|88/100|[from] Spikes
|move|p1a: Michael Jackson|Protect||[still]
|-fail|p1a: Michael Jackson
|
|-weather|Sandstorm|[upkeep]
|-damage|p2a: Blissey|82/100|[from] Sandstorm
|-heal|p2a: Blissey|88/100|[from] item: Leftovers
|upkeep
|turn|17
|
|t:|1728580669
|move|p1a: Michael Jackson|Earthquake|p2a: Blissey
|-damage|p2a: Blissey|43/100
|move|p2a: Blissey|Counter|p1a: Michael Jackson
|-damage|p1a: Michael Jackson|0 fnt
|faint|p1a: Michael Jackson
|
|t:|1728580672
|switch|p1a: beach boys|Suicune|100/100
|
|-weather|Sandstorm|[upkeep]
|-damage|p1a: beach boys|94/100|[from] Sandstorm
|-damage|p2a: Blissey|37/100|[from] Sandstorm
|-heal|p1a: beach boys|100/100|[from] item: Leftovers
|-heal|p2a: Blissey|43/100|[from] item: Leftovers
|upkeep
|turn|18
|
|t:|1728580678
|switch|p2a: Celebi|Celebi|77/100
|-damage|p2a: Celebi|65/100|[from] Spikes
|move|p1a: beach boys|Calm Mind|p1a: beach boys
|-boost|p1a: beach boys|spa|1
|-boost|p1a: beach boys|spd|1
|
|-weather|Sandstorm|[upkeep]
|-damage|p2a: Celebi|59/100|[from] Sandstorm
|-damage|p1a: beach boys|94/100|[from] Sandstorm
|-heal|p2a: Celebi|65/100|[from] item: Leftovers
|-heal|p1a: beach boys|100/100|[from] item: Leftovers
|upkeep
|turn|19
|
|t:|1728580683
|move|p2a: Celebi|Leech Seed|p1a: beach boys
|-start|p1a: beach boys|move: Leech Seed
|move|p1a: beach boys|Calm Mind|p1a: beach boys
|-boost|p1a: beach boys|spa|1
|-boost|p1a: beach boys|spd|1
|
|-weather|Sandstorm|[upkeep]
|-damage|p2a: Celebi|59/100|[from] Sandstorm
|-damage|p1a: beach boys|94/100|[from] Sandstorm
|-heal|p2a: Celebi|65/100|[from] item: Leftovers
|-heal|p1a: beach boys|100/100|[from] item: Leftovers
|-damage|p1a: beach boys|88/100|[from] Leech Seed|[of] p2a: Celebi
|-heal|p2a: Celebi|77/100|[silent]
|upkeep
|turn|20
|
|t:|1728580686
|move|p2a: Celebi|Calm Mind|p2a: Celebi
|-boost|p2a: Celebi|spa|1
|-boost|p2a: Celebi|spd|1
|move|p1a: beach boys|Calm Mind|p1a: beach boys
|-boost|p1a: beach boys|spa|1
|-boost|p1a: beach boys|spd|1
|
|-weather|Sandstorm|[upkeep]
|-damage|p2a: Celebi|71/100|[from] Sandstorm
|-damage|p1a: beach boys|82/100|[from] Sandstorm
|-heal|p2a: Celebi|77/100|[from] item: Leftovers
|-heal|p1a: beach boys|88/100|[from] item: Leftovers
|-damage|p1a: beach boys|76/100|[from] Leech Seed|[of] p2a: Celebi
|-heal|p2a: Celebi|90/100|[silent]
|upkeep
|turn|21
|
|t:|1728580692
|move|p2a: Celebi|Psychic|p1a: beach boys
|-damage|p1a: beach boys|61/100
|move|p1a: beach boys|Roar|p2a: Celebi
|drag|p2a: Swampert|Swampert, M|100/100
|-damage|p2a: Swampert|88/100|[from] Spikes
|
|-weather|Sandstorm|[upkeep]
|-damage|p1a: beach boys|55/100|[from] Sandstorm
|-heal|p1a: beach boys|61/100|[from] item: Leftovers
|-damage|p1a: beach boys|48/100|[from] Leech Seed|[of] p2a: Swampert
|-heal|p2a: Swampert|100/100|[silent]
|upkeep
|turn|22
|
|t:|1728580707
|move|p1a: beach boys|Rest|p1a: beach boys
|-status|p1a: beach boys|slp|[from] move: Rest
|-heal|p1a: beach boys|100/100 slp|[silent]
|move|p2a: Swampert|Earthquake|p1a: beach boys
|-damage|p1a: beach boys|79/100 slp
|
|-weather|Sandstorm|[upkeep]
|-damage|p1a: beach boys|73/100 slp|[from] Sandstorm
|-heal|p1a: beach boys|79/100 slp|[from] item: Leftovers
|-damage|p1a: beach boys|67/100 slp|[from] Leech Seed|[of] p2a: Swampert
|upkeep
|turn|23
|
|t:|1728580717
|cant|p1a: beach boys|slp
|move|p2a: Swampert|Earthquake|p1a: beach boys
|-damage|p1a: beach boys|44/100 slp
|
|-weather|Sandstorm|[upkeep]
|-damage|p1a: beach boys|38/100 slp|[from] Sandstorm
|-heal|p1a: beach boys|44/100 slp|[from] item: Leftovers
|-damage|p1a: beach boys|32/100 slp|[from] Leech Seed|[of] p2a: Swampert
|upkeep
|turn|24
|
|t:|1728580722
|cant|p1a: beach boys|slp
|move|p2a: Swampert|Earthquake|p1a: beach boys
|-crit|p1a: beach boys
|-damage|p1a: beach boys|0 fnt
|faint|p1a: beach boys
|
|win|Klird
|c|☆Lady_Sundalia|ggs
|c|☆Klird|ggs

</script>
<script type="application/json" class="data" id="replaydata-smogtours-gen3ou-796925">
{"id":"smogtours-gen3ou-796925","format":"[Gen 3] OU","players":["Lady_Sundalia","Klird"],"uploadtime":1728580722,"views":139,"formatid":"gen3ou","rating":null,"private":0,"password":null}
</script>

<script defer src="js/replays.js?9d40a366"></script>
