<!DOCTYPE html>
<meta charset="utf-8" />
<meta name="viewport" content="width=device-width" />

<title>[Gen 3] OU: Tyxerns vs. smollest brian - Replays - Pok&eacute;mon Showdown!</title>

<meta name="description" content="Watch a replay of a Pok&eacute;mon battle between Tyxerns and smollest brian! Format: [Gen 3] OU; Date: Oct 14, 2024" />
<!--

Hey, you! Looking in the source for the replay log?

You can find them in JSON format, just add `.json` at the end of a replay URL.

https://replay.pokemonshowdown.com/gen7randomdoublesbattle-865046831.json

Or, if you only need the log itself, add `.log` instead:

https://replay.pokemonshowdown.com/gen7randomdoublesbattle-865046831.log

-->

<link rel="stylesheet" href="//pokemonshowdown.com/style/global.css?0.023195364461161105" />
<link rel="stylesheet" href="//play.pokemonshowdown.com/style/font-awesome.css?0.13261647063804238" />
<link rel="stylesheet" href="//play.pokemonshowdown.com/style/battle.css?0.8753245789963631" />
<link rel="stylesheet" href="//play.pokemonshowdown.com/style/utilichart.css?0.8627959624976733" />

<!-- Global site tag (gtag.js) - Google Analytics -->
<script async src="https://www.googletagmanager.com/gtag/js?id=UA-26211653-1"></script>
<script>
  window.dataLayer = window.dataLayer || [];
  function gtag(){dataLayer.push(arguments);}
  gtag('js', new Date());

  gtag('config', 'UA-26211653-1');
</script>
<!-- End Google Analytics -->
<!-- Venatus Ad Manager - Install in <HEAD> of page -->
	<script src="https://hb.vntsm.com/v3/live/ad-manager.min.js" type="text/javascript" data-site-id="642aba63ec9a7b11c3c9c1be" data-mode="scan" async></script>
<!-- / Venatus Ad Manager -->

<style>
	@media (max-width:820px) {
		.battle {
			margin: 0 auto;
		}
		.battle-log {
			margin: 7px auto 0;
			max-width: 640px;
			height: 300px;
			position: static;
		}
	}
	.optgroup {
		display: inline-block;
		line-height: 22px;
		font-size: 10pt;
	}
	.optgroup .button {
		height: 25px;
		padding-top: 0;
		padding-bottom: 0;
	}
	.optgroup button.button {
		padding-left: 12px;
		padding-right: 12px;
	}
	.linklist {
		list-style: none;
		margin: 0.5em 0;
		padding: 0;
	}
	.linklist li {
		padding: 2px 0;
	}
	.sidebar {
		float: left;
		width: 320px;
	}
	.bar-wrapper {
		max-width: 1100px;
		margin: 0 auto;
	}
	.bar-wrapper.has-sidebar {
		max-width: 1430px;
	}
	.mainbar {
		margin: 0;
		padding-right: 1px;
	}
	.mainbar.has-sidebar {
		margin-left: 330px;
	}
	@media (min-width: 1511px) {
		.sidebar {
			width: 400px;
		}
		.bar-wrapper.has-sidebar {
			max-width: 1510px;
		}
		.mainbar.has-sidebar {
			margin-left: 410px;
		}
	}
	.section.first-section {
		margin-top: 9px;
	}
	.blocklink small {
		white-space: normal;
	}
	.button {
		vertical-align: middle;
	}
	.replay-controls {
		padding-top: 10px;
	}
	.replay-controls h1 {
		font-size: 16pt;
		font-weight: normal;
		color: #CCC;
	}
	.pagelink {
		text-align: center;
	}
	.pagelink a {
		width: 150px;
	}
	.textbox, .button {
		font-size: 11pt;
		vertical-align: middle;
	}
	@media (max-width: 450px) {
		.button {
			font-size: 9pt;
		}
	}
</style>

<div>

	<header>
		<div class="nav-wrapper"><ul class="nav">
			<li><a class="button nav-first" href="//pokemonshowdown.com/"><img src="//pokemonshowdown.com/images/pokemonshowdownbeta.png" srcset="//pokemonshowdown.com/images/pokemonshowdownbeta.png 1x, //pokemonshowdown.com/images/pokemonshowdownbeta@2x.png 2x" alt="Pok&eacute;mon Showdown" width="146" height="44" /> Home</a></li>
			<li><a class="button" href="//pokemonshowdown.com/dex/">Pok&eacute;dex</a></li>
			<li><a class="button cur" href="/">Replays</a></li>
			<li><a class="button" href="//pokemonshowdown.com/ladder/">Ladder</a></li>
			<li><a class="button nav-last" href="//pokemonshowdown.com/forums/">Forum</a></li>
			<li><a class="button greenbutton nav-first nav-last" href="//play.pokemonshowdown.com/">Play</a></li>
		</ul></div>
	</header>

	<div class="main" id="main">

		<noscript><section class="section">You need to enable JavaScript to use this page; sorry!</section></noscript>

	</div>

</div>

<script defer nomodule src="//play.pokemonshowdown.com/js/lib/ps-polyfill.js"></script>
<script defer src="//play.pokemonshowdown.com/js/lib/preact.min.js"></script>

<script defer src="//play.pokemonshowdown.com/config/config.js?2bddbc15"></script>
<script defer src="//play.pokemonshowdown.com/js/lib/jquery-1.11.0.min.js"></script>
<script defer src="//play.pokemonshowdown.com/js/lib/html-sanitizer-minified.js"></script>
<script defer src="//play.pokemonshowdown.com/js/battle-sound.js"></script>
<script defer src="//play.pokemonshowdown.com/js/battledata.js?0.7209276989879541"></script>
<script defer src="//play.pokemonshowdown.com/data/pokedex-mini.js?0.6111056340867951"></script>
<script defer src="//play.pokemonshowdown.com/data/pokedex-mini-bw.js?0.3532142036491459"></script>
<script defer src="//play.pokemonshowdown.com/data/graphics.js?0.24223875632456182"></script>
<script defer src="//play.pokemonshowdown.com/data/pokedex.js?0.38839984266356864"></script>
<script defer src="//play.pokemonshowdown.com/data/moves.js?0.21866028504024015"></script>
<script defer src="//play.pokemonshowdown.com/data/abilities.js?0.2005157953846628"></script>
<script defer src="//play.pokemonshowdown.com/data/items.js?0.9894211263848525"></script>
<script defer src="//play.pokemonshowdown.com/data/teambuilder-tables.js?0.6008791140282215"></script>
<script defer src="//play.pokemonshowdown.com/js/battle-tooltips.js?0.7580118955022959"></script>
<script defer src="//play.pokemonshowdown.com/js/battle.js?0.6057722274234274"></script>

<script defer src="js/utils.js?e31f9a17"></script>
<script defer src="js/replays-battle.js?7008c182"></script>

<!-- don't scrape this data! just add .json or .log after the URL!
Full API docs: https://github.com/smogon/pokemon-showdown-client/blob/master/WEB-API.md -->
<script type="text/plain" class="log" id="replaylog-smogtours-gen3ou-798648">
|inactive|Battle timer is ON: inactive players will automatically lose when time's up.
|t:|1728922589
|gametype|singles
|player|p1|Tyxerns|policeman-gen4|
|player|p2|smollest brian|miku-ground|
|teamsize|p1|6
|teamsize|p2|6
|gen|3
|tier|[Gen 3] OU
|rule|Sleep Clause Mod: Limit one foe put to sleep
|rule|Switch Priority Clause Mod: Faster Pokémon switch first
|rule|Species Clause: Limit one of each Pokémon
|rule|OHKO Clause: OHKO moves are banned
|rule|Evasion Items Clause: Evasion items are banned
|rule|Evasion Moves Clause: Evasion moves are banned
|rule|Endless Battle Clause: Forcing endless battles is banned
|rule|HP Percentage Mod: HP is shown in percentages
|rule|One Boost Passer Clause: Limit one Baton Passer that has a way to boost its stats
|rule|Freeze Clause Mod: Limit one foe frozen
|
|t:|1728922589
|start
|switch|p1a: Skarmory|Skarmory, M, shiny|100/100
|switch|p2a: Skarmory|Skarmory, M|100/100
|turn|1
|
|t:|1728922601
|move|p2a: Skarmory|Spikes|p1a: Skarmory
|-sidestart|p1: Tyxerns|Spikes
|move|p1a: Skarmory|Roar|p2a: Skarmory
|drag|p2a: Tyranitar|Tyranitar, F|100/100
|-weather|Sandstorm|[from] ability: Sand Stream|[of] p2a: Tyranitar
|
|-weather|Sandstorm|[upkeep]
|upkeep
|turn|2
|c|☆smollest brian|hf
|c|☆Tyxerns|u2
|
|t:|1728922618
|-singleturn|p2a: Tyranitar|move: Focus Punch
|move|p1a: Skarmory|Toxic|p2a: Tyranitar
|-status|p2a: Tyranitar|tox
|move|p2a: Tyranitar|Focus Punch|p1a: Skarmory
|-damage|p1a: Skarmory|59/100
|
|-weather|Sandstorm|[upkeep]
|-damage|p2a: Tyranitar|94/100 tox|[from] psn
|-heal|p1a: Skarmory|65/100|[from] item: Leftovers
|upkeep
|turn|3
|
|t:|1728922624
|move|p2a: Tyranitar|Rock Slide|p1a: Skarmory
|-damage|p1a: Skarmory|30/100
|cant|p1a: Skarmory|flinch
|
|-weather|Sandstorm|[upkeep]
|-heal|p2a: Tyranitar|100/100 tox|[from] item: Leftovers
|-damage|p2a: Tyranitar|88/100 tox|[from] psn
|-heal|p1a: Skarmory|36/100|[from] item: Leftovers
|upkeep
|turn|4
|
|t:|1728922634
|-singleturn|p2a: Tyranitar|move: Focus Punch
|move|p1a: Skarmory|Protect|p1a: Skarmory
|-singleturn|p1a: Skarmory|Protect
|move|p2a: Tyranitar|Focus Punch|p1a: Skarmory
|-activate|p1a: Skarmory|Protect
|
|-weather|Sandstorm|[upkeep]
|-heal|p2a: Tyranitar|94/100 tox|[from] item: Leftovers
|-damage|p2a: Tyranitar|76/100 tox|[from] psn
|-heal|p1a: Skarmory|42/100|[from] item: Leftovers
|upkeep
|turn|5
|
|t:|1728922644
|switch|p1a: Gengar|Gengar, M|100/100
|move|p2a: Tyranitar|Rock Slide|p1a: Gengar
|-damage|p1a: Gengar|11/100
|
|-weather|Sandstorm|[upkeep]
|-damage|p1a: Gengar|5/100|[from] Sandstorm
|-heal|p1a: Gengar|11/100|[from] item: Leftovers
|-heal|p2a: Tyranitar|82/100 tox|[from] item: Leftovers
|-damage|p2a: Tyranitar|57/100 tox|[from] psn
|upkeep
|turn|6
|
|t:|1728922654
|move|p1a: Gengar|Hidden Power|p2a: Tyranitar
|-supereffective|p2a: Tyranitar
|-damage|p2a: Tyranitar|17/100 tox
|move|p2a: Tyranitar|Rock Slide|p1a: Gengar
|-damage|p1a: Gengar|0 fnt
|faint|p1a: Gengar
|
|t:|1728922674
|switch|p1a: Skarmory|Skarmory, M, shiny|42/100
|
|-weather|Sandstorm|[upkeep]
|-heal|p2a: Tyranitar|23/100 tox|[from] item: Leftovers
|-damage|p2a: Tyranitar|0 fnt|[from] psn
|faint|p2a: Tyranitar
|-heal|p1a: Skarmory|48/100|[from] item: Leftovers
|upkeep
|
|t:|1728922676
|switch|p2a: Moltres|Moltres|100/100
|turn|7
|
|t:|1728922684
|switch|p1a: Starmie|Starmie, shiny|100/100
|-damage|p1a: Starmie|88/100|[from] Spikes
|move|p2a: Moltres|Flamethrower|p1a: Starmie
|-resisted|p1a: Starmie
|-damage|p1a: Starmie|53/100
|-status|p1a: Starmie|brn
|
|-weather|Sandstorm|[upkeep]
|-damage|p1a: Starmie|47/100 brn|[from] Sandstorm
|-damage|p2a: Moltres|94/100|[from] Sandstorm
|-heal|p1a: Starmie|53/100 brn|[from] item: Leftovers
|-damage|p1a: Starmie|41/100 brn|[from] brn
|-heal|p2a: Moltres|100/100|[from] item: Leftovers
|upkeep
|turn|8
|
|t:|1728922696
|switch|p2a: Blissey|Blissey, F|100/100
|move|p1a: Starmie|Hydro Pump|p2a: Blissey|[miss]
|-miss|p1a: Starmie|p2a: Blissey
|
|-weather|Sandstorm|[upkeep]
|-damage|p1a: Starmie|35/100 brn|[from] Sandstorm
|-damage|p2a: Blissey|94/100|[from] Sandstorm
|-heal|p1a: Starmie|41/100 brn|[from] item: Leftovers
|-damage|p1a: Starmie|29/100 brn|[from] brn
|-heal|p2a: Blissey|100/100|[from] item: Leftovers
|upkeep
|turn|9
|
|t:|1728922709
|-curestatus|p1a: Starmie|brn|[from] ability: Natural Cure
|switch|p1a: Heracross|Heracross, M|100/100
|-damage|p1a: Heracross|88/100|[from] Spikes
|move|p2a: Blissey|Seismic Toss|p1a: Heracross
|-damage|p1a: Heracross|55/100
|
|-weather|Sandstorm|[upkeep]
|-damage|p1a: Heracross|49/100|[from] Sandstorm
|-damage|p2a: Blissey|94/100|[from] Sandstorm
|-heal|p2a: Blissey|100/100|[from] item: Leftovers
|upkeep
|turn|10
|
|t:|1728922717
|switch|p2a: Skarmory|Skarmory, M|100/100
|move|p1a: Heracross|Substitute|p1a: Heracross
|-start|p1a: Heracross|Substitute
|-damage|p1a: Heracross|24/100
|
|-weather|Sandstorm|[upkeep]
|-damage|p1a: Heracross|18/100|[from] Sandstorm
|-enditem|p1a: Heracross|Salac Berry|[eat]
|-boost|p1a: Heracross|spe|1|[from] item: Salac Berry
|upkeep
|turn|11
|
|t:|1728922739
|move|p1a: Heracross|Swords Dance|p1a: Heracross
|-boost|p1a: Heracross|atk|2
|move|p2a: Skarmory|Roar|p1a: Heracross
|drag|p1a: Skarmory|Skarmory, M, shiny|48/100
|
|-weather|Sandstorm|[upkeep]
|-heal|p1a: Skarmory|54/100|[from] item: Leftovers
|upkeep
|turn|12
|
|t:|1728922750
|move|p2a: Skarmory|Spikes|p1a: Skarmory
|-sidestart|p1: Tyxerns|Spikes
|move|p1a: Skarmory|Spikes|p2a: Skarmory
|-sidestart|p2: smollest brian|Spikes
|
|-weather|Sandstorm|[upkeep]
|-heal|p1a: Skarmory|60/100|[from] item: Leftovers
|upkeep
|turn|13
|
|t:|1728922754
|move|p2a: Skarmory|Spikes|p1a: Skarmory
|-sidestart|p1: Tyxerns|Spikes
|move|p1a: Skarmory|Spikes|p2a: Skarmory
|-sidestart|p2: smollest brian|Spikes
|
|-weather|Sandstorm|[upkeep]
|-heal|p1a: Skarmory|66/100|[from] item: Leftovers
|upkeep
|turn|14
|
|t:|1728922757
|move|p1a: Skarmory|Spikes|p2a: Skarmory
|-sidestart|p2: smollest brian|Spikes
|move|p2a: Skarmory|Roar|p1a: Skarmory
|drag|p1a: Heracross|Heracross, M|18/100
|-damage|p1a: Heracross|0 fnt|[from] Spikes
|faint|p1a: Heracross
|
|t:|1728922762
|switch|p1a: Riley|Claydol|100/100
|
|-weather|Sandstorm|[upkeep]
|upkeep
|turn|15
|
|t:|1728922766
|move|p1a: Riley|Rapid Spin|p2a: Skarmory
|-resisted|p2a: Skarmory
|-damage|p2a: Skarmory|98/100
|-sideend|p1: Tyxerns|Spikes|[from] move: Rapid Spin|[of] p1a: Riley
|move|p2a: Skarmory|Hidden Power|p1a: Riley
|-damage|p1a: Riley|81/100
|
|-weather|Sandstorm|[upkeep]
|-heal|p1a: Riley|88/100|[from] item: Leftovers
|-heal|p2a: Skarmory|100/100|[from] item: Leftovers
|upkeep
|turn|16
|
|t:|1728922775
|switch|p2a: Claydol|Claydol|100/100
|move|p1a: Riley|Psychic|p2a: Claydol
|-resisted|p2a: Claydol
|-damage|p2a: Claydol|89/100
|
|-weather|Sandstorm|[upkeep]
|-heal|p2a: Claydol|96/100|[from] item: Leftovers
|-heal|p1a: Riley|94/100|[from] item: Leftovers
|upkeep
|turn|17
|
|t:|1728922792
|move|p2a: Claydol|Rapid Spin|p1a: Riley
|-damage|p1a: Riley|88/100
|-sideend|p2: smollest brian|Spikes|[from] move: Rapid Spin|[of] p2a: Claydol
|move|p1a: Riley|Explosion|p2a: Claydol
|-damage|p2a: Claydol|0 fnt
|faint|p1a: Riley
|faint|p2a: Claydol
|
|t:|1728922813
|switch|p2a: Moltres|Moltres|100/100
|switch|p1a: Starmie|Starmie, shiny|29/100
|
|-weather|Sandstorm|[upkeep]
|-damage|p1a: Starmie|23/100|[from] Sandstorm
|-damage|p2a: Moltres|94/100|[from] Sandstorm
|-heal|p1a: Starmie|29/100|[from] item: Leftovers
|-heal|p2a: Moltres|100/100|[from] item: Leftovers
|upkeep
|turn|18
|
|t:|1728922819
|switch|p2a: Blissey|Blissey, F|100/100
|move|p1a: Starmie|Hydro Pump|p2a: Blissey
|-damage|p2a: Blissey|80/100
|
|-weather|Sandstorm|[upkeep]
|-damage|p1a: Starmie|23/100|[from] Sandstorm
|-damage|p2a: Blissey|74/100|[from] Sandstorm
|-heal|p1a: Starmie|29/100|[from] item: Leftovers
|-heal|p2a: Blissey|80/100|[from] item: Leftovers
|upkeep
|turn|19
|
|t:|1728922833
|switch|p1a: Skarmory|Skarmory, M, shiny|66/100
|move|p2a: Blissey|Seismic Toss|p1a: Skarmory
|-damage|p1a: Skarmory|36/100
|
|-weather|Sandstorm|[upkeep]
|-damage|p2a: Blissey|74/100|[from] Sandstorm
|-heal|p1a: Skarmory|42/100|[from] item: Leftovers
|-heal|p2a: Blissey|80/100|[from] item: Leftovers
|upkeep
|turn|20
|
|t:|1728922838
|move|p1a: Skarmory|Spikes|p2a: Blissey
|-sidestart|p2: smollest brian|Spikes
|move|p2a: Blissey|Ice Beam|p1a: Skarmory
|-damage|p1a: Skarmory|27/100
|
|-weather|Sandstorm|[upkeep]
|-damage|p2a: Blissey|74/100|[from] Sandstorm
|-heal|p1a: Skarmory|33/100|[from] item: Leftovers
|-heal|p2a: Blissey|80/100|[from] item: Leftovers
|upkeep
|turn|21
|
|t:|1728922842
|move|p1a: Skarmory|Toxic|p2a: Blissey
|-status|p2a: Blissey|tox
|move|p2a: Blissey|Seismic Toss|p1a: Skarmory
|-damage|p1a: Skarmory|3/100
|
|-weather|Sandstorm|[upkeep]
|-damage|p2a: Blissey|74/100 tox|[from] Sandstorm
|-heal|p1a: Skarmory|9/100|[from] item: Leftovers
|-heal|p2a: Blissey|80/100 tox|[from] item: Leftovers
|-damage|p2a: Blissey|74/100 tox|[from] psn
|upkeep
|turn|22
|
|t:|1728922848
|move|p1a: Skarmory|Protect|p1a: Skarmory
|-singleturn|p1a: Skarmory|Protect
|move|p2a: Blissey|Seismic Toss|p1a: Skarmory
|-activate|p1a: Skarmory|Protect
|
|-weather|Sandstorm|[upkeep]
|-damage|p2a: Blissey|68/100 tox|[from] Sandstorm
|-heal|p1a: Skarmory|15/100|[from] item: Leftovers
|-heal|p2a: Blissey|74/100 tox|[from] item: Leftovers
|-damage|p2a: Blissey|62/100 tox|[from] psn
|upkeep
|turn|23
|
|t:|1728922863
|move|p1a: Skarmory|Spikes|p2a: Blissey
|-sidestart|p2: smollest brian|Spikes
|move|p2a: Blissey|Soft-Boiled|p2a: Blissey
|-heal|p2a: Blissey|100/100 tox
|
|-weather|Sandstorm|[upkeep]
|-damage|p2a: Blissey|94/100 tox|[from] Sandstorm
|-heal|p1a: Skarmory|21/100|[from] item: Leftovers
|-heal|p2a: Blissey|100/100 tox|[from] item: Leftovers
|-damage|p2a: Blissey|82/100 tox|[from] psn
|upkeep
|turn|24
|
|t:|1728922867
|-curestatus|p2a: Blissey|tox|[from] ability: Natural Cure
|switch|p2a: Skarmory|Skarmory, M|100/100
|move|p1a: Skarmory|Protect||[still]
|-fail|p1a: Skarmory
|
|-weather|Sandstorm|[upkeep]
|-heal|p1a: Skarmory|27/100|[from] item: Leftovers
|upkeep
|turn|25
|
|t:|1728922871
|move|p2a: Skarmory|Spikes|p1a: Skarmory
|-sidestart|p1: Tyxerns|Spikes
|move|p1a: Skarmory|Spikes|p2a: Skarmory
|-sidestart|p2: smollest brian|Spikes
|
|-weather|Sandstorm|[upkeep]
|-heal|p1a: Skarmory|33/100|[from] item: Leftovers
|upkeep
|turn|26
|
|t:|1728922874
|move|p2a: Skarmory|Spikes|p1a: Skarmory
|-sidestart|p1: Tyxerns|Spikes
|move|p1a: Skarmory|Roar|p2a: Skarmory
|drag|p2a: Blissey|Blissey, F|82/100
|-damage|p2a: Blissey|57/100|[from] Spikes
|
|-weather|Sandstorm|[upkeep]
|-damage|p2a: Blissey|51/100|[from] Sandstorm
|-heal|p1a: Skarmory|39/100|[from] item: Leftovers
|-heal|p2a: Blissey|57/100|[from] item: Leftovers
|upkeep
|turn|27
|
|t:|1728922879
|move|p2a: Blissey|Soft-Boiled|p2a: Blissey
|-heal|p2a: Blissey|100/100
|move|p1a: Skarmory|Roar|p2a: Blissey
|drag|p2a: Vaporeon|Vaporeon, M|100/100
|-damage|p2a: Vaporeon|76/100|[from] Spikes
|
|-weather|Sandstorm|[upkeep]
|-damage|p2a: Vaporeon|70/100|[from] Sandstorm
|-heal|p1a: Skarmory|45/100|[from] item: Leftovers
|-heal|p2a: Vaporeon|76/100|[from] item: Leftovers
|upkeep
|turn|28
|
|t:|1728922888
|move|p1a: Skarmory|Toxic|p2a: Vaporeon
|-status|p2a: Vaporeon|tox
|move|p2a: Vaporeon|Surf|p1a: Skarmory
|-crit|p1a: Skarmory
|-damage|p1a: Skarmory|0 fnt
|faint|p1a: Skarmory
|
|t:|1728922896
|switch|p1a: Zangoose|Zangoose, M, shiny|100/100
|-damage|p1a: Zangoose|84/100|[from] Spikes
|
|-weather|Sandstorm|[upkeep]
|-damage|p1a: Zangoose|78/100|[from] Sandstorm
|-damage|p2a: Vaporeon|70/100 tox|[from] Sandstorm
|-heal|p1a: Zangoose|84/100|[from] item: Leftovers
|-heal|p2a: Vaporeon|76/100 tox|[from] item: Leftovers
|-damage|p2a: Vaporeon|70/100 tox|[from] psn
|upkeep
|turn|29
|
|t:|1728922900
|move|p1a: Zangoose|Swords Dance|p1a: Zangoose
|-boost|p1a: Zangoose|atk|2
|move|p2a: Vaporeon|Surf|p1a: Zangoose
|-damage|p1a: Zangoose|16/100
|
|-weather|Sandstorm|[upkeep]
|-damage|p1a: Zangoose|10/100|[from] Sandstorm
|-damage|p2a: Vaporeon|63/100 tox|[from] Sandstorm
|-heal|p1a: Zangoose|16/100|[from] item: Leftovers
|-heal|p2a: Vaporeon|70/100 tox|[from] item: Leftovers
|-damage|p2a: Vaporeon|57/100 tox|[from] psn
|upkeep
|turn|30
|
|t:|1728922906
|move|p1a: Zangoose|Return|p2a: Vaporeon
|-damage|p2a: Vaporeon|0 fnt
|faint|p2a: Vaporeon
|
|t:|1728922911
|switch|p2a: Skarmory|Skarmory, M|100/100
|
|-weather|Sandstorm|[upkeep]
|-damage|p1a: Zangoose|10/100|[from] Sandstorm
|-heal|p1a: Zangoose|16/100|[from] item: Leftovers
|upkeep
|turn|31
|
|t:|1728922924
|move|p1a: Zangoose|Return|p2a: Skarmory
|-resisted|p2a: Skarmory
|-damage|p2a: Skarmory|63/100
|move|p2a: Skarmory|Roar|p1a: Zangoose
|drag|p1a: Starmie|Starmie, shiny|29/100
|-damage|p1a: Starmie|12/100|[from] Spikes
|
|-weather|Sandstorm|[upkeep]
|-damage|p1a: Starmie|6/100|[from] Sandstorm
|-heal|p1a: Starmie|12/100|[from] item: Leftovers
|-heal|p2a: Skarmory|69/100|[from] item: Leftovers
|upkeep
|turn|32
|
|t:|1728922930
|move|p1a: Starmie|Thunderbolt|p2a: Skarmory
|-supereffective|p2a: Skarmory
|-damage|p2a: Skarmory|19/100
|move|p2a: Skarmory|Hidden Power|p1a: Starmie
|-resisted|p1a: Starmie
|-damage|p1a: Starmie|0 fnt
|faint|p1a: Starmie
|
|t:|1728922937
|switch|p1a: Zangoose|Zangoose, M, shiny|16/100
|-damage|p1a: Zangoose|0 fnt|[from] Spikes
|faint|p1a: Zangoose
|
|win|smollest brian
|c|☆smollest brian|gg
|c|☆Tyxerns|gg

</script>
<script type="application/json" class="data" id="replaydata-smogtours-gen3ou-798648">
{"id":"smogtours-gen3ou-798648","format":"[Gen 3] OU","players":["Tyxerns","smollest brian"],"uploadtime":1728922937,"views":94,"formatid":"gen3ou","rating":null,"private":0,"password":null}
</script>

<script defer src="js/replays.js?9d40a366"></script>
