<!DOCTYPE html>
<meta charset="utf-8" />
<meta name="viewport" content="width=device-width" />

<title>[Gen 3] OU: mkizzy vs. EpiclyEpicGamerW - Replays - Pok&eacute;mon Showdown!</title>

<meta name="description" content="Watch a replay of a Pok&eacute;mon battle between mkizzy and EpiclyEpicGamerW! Format: [Gen 3] OU; Date: Nov 12, 2024" />
<!--

Hey, you! Looking in the source for the replay log?

You can find them in JSON format, just add `.json` at the end of a replay URL.

https://replay.pokemonshowdown.com/gen7randomdoublesbattle-865046831.json

Or, if you only need the log itself, add `.log` instead:

https://replay.pokemonshowdown.com/gen7randomdoublesbattle-865046831.log

-->

<link rel="stylesheet" href="//pokemonshowdown.com/style/global.css?0.767286132409787" />
<link rel="stylesheet" href="//play.pokemonshowdown.com/style/font-awesome.css?0.9266228007934947" />
<link rel="stylesheet" href="//play.pokemonshowdown.com/style/battle.css?0.7924700842790926" />
<link rel="stylesheet" href="//play.pokemonshowdown.com/style/utilichart.css?0.8777417872839479" />

<!-- Global site tag (gtag.js) - Google Analytics -->
<script async src="https://www.googletagmanager.com/gtag/js?id=UA-26211653-1"></script>
<script>
  window.dataLayer = window.dataLayer || [];
  function gtag(){dataLayer.push(arguments);}
  gtag('js', new Date());

  gtag('config', 'UA-26211653-1');
</script>
<!-- End Google Analytics -->
<!-- Venatus Ad Manager - Install in <HEAD> of page -->
	<script src="https://hb.vntsm.com/v3/live/ad-manager.min.js" type="text/javascript" data-site-id="642aba63ec9a7b11c3c9c1be" data-mode="scan" async></script>
<!-- / Venatus Ad Manager -->

<style>
	@media (max-width:820px) {
		.battle {
			margin: 0 auto;
		}
		.battle-log {
			margin: 7px auto 0;
			max-width: 640px;
			height: 300px;
			position: static;
		}
	}
	.optgroup {
		display: inline-block;
		line-height: 22px;
		font-size: 10pt;
	}
	.optgroup .button {
		height: 25px;
		padding-top: 0;
		padding-bottom: 0;
	}
	.optgroup button.button {
		padding-left: 12px;
		padding-right: 12px;
	}
	.linklist {
		list-style: none;
		margin: 0.5em 0;
		padding: 0;
	}
	.linklist li {
		padding: 2px 0;
	}
	.sidebar {
		float: left;
		width: 320px;
	}
	.bar-wrapper {
		max-width: 1100px;
		margin: 0 auto;
	}
	.bar-wrapper.has-sidebar {
		max-width: 1430px;
	}
	.mainbar {
		margin: 0;
		padding-right: 1px;
	}
	.mainbar.has-sidebar {
		margin-left: 330px;
	}
	@media (min-width: 1511px) {
		.sidebar {
			width: 400px;
		}
		.bar-wrapper.has-sidebar {
			max-width: 1510px;
		}
		.mainbar.has-sidebar {
			margin-left: 410px;
		}
	}
	.section.first-section {
		margin-top: 9px;
	}
	.blocklink small {
		white-space: normal;
	}
	.button {
		vertical-align: middle;
	}
	.replay-controls {
		padding-top: 10px;
	}
	.replay-controls h1 {
		font-size: 16pt;
		font-weight: normal;
		color: #CCC;
	}
	.pagelink {
		text-align: center;
	}
	.pagelink a {
		width: 150px;
	}
	.textbox, .button {
		font-size: 11pt;
		vertical-align: middle;
	}
	@media (max-width: 450px) {
		.button {
			font-size: 9pt;
		}
	}
</style>

<div>

	<header>
		<div class="nav-wrapper"><ul class="nav">
			<li><a class="button nav-first" href="//pokemonshowdown.com/"><img src="//pokemonshowdown.com/images/pokemonshowdownbeta.png" srcset="//pokemonshowdown.com/images/pokemonshowdownbeta.png 1x, //pokemonshowdown.com/images/pokemonshowdownbeta@2x.png 2x" alt="Pok&eacute;mon Showdown" width="146" height="44" /> Home</a></li>
			<li><a class="button" href="//pokemonshowdown.com/dex/">Pok&eacute;dex</a></li>
			<li><a class="button cur" href="/">Replays</a></li>
			<li><a class="button" href="//pokemonshowdown.com/ladder/">Ladder</a></li>
			<li><a class="button nav-last" href="//pokemonshowdown.com/forums/">Forum</a></li>
			<li><a class="button greenbutton nav-first nav-last" href="//play.pokemonshowdown.com/">Play</a></li>
		</ul></div>
	</header>

	<div class="main" id="main">

		<noscript><section class="section">You need to enable JavaScript to use this page; sorry!</section></noscript>

	</div>

</div>

<script defer nomodule src="//play.pokemonshowdown.com/js/lib/ps-polyfill.js"></script>
<script defer src="//play.pokemonshowdown.com/js/lib/preact.min.js"></script>

<script defer src="//play.pokemonshowdown.com/config/config.js?6dec07f6"></script>
<script defer src="//play.pokemonshowdown.com/js/lib/jquery-1.11.0.min.js"></script>
<script defer src="//play.pokemonshowdown.com/js/lib/html-sanitizer-minified.js"></script>
<script defer src="//play.pokemonshowdown.com/js/battle-sound.js"></script>
<script defer src="//play.pokemonshowdown.com/js/battledata.js?0.6315294753075389"></script>
<script defer src="//play.pokemonshowdown.com/data/pokedex-mini.js?0.7603743185311358"></script>
<script defer src="//play.pokemonshowdown.com/data/pokedex-mini-bw.js?0.030888842834281283"></script>
<script defer src="//play.pokemonshowdown.com/data/graphics.js?0.05593094747507488"></script>
<script defer src="//play.pokemonshowdown.com/data/pokedex.js?0.47064822249611904"></script>
<script defer src="//play.pokemonshowdown.com/data/moves.js?0.8583693120512459"></script>
<script defer src="//play.pokemonshowdown.com/data/abilities.js?0.16017181182386842"></script>
<script defer src="//play.pokemonshowdown.com/data/items.js?0.4163379185673943"></script>
<script defer src="//play.pokemonshowdown.com/data/teambuilder-tables.js?0.31075597372830477"></script>
<script defer src="//play.pokemonshowdown.com/js/battle-tooltips.js?0.6536193500708172"></script>
<script defer src="//play.pokemonshowdown.com/js/battle.js?0.1916591943277901"></script>

<script defer src="js/utils.js?e31f9a17"></script>
<script defer src="js/replays-battle.js?7008c182"></script>

<!-- don't scrape this data! just add .json or .log after the URL!
Full API docs: https://github.com/smogon/pokemon-showdown-client/blob/master/WEB-API.md -->
<script type="text/plain" class="log" id="replaylog-smogtours-gen3ou-806060">
|inactive|Battle timer is ON: inactive players will automatically lose when time's up.
|t:|1731369141
|gametype|singles
|player|p1|mkizzy|brock-gen2|
|player|p2|EpiclyEpicGamerW|red-masters|
|teamsize|p1|6
|teamsize|p2|6
|gen|3
|tier|[Gen 3] OU
|rule|Sleep Clause Mod: Limit one foe put to sleep
|rule|Switch Priority Clause Mod: Faster Pokémon switch first
|rule|Species Clause: Limit one of each Pokémon
|rule|OHKO Clause: OHKO moves are banned
|rule|Evasion Items Clause: Evasion items are banned
|rule|Evasion Moves Clause: Evasion moves are banned
|rule|Endless Battle Clause: Forcing endless battles is banned
|rule|HP Percentage Mod: HP is shown in percentages
|rule|One Boost Passer Clause: Limit one Baton Passer that has a way to boost its stats
|rule|Freeze Clause Mod: Limit one foe frozen
|
|t:|1731369141
|start
|switch|p1a: If it aint gang|Zapdos|100/100
|switch|p2a: Skarmory|Skarmory, F|100/100
|turn|1
|c|☆mkizzy|hf
|inactive|mkizzy has 270 seconds left.
|inactive|EpiclyEpicGamerW has 270 seconds left.
|inactive|EpiclyEpicGamerW has 240 seconds left.
|
|t:|1731369224
|switch|p2a: Blissey|Blissey, F, shiny|100/100
|move|p1a: If it aint gang|Thunderbolt|p2a: Blissey
|-damage|p2a: Blissey|81/100
|-status|p2a: Blissey|par
|
|-heal|p2a: Blissey|87/100 par|[from] item: Leftovers
|upkeep
|turn|2
|
|t:|1731369239
|move|p1a: If it aint gang|Baton Pass|p1a: If it aint gang
|
|t:|1731369249
|switch|p1a: I'll risk it|Swampert, F|100/100|[from] Baton Pass
|move|p2a: Blissey|Ice Beam|p1a: I'll risk it
|-damage|p1a: I'll risk it|79/100
|
|-heal|p1a: I'll risk it|85/100|[from] item: Leftovers
|-heal|p2a: Blissey|93/100 par|[from] item: Leftovers
|upkeep
|turn|3
|
|t:|1731369262
|switch|p1a: Get me a drop|Tyranitar, F|100/100
|-weather|Sandstorm|[from] ability: Sand Stream|[of] p1a: Get me a drop
|cant|p2a: Blissey|par
|
|-weather|Sandstorm|[upkeep]
|-damage|p2a: Blissey|87/100 par|[from] Sandstorm
|-heal|p2a: Blissey|93/100 par|[from] item: Leftovers
|upkeep
|turn|4
|
|t:|1731369273
|-curestatus|p2a: Blissey|par|[from] ability: Natural Cure
|switch|p2a: Swampert|Swampert, F|100/100
|move|p1a: Get me a drop|Rock Slide|p2a: Swampert
|-resisted|p2a: Swampert
|-damage|p2a: Swampert|86/100
|
|-weather|Sandstorm|[upkeep]
|-heal|p2a: Swampert|93/100|[from] item: Leftovers
|upkeep
|turn|5
|
|t:|1731369299
|switch|p1a: Burn them bridges|Suicune|100/100
|switch|p2a: Skarmory|Skarmory, F|100/100
|
|-weather|Sandstorm|[upkeep]
|-damage|p1a: Burn them bridges|94/100|[from] Sandstorm
|-heal|p1a: Burn them bridges|100/100|[from] item: Leftovers
|upkeep
|turn|6
|
|t:|1731369305
|move|p1a: Burn them bridges|Hydro Pump|p2a: Skarmory
|-crit|p2a: Skarmory
|-damage|p2a: Skarmory|0 fnt
|faint|p2a: Skarmory
|c|☆mkizzy|sry
|c|☆EpiclyEpicGamerW|crazy
|inactive|EpiclyEpicGamerW has 270 seconds left.
|
|t:|1731369329
|switch|p2a: Blissey|Blissey, F, shiny|93/100
|
|-weather|Sandstorm|[upkeep]
|-damage|p1a: Burn them bridges|94/100|[from] Sandstorm
|-damage|p2a: Blissey|87/100|[from] Sandstorm
|-heal|p1a: Burn them bridges|100/100|[from] item: Leftovers
|-heal|p2a: Blissey|93/100|[from] item: Leftovers
|upkeep
|turn|7
|
|t:|1731369336
|switch|p1a: Violent siblings|Dugtrio, F|100/100
|move|p2a: Blissey|Toxic|p1a: Violent siblings|[miss]
|-miss|p2a: Blissey|p1a: Violent siblings
|
|-weather|Sandstorm|[upkeep]
|-damage|p2a: Blissey|87/100|[from] Sandstorm
|-heal|p2a: Blissey|93/100|[from] item: Leftovers
|upkeep
|turn|8
|
|t:|1731369343
|move|p1a: Violent siblings|Beat Up|p2a: Blissey
|-damage|p2a: Blissey|84/100
|-damage|p2a: Blissey|75/100
|-damage|p2a: Blissey|64/100
|-damage|p2a: Blissey|47/100
|-damage|p2a: Blissey|35/100
|-damage|p2a: Blissey|23/100
|-hitcount|p2a: Blissey|6
|move|p2a: Blissey|Ice Beam|p1a: Violent siblings
|-supereffective|p1a: Violent siblings
|-damage|p1a: Violent siblings|6/100
|-status|p1a: Violent siblings|frz
|
|-weather|Sandstorm|[upkeep]
|-damage|p2a: Blissey|17/100|[from] Sandstorm
|-heal|p2a: Blissey|23/100|[from] item: Leftovers
|upkeep
|turn|9
|
|t:|1731369357
|cant|p1a: Violent siblings|frz
|move|p2a: Blissey|Soft-Boiled|p2a: Blissey
|-heal|p2a: Blissey|73/100
|
|-weather|Sandstorm|[upkeep]
|-damage|p2a: Blissey|67/100|[from] Sandstorm
|-heal|p2a: Blissey|73/100|[from] item: Leftovers
|upkeep
|turn|10
|
|t:|1731369360
|cant|p1a: Violent siblings|frz
|move|p2a: Blissey|Ice Beam|p1a: Violent siblings
|-supereffective|p1a: Violent siblings
|-crit|p1a: Violent siblings
|-damage|p1a: Violent siblings|0 fnt
|faint|p1a: Violent siblings
|
|t:|1731369378
|switch|p1a: I'll risk it|Swampert, F|85/100
|
|-weather|Sandstorm|[upkeep]
|-damage|p2a: Blissey|67/100|[from] Sandstorm
|-heal|p1a: I'll risk it|92/100|[from] item: Leftovers
|-heal|p2a: Blissey|73/100|[from] item: Leftovers
|upkeep
|turn|11
|
|t:|1731369395
|switch|p2a: Gengar|Gengar, F|100/100
|move|p1a: I'll risk it|Earthquake|p2a: Gengar
|-immune|p2a: Gengar
|
|-weather|Sandstorm|[upkeep]
|-damage|p2a: Gengar|95/100|[from] Sandstorm
|-heal|p2a: Gengar|100/100|[from] item: Leftovers
|-heal|p1a: I'll risk it|98/100|[from] item: Leftovers
|upkeep
|turn|12
|
|t:|1731369405
|move|p2a: Gengar|Will-O-Wisp|p1a: I'll risk it|[miss]
|-miss|p2a: Gengar|p1a: I'll risk it
|move|p1a: I'll risk it|Hydro Pump|p2a: Gengar
|-damage|p2a: Gengar|52/100
|
|-weather|Sandstorm|[upkeep]
|-damage|p2a: Gengar|46/100|[from] Sandstorm
|-heal|p2a: Gengar|52/100|[from] item: Leftovers
|-heal|p1a: I'll risk it|100/100|[from] item: Leftovers
|upkeep
|turn|13
|inactive|EpiclyEpicGamerW has 270 seconds left.
|
|t:|1731369451
|move|p2a: Gengar|Will-O-Wisp|p1a: I'll risk it
|-status|p1a: I'll risk it|brn
|move|p1a: I'll risk it|Hydro Pump|p2a: Gengar
|-crit|p2a: Gengar
|-damage|p2a: Gengar|0 fnt
|faint|p2a: Gengar
|inactive|EpiclyEpicGamerW has 240 seconds left.
|
|t:|1731369471
|switch|p2a: Blissey|Blissey, F, shiny|73/100
|
|-weather|Sandstorm|[upkeep]
|-damage|p2a: Blissey|67/100|[from] Sandstorm
|-damage|p1a: I'll risk it|88/100 brn|[from] brn
|-heal|p2a: Blissey|73/100|[from] item: Leftovers
|upkeep
|turn|14
|
|t:|1731369478
|move|p1a: I'll risk it|Refresh|p1a: I'll risk it
|-curestatus|p1a: I'll risk it|brn|[msg]
|move|p2a: Blissey|Soft-Boiled|p2a: Blissey
|-heal|p2a: Blissey|100/100
|
|-weather|Sandstorm|[upkeep]
|-damage|p2a: Blissey|94/100|[from] Sandstorm
|-heal|p1a: I'll risk it|94/100|[from] item: Leftovers
|-heal|p2a: Blissey|100/100|[from] item: Leftovers
|upkeep
|turn|15
|inactive|EpiclyEpicGamerW has 240 seconds left.
|
|t:|1731369502
|switch|p1a: Do it & dash|Jirachi|100/100
|move|p2a: Blissey|Ice Beam|p1a: Do it & dash
|-resisted|p1a: Do it & dash
|-damage|p1a: Do it & dash|91/100
|
|-weather|Sandstorm|[upkeep]
|-damage|p2a: Blissey|94/100|[from] Sandstorm
|-heal|p1a: Do it & dash|97/100|[from] item: Leftovers
|-heal|p2a: Blissey|100/100|[from] item: Leftovers
|upkeep
|turn|16
|inactive|EpiclyEpicGamerW has 240 seconds left.
|
|t:|1731369509
|move|p1a: Do it & dash|Substitute|p1a: Do it & dash
|-start|p1a: Do it & dash|Substitute
|-damage|p1a: Do it & dash|72/100
|move|p2a: Blissey|Fire Blast|p1a: Do it & dash
|-supereffective|p1a: Do it & dash
|-end|p1a: Do it & dash|Substitute
|
|-weather|Sandstorm|[upkeep]
|-damage|p2a: Blissey|94/100|[from] Sandstorm
|-heal|p1a: Do it & dash|78/100|[from] item: Leftovers
|-heal|p2a: Blissey|100/100|[from] item: Leftovers
|upkeep
|turn|17
|inactive|EpiclyEpicGamerW has 240 seconds left.
|
|t:|1731369525
|switch|p1a: I'll risk it|Swampert, F|94/100
|switch|p2a: Tyranitar|Tyranitar, F|100/100
|
|-weather|Sandstorm|[upkeep]
|-heal|p1a: I'll risk it|100/100|[from] item: Leftovers
|upkeep
|turn|18
|inactive|EpiclyEpicGamerW has 240 seconds left.
|inactive|EpiclyEpicGamerW has 210 seconds left.
|
|t:|1731369568
|switch|p2a: Swampert|Swampert, F|93/100
|move|p1a: I'll risk it|Earthquake|p2a: Swampert
|-damage|p2a: Swampert|65/100
|
|-weather|Sandstorm|[upkeep]
|-heal|p2a: Swampert|71/100|[from] item: Leftovers
|upkeep
|turn|19
|inactive|EpiclyEpicGamerW has 210 seconds left.
|
|t:|1731369577
|switch|p1a: Burn them bridges|Suicune|100/100
|move|p2a: Swampert|Protect||[still]
|-fail|p2a: Swampert
|
|-weather|Sandstorm|[upkeep]
|-damage|p1a: Burn them bridges|94/100|[from] Sandstorm
|-heal|p1a: Burn them bridges|100/100|[from] item: Leftovers
|-heal|p2a: Swampert|77/100|[from] item: Leftovers
|upkeep
|turn|20
|
|t:|1731369593
|switch|p2a: Blissey|Blissey, F, shiny|100/100
|move|p1a: Burn them bridges|Hydro Pump|p2a: Blissey
|-damage|p2a: Blissey|79/100
|
|-weather|Sandstorm|[upkeep]
|-damage|p1a: Burn them bridges|94/100|[from] Sandstorm
|-damage|p2a: Blissey|72/100|[from] Sandstorm
|-heal|p1a: Burn them bridges|100/100|[from] item: Leftovers
|-heal|p2a: Blissey|79/100|[from] item: Leftovers
|upkeep
|turn|21
|
|t:|1731369603
|switch|p1a: Do it & dash|Jirachi|78/100
|move|p2a: Blissey|Toxic|p1a: Do it & dash
|-immune|p1a: Do it & dash
|
|-weather|Sandstorm|[upkeep]
|-damage|p2a: Blissey|72/100|[from] Sandstorm
|-heal|p1a: Do it & dash|84/100|[from] item: Leftovers
|-heal|p2a: Blissey|79/100|[from] item: Leftovers
|upkeep
|turn|22
|
|t:|1731369610
|switch|p1a: I'll risk it|Swampert, F|100/100
|move|p2a: Blissey|Fire Blast|p1a: I'll risk it
|-resisted|p1a: I'll risk it
|-damage|p1a: I'll risk it|87/100
|-status|p1a: I'll risk it|brn
|
|-weather|Sandstorm|[upkeep]
|-damage|p2a: Blissey|72/100|[from] Sandstorm
|-heal|p1a: I'll risk it|93/100 brn|[from] item: Leftovers
|-damage|p1a: I'll risk it|81/100 brn|[from] brn
|-heal|p2a: Blissey|79/100|[from] item: Leftovers
|upkeep
|turn|23
|
|t:|1731369617
|move|p1a: I'll risk it|Refresh|p1a: I'll risk it
|-curestatus|p1a: I'll risk it|brn|[msg]
|move|p2a: Blissey|Ice Beam|p1a: I'll risk it
|-damage|p1a: I'll risk it|58/100
|
|-weather|Sandstorm|[upkeep]
|-damage|p2a: Blissey|72/100|[from] Sandstorm
|-heal|p1a: I'll risk it|64/100|[from] item: Leftovers
|-heal|p2a: Blissey|79/100|[from] item: Leftovers
|upkeep
|turn|24
|
|t:|1731369635
|move|p1a: I'll risk it|Earthquake|p2a: Blissey
|-crit|p2a: Blissey
|-damage|p2a: Blissey|0 fnt
|faint|p2a: Blissey
|c|☆mkizzy|sry
|inactive|EpiclyEpicGamerW has 240 seconds left.
|
|t:|1731369652
|switch|p2a: Starmie|Starmie|100/100
|
|-weather|Sandstorm|[upkeep]
|-damage|p2a: Starmie|94/100|[from] Sandstorm
|-heal|p2a: Starmie|100/100|[from] item: Leftovers
|-heal|p1a: I'll risk it|70/100|[from] item: Leftovers
|upkeep
|turn|25
|
|t:|1731369673
|move|p2a: Starmie|Hydro Pump|p1a: I'll risk it
|-damage|p1a: I'll risk it|19/100
|move|p1a: I'll risk it|Earthquake|p2a: Starmie
|-damage|p2a: Starmie|46/100
|
|-weather|Sandstorm|[upkeep]
|-damage|p2a: Starmie|40/100|[from] Sandstorm
|-heal|p2a: Starmie|46/100|[from] item: Leftovers
|-heal|p1a: I'll risk it|26/100|[from] item: Leftovers
|upkeep
|turn|26
|inactive|EpiclyEpicGamerW has 240 seconds left.
|
|t:|1731369691
|move|p2a: Starmie|Hydro Pump|p1a: I'll risk it
|-damage|p1a: I'll risk it|0 fnt
|faint|p1a: I'll risk it
|
|t:|1731369696
|switch|p1a: If it aint gang|Zapdos|100/100
|
|-weather|Sandstorm|[upkeep]
|-damage|p2a: Starmie|40/100|[from] Sandstorm
|-damage|p1a: If it aint gang|94/100|[from] Sandstorm
|-heal|p2a: Starmie|46/100|[from] item: Leftovers
|-heal|p1a: If it aint gang|100/100|[from] item: Leftovers
|upkeep
|turn|27
|
|t:|1731369702
|switch|p2a: Tyranitar|Tyranitar, F|100/100
|move|p1a: If it aint gang|Thunderbolt|p2a: Tyranitar
|-damage|p2a: Tyranitar|63/100
|
|-weather|Sandstorm|[upkeep]
|-damage|p1a: If it aint gang|94/100|[from] Sandstorm
|-heal|p1a: If it aint gang|100/100|[from] item: Leftovers
|-heal|p2a: Tyranitar|69/100|[from] item: Leftovers
|upkeep
|turn|28
|
|t:|1731369720
|switch|p1a: Burn them bridges|Suicune|100/100
|move|p2a: Tyranitar|Rock Slide|p1a: Burn them bridges
|-crit|p1a: Burn them bridges
|-damage|p1a: Burn them bridges|24/100
|
|-weather|Sandstorm|[upkeep]
|-damage|p1a: Burn them bridges|18/100|[from] Sandstorm
|-heal|p1a: Burn them bridges|24/100|[from] item: Leftovers
|-heal|p2a: Tyranitar|75/100|[from] item: Leftovers
|upkeep
|turn|29
|
|t:|1731369734
|switch|p2a: Swampert|Swampert, F|77/100
|move|p1a: Burn them bridges|Hydro Pump|p2a: Swampert
|-damage|p2a: Swampert|30/100
|
|-weather|Sandstorm|[upkeep]
|-damage|p1a: Burn them bridges|18/100|[from] Sandstorm
|-heal|p1a: Burn them bridges|24/100|[from] item: Leftovers
|-heal|p2a: Swampert|37/100|[from] item: Leftovers
|upkeep
|turn|30
|
|t:|1731369741
|move|p1a: Burn them bridges|Hydro Pump|p2a: Swampert|[miss]
|-miss|p1a: Burn them bridges|p2a: Swampert
|move|p2a: Swampert|Earthquake|p1a: Burn them bridges
|-damage|p1a: Burn them bridges|0 fnt
|faint|p1a: Burn them bridges
|
|t:|1731369744
|switch|p1a: If it aint gang|Zapdos|100/100
|
|-weather|Sandstorm|[upkeep]
|-damage|p1a: If it aint gang|94/100|[from] Sandstorm
|-heal|p1a: If it aint gang|100/100|[from] item: Leftovers
|-heal|p2a: Swampert|43/100|[from] item: Leftovers
|upkeep
|turn|31
|
|t:|1731369752
|move|p2a: Swampert|Protect|p2a: Swampert
|-singleturn|p2a: Swampert|Protect
|move|p1a: If it aint gang|Hidden Power|p2a: Swampert
|-activate|p2a: Swampert|Protect
|
|-weather|Sandstorm|[upkeep]
|-damage|p1a: If it aint gang|94/100|[from] Sandstorm
|-heal|p1a: If it aint gang|100/100|[from] item: Leftovers
|-heal|p2a: Swampert|49/100|[from] item: Leftovers
|upkeep
|turn|32
|inactive|EpiclyEpicGamerW has 270 seconds left.
|
|t:|1731369761
|switch|p2a: Tyranitar|Tyranitar, F|75/100
|move|p1a: If it aint gang|Hidden Power|p2a: Tyranitar
|-supereffective|p2a: Tyranitar
|-damage|p2a: Tyranitar|39/100
|
|-weather|Sandstorm|[upkeep]
|-damage|p1a: If it aint gang|94/100|[from] Sandstorm
|-heal|p1a: If it aint gang|100/100|[from] item: Leftovers
|-heal|p2a: Tyranitar|45/100|[from] item: Leftovers
|upkeep
|turn|33
|inactive|EpiclyEpicGamerW has 270 seconds left.
|
|t:|1731369782
|move|p1a: If it aint gang|Thunderbolt|p2a: Tyranitar
|-damage|p2a: Tyranitar|6/100
|move|p2a: Tyranitar|Rock Slide|p1a: If it aint gang
|-supereffective|p1a: If it aint gang
|-damage|p1a: If it aint gang|0 fnt
|faint|p1a: If it aint gang
|
|t:|1731369787
|switch|p1a: Do it & dash|Jirachi|84/100
|
|-weather|Sandstorm|[upkeep]
|-heal|p1a: Do it & dash|90/100|[from] item: Leftovers
|-heal|p2a: Tyranitar|12/100|[from] item: Leftovers
|upkeep
|turn|34
|
|t:|1731369791
|move|p1a: Do it & dash|Hidden Power|p2a: Tyranitar
|-supereffective|p2a: Tyranitar
|-damage|p2a: Tyranitar|0 fnt
|faint|p2a: Tyranitar
|
|t:|1731369799
|switch|p2a: Swampert|Swampert, F|49/100
|
|-weather|Sandstorm|[upkeep]
|-heal|p1a: Do it & dash|97/100|[from] item: Leftovers
|-heal|p2a: Swampert|55/100|[from] item: Leftovers
|upkeep
|turn|35
|
|t:|1731369802
|move|p1a: Do it & dash|Hidden Power|p2a: Swampert
|-supereffective|p2a: Swampert
|-damage|p2a: Swampert|0 fnt
|faint|p2a: Swampert
|
|t:|1731369804
|switch|p2a: Starmie|Starmie|46/100
|
|-weather|Sandstorm|[upkeep]
|-damage|p2a: Starmie|40/100|[from] Sandstorm
|-heal|p2a: Starmie|46/100|[from] item: Leftovers
|-heal|p1a: Do it & dash|100/100|[from] item: Leftovers
|upkeep
|turn|36
|
|t:|1731369806
|move|p2a: Starmie|Hydro Pump|p1a: Do it & dash
|-damage|p1a: Do it & dash|55/100
|move|p1a: Do it & dash|Thunderbolt|p2a: Starmie
|-supereffective|p2a: Starmie
|-damage|p2a: Starmie|0 fnt
|faint|p2a: Starmie
|
|win|mkizzy
|c|☆mkizzy|gg sry for hax
|c|☆EpiclyEpicGamerW|gg

</script>
<script type="application/json" class="data" id="replaydata-smogtours-gen3ou-806060">
{"id":"smogtours-gen3ou-806060","format":"[Gen 3] OU","players":["mkizzy","EpiclyEpicGamerW"],"uploadtime":1731369806,"views":16,"formatid":"gen3ou","rating":null,"private":0,"password":null}
</script>

<script defer src="js/replays.js?9d40a366"></script>
