<!DOCTYPE html>
<meta charset="utf-8" />
<meta name="viewport" content="width=device-width" />

<title>[Gen 3] OU: Carfrogs vs. basilberry - Replays - Pok&eacute;mon Showdown!</title>

<meta name="description" content="Watch a replay of a Pok&eacute;mon battle between Carfrogs and basilberry! Format: [Gen 3] OU; Date: Oct 2, 2024" />
<!--

Hey, you! Looking in the source for the replay log?

You can find them in JSON format, just add `.json` at the end of a replay URL.

https://replay.pokemonshowdown.com/gen7randomdoublesbattle-865046831.json

Or, if you only need the log itself, add `.log` instead:

https://replay.pokemonshowdown.com/gen7randomdoublesbattle-865046831.log

-->

<link rel="stylesheet" href="//pokemonshowdown.com/style/global.css?0.767286132409787" />
<link rel="stylesheet" href="//play.pokemonshowdown.com/style/font-awesome.css?0.9266228007934947" />
<link rel="stylesheet" href="//play.pokemonshowdown.com/style/battle.css?0.7924700842790926" />
<link rel="stylesheet" href="//play.pokemonshowdown.com/style/utilichart.css?0.8777417872839479" />

<!-- Global site tag (gtag.js) - Google Analytics -->
<script async src="https://www.googletagmanager.com/gtag/js?id=UA-26211653-1"></script>
<script>
  window.dataLayer = window.dataLayer || [];
  function gtag(){dataLayer.push(arguments);}
  gtag('js', new Date());

  gtag('config', 'UA-26211653-1');
</script>
<!-- End Google Analytics -->
<!-- Venatus Ad Manager - Install in <HEAD> of page -->
	<script src="https://hb.vntsm.com/v3/live/ad-manager.min.js" type="text/javascript" data-site-id="642aba63ec9a7b11c3c9c1be" data-mode="scan" async></script>
<!-- / Venatus Ad Manager -->

<style>
	@media (max-width:820px) {
		.battle {
			margin: 0 auto;
		}
		.battle-log {
			margin: 7px auto 0;
			max-width: 640px;
			height: 300px;
			position: static;
		}
	}
	.optgroup {
		display: inline-block;
		line-height: 22px;
		font-size: 10pt;
	}
	.optgroup .button {
		height: 25px;
		padding-top: 0;
		padding-bottom: 0;
	}
	.optgroup button.button {
		padding-left: 12px;
		padding-right: 12px;
	}
	.linklist {
		list-style: none;
		margin: 0.5em 0;
		padding: 0;
	}
	.linklist li {
		padding: 2px 0;
	}
	.sidebar {
		float: left;
		width: 320px;
	}
	.bar-wrapper {
		max-width: 1100px;
		margin: 0 auto;
	}
	.bar-wrapper.has-sidebar {
		max-width: 1430px;
	}
	.mainbar {
		margin: 0;
		padding-right: 1px;
	}
	.mainbar.has-sidebar {
		margin-left: 330px;
	}
	@media (min-width: 1511px) {
		.sidebar {
			width: 400px;
		}
		.bar-wrapper.has-sidebar {
			max-width: 1510px;
		}
		.mainbar.has-sidebar {
			margin-left: 410px;
		}
	}
	.section.first-section {
		margin-top: 9px;
	}
	.blocklink small {
		white-space: normal;
	}
	.button {
		vertical-align: middle;
	}
	.replay-controls {
		padding-top: 10px;
	}
	.replay-controls h1 {
		font-size: 16pt;
		font-weight: normal;
		color: #CCC;
	}
	.pagelink {
		text-align: center;
	}
	.pagelink a {
		width: 150px;
	}
	.textbox, .button {
		font-size: 11pt;
		vertical-align: middle;
	}
	@media (max-width: 450px) {
		.button {
			font-size: 9pt;
		}
	}
</style>

<div>

	<header>
		<div class="nav-wrapper"><ul class="nav">
			<li><a class="button nav-first" href="//pokemonshowdown.com/"><img src="//pokemonshowdown.com/images/pokemonshowdownbeta.png" srcset="//pokemonshowdown.com/images/pokemonshowdownbeta.png 1x, //pokemonshowdown.com/images/pokemonshowdownbeta@2x.png 2x" alt="Pok&eacute;mon Showdown" width="146" height="44" /> Home</a></li>
			<li><a class="button" href="//pokemonshowdown.com/dex/">Pok&eacute;dex</a></li>
			<li><a class="button cur" href="/">Replays</a></li>
			<li><a class="button" href="//pokemonshowdown.com/ladder/">Ladder</a></li>
			<li><a class="button nav-last" href="//pokemonshowdown.com/forums/">Forum</a></li>
			<li><a class="button greenbutton nav-first nav-last" href="//play.pokemonshowdown.com/">Play</a></li>
		</ul></div>
	</header>

	<div class="main" id="main">

		<noscript><section class="section">You need to enable JavaScript to use this page; sorry!</section></noscript>

	</div>

</div>

<script defer nomodule src="//play.pokemonshowdown.com/js/lib/ps-polyfill.js"></script>
<script defer src="//play.pokemonshowdown.com/js/lib/preact.min.js"></script>

<script defer src="//play.pokemonshowdown.com/config/config.js?6dec07f6"></script>
<script defer src="//play.pokemonshowdown.com/js/lib/jquery-1.11.0.min.js"></script>
<script defer src="//play.pokemonshowdown.com/js/lib/html-sanitizer-minified.js"></script>
<script defer src="//play.pokemonshowdown.com/js/battle-sound.js"></script>
<script defer src="//play.pokemonshowdown.com/js/battledata.js?0.6315294753075389"></script>
<script defer src="//play.pokemonshowdown.com/data/pokedex-mini.js?0.7603743185311358"></script>
<script defer src="//play.pokemonshowdown.com/data/pokedex-mini-bw.js?0.030888842834281283"></script>
<script defer src="//play.pokemonshowdown.com/data/graphics.js?0.05593094747507488"></script>
<script defer src="//play.pokemonshowdown.com/data/pokedex.js?0.47064822249611904"></script>
<script defer src="//play.pokemonshowdown.com/data/moves.js?0.8583693120512459"></script>
<script defer src="//play.pokemonshowdown.com/data/abilities.js?0.16017181182386842"></script>
<script defer src="//play.pokemonshowdown.com/data/items.js?0.4163379185673943"></script>
<script defer src="//play.pokemonshowdown.com/data/teambuilder-tables.js?0.31075597372830477"></script>
<script defer src="//play.pokemonshowdown.com/js/battle-tooltips.js?0.6536193500708172"></script>
<script defer src="//play.pokemonshowdown.com/js/battle.js?0.1916591943277901"></script>

<script defer src="js/utils.js?e31f9a17"></script>
<script defer src="js/replays-battle.js?7008c182"></script>

<!-- don't scrape this data! just add .json or .log after the URL!
Full API docs: https://github.com/smogon/pokemon-showdown-client/blob/master/WEB-API.md -->
<script type="text/plain" class="log" id="replaylog-gen3ou-2214586563-nmmps9q0ref5c55pa0rs9cssytgwnstpw">
|j|☆Carfrogs
|j|☆basilberry
|t:|1727902621
|gametype|singles
|player|p1|Carfrogs|boarder-gen2|
|player|p2|basilberry|giovanni|
|teamsize|p1|6
|teamsize|p2|6
|gen|3
|tier|[Gen 3] OU
|rule|Sleep Clause Mod: Limit one foe put to sleep
|rule|Switch Priority Clause Mod: Faster Pokémon switch first
|rule|Species Clause: Limit one of each Pokémon
|rule|OHKO Clause: OHKO moves are banned
|rule|Evasion Items Clause: Evasion items are banned
|rule|Evasion Moves Clause: Evasion moves are banned
|rule|Endless Battle Clause: Forcing endless battles is banned
|rule|HP Percentage Mod: HP is shown in percentages
|rule|One Boost Passer Clause: Limit one Baton Passer that has a way to boost its stats
|rule|Freeze Clause Mod: Limit one foe frozen
|
|t:|1727902621
|start
|switch|p1a: Salamence|Salamence, M|100/100
|switch|p2a: Vaporeon|Vaporeon, M|100/100
|-ability|p1a: Salamence|Intimidate|boost
|-unboost|p2a: Vaporeon|atk|1
|turn|1
|inactive|Battle timer is ON: inactive players will automatically lose when time's up. (requested by Carfrogs)
|inactiveoff|Battle timer is now OFF.
|
|t:|1727902641
|switch|p1a: Hariyama|Hariyama, F|100/100
|switch|p2a: Swampert|Swampert, M|100/100
|
|upkeep
|turn|2
|
|t:|1727902652
|move|p2a: Swampert|Substitute|p2a: Swampert
|-start|p2a: Swampert|Substitute
|-damage|p2a: Swampert|76/100
|move|p1a: Hariyama|Knock Off|p2a: Swampert
|-activate|p2a: Swampert|Substitute|[damage]
|
|upkeep
|turn|3
|
|t:|1727902670
|switch|p1a: Suicune|Suicune|100/100
|move|p2a: Swampert|Hydro Pump|p1a: Suicune|[miss]
|-miss|p2a: Swampert|p1a: Suicune
|
|upkeep
|turn|4
|
|t:|1727902705
|switch|p2a: LICENSED TO ILL|Metagross|100/100
|move|p1a: Suicune|Surf|p2a: LICENSED TO ILL
|-damage|p2a: LICENSED TO ILL|67/100
|
|upkeep
|turn|5
|
|t:|1727902729
|switch|p1a: Claydol|Claydol|100/100
|move|p2a: LICENSED TO ILL|Explosion|p1a: Claydol
|-damage|p1a: Claydol|0 fnt
|faint|p2a: LICENSED TO ILL
|faint|p1a: Claydol
|
|t:|1727902754
|switch|p1a: Hariyama|Hariyama, F|100/100
|switch|p2a: KING GIZZARD|Tyranitar, F|100/100
|-weather|Sandstorm|[from] ability: Sand Stream|[of] p2a: KING GIZZARD
|
|-weather|Sandstorm|[upkeep]
|-damage|p1a: Hariyama|94/100|[from] Sandstorm
|-heal|p1a: Hariyama|100/100|[from] item: Leftovers
|upkeep
|turn|6
|
|t:|1727902777
|switch|p2a: Swampert|Swampert, M|76/100
|move|p1a: Hariyama|Brick Break|p2a: Swampert
|-damage|p2a: Swampert|40/100
|
|-weather|Sandstorm|[upkeep]
|-damage|p1a: Hariyama|94/100|[from] Sandstorm
|-heal|p1a: Hariyama|100/100|[from] item: Leftovers
|upkeep
|turn|7
|
|t:|1727902785
|move|p2a: Swampert|Substitute|p2a: Swampert
|-start|p2a: Swampert|Substitute
|-damage|p2a: Swampert|15/100
|move|p1a: Hariyama|Brick Break|p2a: Swampert
|-end|p2a: Swampert|Substitute
|
|-weather|Sandstorm|[upkeep]
|-damage|p1a: Hariyama|94/100|[from] Sandstorm
|-enditem|p2a: Swampert|Salac Berry|[eat]
|-boost|p2a: Swampert|spe|1|[from] item: Salac Berry
|-heal|p1a: Hariyama|100/100|[from] item: Leftovers
|upkeep
|turn|8
|
|t:|1727902796
|move|p2a: Swampert|Endeavor|p1a: Hariyama
|-damage|p1a: Hariyama|12/100
|move|p1a: Hariyama|Brick Break|p2a: Swampert
|-damage|p2a: Swampert|0 fnt
|faint|p2a: Swampert
|
|t:|1727902802
|switch|p2a: LIZARD WIZARD|Salamence, M|100/100
|-ability|p2a: LIZARD WIZARD|Intimidate|boost
|-unboost|p1a: Hariyama|atk|1
|
|-weather|Sandstorm|[upkeep]
|-damage|p2a: LIZARD WIZARD|94/100|[from] Sandstorm
|-damage|p1a: Hariyama|6/100|[from] Sandstorm
|-heal|p2a: LIZARD WIZARD|100/100|[from] item: Leftovers
|-heal|p1a: Hariyama|12/100|[from] item: Leftovers
|upkeep
|turn|9
|
|t:|1727902814
|move|p2a: LIZARD WIZARD|Dragon Dance|p2a: LIZARD WIZARD
|-boost|p2a: LIZARD WIZARD|atk|1
|-boost|p2a: LIZARD WIZARD|spe|1
|move|p1a: Hariyama|Knock Off|p2a: LIZARD WIZARD
|-damage|p2a: LIZARD WIZARD|98/100
|-enditem|p2a: LIZARD WIZARD|Leftovers|[from] move: Knock Off|[of] p1a: Hariyama
|-hint|In Gens 3-4, Knock Off only makes the target's item unusable; it cannot obtain a new item.
|
|-weather|Sandstorm|[upkeep]
|-damage|p2a: LIZARD WIZARD|92/100|[from] Sandstorm
|-damage|p1a: Hariyama|6/100|[from] Sandstorm
|-heal|p1a: Hariyama|12/100|[from] item: Leftovers
|upkeep
|turn|10
|
|t:|1727902824
|switch|p1a: Salamence|Salamence, M|100/100
|-ability|p1a: Salamence|Intimidate|boost
|-unboost|p2a: LIZARD WIZARD|atk|1
|move|p2a: LIZARD WIZARD|Rock Slide|p1a: Salamence|[miss]
|-miss|p2a: LIZARD WIZARD|p1a: Salamence
|
|-weather|Sandstorm|[upkeep]
|-damage|p2a: LIZARD WIZARD|86/100|[from] Sandstorm
|-damage|p1a: Salamence|94/100|[from] Sandstorm
|upkeep
|turn|11
|
|t:|1727902860
|move|p2a: LIZARD WIZARD|Rock Slide|p1a: Salamence
|-supereffective|p1a: Salamence
|-damage|p1a: Salamence|19/100
|move|p1a: Salamence|Hidden Power|p2a: LIZARD WIZARD
|-damage|p2a: LIZARD WIZARD|18/100
|
|-weather|Sandstorm|[upkeep]
|-damage|p2a: LIZARD WIZARD|12/100|[from] Sandstorm
|-damage|p1a: Salamence|13/100|[from] Sandstorm
|upkeep
|turn|12
|
|t:|1727902869
|switch|p1a: Blissey|Blissey, F|100/100
|move|p2a: LIZARD WIZARD|Rock Slide|p1a: Blissey
|-damage|p1a: Blissey|71/100
|
|-weather|Sandstorm|[upkeep]
|-damage|p2a: LIZARD WIZARD|6/100|[from] Sandstorm
|-damage|p1a: Blissey|65/100|[from] Sandstorm
|-heal|p1a: Blissey|71/100|[from] item: Leftovers
|upkeep
|turn|13
|
|t:|1727902884
|switch|p2a: Vaporeon|Vaporeon, M|100/100
|move|p1a: Blissey|Soft-Boiled|p1a: Blissey
|-heal|p1a: Blissey|100/100
|
|-weather|Sandstorm|[upkeep]
|-damage|p2a: Vaporeon|94/100|[from] Sandstorm
|-damage|p1a: Blissey|94/100|[from] Sandstorm
|-heal|p1a: Blissey|100/100|[from] item: Leftovers
|upkeep
|turn|14
|
|t:|1727902888
|move|p2a: Vaporeon|Substitute|p2a: Vaporeon
|-start|p2a: Vaporeon|Substitute
|-damage|p2a: Vaporeon|69/100
|move|p1a: Blissey|Thunderbolt|p2a: Vaporeon
|-supereffective|p2a: Vaporeon
|-end|p2a: Vaporeon|Substitute
|
|-weather|Sandstorm|[upkeep]
|-damage|p2a: Vaporeon|63/100|[from] Sandstorm
|-damage|p1a: Blissey|94/100|[from] Sandstorm
|-heal|p1a: Blissey|100/100|[from] item: Leftovers
|upkeep
|turn|15
|
|t:|1727902897
|switch|p1a: Jirachi|Jirachi|100/100
|move|p2a: Vaporeon|Substitute|p2a: Vaporeon
|-start|p2a: Vaporeon|Substitute
|-damage|p2a: Vaporeon|38/100
|
|-weather|Sandstorm|[upkeep]
|-damage|p2a: Vaporeon|32/100|[from] Sandstorm
|upkeep
|turn|16
|
|t:|1727902909
|switch|p1a: Suicune|Suicune|100/100
|move|p2a: Vaporeon|Hydro Pump|p1a: Suicune
|-resisted|p1a: Suicune
|-damage|p1a: Suicune|79/100
|
|-weather|Sandstorm|[upkeep]
|-damage|p2a: Vaporeon|26/100|[from] Sandstorm
|-damage|p1a: Suicune|72/100|[from] Sandstorm
|-heal|p1a: Suicune|79/100|[from] item: Leftovers
|upkeep
|turn|17
|
|t:|1727902927
|move|p2a: Vaporeon|Ice Beam|p1a: Suicune
|-resisted|p1a: Suicune
|-damage|p1a: Suicune|67/100
|move|p1a: Suicune|Calm Mind|p1a: Suicune
|-boost|p1a: Suicune|spa|1
|-boost|p1a: Suicune|spd|1
|
|-weather|Sandstorm|[upkeep]
|-damage|p2a: Vaporeon|20/100|[from] Sandstorm
|-damage|p1a: Suicune|61/100|[from] Sandstorm
|-enditem|p2a: Vaporeon|Salac Berry|[eat]
|-boost|p2a: Vaporeon|spe|1|[from] item: Salac Berry
|-heal|p1a: Suicune|67/100|[from] item: Leftovers
|upkeep
|turn|18
|
|t:|1727902935
|move|p2a: Vaporeon|Baton Pass|p2a: Vaporeon
|
|t:|1727902957
|switch|p2a: Heracross|Heracross, F|100/100|[from] Baton Pass
|move|p1a: Suicune|Roar|p2a: Heracross
|drag|p2a: Vaporeon|Vaporeon, M|20/100
|
|-weather|Sandstorm|[upkeep]
|-damage|p2a: Vaporeon|14/100|[from] Sandstorm
|-damage|p1a: Suicune|61/100|[from] Sandstorm
|-heal|p1a: Suicune|67/100|[from] item: Leftovers
|upkeep
|turn|19
|
|t:|1727902981
|move|p2a: Vaporeon|Hydro Pump|p1a: Suicune
|-resisted|p1a: Suicune
|-damage|p1a: Suicune|53/100
|move|p1a: Suicune|Calm Mind|p1a: Suicune
|-boost|p1a: Suicune|spa|1
|-boost|p1a: Suicune|spd|1
|
|-weather|Sandstorm|[upkeep]
|-damage|p2a: Vaporeon|8/100|[from] Sandstorm
|-damage|p1a: Suicune|47/100|[from] Sandstorm
|-heal|p1a: Suicune|53/100|[from] item: Leftovers
|upkeep
|turn|20
|
|t:|1727902992
|switch|p2a: LIZARD WIZARD|Salamence, M|6/100
|-ability|p2a: LIZARD WIZARD|Intimidate|boost
|-unboost|p1a: Suicune|atk|1
|move|p1a: Suicune|Rest|p1a: Suicune
|-status|p1a: Suicune|slp|[from] move: Rest
|-heal|p1a: Suicune|100/100 slp|[silent]
|
|-weather|Sandstorm|[upkeep]
|-damage|p2a: LIZARD WIZARD|0 fnt|[from] Sandstorm
|-damage|p1a: Suicune|94/100 slp|[from] Sandstorm
|faint|p2a: LIZARD WIZARD
|-heal|p1a: Suicune|100/100 slp|[from] item: Leftovers
|upkeep
|
|t:|1727902995
|switch|p2a: Heracross|Heracross, F|100/100
|turn|21
|
|t:|1727902999
|move|p2a: Heracross|Substitute|p2a: Heracross
|-start|p2a: Heracross|Substitute
|-damage|p2a: Heracross|76/100
|cant|p1a: Suicune|slp
|
|-weather|Sandstorm|[upkeep]
|-damage|p2a: Heracross|70/100|[from] Sandstorm
|-damage|p1a: Suicune|94/100 slp|[from] Sandstorm
|-heal|p1a: Suicune|100/100 slp|[from] item: Leftovers
|upkeep
|turn|22
|
|t:|1727903003
|move|p2a: Heracross|Swords Dance|p2a: Heracross
|-boost|p2a: Heracross|atk|2
|cant|p1a: Suicune|slp
|
|-weather|Sandstorm|[upkeep]
|-damage|p2a: Heracross|64/100|[from] Sandstorm
|-damage|p1a: Suicune|94/100 slp|[from] Sandstorm
|-heal|p1a: Suicune|100/100 slp|[from] item: Leftovers
|upkeep
|turn|23
|
|t:|1727903006
|-singleturn|p2a: Heracross|move: Focus Punch
|move|p2a: Heracross|Focus Punch|p1a: Suicune
|-damage|p1a: Suicune|2/100 slp
|-curestatus|p1a: Suicune|slp|[msg]
|move|p1a: Suicune|Roar|p2a: Heracross
|drag|p2a: Vaporeon|Vaporeon, M|8/100
|
|-weather|Sandstorm|[upkeep]
|-damage|p2a: Vaporeon|2/100|[from] Sandstorm
|-damage|p1a: Suicune|0 fnt|[from] Sandstorm
|faint|p1a: Suicune
|upkeep
|
|t:|1727903033
|switch|p1a: Jirachi|Jirachi|100/100
|turn|24
|
|t:|1727903036
|move|p2a: Vaporeon|Hydro Pump|p1a: Jirachi
|-damage|p1a: Jirachi|58/100
|move|p1a: Jirachi|Fire Punch|p2a: Vaporeon
|-resisted|p2a: Vaporeon
|-damage|p2a: Vaporeon|0 fnt
|faint|p2a: Vaporeon
|
|t:|1727903040
|switch|p2a: KING GIZZARD|Tyranitar, F|100/100
|
|-weather|Sandstorm|[upkeep]
|-heal|p1a: Jirachi|64/100|[from] item: Leftovers
|upkeep
|turn|25
|
|t:|1727903046
|move|p1a: Jirachi|Fire Punch|p2a: KING GIZZARD
|-resisted|p2a: KING GIZZARD
|-crit|p2a: KING GIZZARD
|-damage|p2a: KING GIZZARD|81/100
|move|p2a: KING GIZZARD|Dragon Dance|p2a: KING GIZZARD
|-boost|p2a: KING GIZZARD|atk|1
|-boost|p2a: KING GIZZARD|spe|1
|
|-weather|Sandstorm|[upkeep]
|-heal|p1a: Jirachi|70/100|[from] item: Leftovers
|upkeep
|turn|26
|
|t:|1727903054
|move|p2a: KING GIZZARD|Earthquake|p1a: Jirachi
|-supereffective|p1a: Jirachi
|-damage|p1a: Jirachi|0 fnt
|faint|p1a: Jirachi
|
|t:|1727903061
|switch|p1a: Salamence|Salamence, M|13/100
|-ability|p1a: Salamence|Intimidate|boost
|-unboost|p2a: KING GIZZARD|atk|1
|
|-weather|Sandstorm|[upkeep]
|-damage|p1a: Salamence|7/100|[from] Sandstorm
|upkeep
|turn|27
|
|t:|1727903066
|switch|p1a: Hariyama|Hariyama, F|12/100
|move|p2a: KING GIZZARD|Rock Slide|p1a: Hariyama
|-resisted|p1a: Hariyama
|-damage|p1a: Hariyama|0 fnt
|faint|p1a: Hariyama
|
|t:|1727903079
|switch|p1a: Salamence|Salamence, M|7/100
|-ability|p1a: Salamence|Intimidate|boost
|-unboost|p2a: KING GIZZARD|atk|1
|
|-weather|Sandstorm|[upkeep]
|-damage|p1a: Salamence|1/100|[from] Sandstorm
|upkeep
|turn|28
|
|t:|1727903081
|move|p2a: KING GIZZARD|Rock Slide|p1a: Salamence
|-supereffective|p1a: Salamence
|-damage|p1a: Salamence|0 fnt
|faint|p1a: Salamence
|
|t:|1727903083
|switch|p1a: Blissey|Blissey, F|100/100
|
|-weather|Sandstorm|[upkeep]
|-damage|p1a: Blissey|94/100|[from] Sandstorm
|-heal|p1a: Blissey|100/100|[from] item: Leftovers
|upkeep
|turn|29
|
|t:|1727903087
|move|p2a: KING GIZZARD|Dragon Dance|p2a: KING GIZZARD
|-boost|p2a: KING GIZZARD|atk|1
|-boost|p2a: KING GIZZARD|spe|1
|move|p1a: Blissey|Ice Beam|p2a: KING GIZZARD
|-damage|p2a: KING GIZZARD|51/100
|
|-weather|Sandstorm|[upkeep]
|-damage|p1a: Blissey|94/100|[from] Sandstorm
|-heal|p1a: Blissey|100/100|[from] item: Leftovers
|upkeep
|turn|30
|
|t:|1727903093
|move|p2a: KING GIZZARD|Rock Slide|p1a: Blissey
|-damage|p1a: Blissey|53/100
|move|p1a: Blissey|Ice Beam|p2a: KING GIZZARD
|-damage|p2a: KING GIZZARD|24/100
|-status|p2a: KING GIZZARD|frz
|-enditem|p2a: KING GIZZARD|Lum Berry|[eat]
|-curestatus|p2a: KING GIZZARD|frz|[msg]
|
|-weather|Sandstorm|[upkeep]
|-damage|p1a: Blissey|47/100|[from] Sandstorm
|-heal|p1a: Blissey|53/100|[from] item: Leftovers
|upkeep
|turn|31
|
|t:|1727903099
|move|p2a: KING GIZZARD|Rock Slide|p1a: Blissey
|-damage|p1a: Blissey|6/100
|cant|p1a: Blissey|flinch
|
|-weather|Sandstorm|[upkeep]
|-damage|p1a: Blissey|0 fnt|[from] Sandstorm
|faint|p1a: Blissey
|
|win|basilberry
|upkeep
|c|☆Carfrogs|ggs
|c|☆basilberry|gg

</script>
<script type="application/json" class="data" id="replaydata-gen3ou-2214586563-nmmps9q0ref5c55pa0rs9cssytgwnstpw">
{"id":"gen3ou-2214586563","format":"[Gen 3] OU","players":["Carfrogs","basilberry"],"uploadtime":1727903107,"views":181,"formatid":"gen3ou","rating":null,"private":1,"password":"nmmps9q0ref5c55pa0rs9cssytgwnst"}
</script>

<script defer src="js/replays.js?9d40a366"></script>
