<!DOCTYPE html>
<meta charset="utf-8" />
<meta name="viewport" content="width=device-width" />

<title>[Gen 3] OU: qsns vs. no more bad dreams - Replays - Pok&eacute;mon Showdown!</title>

<meta name="description" content="Watch a replay of a Pok&eacute;mon battle between qsns and no more bad dreams! Format: [Gen 3] OU; Date: Oct 9, 2024" />
<!--

Hey, you! Looking in the source for the replay log?

You can find them in JSON format, just add `.json` at the end of a replay URL.

https://replay.pokemonshowdown.com/gen7randomdoublesbattle-865046831.json

Or, if you only need the log itself, add `.log` instead:

https://replay.pokemonshowdown.com/gen7randomdoublesbattle-865046831.log

-->

<link rel="stylesheet" href="//pokemonshowdown.com/style/global.css?0.767286132409787" />
<link rel="stylesheet" href="//play.pokemonshowdown.com/style/font-awesome.css?0.9266228007934947" />
<link rel="stylesheet" href="//play.pokemonshowdown.com/style/battle.css?0.7924700842790926" />
<link rel="stylesheet" href="//play.pokemonshowdown.com/style/utilichart.css?0.8777417872839479" />

<!-- Global site tag (gtag.js) - Google Analytics -->
<script async src="https://www.googletagmanager.com/gtag/js?id=UA-26211653-1"></script>
<script>
  window.dataLayer = window.dataLayer || [];
  function gtag(){dataLayer.push(arguments);}
  gtag('js', new Date());

  gtag('config', 'UA-26211653-1');
</script>
<!-- End Google Analytics -->
<!-- Venatus Ad Manager - Install in <HEAD> of page -->
	<script src="https://hb.vntsm.com/v3/live/ad-manager.min.js" type="text/javascript" data-site-id="642aba63ec9a7b11c3c9c1be" data-mode="scan" async></script>
<!-- / Venatus Ad Manager -->

<style>
	@media (max-width:820px) {
		.battle {
			margin: 0 auto;
		}
		.battle-log {
			margin: 7px auto 0;
			max-width: 640px;
			height: 300px;
			position: static;
		}
	}
	.optgroup {
		display: inline-block;
		line-height: 22px;
		font-size: 10pt;
	}
	.optgroup .button {
		height: 25px;
		padding-top: 0;
		padding-bottom: 0;
	}
	.optgroup button.button {
		padding-left: 12px;
		padding-right: 12px;
	}
	.linklist {
		list-style: none;
		margin: 0.5em 0;
		padding: 0;
	}
	.linklist li {
		padding: 2px 0;
	}
	.sidebar {
		float: left;
		width: 320px;
	}
	.bar-wrapper {
		max-width: 1100px;
		margin: 0 auto;
	}
	.bar-wrapper.has-sidebar {
		max-width: 1430px;
	}
	.mainbar {
		margin: 0;
		padding-right: 1px;
	}
	.mainbar.has-sidebar {
		margin-left: 330px;
	}
	@media (min-width: 1511px) {
		.sidebar {
			width: 400px;
		}
		.bar-wrapper.has-sidebar {
			max-width: 1510px;
		}
		.mainbar.has-sidebar {
			margin-left: 410px;
		}
	}
	.section.first-section {
		margin-top: 9px;
	}
	.blocklink small {
		white-space: normal;
	}
	.button {
		vertical-align: middle;
	}
	.replay-controls {
		padding-top: 10px;
	}
	.replay-controls h1 {
		font-size: 16pt;
		font-weight: normal;
		color: #CCC;
	}
	.pagelink {
		text-align: center;
	}
	.pagelink a {
		width: 150px;
	}
	.textbox, .button {
		font-size: 11pt;
		vertical-align: middle;
	}
	@media (max-width: 450px) {
		.button {
			font-size: 9pt;
		}
	}
</style>

<div>

	<header>
		<div class="nav-wrapper"><ul class="nav">
			<li><a class="button nav-first" href="//pokemonshowdown.com/"><img src="//pokemonshowdown.com/images/pokemonshowdownbeta.png" srcset="//pokemonshowdown.com/images/pokemonshowdownbeta.png 1x, //pokemonshowdown.com/images/pokemonshowdownbeta@2x.png 2x" alt="Pok&eacute;mon Showdown" width="146" height="44" /> Home</a></li>
			<li><a class="button" href="//pokemonshowdown.com/dex/">Pok&eacute;dex</a></li>
			<li><a class="button cur" href="/">Replays</a></li>
			<li><a class="button" href="//pokemonshowdown.com/ladder/">Ladder</a></li>
			<li><a class="button nav-last" href="//pokemonshowdown.com/forums/">Forum</a></li>
			<li><a class="button greenbutton nav-first nav-last" href="//play.pokemonshowdown.com/">Play</a></li>
		</ul></div>
	</header>

	<div class="main" id="main">

		<noscript><section class="section">You need to enable JavaScript to use this page; sorry!</section></noscript>

	</div>

</div>

<script defer nomodule src="//play.pokemonshowdown.com/js/lib/ps-polyfill.js"></script>
<script defer src="//play.pokemonshowdown.com/js/lib/preact.min.js"></script>

<script defer src="//play.pokemonshowdown.com/config/config.js?6dec07f6"></script>
<script defer src="//play.pokemonshowdown.com/js/lib/jquery-1.11.0.min.js"></script>
<script defer src="//play.pokemonshowdown.com/js/lib/html-sanitizer-minified.js"></script>
<script defer src="//play.pokemonshowdown.com/js/battle-sound.js"></script>
<script defer src="//play.pokemonshowdown.com/js/battledata.js?0.6315294753075389"></script>
<script defer src="//play.pokemonshowdown.com/data/pokedex-mini.js?0.7603743185311358"></script>
<script defer src="//play.pokemonshowdown.com/data/pokedex-mini-bw.js?0.030888842834281283"></script>
<script defer src="//play.pokemonshowdown.com/data/graphics.js?0.05593094747507488"></script>
<script defer src="//play.pokemonshowdown.com/data/pokedex.js?0.47064822249611904"></script>
<script defer src="//play.pokemonshowdown.com/data/moves.js?0.8583693120512459"></script>
<script defer src="//play.pokemonshowdown.com/data/abilities.js?0.16017181182386842"></script>
<script defer src="//play.pokemonshowdown.com/data/items.js?0.4163379185673943"></script>
<script defer src="//play.pokemonshowdown.com/data/teambuilder-tables.js?0.31075597372830477"></script>
<script defer src="//play.pokemonshowdown.com/js/battle-tooltips.js?0.6536193500708172"></script>
<script defer src="//play.pokemonshowdown.com/js/battle.js?0.1916591943277901"></script>

<script defer src="js/utils.js?e31f9a17"></script>
<script defer src="js/replays-battle.js?7008c182"></script>

<!-- don't scrape this data! just add .json or .log after the URL!
Full API docs: https://github.com/smogon/pokemon-showdown-client/blob/master/WEB-API.md -->
<script type="text/plain" class="log" id="replaylog-smogtours-gen3ou-796592">
|inactive|Battle timer is ON: inactive players will automatically lose when time's up.
|t:|1728450306
|gametype|singles
|player|p1|qsns|#scl4islanders2|
|player|p2|no more bad dreams|skullgruntf|
|teamsize|p1|6
|teamsize|p2|6
|gen|3
|tier|[Gen 3] OU
|rule|Sleep Clause Mod: Limit one foe put to sleep
|rule|Switch Priority Clause Mod: Faster Pokémon switch first
|rule|Species Clause: Limit one of each Pokémon
|rule|OHKO Clause: OHKO moves are banned
|rule|Evasion Items Clause: Evasion items are banned
|rule|Evasion Moves Clause: Evasion moves are banned
|rule|Endless Battle Clause: Forcing endless battles is banned
|rule|HP Percentage Mod: HP is shown in percentages
|rule|One Boost Passer Clause: Limit one Baton Passer that has a way to boost its stats
|rule|Freeze Clause Mod: Limit one foe frozen
|
|t:|1728450306
|start
|switch|p1a: One More Time|Tyranitar, M|100/100
|switch|p2a: Tyranitar|Tyranitar, F, shiny|100/100
|-weather|Sandstorm|[from] ability: Sand Stream|[of] p1a: One More Time
|turn|1
|c|☆qsns|hf
|c|☆no more bad dreams|hf
|
|t:|1728450313
|switch|p1a: Aerodynamic|Skarmory, M|100/100
|switch|p2a: Swampert|Swampert, M|100/100
|
|-weather|Sandstorm|[upkeep]
|upkeep
|turn|2
|
|t:|1728450317
|switch|p2a: Skarmory|Skarmory, M|100/100
|move|p1a: Aerodynamic|Spikes|p2a: Skarmory
|-sidestart|p2: no more bad dreams|Spikes
|
|-weather|Sandstorm|[upkeep]
|upkeep
|turn|3
|
|t:|1728450320
|move|p1a: Aerodynamic|Spikes|p2a: Skarmory
|-sidestart|p2: no more bad dreams|Spikes
|move|p2a: Skarmory|Spikes|p1a: Aerodynamic
|-sidestart|p1: qsns|Spikes
|
|-weather|Sandstorm|[upkeep]
|upkeep
|turn|4
|
|t:|1728450324
|move|p1a: Aerodynamic|Spikes|p2a: Skarmory
|-sidestart|p2: no more bad dreams|Spikes
|move|p2a: Skarmory|Spikes|p1a: Aerodynamic
|-sidestart|p1: qsns|Spikes
|
|-weather|Sandstorm|[upkeep]
|upkeep
|turn|5
|
|t:|1728450325
|move|p2a: Skarmory|Spikes|p1a: Aerodynamic
|-sidestart|p1: qsns|Spikes
|move|p1a: Aerodynamic|Roar|p2a: Skarmory
|drag|p2a: Claydol|Claydol|100/100
|
|-weather|Sandstorm|[upkeep]
|upkeep
|turn|6
|
|t:|1728450329
|switch|p2a: Gengar|Gengar, M|100/100
|switch|p1a: Face to Face|Gengar, F|100/100
|
|-weather|Sandstorm|[upkeep]
|-damage|p2a: Gengar|95/100|[from] Sandstorm
|-damage|p1a: Face to Face|94/100|[from] Sandstorm
|-heal|p2a: Gengar|100/100|[from] item: Leftovers
|-heal|p1a: Face to Face|100/100|[from] item: Leftovers
|upkeep
|turn|7
|
|t:|1728450335
|move|p2a: Gengar|Will-O-Wisp|p1a: Face to Face|[miss]
|-miss|p2a: Gengar|p1a: Face to Face
|move|p1a: Face to Face|Will-O-Wisp|p2a: Gengar|[miss]
|-miss|p1a: Face to Face|p2a: Gengar
|
|-weather|Sandstorm|[upkeep]
|-damage|p2a: Gengar|95/100|[from] Sandstorm
|-damage|p1a: Face to Face|94/100|[from] Sandstorm
|-heal|p2a: Gengar|100/100|[from] item: Leftovers
|-heal|p1a: Face to Face|100/100|[from] item: Leftovers
|upkeep
|turn|8
|
|t:|1728450342
|move|p2a: Gengar|Will-O-Wisp|p1a: Face to Face|[miss]
|-miss|p2a: Gengar|p1a: Face to Face
|move|p1a: Face to Face|Will-O-Wisp|p2a: Gengar|[miss]
|-miss|p1a: Face to Face|p2a: Gengar
|
|-weather|Sandstorm|[upkeep]
|-damage|p2a: Gengar|95/100|[from] Sandstorm
|-damage|p1a: Face to Face|94/100|[from] Sandstorm
|-heal|p2a: Gengar|100/100|[from] item: Leftovers
|-heal|p1a: Face to Face|100/100|[from] item: Leftovers
|upkeep
|turn|9
|c|☆qsns|lol
|c|☆no more bad dreams|will-o-wisp moment
|
|t:|1728450352
|move|p2a: Gengar|Will-O-Wisp|p1a: Face to Face
|-status|p1a: Face to Face|brn
|move|p1a: Face to Face|Will-O-Wisp|p2a: Gengar
|-status|p2a: Gengar|brn
|
|-weather|Sandstorm|[upkeep]
|-damage|p2a: Gengar|95/100 brn|[from] Sandstorm
|-damage|p1a: Face to Face|94/100 brn|[from] Sandstorm
|-heal|p2a: Gengar|100/100 brn|[from] item: Leftovers
|-damage|p2a: Gengar|88/100 brn|[from] brn
|-heal|p1a: Face to Face|100/100 brn|[from] item: Leftovers
|-damage|p1a: Face to Face|88/100 brn|[from] brn
|upkeep
|turn|10
|c|☆qsns|i love 75
|c|☆qsns|%
|inactive|qsns has 270 seconds left.
|
|t:|1728450384
|switch|p1a: Superheroes|Swampert, M|100/100
|-damage|p1a: Superheroes|76/100|[from] Spikes
|move|p2a: Gengar|Thunderbolt|p1a: Superheroes
|-immune|p1a: Superheroes
|
|-weather|Sandstorm|[upkeep]
|-damage|p2a: Gengar|82/100 brn|[from] Sandstorm
|-heal|p2a: Gengar|88/100 brn|[from] item: Leftovers
|-damage|p2a: Gengar|76/100 brn|[from] brn
|-heal|p1a: Superheroes|82/100|[from] item: Leftovers
|upkeep
|turn|11
|
|t:|1728450394
|switch|p2a: Skarmory|Skarmory, M|100/100
|move|p1a: Superheroes|Surf|p2a: Skarmory
|-damage|p2a: Skarmory|75/100
|
|-weather|Sandstorm|[upkeep]
|-heal|p2a: Skarmory|81/100|[from] item: Leftovers
|-heal|p1a: Superheroes|88/100|[from] item: Leftovers
|upkeep
|turn|12
|
|t:|1728450398
|move|p1a: Superheroes|Surf|p2a: Skarmory
|-damage|p2a: Skarmory|53/100
|move|p2a: Skarmory|Roar|p1a: Superheroes
|drag|p1a: Aerodynamic|Skarmory, M|100/100
|
|-weather|Sandstorm|[upkeep]
|-heal|p2a: Skarmory|59/100|[from] item: Leftovers
|upkeep
|turn|13
|
|t:|1728450404
|move|p1a: Aerodynamic|Roar|p2a: Skarmory
|drag|p2a: Claydol|Claydol|100/100
|
|-weather|Sandstorm|[upkeep]
|upkeep
|turn|14
|
|t:|1728450413
|move|p2a: Claydol|Rapid Spin|p1a: Aerodynamic
|-resisted|p1a: Aerodynamic
|-damage|p1a: Aerodynamic|99/100
|-sideend|p2: no more bad dreams|Spikes|[from] move: Rapid Spin|[of] p2a: Claydol
|move|p1a: Aerodynamic|Drill Peck|p2a: Claydol
|-damage|p2a: Claydol|77/100
|
|-weather|Sandstorm|[upkeep]
|-heal|p2a: Claydol|84/100|[from] item: Leftovers
|-heal|p1a: Aerodynamic|100/100|[from] item: Leftovers
|upkeep
|turn|15
|
|t:|1728450422
|switch|p2a: Blissey|Blissey, F|100/100
|move|p1a: Aerodynamic|Spikes|p2a: Blissey
|-sidestart|p2: no more bad dreams|Spikes
|
|-weather|Sandstorm|[upkeep]
|-damage|p2a: Blissey|94/100|[from] Sandstorm
|-heal|p2a: Blissey|100/100|[from] item: Leftovers
|upkeep
|turn|16
|
|t:|1728450429
|move|p1a: Aerodynamic|Spikes|p2a: Blissey
|-sidestart|p2: no more bad dreams|Spikes
|move|p2a: Blissey|Thunderbolt|p1a: Aerodynamic
|-supereffective|p1a: Aerodynamic
|-damage|p1a: Aerodynamic|53/100
|-status|p1a: Aerodynamic|par
|
|-weather|Sandstorm|[upkeep]
|-damage|p2a: Blissey|94/100|[from] Sandstorm
|-heal|p2a: Blissey|100/100|[from] item: Leftovers
|-heal|p1a: Aerodynamic|59/100 par|[from] item: Leftovers
|upkeep
|turn|17
|
|t:|1728450452
|switch|p1a: Superheroes|Swampert, M|88/100
|-damage|p1a: Superheroes|63/100|[from] Spikes
|move|p2a: Blissey|Thunderbolt|p1a: Superheroes
|-immune|p1a: Superheroes
|
|-weather|Sandstorm|[upkeep]
|-damage|p2a: Blissey|94/100|[from] Sandstorm
|-heal|p1a: Superheroes|69/100|[from] item: Leftovers
|-heal|p2a: Blissey|100/100|[from] item: Leftovers
|upkeep
|turn|18
|
|t:|1728450458
|move|p1a: Superheroes|Toxic|p2a: Blissey
|-status|p2a: Blissey|tox
|move|p2a: Blissey|Ice Beam|p1a: Superheroes
|-damage|p1a: Superheroes|49/100
|
|-weather|Sandstorm|[upkeep]
|-damage|p2a: Blissey|94/100 tox|[from] Sandstorm
|-heal|p1a: Superheroes|55/100|[from] item: Leftovers
|-heal|p2a: Blissey|100/100 tox|[from] item: Leftovers
|-damage|p2a: Blissey|94/100 tox|[from] psn
|upkeep
|turn|19
|
|t:|1728450460
|move|p1a: Superheroes|Surf|p2a: Blissey
|-damage|p2a: Blissey|83/100 tox
|move|p2a: Blissey|Wish|p2a: Blissey
|
|-weather|Sandstorm|[upkeep]
|-damage|p2a: Blissey|77/100 tox|[from] Sandstorm
|-heal|p1a: Superheroes|61/100|[from] item: Leftovers
|-heal|p2a: Blissey|83/100 tox|[from] item: Leftovers
|-damage|p2a: Blissey|70/100 tox|[from] psn
|upkeep
|turn|20
|
|t:|1728450467
|-curestatus|p2a: Blissey|tox|[from] ability: Natural Cure
|switch|p2a: Skarmory|Skarmory, M|59/100
|move|p1a: Superheroes|Surf|p2a: Skarmory
|-damage|p2a: Skarmory|33/100
|
|-heal|p2a: Skarmory|83/100|[from] move: Wish|[wisher] Blissey
|-weather|Sandstorm|[upkeep]
|-heal|p2a: Skarmory|89/100|[from] item: Leftovers
|-heal|p1a: Superheroes|67/100|[from] item: Leftovers
|upkeep
|turn|21
|
|t:|1728450472
|move|p1a: Superheroes|Surf|p2a: Skarmory
|-damage|p2a: Skarmory|64/100
|move|p2a: Skarmory|Roar|p1a: Superheroes
|drag|p1a: Aerodynamic|Skarmory, M|59/100 par
|
|-weather|Sandstorm|[upkeep]
|-heal|p2a: Skarmory|70/100|[from] item: Leftovers
|-heal|p1a: Aerodynamic|65/100 par|[from] item: Leftovers
|upkeep
|turn|22
|
|t:|1728450475
|switch|p2a: Claydol|Claydol|84/100
|move|p1a: Aerodynamic|Spikes|p2a: Claydol
|-sidestart|p2: no more bad dreams|Spikes
|
|-weather|Sandstorm|[upkeep]
|-heal|p2a: Claydol|90/100|[from] item: Leftovers
|-heal|p1a: Aerodynamic|71/100 par|[from] item: Leftovers
|upkeep
|turn|23
|
|t:|1728450478
|switch|p1a: Face to Face|Gengar, F|88/100 brn
|move|p2a: Claydol|Psychic|p1a: Face to Face
|-supereffective|p1a: Face to Face
|-damage|p1a: Face to Face|39/100 brn
|
|-weather|Sandstorm|[upkeep]
|-damage|p1a: Face to Face|33/100 brn|[from] Sandstorm
|-heal|p1a: Face to Face|39/100 brn|[from] item: Leftovers
|-damage|p1a: Face to Face|26/100 brn|[from] brn
|-heal|p2a: Claydol|96/100|[from] item: Leftovers
|upkeep
|turn|24
|
|t:|1728450485
|switch|p2a: Gengar|Gengar, M|76/100 brn
|move|p1a: Face to Face|Giga Drain|p2a: Gengar
|-resisted|p2a: Gengar
|-damage|p2a: Gengar|66/100 brn
|-heal|p1a: Face to Face|32/100 brn|[from] drain|[of] p2a: Gengar
|
|-weather|Sandstorm|[upkeep]
|-damage|p2a: Gengar|60/100 brn|[from] Sandstorm
|-damage|p1a: Face to Face|26/100 brn|[from] Sandstorm
|-heal|p2a: Gengar|66/100 brn|[from] item: Leftovers
|-damage|p2a: Gengar|53/100 brn|[from] brn
|-heal|p1a: Face to Face|32/100 brn|[from] item: Leftovers
|-damage|p1a: Face to Face|20/100 brn|[from] brn
|upkeep
|turn|25
|
|t:|1728450491
|switch|p1a: Aerodynamic|Skarmory, M|71/100 par
|move|p2a: Gengar|Thunderbolt|p1a: Aerodynamic
|-supereffective|p1a: Aerodynamic
|-damage|p1a: Aerodynamic|23/100 par
|
|-weather|Sandstorm|[upkeep]
|-damage|p2a: Gengar|47/100 brn|[from] Sandstorm
|-heal|p2a: Gengar|53/100 brn|[from] item: Leftovers
|-damage|p2a: Gengar|41/100 brn|[from] brn
|-heal|p1a: Aerodynamic|29/100 par|[from] item: Leftovers
|upkeep
|turn|26
|
|t:|1728450495
|move|p1a: Aerodynamic|Protect|p1a: Aerodynamic
|-singleturn|p1a: Aerodynamic|Protect
|move|p2a: Gengar|Ice Punch|p1a: Aerodynamic
|-activate|p1a: Aerodynamic|Protect
|
|-weather|Sandstorm|[upkeep]
|-damage|p2a: Gengar|35/100 brn|[from] Sandstorm
|-heal|p2a: Gengar|41/100 brn|[from] item: Leftovers
|-damage|p2a: Gengar|29/100 brn|[from] brn
|-heal|p1a: Aerodynamic|35/100 par|[from] item: Leftovers
|upkeep
|turn|27
|
|t:|1728450499
|move|p2a: Gengar|Thunderbolt|p1a: Aerodynamic
|-supereffective|p1a: Aerodynamic
|-damage|p1a: Aerodynamic|0 fnt
|faint|p1a: Aerodynamic
|
|t:|1728450509
|switch|p1a: Superheroes|Swampert, M|67/100
|-damage|p1a: Superheroes|42/100|[from] Spikes
|
|-weather|Sandstorm|[upkeep]
|-damage|p2a: Gengar|23/100 brn|[from] Sandstorm
|-heal|p2a: Gengar|29/100 brn|[from] item: Leftovers
|-damage|p2a: Gengar|17/100 brn|[from] brn
|-heal|p1a: Superheroes|49/100|[from] item: Leftovers
|upkeep
|turn|28
|
|t:|1728450519
|move|p2a: Gengar|Destiny Bond|p2a: Gengar
|-singlemove|p2a: Gengar|Destiny Bond
|move|p1a: Superheroes|Toxic||[still]
|-fail|p1a: Superheroes
|
|-weather|Sandstorm|[upkeep]
|-damage|p2a: Gengar|11/100 brn|[from] Sandstorm
|-heal|p2a: Gengar|17/100 brn|[from] item: Leftovers
|-damage|p2a: Gengar|4/100 brn|[from] brn
|-heal|p1a: Superheroes|55/100|[from] item: Leftovers
|upkeep
|turn|29
|
|t:|1728450529
|switch|p2a: Skarmory|Skarmory, M|70/100
|move|p1a: Superheroes|Surf|p2a: Skarmory
|-damage|p2a: Skarmory|46/100
|
|-weather|Sandstorm|[upkeep]
|-heal|p2a: Skarmory|52/100|[from] item: Leftovers
|-heal|p1a: Superheroes|61/100|[from] item: Leftovers
|upkeep
|turn|30
|
|t:|1728450533
|move|p2a: Skarmory|Protect|p2a: Skarmory
|-singleturn|p2a: Skarmory|Protect
|move|p1a: Superheroes|Surf|p2a: Skarmory
|-activate|p2a: Skarmory|Protect
|
|-weather|Sandstorm|[upkeep]
|-heal|p2a: Skarmory|58/100|[from] item: Leftovers
|-heal|p1a: Superheroes|67/100|[from] item: Leftovers
|upkeep
|turn|31
|
|t:|1728450538
|move|p1a: Superheroes|Surf|p2a: Skarmory
|-damage|p2a: Skarmory|31/100
|move|p2a: Skarmory|Roar|p1a: Superheroes
|drag|p1a: Voyager|Aerodactyl, M|100/100
|
|-weather|Sandstorm|[upkeep]
|-heal|p2a: Skarmory|37/100|[from] item: Leftovers
|upkeep
|turn|32
|
|t:|1728450540
|move|p2a: Skarmory|Protect|p2a: Skarmory
|-singleturn|p2a: Skarmory|Protect
|move|p1a: Voyager|Rock Slide|p2a: Skarmory
|-activate|p2a: Skarmory|Protect
|
|-weather|Sandstorm|[upkeep]
|-heal|p2a: Skarmory|43/100|[from] item: Leftovers
|upkeep
|turn|33
|
|t:|1728450543
|switch|p2a: Claydol|Claydol|96/100
|move|p1a: Voyager|Rock Slide|p2a: Claydol
|-resisted|p2a: Claydol
|-damage|p2a: Claydol|72/100
|
|-weather|Sandstorm|[upkeep]
|-heal|p2a: Claydol|79/100|[from] item: Leftovers
|upkeep
|turn|34
|
|t:|1728450548
|switch|p1a: Superheroes|Swampert, M|67/100
|-damage|p1a: Superheroes|42/100|[from] Spikes
|move|p2a: Claydol|Rapid Spin|p1a: Superheroes
|-damage|p1a: Superheroes|39/100
|-sideend|p2: no more bad dreams|Spikes|[from] move: Rapid Spin|[of] p2a: Claydol
|
|-weather|Sandstorm|[upkeep]
|-heal|p2a: Claydol|85/100|[from] item: Leftovers
|-heal|p1a: Superheroes|45/100|[from] item: Leftovers
|upkeep
|turn|35
|
|t:|1728450558
|switch|p2a: Blissey|Blissey, F|70/100
|move|p1a: Superheroes|Surf|p2a: Blissey
|-damage|p2a: Blissey|60/100
|
|-weather|Sandstorm|[upkeep]
|-damage|p2a: Blissey|53/100|[from] Sandstorm
|-heal|p1a: Superheroes|51/100|[from] item: Leftovers
|-heal|p2a: Blissey|60/100|[from] item: Leftovers
|upkeep
|turn|36
|c|☆qsns|ggs
|-message|qsns forfeited.
|
|win|no more bad dreams
|c|☆qsns|gl in rest
|c|☆no more bad dreams|tyty
|c|☆no more bad dreams|you too
|c|☆no more bad dreams|wp

</script>
<script type="application/json" class="data" id="replaydata-smogtours-gen3ou-796592">
{"id":"smogtours-gen3ou-796592","format":"[Gen 3] OU","players":["qsns","no more bad dreams"],"uploadtime":1728450562,"views":107,"formatid":"gen3ou","rating":null,"private":0,"password":null}
</script>

<script defer src="js/replays.js?9d40a366"></script>
