<!DOCTYPE html>
<meta charset="utf-8" />
<meta name="viewport" content="width=device-width" />

<title>[Gen 3] OU: SlamonBBQ vs. Churielix - Replays - Pok&eacute;mon Showdown!</title>

<meta name="description" content="Watch a replay of a Pok&eacute;mon battle between SlamonBBQ and Churielix! Format: [Gen 3] OU; Date: Nov 5, 2024" />
<!--

Hey, you! Looking in the source for the replay log?

You can find them in JSON format, just add `.json` at the end of a replay URL.

https://replay.pokemonshowdown.com/gen7randomdoublesbattle-865046831.json

Or, if you only need the log itself, add `.log` instead:

https://replay.pokemonshowdown.com/gen7randomdoublesbattle-865046831.log

-->

<link rel="stylesheet" href="//pokemonshowdown.com/style/global.css?0.023195364461161105" />
<link rel="stylesheet" href="//play.pokemonshowdown.com/style/font-awesome.css?0.13261647063804238" />
<link rel="stylesheet" href="//play.pokemonshowdown.com/style/battle.css?0.8753245789963631" />
<link rel="stylesheet" href="//play.pokemonshowdown.com/style/utilichart.css?0.8627959624976733" />

<!-- Global site tag (gtag.js) - Google Analytics -->
<script async src="https://www.googletagmanager.com/gtag/js?id=UA-26211653-1"></script>
<script>
  window.dataLayer = window.dataLayer || [];
  function gtag(){dataLayer.push(arguments);}
  gtag('js', new Date());

  gtag('config', 'UA-26211653-1');
</script>
<!-- End Google Analytics -->
<!-- Venatus Ad Manager - Install in <HEAD> of page -->
	<script src="https://hb.vntsm.com/v3/live/ad-manager.min.js" type="text/javascript" data-site-id="642aba63ec9a7b11c3c9c1be" data-mode="scan" async></script>
<!-- / Venatus Ad Manager -->

<style>
	@media (max-width:820px) {
		.battle {
			margin: 0 auto;
		}
		.battle-log {
			margin: 7px auto 0;
			max-width: 640px;
			height: 300px;
			position: static;
		}
	}
	.optgroup {
		display: inline-block;
		line-height: 22px;
		font-size: 10pt;
	}
	.optgroup .button {
		height: 25px;
		padding-top: 0;
		padding-bottom: 0;
	}
	.optgroup button.button {
		padding-left: 12px;
		padding-right: 12px;
	}
	.linklist {
		list-style: none;
		margin: 0.5em 0;
		padding: 0;
	}
	.linklist li {
		padding: 2px 0;
	}
	.sidebar {
		float: left;
		width: 320px;
	}
	.bar-wrapper {
		max-width: 1100px;
		margin: 0 auto;
	}
	.bar-wrapper.has-sidebar {
		max-width: 1430px;
	}
	.mainbar {
		margin: 0;
		padding-right: 1px;
	}
	.mainbar.has-sidebar {
		margin-left: 330px;
	}
	@media (min-width: 1511px) {
		.sidebar {
			width: 400px;
		}
		.bar-wrapper.has-sidebar {
			max-width: 1510px;
		}
		.mainbar.has-sidebar {
			margin-left: 410px;
		}
	}
	.section.first-section {
		margin-top: 9px;
	}
	.blocklink small {
		white-space: normal;
	}
	.button {
		vertical-align: middle;
	}
	.replay-controls {
		padding-top: 10px;
	}
	.replay-controls h1 {
		font-size: 16pt;
		font-weight: normal;
		color: #CCC;
	}
	.pagelink {
		text-align: center;
	}
	.pagelink a {
		width: 150px;
	}
	.textbox, .button {
		font-size: 11pt;
		vertical-align: middle;
	}
	@media (max-width: 450px) {
		.button {
			font-size: 9pt;
		}
	}
</style>

<div>

	<header>
		<div class="nav-wrapper"><ul class="nav">
			<li><a class="button nav-first" href="//pokemonshowdown.com/"><img src="//pokemonshowdown.com/images/pokemonshowdownbeta.png" srcset="//pokemonshowdown.com/images/pokemonshowdownbeta.png 1x, //pokemonshowdown.com/images/pokemonshowdownbeta@2x.png 2x" alt="Pok&eacute;mon Showdown" width="146" height="44" /> Home</a></li>
			<li><a class="button" href="//pokemonshowdown.com/dex/">Pok&eacute;dex</a></li>
			<li><a class="button cur" href="/">Replays</a></li>
			<li><a class="button" href="//pokemonshowdown.com/ladder/">Ladder</a></li>
			<li><a class="button nav-last" href="//pokemonshowdown.com/forums/">Forum</a></li>
			<li><a class="button greenbutton nav-first nav-last" href="//play.pokemonshowdown.com/">Play</a></li>
		</ul></div>
	</header>

	<div class="main" id="main">

		<noscript><section class="section">You need to enable JavaScript to use this page; sorry!</section></noscript>

	</div>

</div>

<script defer nomodule src="//play.pokemonshowdown.com/js/lib/ps-polyfill.js"></script>
<script defer src="//play.pokemonshowdown.com/js/lib/preact.min.js"></script>

<script defer src="//play.pokemonshowdown.com/config/config.js?2bddbc15"></script>
<script defer src="//play.pokemonshowdown.com/js/lib/jquery-1.11.0.min.js"></script>
<script defer src="//play.pokemonshowdown.com/js/lib/html-sanitizer-minified.js"></script>
<script defer src="//play.pokemonshowdown.com/js/battle-sound.js"></script>
<script defer src="//play.pokemonshowdown.com/js/battledata.js?0.7209276989879541"></script>
<script defer src="//play.pokemonshowdown.com/data/pokedex-mini.js?0.6111056340867951"></script>
<script defer src="//play.pokemonshowdown.com/data/pokedex-mini-bw.js?0.3532142036491459"></script>
<script defer src="//play.pokemonshowdown.com/data/graphics.js?0.24223875632456182"></script>
<script defer src="//play.pokemonshowdown.com/data/pokedex.js?0.38839984266356864"></script>
<script defer src="//play.pokemonshowdown.com/data/moves.js?0.21866028504024015"></script>
<script defer src="//play.pokemonshowdown.com/data/abilities.js?0.2005157953846628"></script>
<script defer src="//play.pokemonshowdown.com/data/items.js?0.9894211263848525"></script>
<script defer src="//play.pokemonshowdown.com/data/teambuilder-tables.js?0.6008791140282215"></script>
<script defer src="//play.pokemonshowdown.com/js/battle-tooltips.js?0.7580118955022959"></script>
<script defer src="//play.pokemonshowdown.com/js/battle.js?0.6057722274234274"></script>

<script defer src="js/utils.js?e31f9a17"></script>
<script defer src="js/replays-battle.js?7008c182"></script>

<!-- don't scrape this data! just add .json or .log after the URL!
Full API docs: https://github.com/smogon/pokemon-showdown-client/blob/master/WEB-API.md -->
<script type="text/plain" class="log" id="replaylog-smogtours-gen3ou-804858">
|inactive|Battle timer is ON: inactive players will automatically lose when time's up.
|t:|1730776041
|gametype|singles
|player|p1|SlamonBBQ|rood|
|player|p2|Churielix|blackbelt|
|teamsize|p1|6
|teamsize|p2|6
|gen|3
|tier|[Gen 3] OU
|rule|Sleep Clause Mod: Limit one foe put to sleep
|rule|Switch Priority Clause Mod: Faster Pokémon switch first
|rule|Species Clause: Limit one of each Pokémon
|rule|OHKO Clause: OHKO moves are banned
|rule|Evasion Items Clause: Evasion items are banned
|rule|Evasion Moves Clause: Evasion moves are banned
|rule|Endless Battle Clause: Forcing endless battles is banned
|rule|HP Percentage Mod: HP is shown in percentages
|rule|One Boost Passer Clause: Limit one Baton Passer that has a way to boost its stats
|rule|Freeze Clause Mod: Limit one foe frozen
|
|t:|1730776041
|start
|switch|p1a: Tyranitar|Tyranitar, M|100/100
|switch|p2a: Tyranitar|Tyranitar, M|100/100
|-weather|Sandstorm|[from] ability: Sand Stream|[of] p2a: Tyranitar
|turn|1
|c|☆SlamonBBQ|glhf
|c|☆Churielix|u2
|inactive|SlamonBBQ has 270 seconds left.
|
|t:|1730776083
|switch|p1a: Skarmory|Skarmory, F|100/100
|move|p2a: Tyranitar|Brick Break|p1a: Skarmory
|-damage|p1a: Skarmory|82/100
|
|-weather|Sandstorm|[upkeep]
|-heal|p1a: Skarmory|88/100|[from] item: Leftovers
|upkeep
|turn|2
|
|t:|1730776100
|move|p1a: Skarmory|Protect|p1a: Skarmory
|-singleturn|p1a: Skarmory|Protect
|move|p2a: Tyranitar|Fire Blast|p1a: Skarmory
|-activate|p1a: Skarmory|Protect
|
|-weather|Sandstorm|[upkeep]
|-heal|p1a: Skarmory|94/100|[from] item: Leftovers
|upkeep
|turn|3
|inactive|SlamonBBQ has 270 seconds left.
|
|t:|1730776133
|switch|p1a: Tyranitar|Tyranitar, M|100/100
|move|p2a: Tyranitar|Fire Blast|p1a: Tyranitar|[miss]
|-miss|p2a: Tyranitar|p1a: Tyranitar
|
|-weather|Sandstorm|[upkeep]
|upkeep
|turn|4
|inactive|SlamonBBQ has 270 seconds left.
|
|t:|1730776151
|switch|p2a: Skarmory|Skarmory, M|100/100
|move|p1a: Tyranitar|Counter|p2a: Skarmory
|
|-weather|Sandstorm|[upkeep]
|upkeep
|turn|5
|
|t:|1730776156
|move|p2a: Skarmory|Spikes|p1a: Tyranitar
|-sidestart|p1: SlamonBBQ|Spikes
|move|p1a: Tyranitar|Flamethrower|p2a: Skarmory
|-supereffective|p2a: Skarmory
|-damage|p2a: Skarmory|46/100
|-status|p2a: Skarmory|brn
|
|-weather|Sandstorm|[upkeep]
|-heal|p2a: Skarmory|52/100 brn|[from] item: Leftovers
|-damage|p2a: Skarmory|40/100 brn|[from] brn
|upkeep
|turn|6
|
|t:|1730776179
|switch|p2a: Blissey|Blissey, F|100/100
|move|p1a: Tyranitar|Flamethrower|p2a: Blissey
|-damage|p2a: Blissey|89/100
|
|-weather|Sandstorm|[upkeep]
|-damage|p2a: Blissey|83/100|[from] Sandstorm
|-heal|p2a: Blissey|89/100|[from] item: Leftovers
|upkeep
|turn|7
|
|t:|1730776190
|switch|p1a: Blissey|Blissey, F|100/100
|-damage|p1a: Blissey|88/100|[from] Spikes
|move|p2a: Blissey|Seismic Toss|p1a: Blissey
|-damage|p1a: Blissey|73/100
|
|-weather|Sandstorm|[upkeep]
|-damage|p1a: Blissey|67/100|[from] Sandstorm
|-damage|p2a: Blissey|83/100|[from] Sandstorm
|-heal|p1a: Blissey|73/100|[from] item: Leftovers
|-heal|p2a: Blissey|89/100|[from] item: Leftovers
|upkeep
|turn|8
|inactive|SlamonBBQ has 270 seconds left.
|
|t:|1730776216
|switch|p2a: Tyranitar|Tyranitar, M|100/100
|move|p1a: Blissey|Thunder Wave|p2a: Tyranitar
|-status|p2a: Tyranitar|par
|-enditem|p2a: Tyranitar|Lum Berry|[eat]
|-curestatus|p2a: Tyranitar|par|[msg]
|
|-weather|Sandstorm|[upkeep]
|-damage|p1a: Blissey|67/100|[from] Sandstorm
|-heal|p1a: Blissey|73/100|[from] item: Leftovers
|upkeep
|turn|9
|
|t:|1730776226
|move|p2a: Tyranitar|Rock Slide|p1a: Blissey
|-damage|p1a: Blissey|37/100
|move|p1a: Blissey|Thunder Wave|p2a: Tyranitar
|-status|p2a: Tyranitar|par
|
|-weather|Sandstorm|[upkeep]
|-damage|p1a: Blissey|31/100|[from] Sandstorm
|-heal|p1a: Blissey|37/100|[from] item: Leftovers
|upkeep
|turn|10
|inactive|SlamonBBQ has 270 seconds left.
|
|t:|1730776240
|switch|p2a: Skarmory|Skarmory, M|40/100 brn
|move|p1a: Blissey|Soft-Boiled|p1a: Blissey
|-heal|p1a: Blissey|87/100
|
|-weather|Sandstorm|[upkeep]
|-damage|p1a: Blissey|81/100|[from] Sandstorm
|-heal|p2a: Skarmory|46/100 brn|[from] item: Leftovers
|-damage|p2a: Skarmory|33/100 brn|[from] brn
|-heal|p1a: Blissey|87/100|[from] item: Leftovers
|upkeep
|turn|11
|inactive|SlamonBBQ has 270 seconds left.
|
|t:|1730776256
|move|p2a: Skarmory|Spikes|p1a: Blissey
|-sidestart|p1: SlamonBBQ|Spikes
|move|p1a: Blissey|Seismic Toss|p2a: Skarmory
|-damage|p2a: Skarmory|3/100 brn
|
|-weather|Sandstorm|[upkeep]
|-damage|p1a: Blissey|81/100|[from] Sandstorm
|-heal|p2a: Skarmory|9/100 brn|[from] item: Leftovers
|-damage|p2a: Skarmory|0 fnt|[from] brn
|faint|p2a: Skarmory
|-heal|p1a: Blissey|87/100|[from] item: Leftovers
|upkeep
|
|t:|1730776264
|switch|p2a: Metagross|Metagross|100/100
|turn|12
|inactive|SlamonBBQ has 270 seconds left.
|
|t:|1730776299
|switch|p1a: Skarmory|Skarmory, F|94/100
|move|p2a: Metagross|Meteor Mash|p1a: Skarmory|[miss]
|-miss|p2a: Metagross|p1a: Skarmory
|
|-weather|Sandstorm|[upkeep]
|-heal|p1a: Skarmory|100/100|[from] item: Leftovers
|upkeep
|turn|13
|
|t:|1730776305
|switch|p2a: Zapdos|Zapdos|100/100
|move|p1a: Skarmory|Spikes|p2a: Zapdos
|-sidestart|p2: Churielix|Spikes
|
|-weather|Sandstorm|[upkeep]
|-damage|p2a: Zapdos|94/100|[from] Sandstorm
|-heal|p2a: Zapdos|100/100|[from] item: Leftovers
|upkeep
|turn|14
|
|t:|1730776314
|move|p1a: Skarmory|Protect|p1a: Skarmory
|-singleturn|p1a: Skarmory|Protect
|move|p2a: Zapdos|Roar|p1a: Skarmory
|-activate|p1a: Skarmory|Protect
|
|-weather|Sandstorm|[upkeep]
|-damage|p2a: Zapdos|94/100|[from] Sandstorm
|-heal|p2a: Zapdos|100/100|[from] item: Leftovers
|upkeep
|turn|15
|
|t:|1730776320
|switch|p1a: Claydol|Claydol|100/100
|move|p2a: Zapdos|Thunderbolt|p1a: Claydol
|-immune|p1a: Claydol
|
|-weather|Sandstorm|[upkeep]
|-damage|p2a: Zapdos|94/100|[from] Sandstorm
|-heal|p2a: Zapdos|100/100|[from] item: Leftovers
|upkeep
|turn|16
|inactive|SlamonBBQ has 270 seconds left.
|
|t:|1730776329
|move|p2a: Zapdos|Toxic|p1a: Claydol
|-status|p1a: Claydol|tox
|move|p1a: Claydol|Rock Slide|p2a: Zapdos
|-supereffective|p2a: Zapdos
|-damage|p2a: Zapdos|60/100
|
|-weather|Sandstorm|[upkeep]
|-damage|p2a: Zapdos|54/100|[from] Sandstorm
|-heal|p2a: Zapdos|60/100|[from] item: Leftovers
|-damage|p1a: Claydol|94/100 tox|[from] psn
|upkeep
|turn|17
|
|t:|1730776337
|move|p2a: Zapdos|Hidden Power|p1a: Claydol
|-supereffective|p1a: Claydol
|-crit|p1a: Claydol
|-damage|p1a: Claydol|0 fnt
|faint|p1a: Claydol
|
|t:|1730776347
|switch|p1a: Blissey|Blissey, F|87/100
|-damage|p1a: Blissey|70/100|[from] Spikes
|
|-weather|Sandstorm|[upkeep]
|-damage|p2a: Zapdos|54/100|[from] Sandstorm
|-damage|p1a: Blissey|64/100|[from] Sandstorm
|-heal|p2a: Zapdos|60/100|[from] item: Leftovers
|-heal|p1a: Blissey|70/100|[from] item: Leftovers
|upkeep
|turn|18
|inactive|SlamonBBQ has 270 seconds left.
|inactive|Churielix has 270 seconds left.
|
|t:|1730776381
|switch|p2a: Metagross|Metagross|100/100
|-damage|p2a: Metagross|88/100|[from] Spikes
|move|p1a: Blissey|Thunder Wave|p2a: Metagross
|-status|p2a: Metagross|par
|
|-weather|Sandstorm|[upkeep]
|-damage|p1a: Blissey|64/100|[from] Sandstorm
|-heal|p1a: Blissey|70/100|[from] item: Leftovers
|-heal|p2a: Metagross|94/100 par|[from] item: Leftovers
|upkeep
|turn|19
|
|t:|1730776391
|switch|p1a: Skarmory|Skarmory, F|100/100
|switch|p2a: Zapdos|Zapdos|60/100
|
|-weather|Sandstorm|[upkeep]
|-damage|p2a: Zapdos|54/100|[from] Sandstorm
|-heal|p2a: Zapdos|60/100|[from] item: Leftovers
|upkeep
|turn|20
|
|t:|1730776402
|move|p2a: Zapdos|Thunderbolt|p1a: Skarmory
|-supereffective|p1a: Skarmory
|-crit|p1a: Skarmory
|-damage|p1a: Skarmory|0 fnt
|faint|p1a: Skarmory
|inactive|SlamonBBQ has 270 seconds left.
|
|t:|1730776428
|switch|p1a: Blissey|Blissey, F|70/100
|-damage|p1a: Blissey|54/100|[from] Spikes
|
|-weather|Sandstorm|[upkeep]
|-damage|p2a: Zapdos|54/100|[from] Sandstorm
|-damage|p1a: Blissey|48/100|[from] Sandstorm
|-heal|p2a: Zapdos|60/100|[from] item: Leftovers
|-heal|p1a: Blissey|54/100|[from] item: Leftovers
|upkeep
|turn|21
|
|t:|1730776440
|switch|p2a: Metagross|Metagross|94/100 par
|-damage|p2a: Metagross|82/100 par|[from] Spikes
|move|p1a: Blissey|Soft-Boiled|p1a: Blissey
|-heal|p1a: Blissey|100/100
|
|-weather|Sandstorm|[upkeep]
|-damage|p1a: Blissey|94/100|[from] Sandstorm
|-heal|p1a: Blissey|100/100|[from] item: Leftovers
|-heal|p2a: Metagross|88/100 par|[from] item: Leftovers
|upkeep
|turn|22
|inactive|SlamonBBQ has 240 seconds left.
|
|t:|1730776485
|move|p1a: Blissey|Seismic Toss|p2a: Metagross
|-damage|p2a: Metagross|60/100 par
|move|p2a: Metagross|Meteor Mash|p1a: Blissey
|-damage|p1a: Blissey|49/100
|
|-weather|Sandstorm|[upkeep]
|-damage|p1a: Blissey|43/100|[from] Sandstorm
|-heal|p1a: Blissey|49/100|[from] item: Leftovers
|-heal|p2a: Metagross|66/100 par|[from] item: Leftovers
|upkeep
|turn|23
|inactive|SlamonBBQ has 210 seconds left.
|
|t:|1730776531
|move|p1a: Blissey|Seismic Toss|p2a: Metagross
|-damage|p2a: Metagross|39/100 par
|move|p2a: Metagross|Meteor Mash|p1a: Blissey
|-damage|p1a: Blissey|0 fnt
|faint|p1a: Blissey
|inactive|SlamonBBQ has 180 seconds left.
|
|t:|1730776560
|switch|p1a: Metagross|Metagross|100/100
|-damage|p1a: Metagross|84/100|[from] Spikes
|
|-weather|Sandstorm|[upkeep]
|-heal|p1a: Metagross|90/100|[from] item: Leftovers
|-heal|p2a: Metagross|45/100 par|[from] item: Leftovers
|upkeep
|turn|24
|inactive|SlamonBBQ has 180 seconds left.
|
|t:|1730776590
|cant|p2a: Metagross|par
|move|p1a: Metagross|Earthquake|p2a: Metagross
|-supereffective|p2a: Metagross
|-damage|p2a: Metagross|0 fnt
|faint|p2a: Metagross
|
|t:|1730776603
|switch|p2a: Zapdos|Zapdos|60/100
|
|-weather|Sandstorm|[upkeep]
|-damage|p2a: Zapdos|54/100|[from] Sandstorm
|-heal|p2a: Zapdos|60/100|[from] item: Leftovers
|-heal|p1a: Metagross|96/100|[from] item: Leftovers
|upkeep
|turn|25
|
|t:|1730776613
|move|p2a: Zapdos|Thunderbolt|p1a: Metagross
|-damage|p1a: Metagross|36/100
|move|p1a: Metagross|Agility|p1a: Metagross
|-boost|p1a: Metagross|spe|2
|
|-weather|Sandstorm|[upkeep]
|-damage|p2a: Zapdos|54/100|[from] Sandstorm
|-heal|p1a: Metagross|42/100|[from] item: Leftovers
|-heal|p2a: Zapdos|60/100|[from] item: Leftovers
|upkeep
|turn|26
|
|t:|1730776620
|move|p1a: Metagross|Rock Slide|p2a: Zapdos|[miss]
|-miss|p1a: Metagross|p2a: Zapdos
|move|p2a: Zapdos|Thunderbolt|p1a: Metagross
|-damage|p1a: Metagross|0 fnt
|faint|p1a: Metagross
|
|t:|1730776625
|switch|p1a: Tyranitar|Tyranitar, M|100/100
|-damage|p1a: Tyranitar|84/100|[from] Spikes
|
|-weather|Sandstorm|[upkeep]
|-damage|p2a: Zapdos|54/100|[from] Sandstorm
|-heal|p2a: Zapdos|60/100|[from] item: Leftovers
|-heal|p1a: Tyranitar|90/100|[from] item: Leftovers
|upkeep
|turn|27
|inactive|SlamonBBQ has 180 seconds left.
|
|t:|1730776632
|move|p2a: Zapdos|Thunderbolt|p1a: Tyranitar
|-damage|p1a: Tyranitar|48/100
|move|p1a: Tyranitar|Crunch|p2a: Zapdos
|-damage|p2a: Zapdos|23/100
|
|-weather|Sandstorm|[upkeep]
|-damage|p2a: Zapdos|17/100|[from] Sandstorm
|-heal|p2a: Zapdos|23/100|[from] item: Leftovers
|-heal|p1a: Tyranitar|55/100|[from] item: Leftovers
|upkeep
|turn|28
|
|t:|1730776637
|move|p2a: Zapdos|Thunderbolt|p1a: Tyranitar
|-damage|p1a: Tyranitar|12/100
|move|p1a: Tyranitar|Crunch|p2a: Zapdos
|-damage|p2a: Zapdos|0 fnt
|faint|p2a: Zapdos
|
|t:|1730776640
|switch|p2a: Blissey|Blissey, F|89/100
|-damage|p2a: Blissey|77/100|[from] Spikes
|
|-weather|Sandstorm|[upkeep]
|-damage|p2a: Blissey|71/100|[from] Sandstorm
|-heal|p1a: Tyranitar|18/100|[from] item: Leftovers
|-heal|p2a: Blissey|77/100|[from] item: Leftovers
|upkeep
|turn|29
|
|t:|1730776642
|move|p1a: Tyranitar|Crunch|p2a: Blissey
|-damage|p2a: Blissey|62/100
|move|p2a: Blissey|Seismic Toss|p1a: Tyranitar
|-damage|p1a: Tyranitar|0 fnt
|faint|p1a: Tyranitar
|inactive|SlamonBBQ has 180 seconds left.
|
|t:|1730776675
|switch|p1a: Ludicolo|Ludicolo, M|100/100
|-damage|p1a: Ludicolo|84/100|[from] Spikes
|
|-weather|Sandstorm|[upkeep]
|-damage|p1a: Ludicolo|78/100|[from] Sandstorm
|-damage|p2a: Blissey|55/100|[from] Sandstorm
|-heal|p1a: Ludicolo|84/100|[from] item: Leftovers
|-heal|p2a: Blissey|62/100|[from] item: Leftovers
|upkeep
|turn|30
|
|t:|1730776678
|move|p1a: Ludicolo|Leech Seed|p2a: Blissey|[miss]
|-miss|p1a: Ludicolo|p2a: Blissey
|move|p2a: Blissey|Soft-Boiled|p2a: Blissey
|-heal|p2a: Blissey|100/100
|
|-weather|Sandstorm|[upkeep]
|-damage|p1a: Ludicolo|78/100|[from] Sandstorm
|-damage|p2a: Blissey|94/100|[from] Sandstorm
|-heal|p1a: Ludicolo|84/100|[from] item: Leftovers
|-heal|p2a: Blissey|100/100|[from] item: Leftovers
|upkeep
|turn|31
|
|t:|1730776681
|move|p1a: Ludicolo|Leech Seed|p2a: Blissey
|-start|p2a: Blissey|move: Leech Seed
|move|p2a: Blissey|Seismic Toss|p1a: Ludicolo
|-damage|p1a: Ludicolo|55/100
|
|-weather|Sandstorm|[upkeep]
|-damage|p1a: Ludicolo|48/100|[from] Sandstorm
|-damage|p2a: Blissey|94/100|[from] Sandstorm
|-heal|p1a: Ludicolo|55/100|[from] item: Leftovers
|-heal|p2a: Blissey|100/100|[from] item: Leftovers
|-damage|p2a: Blissey|88/100|[from] Leech Seed|[of] p1a: Ludicolo
|-heal|p1a: Ludicolo|79/100|[silent]
|upkeep
|turn|32
|
|t:|1730776685
|move|p1a: Ludicolo|Rain Dance|p1a: Ludicolo
|-weather|RainDance
|move|p2a: Blissey|Seismic Toss|p1a: Ludicolo
|-damage|p1a: Ludicolo|49/100
|
|-weather|RainDance|[upkeep]
|-heal|p1a: Ludicolo|55/100|[from] item: Leftovers
|-heal|p2a: Blissey|94/100|[from] item: Leftovers
|-damage|p2a: Blissey|82/100|[from] Leech Seed|[of] p1a: Ludicolo
|-heal|p1a: Ludicolo|79/100|[silent]
|upkeep
|turn|33
|
|t:|1730776690
|switch|p2a: Tyranitar|Tyranitar, M|100/100 par
|-damage|p2a: Tyranitar|88/100 par|[from] Spikes
|-weather|Sandstorm|[from] ability: Sand Stream|[of] p2a: Tyranitar
|move|p1a: Ludicolo|Ice Beam|p2a: Tyranitar
|-damage|p2a: Tyranitar|58/100 par
|
|-weather|Sandstorm|[upkeep]
|-damage|p1a: Ludicolo|73/100|[from] Sandstorm
|-heal|p1a: Ludicolo|79/100|[from] item: Leftovers
|upkeep
|turn|34
|
|t:|1730776708
|move|p1a: Ludicolo|Rain Dance|p1a: Ludicolo
|-weather|RainDance
|move|p2a: Tyranitar|Rock Slide|p1a: Ludicolo
|-damage|p1a: Ludicolo|36/100
|
|-weather|RainDance|[upkeep]
|-heal|p1a: Ludicolo|42/100|[from] item: Leftovers
|upkeep
|turn|35
|
|t:|1730776715
|switch|p2a: Blissey|Blissey, F|82/100
|-damage|p2a: Blissey|70/100|[from] Spikes
|move|p1a: Ludicolo|Surf|p2a: Blissey
|-damage|p2a: Blissey|43/100
|
|-weather|RainDance|[upkeep]
|-heal|p1a: Ludicolo|48/100|[from] item: Leftovers
|-heal|p2a: Blissey|49/100|[from] item: Leftovers
|upkeep
|turn|36
|
|t:|1730776721
|move|p1a: Ludicolo|Leech Seed|p2a: Blissey
|-start|p2a: Blissey|move: Leech Seed
|move|p2a: Blissey|Soft-Boiled|p2a: Blissey
|-heal|p2a: Blissey|99/100
|
|-weather|RainDance|[upkeep]
|-heal|p1a: Ludicolo|54/100|[from] item: Leftovers
|-heal|p2a: Blissey|100/100|[from] item: Leftovers
|-damage|p2a: Blissey|88/100|[from] Leech Seed|[of] p1a: Ludicolo
|-heal|p1a: Ludicolo|78/100|[silent]
|upkeep
|turn|37
|
|t:|1730776725
|move|p1a: Ludicolo|Ice Beam|p2a: Blissey
|-damage|p2a: Blissey|76/100
|move|p2a: Blissey|Ice Beam|p1a: Ludicolo
|-damage|p1a: Ludicolo|57/100
|
|-weather|RainDance|[upkeep]
|-heal|p1a: Ludicolo|63/100|[from] item: Leftovers
|-heal|p2a: Blissey|83/100|[from] item: Leftovers
|-damage|p2a: Blissey|70/100|[from] Leech Seed|[of] p1a: Ludicolo
|-heal|p1a: Ludicolo|87/100|[silent]
|upkeep
|turn|38
|
|t:|1730776734
|move|p1a: Ludicolo|Ice Beam|p2a: Blissey
|-damage|p2a: Blissey|58/100
|move|p2a: Blissey|Ice Beam|p1a: Ludicolo
|-damage|p1a: Ludicolo|65/100
|
|-weather|none
|-heal|p1a: Ludicolo|71/100|[from] item: Leftovers
|-heal|p2a: Blissey|65/100|[from] item: Leftovers
|-damage|p2a: Blissey|52/100|[from] Leech Seed|[of] p1a: Ludicolo
|-heal|p1a: Ludicolo|95/100|[silent]
|upkeep
|turn|39
|
|t:|1730776740
|move|p1a: Ludicolo|Ice Beam|p2a: Blissey
|-damage|p2a: Blissey|42/100
|move|p2a: Blissey|Soft-Boiled|p2a: Blissey
|-heal|p2a: Blissey|92/100
|
|-heal|p1a: Ludicolo|100/100|[from] item: Leftovers
|-heal|p2a: Blissey|98/100|[from] item: Leftovers
|-damage|p2a: Blissey|85/100|[from] Leech Seed|[of] p1a: Ludicolo
|upkeep
|turn|40
|
|t:|1730776752
|move|p1a: Ludicolo|Rain Dance|p1a: Ludicolo
|-weather|RainDance
|move|p2a: Blissey|Fire Blast|p1a: Ludicolo
|-damage|p1a: Ludicolo|87/100
|
|-weather|RainDance|[upkeep]
|-heal|p1a: Ludicolo|93/100|[from] item: Leftovers
|-heal|p2a: Blissey|92/100|[from] item: Leftovers
|-damage|p2a: Blissey|79/100|[from] Leech Seed|[of] p1a: Ludicolo
|-heal|p1a: Ludicolo|100/100|[silent]
|upkeep
|turn|41
|
|t:|1730776766
|move|p1a: Ludicolo|Ice Beam|p2a: Blissey
|-damage|p2a: Blissey|68/100
|move|p2a: Blissey|Ice Beam|p1a: Ludicolo
|-damage|p1a: Ludicolo|78/100
|
|-weather|RainDance|[upkeep]
|-heal|p1a: Ludicolo|84/100|[from] item: Leftovers
|-heal|p2a: Blissey|74/100|[from] item: Leftovers
|-damage|p2a: Blissey|62/100|[from] Leech Seed|[of] p1a: Ludicolo
|-heal|p1a: Ludicolo|100/100|[silent]
|upkeep
|turn|42
|
|t:|1730776773
|move|p1a: Ludicolo|Ice Beam|p2a: Blissey
|-damage|p2a: Blissey|50/100
|move|p2a: Blissey|Ice Beam|p1a: Ludicolo
|-damage|p1a: Ludicolo|78/100
|
|-weather|RainDance|[upkeep]
|-heal|p1a: Ludicolo|84/100|[from] item: Leftovers
|-heal|p2a: Blissey|56/100|[from] item: Leftovers
|-damage|p2a: Blissey|44/100|[from] Leech Seed|[of] p1a: Ludicolo
|-heal|p1a: Ludicolo|100/100|[silent]
|upkeep
|turn|43
|
|t:|1730776782
|move|p1a: Ludicolo|Ice Beam|p2a: Blissey
|-damage|p2a: Blissey|32/100
|move|p2a: Blissey|Soft-Boiled|p2a: Blissey
|-heal|p2a: Blissey|82/100
|
|-weather|RainDance|[upkeep]
|-heal|p2a: Blissey|88/100|[from] item: Leftovers
|-damage|p2a: Blissey|76/100|[from] Leech Seed|[of] p1a: Ludicolo
|upkeep
|turn|44
|
|t:|1730776786
|move|p1a: Ludicolo|Ice Beam|p2a: Blissey
|-damage|p2a: Blissey|65/100
|move|p2a: Blissey|Ice Beam|p1a: Ludicolo
|-damage|p1a: Ludicolo|77/100
|
|-weather|none
|-heal|p1a: Ludicolo|83/100|[from] item: Leftovers
|-heal|p2a: Blissey|71/100|[from] item: Leftovers
|-damage|p2a: Blissey|59/100|[from] Leech Seed|[of] p1a: Ludicolo
|-heal|p1a: Ludicolo|100/100|[silent]
|upkeep
|turn|45
|
|t:|1730776791
|move|p1a: Ludicolo|Ice Beam|p2a: Blissey
|-damage|p2a: Blissey|48/100
|-status|p2a: Blissey|frz
|-curestatus|p2a: Blissey|frz|[msg]
|move|p2a: Blissey|Soft-Boiled|p2a: Blissey
|-heal|p2a: Blissey|98/100
|
|-heal|p2a: Blissey|100/100|[from] item: Leftovers
|-damage|p2a: Blissey|88/100|[from] Leech Seed|[of] p1a: Ludicolo
|upkeep
|turn|46
|
|t:|1730776795
|move|p1a: Ludicolo|Rain Dance|p1a: Ludicolo
|-weather|RainDance
|move|p2a: Blissey|Ice Beam|p1a: Ludicolo
|-damage|p1a: Ludicolo|77/100
|
|-weather|RainDance|[upkeep]
|-heal|p1a: Ludicolo|83/100|[from] item: Leftovers
|-heal|p2a: Blissey|94/100|[from] item: Leftovers
|-damage|p2a: Blissey|82/100|[from] Leech Seed|[of] p1a: Ludicolo
|-heal|p1a: Ludicolo|100/100|[silent]
|upkeep
|turn|47
|
|t:|1730776811
|move|p1a: Ludicolo|Surf|p2a: Blissey
|-damage|p2a: Blissey|59/100
|move|p2a: Blissey|Seismic Toss|p1a: Ludicolo
|-damage|p1a: Ludicolo|71/100
|
|-weather|RainDance|[upkeep]
|-heal|p1a: Ludicolo|77/100|[from] item: Leftovers
|-heal|p2a: Blissey|65/100|[from] item: Leftovers
|-damage|p2a: Blissey|53/100|[from] Leech Seed|[of] p1a: Ludicolo
|-heal|p1a: Ludicolo|100/100|[silent]
|upkeep
|turn|48
|
|t:|1730776816
|move|p1a: Ludicolo|Ice Beam|p2a: Blissey
|-crit|p2a: Blissey
|-damage|p2a: Blissey|30/100
|move|p2a: Blissey|Soft-Boiled|p2a: Blissey
|-heal|p2a: Blissey|80/100
|
|-weather|RainDance|[upkeep]
|-heal|p2a: Blissey|86/100|[from] item: Leftovers
|-damage|p2a: Blissey|74/100|[from] Leech Seed|[of] p1a: Ludicolo
|upkeep
|turn|49
|
|t:|1730776821
|move|p1a: Ludicolo|Ice Beam|p2a: Blissey
|-damage|p2a: Blissey|63/100
|move|p2a: Blissey|Seismic Toss|p1a: Ludicolo
|-damage|p1a: Ludicolo|71/100
|
|-weather|RainDance|[upkeep]
|-heal|p1a: Ludicolo|77/100|[from] item: Leftovers
|-heal|p2a: Blissey|70/100|[from] item: Leftovers
|-damage|p2a: Blissey|57/100|[from] Leech Seed|[of] p1a: Ludicolo
|-heal|p1a: Ludicolo|100/100|[silent]
|upkeep
|turn|50
|
|t:|1730776826
|move|p1a: Ludicolo|Ice Beam|p2a: Blissey
|-damage|p2a: Blissey|45/100
|move|p2a: Blissey|Soft-Boiled|p2a: Blissey
|-heal|p2a: Blissey|95/100
|
|-weather|none
|-heal|p2a: Blissey|100/100|[from] item: Leftovers
|-damage|p2a: Blissey|88/100|[from] Leech Seed|[of] p1a: Ludicolo
|upkeep
|turn|51
|
|t:|1730776831
|move|p1a: Ludicolo|Rain Dance|p1a: Ludicolo
|-weather|RainDance
|move|p2a: Blissey|Seismic Toss|p1a: Ludicolo
|-damage|p1a: Ludicolo|71/100
|
|-weather|RainDance|[upkeep]
|-heal|p1a: Ludicolo|77/100|[from] item: Leftovers
|-heal|p2a: Blissey|94/100|[from] item: Leftovers
|-damage|p2a: Blissey|82/100|[from] Leech Seed|[of] p1a: Ludicolo
|-heal|p1a: Ludicolo|100/100|[silent]
|upkeep
|turn|52
|
|t:|1730776838
|move|p1a: Ludicolo|Ice Beam|p2a: Blissey
|-damage|p2a: Blissey|71/100
|move|p2a: Blissey|Seismic Toss|p1a: Ludicolo
|-damage|p1a: Ludicolo|71/100
|
|-weather|RainDance|[upkeep]
|-heal|p1a: Ludicolo|77/100|[from] item: Leftovers
|-heal|p2a: Blissey|78/100|[from] item: Leftovers
|-damage|p2a: Blissey|65/100|[from] Leech Seed|[of] p1a: Ludicolo
|-heal|p1a: Ludicolo|100/100|[silent]
|upkeep
|turn|53
|
|t:|1730776844
|move|p1a: Ludicolo|Surf|p2a: Blissey
|-damage|p2a: Blissey|40/100
|move|p2a: Blissey|Seismic Toss|p1a: Ludicolo
|-damage|p1a: Ludicolo|71/100
|
|-weather|RainDance|[upkeep]
|-heal|p1a: Ludicolo|77/100|[from] item: Leftovers
|-heal|p2a: Blissey|46/100|[from] item: Leftovers
|-damage|p2a: Blissey|34/100|[from] Leech Seed|[of] p1a: Ludicolo
|-heal|p1a: Ludicolo|100/100|[silent]
|upkeep
|turn|54
|
|t:|1730776849
|move|p1a: Ludicolo|Surf|p2a: Blissey
|-crit|p2a: Blissey
|-damage|p2a: Blissey|0 fnt
|faint|p2a: Blissey
|
|t:|1730776852
|switch|p2a: Tyranitar|Tyranitar, M|58/100 par
|-damage|p2a: Tyranitar|46/100 par|[from] Spikes
|-weather|Sandstorm|[from] ability: Sand Stream|[of] p2a: Tyranitar
|
|-weather|Sandstorm|[upkeep]
|-damage|p1a: Ludicolo|94/100|[from] Sandstorm
|-heal|p1a: Ludicolo|100/100|[from] item: Leftovers
|upkeep
|turn|55
|
|t:|1730776859
|move|p1a: Ludicolo|Rain Dance|p1a: Ludicolo
|-weather|RainDance
|move|p2a: Tyranitar|Rock Slide|p1a: Ludicolo
|-damage|p1a: Ludicolo|54/100
|
|-weather|RainDance|[upkeep]
|-heal|p1a: Ludicolo|60/100|[from] item: Leftovers
|upkeep
|turn|56
|
|t:|1730776864
|move|p1a: Ludicolo|Surf|p2a: Tyranitar
|-supereffective|p2a: Tyranitar
|-damage|p2a: Tyranitar|0 fnt
|faint|p2a: Tyranitar
|
|t:|1730776866
|switch|p2a: Aerodactyl|Aerodactyl, M|100/100
|
|-weather|RainDance|[upkeep]
|-heal|p1a: Ludicolo|66/100|[from] item: Leftovers
|upkeep
|turn|57
|
|t:|1730776869
|move|p1a: Ludicolo|Surf|p2a: Aerodactyl
|-supereffective|p2a: Aerodactyl
|-damage|p2a: Aerodactyl|0 fnt
|faint|p2a: Aerodactyl
|
|win|SlamonBBQ
|c|☆Churielix|this was your game tbh
|c|☆Churielix|gg
|c|☆SlamonBBQ|gg
|player|p1|
|player|p1|SlamonBBQ|rood|
|c|☆SlamonBBQ|/log SlamonBBQ made the replay of this battle unlisted.

</script>
<script type="application/json" class="data" id="replaydata-smogtours-gen3ou-804858">
{"id":"smogtours-gen3ou-804858","format":"[Gen 3] OU","players":["SlamonBBQ","Churielix"],"uploadtime":1730776869,"views":58,"formatid":"gen3ou","rating":null,"private":1,"password":null}
</script>

<script defer src="js/replays.js?9d40a366"></script>
