<!DOCTYPE html>
<meta charset="utf-8" />
<meta name="viewport" content="width=device-width" />

<title>[Gen 3] OU: Segale vs. KingWafl - Replays - Pok&eacute;mon Showdown!</title>

<meta name="description" content="Watch a replay of a Pok&eacute;mon battle between Segale and KingWafl! Format: [Gen 3] OU; Date: Oct 1, 2024" />
<!--

Hey, you! Looking in the source for the replay log?

You can find them in JSON format, just add `.json` at the end of a replay URL.

https://replay.pokemonshowdown.com/gen7randomdoublesbattle-865046831.json

Or, if you only need the log itself, add `.log` instead:

https://replay.pokemonshowdown.com/gen7randomdoublesbattle-865046831.log

-->

<link rel="stylesheet" href="//pokemonshowdown.com/style/global.css?0.767286132409787" />
<link rel="stylesheet" href="//play.pokemonshowdown.com/style/font-awesome.css?0.9266228007934947" />
<link rel="stylesheet" href="//play.pokemonshowdown.com/style/battle.css?0.7924700842790926" />
<link rel="stylesheet" href="//play.pokemonshowdown.com/style/utilichart.css?0.8777417872839479" />

<!-- Global site tag (gtag.js) - Google Analytics -->
<script async src="https://www.googletagmanager.com/gtag/js?id=UA-26211653-1"></script>
<script>
  window.dataLayer = window.dataLayer || [];
  function gtag(){dataLayer.push(arguments);}
  gtag('js', new Date());

  gtag('config', 'UA-26211653-1');
</script>
<!-- End Google Analytics -->
<!-- Venatus Ad Manager - Install in <HEAD> of page -->
	<script src="https://hb.vntsm.com/v3/live/ad-manager.min.js" type="text/javascript" data-site-id="642aba63ec9a7b11c3c9c1be" data-mode="scan" async></script>
<!-- / Venatus Ad Manager -->

<style>
	@media (max-width:820px) {
		.battle {
			margin: 0 auto;
		}
		.battle-log {
			margin: 7px auto 0;
			max-width: 640px;
			height: 300px;
			position: static;
		}
	}
	.optgroup {
		display: inline-block;
		line-height: 22px;
		font-size: 10pt;
	}
	.optgroup .button {
		height: 25px;
		padding-top: 0;
		padding-bottom: 0;
	}
	.optgroup button.button {
		padding-left: 12px;
		padding-right: 12px;
	}
	.linklist {
		list-style: none;
		margin: 0.5em 0;
		padding: 0;
	}
	.linklist li {
		padding: 2px 0;
	}
	.sidebar {
		float: left;
		width: 320px;
	}
	.bar-wrapper {
		max-width: 1100px;
		margin: 0 auto;
	}
	.bar-wrapper.has-sidebar {
		max-width: 1430px;
	}
	.mainbar {
		margin: 0;
		padding-right: 1px;
	}
	.mainbar.has-sidebar {
		margin-left: 330px;
	}
	@media (min-width: 1511px) {
		.sidebar {
			width: 400px;
		}
		.bar-wrapper.has-sidebar {
			max-width: 1510px;
		}
		.mainbar.has-sidebar {
			margin-left: 410px;
		}
	}
	.section.first-section {
		margin-top: 9px;
	}
	.blocklink small {
		white-space: normal;
	}
	.button {
		vertical-align: middle;
	}
	.replay-controls {
		padding-top: 10px;
	}
	.replay-controls h1 {
		font-size: 16pt;
		font-weight: normal;
		color: #CCC;
	}
	.pagelink {
		text-align: center;
	}
	.pagelink a {
		width: 150px;
	}
	.textbox, .button {
		font-size: 11pt;
		vertical-align: middle;
	}
	@media (max-width: 450px) {
		.button {
			font-size: 9pt;
		}
	}
</style>

<div>

	<header>
		<div class="nav-wrapper"><ul class="nav">
			<li><a class="button nav-first" href="//pokemonshowdown.com/"><img src="//pokemonshowdown.com/images/pokemonshowdownbeta.png" srcset="//pokemonshowdown.com/images/pokemonshowdownbeta.png 1x, //pokemonshowdown.com/images/pokemonshowdownbeta@2x.png 2x" alt="Pok&eacute;mon Showdown" width="146" height="44" /> Home</a></li>
			<li><a class="button" href="//pokemonshowdown.com/dex/">Pok&eacute;dex</a></li>
			<li><a class="button cur" href="/">Replays</a></li>
			<li><a class="button" href="//pokemonshowdown.com/ladder/">Ladder</a></li>
			<li><a class="button nav-last" href="//pokemonshowdown.com/forums/">Forum</a></li>
			<li><a class="button greenbutton nav-first nav-last" href="//play.pokemonshowdown.com/">Play</a></li>
		</ul></div>
	</header>

	<div class="main" id="main">

		<noscript><section class="section">You need to enable JavaScript to use this page; sorry!</section></noscript>

	</div>

</div>

<script defer nomodule src="//play.pokemonshowdown.com/js/lib/ps-polyfill.js"></script>
<script defer src="//play.pokemonshowdown.com/js/lib/preact.min.js"></script>

<script defer src="//play.pokemonshowdown.com/config/config.js?6dec07f6"></script>
<script defer src="//play.pokemonshowdown.com/js/lib/jquery-1.11.0.min.js"></script>
<script defer src="//play.pokemonshowdown.com/js/lib/html-sanitizer-minified.js"></script>
<script defer src="//play.pokemonshowdown.com/js/battle-sound.js"></script>
<script defer src="//play.pokemonshowdown.com/js/battledata.js?0.6315294753075389"></script>
<script defer src="//play.pokemonshowdown.com/data/pokedex-mini.js?0.7603743185311358"></script>
<script defer src="//play.pokemonshowdown.com/data/pokedex-mini-bw.js?0.030888842834281283"></script>
<script defer src="//play.pokemonshowdown.com/data/graphics.js?0.05593094747507488"></script>
<script defer src="//play.pokemonshowdown.com/data/pokedex.js?0.47064822249611904"></script>
<script defer src="//play.pokemonshowdown.com/data/moves.js?0.8583693120512459"></script>
<script defer src="//play.pokemonshowdown.com/data/abilities.js?0.16017181182386842"></script>
<script defer src="//play.pokemonshowdown.com/data/items.js?0.4163379185673943"></script>
<script defer src="//play.pokemonshowdown.com/data/teambuilder-tables.js?0.31075597372830477"></script>
<script defer src="//play.pokemonshowdown.com/js/battle-tooltips.js?0.6536193500708172"></script>
<script defer src="//play.pokemonshowdown.com/js/battle.js?0.1916591943277901"></script>

<script defer src="js/utils.js?e31f9a17"></script>
<script defer src="js/replays-battle.js?7008c182"></script>

<!-- don't scrape this data! just add .json or .log after the URL!
Full API docs: https://github.com/smogon/pokemon-showdown-client/blob/master/WEB-API.md -->
<script type="text/plain" class="log" id="replaylog-smogtours-gen3ou-793848">
|inactive|Battle timer is ON: inactive players will automatically lose when time's up.
|t:|1727818477
|gametype|singles
|player|p1|Segale|blue|
|player|p2|KingWafl|102|
|teamsize|p1|6
|teamsize|p2|6
|gen|3
|tier|[Gen 3] OU
|rule|Sleep Clause Mod: Limit one foe put to sleep
|rule|Switch Priority Clause Mod: Faster Pokémon switch first
|rule|Species Clause: Limit one of each Pokémon
|rule|OHKO Clause: OHKO moves are banned
|rule|Evasion Items Clause: Evasion items are banned
|rule|Evasion Moves Clause: Evasion moves are banned
|rule|Endless Battle Clause: Forcing endless battles is banned
|rule|HP Percentage Mod: HP is shown in percentages
|rule|One Boost Passer Clause: Limit one Baton Passer that has a way to boost its stats
|rule|Freeze Clause Mod: Limit one foe frozen
|
|t:|1727818477
|start
|switch|p1a: Tyranitar|Tyranitar, F|100/100
|switch|p2a: Smeargle|Smeargle, F|100/100
|-weather|Sandstorm|[from] ability: Sand Stream|[of] p1a: Tyranitar
|turn|1
|c|☆KingWafl|glhf
|
|t:|1727818489
|move|p2a: Smeargle|Spore|p1a: Tyranitar
|-status|p1a: Tyranitar|slp|[from] move: Spore
|cant|p1a: Tyranitar|slp
|
|-weather|Sandstorm|[upkeep]
|-damage|p2a: Smeargle|94/100|[from] Sandstorm
|upkeep
|turn|2
|
|t:|1727818492
|switch|p1a: Dugtrio|Dugtrio, M|100/100
|move|p2a: Smeargle|Spikes|p1a: Dugtrio
|-sidestart|p1: Segale|Spikes
|
|-weather|Sandstorm|[upkeep]
|-damage|p2a: Smeargle|88/100|[from] Sandstorm
|upkeep
|turn|3
|
|t:|1727818511
|move|p1a: Dugtrio|Earthquake|p2a: Smeargle
|-damage|p2a: Smeargle|0 fnt
|faint|p2a: Smeargle
|c|☆Segale|test
|inactive|KingWafl has 270 seconds left.
|
|t:|1727818537
|switch|p2a: Gengar|Gengar, M|100/100
|
|-weather|Sandstorm|[upkeep]
|-damage|p2a: Gengar|94/100|[from] Sandstorm
|-heal|p2a: Gengar|100/100|[from] item: Leftovers
|upkeep
|turn|4
|
|t:|1727818545
|-singleturn|p2a: Gengar|move: Focus Punch
|switch|p1a: Blissey|Blissey, F, shiny|100/100
|-damage|p1a: Blissey|88/100|[from] Spikes
|move|p2a: Gengar|Focus Punch|p1a: Blissey
|-supereffective|p1a: Blissey
|-damage|p1a: Blissey|21/100
|
|-weather|Sandstorm|[upkeep]
|-damage|p2a: Gengar|94/100|[from] Sandstorm
|-damage|p1a: Blissey|14/100|[from] Sandstorm
|-heal|p2a: Gengar|100/100|[from] item: Leftovers
|-heal|p1a: Blissey|21/100|[from] item: Leftovers
|upkeep
|turn|5
|
|t:|1727818551
|-singleturn|p2a: Gengar|move: Focus Punch
|move|p1a: Blissey|Ice Beam|p2a: Gengar
|-damage|p2a: Gengar|59/100
|move|p2a: Gengar|Focus Punch||[still]
|cant|p2a: Gengar|Focus Punch|Focus Punch
|
|-weather|Sandstorm|[upkeep]
|-damage|p2a: Gengar|53/100|[from] Sandstorm
|-damage|p1a: Blissey|14/100|[from] Sandstorm
|-heal|p2a: Gengar|59/100|[from] item: Leftovers
|-heal|p1a: Blissey|21/100|[from] item: Leftovers
|upkeep
|turn|6
|
|t:|1727818557
|-singleturn|p2a: Gengar|move: Focus Punch
|move|p1a: Blissey|Ice Beam|p2a: Gengar
|-damage|p2a: Gengar|14/100
|move|p2a: Gengar|Focus Punch||[still]
|cant|p2a: Gengar|Focus Punch|Focus Punch
|
|-weather|Sandstorm|[upkeep]
|-damage|p2a: Gengar|8/100|[from] Sandstorm
|-damage|p1a: Blissey|14/100|[from] Sandstorm
|-heal|p2a: Gengar|14/100|[from] item: Leftovers
|-heal|p1a: Blissey|21/100|[from] item: Leftovers
|upkeep
|turn|7
|
|t:|1727818559
|move|p2a: Gengar|Explosion|p1a: Blissey
|-damage|p1a: Blissey|0 fnt
|faint|p2a: Gengar
|faint|p1a: Blissey
|
|t:|1727818563
|switch|p2a: Glalie|Glalie, F|100/100
|switch|p1a: Skarmory|Skarmory, M, shiny|100/100
|
|-weather|Sandstorm|[upkeep]
|-damage|p2a: Glalie|94/100|[from] Sandstorm
|-heal|p2a: Glalie|100/100|[from] item: Leftovers
|upkeep
|turn|8
|
|t:|1727818569
|move|p2a: Glalie|Taunt|p1a: Skarmory
|-start|p1a: Skarmory|move: Taunt
|move|p1a: Skarmory|Drill Peck|p2a: Glalie
|-damage|p2a: Glalie|72/100
|
|-weather|Sandstorm|[upkeep]
|-damage|p2a: Glalie|66/100|[from] Sandstorm
|-heal|p2a: Glalie|72/100|[from] item: Leftovers
|upkeep
|turn|9
|
|t:|1727818573
|move|p2a: Glalie|Spikes|p1a: Skarmory
|-sidestart|p1: Segale|Spikes
|move|p1a: Skarmory|Drill Peck|p2a: Glalie
|-damage|p2a: Glalie|42/100
|
|-weather|Sandstorm|[upkeep]
|-damage|p2a: Glalie|36/100|[from] Sandstorm
|-heal|p2a: Glalie|42/100|[from] item: Leftovers
|-end|p1a: Skarmory|move: Taunt|[silent]
|upkeep
|turn|10
|
|t:|1727818578
|move|p2a: Glalie|Spikes|p1a: Skarmory
|-sidestart|p1: Segale|Spikes
|move|p1a: Skarmory|Drill Peck|p2a: Glalie
|-damage|p2a: Glalie|15/100
|
|-weather|Sandstorm|[upkeep]
|-damage|p2a: Glalie|9/100|[from] Sandstorm
|-heal|p2a: Glalie|15/100|[from] item: Leftovers
|upkeep
|turn|11
|
|t:|1727818589
|move|p1a: Skarmory|Protect|p1a: Skarmory
|-singleturn|p1a: Skarmory|Protect
|move|p2a: Glalie|Ice Beam|p1a: Skarmory
|-activate|p1a: Skarmory|Protect
|
|-weather|Sandstorm|[upkeep]
|-damage|p2a: Glalie|9/100|[from] Sandstorm
|-heal|p2a: Glalie|15/100|[from] item: Leftovers
|upkeep
|turn|12
|
|t:|1727818593
|move|p2a: Glalie|Ice Beam|p1a: Skarmory
|-damage|p1a: Skarmory|74/100
|move|p1a: Skarmory|Drill Peck|p2a: Glalie
|-damage|p2a: Glalie|0 fnt
|faint|p2a: Glalie
|
|t:|1727818618
|switch|p2a: Swampert|Swampert, M|100/100
|
|-weather|Sandstorm|[upkeep]
|-heal|p1a: Skarmory|80/100|[from] item: Leftovers
|upkeep
|turn|13
|
|t:|1727818623
|move|p1a: Skarmory|Protect|p1a: Skarmory
|-singleturn|p1a: Skarmory|Protect
|move|p2a: Swampert|Hydro Pump|p1a: Skarmory
|-activate|p1a: Skarmory|Protect
|
|-weather|Sandstorm|[upkeep]
|-heal|p1a: Skarmory|86/100|[from] item: Leftovers
|upkeep
|turn|14
|
|t:|1727818631
|move|p2a: Swampert|Ice Beam|p1a: Skarmory
|-damage|p1a: Skarmory|64/100
|move|p1a: Skarmory|Spikes|p2a: Swampert
|-sidestart|p2: KingWafl|Spikes
|
|-weather|Sandstorm|[upkeep]
|-heal|p1a: Skarmory|70/100|[from] item: Leftovers
|upkeep
|turn|15
|
|t:|1727818635
|move|p1a: Skarmory|Protect|p1a: Skarmory
|-singleturn|p1a: Skarmory|Protect
|move|p2a: Swampert|Ice Beam|p1a: Skarmory
|-activate|p1a: Skarmory|Protect
|
|-weather|Sandstorm|[upkeep]
|-heal|p1a: Skarmory|76/100|[from] item: Leftovers
|upkeep
|turn|16
|
|t:|1727818637
|switch|p1a: Starmie|Starmie|100/100
|-damage|p1a: Starmie|75/100|[from] Spikes
|move|p2a: Swampert|Hydro Pump|p1a: Starmie|[miss]
|-miss|p2a: Swampert|p1a: Starmie
|
|-weather|Sandstorm|[upkeep]
|-damage|p1a: Starmie|69/100|[from] Sandstorm
|-heal|p1a: Starmie|75/100|[from] item: Leftovers
|upkeep
|turn|17
|
|t:|1727818643
|move|p1a: Starmie|Rapid Spin|p2a: Swampert
|-damage|p2a: Swampert|98/100
|-sideend|p1: Segale|Spikes|[from] move: Rapid Spin|[of] p1a: Starmie
|move|p2a: Swampert|Earthquake|p1a: Starmie
|-damage|p1a: Starmie|30/100
|
|-weather|Sandstorm|[upkeep]
|-damage|p1a: Starmie|24/100|[from] Sandstorm
|-heal|p1a: Starmie|30/100|[from] item: Leftovers
|-heal|p2a: Swampert|100/100|[from] item: Leftovers
|upkeep
|turn|18
|
|t:|1727818650
|-singleturn|p2a: Swampert|move: Focus Punch
|move|p1a: Starmie|Recover|p1a: Starmie
|-heal|p1a: Starmie|80/100
|move|p2a: Swampert|Focus Punch|p1a: Starmie
|-resisted|p1a: Starmie
|-damage|p1a: Starmie|58/100
|
|-weather|Sandstorm|[upkeep]
|-damage|p1a: Starmie|52/100|[from] Sandstorm
|-heal|p1a: Starmie|58/100|[from] item: Leftovers
|upkeep
|turn|19
|
|t:|1727818655
|move|p1a: Starmie|Recover|p1a: Starmie
|-heal|p1a: Starmie|100/100
|move|p2a: Swampert|Earthquake|p1a: Starmie
|-damage|p1a: Starmie|60/100
|
|-weather|Sandstorm|[upkeep]
|-damage|p1a: Starmie|54/100|[from] Sandstorm
|-heal|p1a: Starmie|60/100|[from] item: Leftovers
|upkeep
|turn|20
|
|t:|1727818658
|move|p1a: Starmie|Recover|p1a: Starmie
|-heal|p1a: Starmie|100/100
|move|p2a: Swampert|Ice Beam|p1a: Starmie
|-resisted|p1a: Starmie
|-damage|p1a: Starmie|86/100
|
|-weather|Sandstorm|[upkeep]
|-damage|p1a: Starmie|80/100|[from] Sandstorm
|-heal|p1a: Starmie|86/100|[from] item: Leftovers
|upkeep
|turn|21
|
|t:|1727818662
|move|p1a: Starmie|Surf|p2a: Swampert
|-damage|p2a: Swampert|62/100
|move|p2a: Swampert|Earthquake|p1a: Starmie
|-crit|p1a: Starmie
|-damage|p1a: Starmie|0 fnt
|faint|p1a: Starmie
|
|t:|1727818669
|switch|p1a: Skarmory|Skarmory, M, shiny|76/100
|
|-weather|Sandstorm|[upkeep]
|-heal|p2a: Swampert|68/100|[from] item: Leftovers
|-heal|p1a: Skarmory|82/100|[from] item: Leftovers
|upkeep
|turn|22
|
|t:|1727818671
|move|p2a: Swampert|Hydro Pump|p1a: Skarmory
|-damage|p1a: Skarmory|42/100
|move|p1a: Skarmory|Roar|p2a: Swampert
|drag|p2a: Tyranitar|Tyranitar, M|100/100
|-damage|p2a: Tyranitar|88/100|[from] Spikes
|
|-weather|Sandstorm|[upkeep]
|-heal|p1a: Skarmory|48/100|[from] item: Leftovers
|upkeep
|turn|23
|
|t:|1727818677
|switch|p1a: Swampert|Swampert, M|100/100
|move|p2a: Tyranitar|Dragon Dance|p2a: Tyranitar
|-boost|p2a: Tyranitar|atk|1
|-boost|p2a: Tyranitar|spe|1
|
|-weather|Sandstorm|[upkeep]
|upkeep
|turn|24
|
|t:|1727818692
|move|p2a: Tyranitar|Earthquake|p1a: Swampert
|-damage|p1a: Swampert|65/100
|move|p1a: Swampert|Surf|p2a: Tyranitar
|-supereffective|p2a: Tyranitar
|-damage|p2a: Tyranitar|34/100
|
|-weather|Sandstorm|[upkeep]
|-heal|p1a: Swampert|72/100|[from] item: Leftovers
|upkeep
|turn|25
|
|t:|1727818696
|move|p1a: Swampert|Protect|p1a: Swampert
|-singleturn|p1a: Swampert|Protect
|move|p2a: Tyranitar|Earthquake|p1a: Swampert
|-activate|p1a: Swampert|Protect
|
|-weather|Sandstorm|[upkeep]
|-heal|p1a: Swampert|78/100|[from] item: Leftovers
|upkeep
|turn|26
|
|t:|1727818698
|move|p2a: Tyranitar|Double-Edge|p1a: Swampert
|-damage|p1a: Swampert|37/100
|-damage|p2a: Tyranitar|20/100|[from] Recoil|[of] p1a: Swampert
|move|p1a: Swampert|Surf|p2a: Tyranitar
|-supereffective|p2a: Tyranitar
|-damage|p2a: Tyranitar|0 fnt
|faint|p2a: Tyranitar
|
|t:|1727818702
|switch|p2a: Swampert|Swampert, M|68/100
|-damage|p2a: Swampert|56/100|[from] Spikes
|
|-weather|Sandstorm|[upkeep]
|-heal|p2a: Swampert|62/100|[from] item: Leftovers
|-heal|p1a: Swampert|43/100|[from] item: Leftovers
|upkeep
|turn|27
|
|t:|1727818714
|move|p1a: Swampert|Protect|p1a: Swampert
|-singleturn|p1a: Swampert|Protect
|move|p2a: Swampert|Ice Beam|p1a: Swampert
|-activate|p1a: Swampert|Protect
|
|-weather|Sandstorm|[upkeep]
|-heal|p2a: Swampert|68/100|[from] item: Leftovers
|-heal|p1a: Swampert|49/100|[from] item: Leftovers
|upkeep
|turn|28
|
|t:|1727818718
|move|p2a: Swampert|Hydro Pump|p1a: Swampert
|-crit|p1a: Swampert
|-damage|p1a: Swampert|0 fnt
|faint|p1a: Swampert
|c|☆Segale|can u fucking
|c|☆Segale|stop
|
|t:|1727818735
|switch|p1a: Skarmory|Skarmory, M, shiny|48/100
|
|-weather|Sandstorm|[upkeep]
|-heal|p2a: Swampert|74/100|[from] item: Leftovers
|-heal|p1a: Skarmory|54/100|[from] item: Leftovers
|upkeep
|turn|29
|c|☆Segale|as usual
|
|t:|1727818740
|move|p1a: Skarmory|Protect|p1a: Skarmory
|-singleturn|p1a: Skarmory|Protect
|move|p2a: Swampert|Ice Beam|p1a: Skarmory
|-activate|p1a: Skarmory|Protect
|
|-weather|Sandstorm|[upkeep]
|-heal|p2a: Swampert|81/100|[from] item: Leftovers
|-heal|p1a: Skarmory|60/100|[from] item: Leftovers
|upkeep
|turn|30
|
|t:|1727818745
|move|p2a: Swampert|Ice Beam|p1a: Skarmory
|-damage|p1a: Skarmory|38/100
|move|p1a: Skarmory|Roar|p2a: Swampert
|drag|p2a: Aerodactyl|Aerodactyl, M|100/100
|
|-weather|Sandstorm|[upkeep]
|-heal|p1a: Skarmory|44/100|[from] item: Leftovers
|upkeep
|turn|31
|
|t:|1727818755
|move|p1a: Skarmory|Protect|p1a: Skarmory
|-singleturn|p1a: Skarmory|Protect
|move|p2a: Aerodactyl|Rock Slide|p1a: Skarmory
|-activate|p1a: Skarmory|Protect
|
|-weather|Sandstorm|[upkeep]
|-heal|p1a: Skarmory|50/100|[from] item: Leftovers
|upkeep
|turn|32
|c|☆Segale|this game is total joke
|
|t:|1727818760
|move|p2a: Aerodactyl|Rock Slide|p1a: Skarmory
|-damage|p1a: Skarmory|27/100
|cant|p1a: Skarmory|flinch
|
|-weather|Sandstorm|[upkeep]
|-heal|p1a: Skarmory|33/100|[from] item: Leftovers
|upkeep
|turn|33
|
|t:|1727818771
|move|p1a: Skarmory|Protect|p1a: Skarmory
|-singleturn|p1a: Skarmory|Protect
|move|p2a: Aerodactyl|Rock Slide|p1a: Skarmory
|-activate|p1a: Skarmory|Protect
|
|-weather|Sandstorm|[upkeep]
|-heal|p1a: Skarmory|39/100|[from] item: Leftovers
|upkeep
|turn|34
|-message|Segale forfeited.
|
|win|KingWafl
|player|p1|
|c|☆KingWafl|gg
|player|p1|Segale|blue|
|c|☆Segale|gg?
|player|p1|
|player|p1|Segale|blue|
|player|p1|
|player|p1|Segale|blue|
|player|p1|
|player|p1|Segale|blue|

</script>
<script type="application/json" class="data" id="replaydata-smogtours-gen3ou-793848">
{"id":"smogtours-gen3ou-793848","format":"[Gen 3] OU","players":["Segale","KingWafl"],"uploadtime":1727818771,"views":123,"formatid":"gen3ou","rating":null,"private":1,"password":null}
</script>

<script defer src="js/replays.js?9d40a366"></script>
