<!DOCTYPE html>
<meta charset="utf-8" />
<meta name="viewport" content="width=device-width" />

<title>[Gen 3] OU: hipimochi vs. Axselo - Replays - Pok&eacute;mon Showdown!</title>

<meta name="description" content="Watch a replay of a Pok&eacute;mon battle between hipimochi and Axselo! Format: [Gen 3] OU; Date: Oct 22, 2024" />
<!--

Hey, you! Looking in the source for the replay log?

You can find them in JSON format, just add `.json` at the end of a replay URL.

https://replay.pokemonshowdown.com/gen7randomdoublesbattle-865046831.json

Or, if you only need the log itself, add `.log` instead:

https://replay.pokemonshowdown.com/gen7randomdoublesbattle-865046831.log

-->

<link rel="stylesheet" href="//pokemonshowdown.com/style/global.css?0.023195364461161105" />
<link rel="stylesheet" href="//play.pokemonshowdown.com/style/font-awesome.css?0.13261647063804238" />
<link rel="stylesheet" href="//play.pokemonshowdown.com/style/battle.css?0.8753245789963631" />
<link rel="stylesheet" href="//play.pokemonshowdown.com/style/utilichart.css?0.8627959624976733" />

<!-- Global site tag (gtag.js) - Google Analytics -->
<script async src="https://www.googletagmanager.com/gtag/js?id=UA-26211653-1"></script>
<script>
  window.dataLayer = window.dataLayer || [];
  function gtag(){dataLayer.push(arguments);}
  gtag('js', new Date());

  gtag('config', 'UA-26211653-1');
</script>
<!-- End Google Analytics -->
<!-- Venatus Ad Manager - Install in <HEAD> of page -->
	<script src="https://hb.vntsm.com/v3/live/ad-manager.min.js" type="text/javascript" data-site-id="642aba63ec9a7b11c3c9c1be" data-mode="scan" async></script>
<!-- / Venatus Ad Manager -->

<style>
	@media (max-width:820px) {
		.battle {
			margin: 0 auto;
		}
		.battle-log {
			margin: 7px auto 0;
			max-width: 640px;
			height: 300px;
			position: static;
		}
	}
	.optgroup {
		display: inline-block;
		line-height: 22px;
		font-size: 10pt;
	}
	.optgroup .button {
		height: 25px;
		padding-top: 0;
		padding-bottom: 0;
	}
	.optgroup button.button {
		padding-left: 12px;
		padding-right: 12px;
	}
	.linklist {
		list-style: none;
		margin: 0.5em 0;
		padding: 0;
	}
	.linklist li {
		padding: 2px 0;
	}
	.sidebar {
		float: left;
		width: 320px;
	}
	.bar-wrapper {
		max-width: 1100px;
		margin: 0 auto;
	}
	.bar-wrapper.has-sidebar {
		max-width: 1430px;
	}
	.mainbar {
		margin: 0;
		padding-right: 1px;
	}
	.mainbar.has-sidebar {
		margin-left: 330px;
	}
	@media (min-width: 1511px) {
		.sidebar {
			width: 400px;
		}
		.bar-wrapper.has-sidebar {
			max-width: 1510px;
		}
		.mainbar.has-sidebar {
			margin-left: 410px;
		}
	}
	.section.first-section {
		margin-top: 9px;
	}
	.blocklink small {
		white-space: normal;
	}
	.button {
		vertical-align: middle;
	}
	.replay-controls {
		padding-top: 10px;
	}
	.replay-controls h1 {
		font-size: 16pt;
		font-weight: normal;
		color: #CCC;
	}
	.pagelink {
		text-align: center;
	}
	.pagelink a {
		width: 150px;
	}
	.textbox, .button {
		font-size: 11pt;
		vertical-align: middle;
	}
	@media (max-width: 450px) {
		.button {
			font-size: 9pt;
		}
	}
</style>

<div>

	<header>
		<div class="nav-wrapper"><ul class="nav">
			<li><a class="button nav-first" href="//pokemonshowdown.com/"><img src="//pokemonshowdown.com/images/pokemonshowdownbeta.png" srcset="//pokemonshowdown.com/images/pokemonshowdownbeta.png 1x, //pokemonshowdown.com/images/pokemonshowdownbeta@2x.png 2x" alt="Pok&eacute;mon Showdown" width="146" height="44" /> Home</a></li>
			<li><a class="button" href="//pokemonshowdown.com/dex/">Pok&eacute;dex</a></li>
			<li><a class="button cur" href="/">Replays</a></li>
			<li><a class="button" href="//pokemonshowdown.com/ladder/">Ladder</a></li>
			<li><a class="button nav-last" href="//pokemonshowdown.com/forums/">Forum</a></li>
			<li><a class="button greenbutton nav-first nav-last" href="//play.pokemonshowdown.com/">Play</a></li>
		</ul></div>
	</header>

	<div class="main" id="main">

		<noscript><section class="section">You need to enable JavaScript to use this page; sorry!</section></noscript>

	</div>

</div>

<script defer nomodule src="//play.pokemonshowdown.com/js/lib/ps-polyfill.js"></script>
<script defer src="//play.pokemonshowdown.com/js/lib/preact.min.js"></script>

<script defer src="//play.pokemonshowdown.com/config/config.js?2bddbc15"></script>
<script defer src="//play.pokemonshowdown.com/js/lib/jquery-1.11.0.min.js"></script>
<script defer src="//play.pokemonshowdown.com/js/lib/html-sanitizer-minified.js"></script>
<script defer src="//play.pokemonshowdown.com/js/battle-sound.js"></script>
<script defer src="//play.pokemonshowdown.com/js/battledata.js?0.7209276989879541"></script>
<script defer src="//play.pokemonshowdown.com/data/pokedex-mini.js?0.6111056340867951"></script>
<script defer src="//play.pokemonshowdown.com/data/pokedex-mini-bw.js?0.3532142036491459"></script>
<script defer src="//play.pokemonshowdown.com/data/graphics.js?0.24223875632456182"></script>
<script defer src="//play.pokemonshowdown.com/data/pokedex.js?0.38839984266356864"></script>
<script defer src="//play.pokemonshowdown.com/data/moves.js?0.21866028504024015"></script>
<script defer src="//play.pokemonshowdown.com/data/abilities.js?0.2005157953846628"></script>
<script defer src="//play.pokemonshowdown.com/data/items.js?0.9894211263848525"></script>
<script defer src="//play.pokemonshowdown.com/data/teambuilder-tables.js?0.6008791140282215"></script>
<script defer src="//play.pokemonshowdown.com/js/battle-tooltips.js?0.7580118955022959"></script>
<script defer src="//play.pokemonshowdown.com/js/battle.js?0.6057722274234274"></script>

<script defer src="js/utils.js?e31f9a17"></script>
<script defer src="js/replays-battle.js?7008c182"></script>

<!-- don't scrape this data! just add .json or .log after the URL!
Full API docs: https://github.com/smogon/pokemon-showdown-client/blob/master/WEB-API.md -->
<script type="text/plain" class="log" id="replaylog-smogtours-gen3ou-801230">
|inactive|Battle timer is ON: inactive players will automatically lose when time's up.
|t:|1729621487
|gametype|singles
|player|p1|hipimochi|iris-gen5bw2|
|player|p2|Axselo|1|
|teamsize|p1|6
|teamsize|p2|6
|gen|3
|tier|[Gen 3] OU
|rule|Sleep Clause Mod: Limit one foe put to sleep
|rule|Switch Priority Clause Mod: Faster Pokémon switch first
|rule|Species Clause: Limit one of each Pokémon
|rule|OHKO Clause: OHKO moves are banned
|rule|Evasion Items Clause: Evasion items are banned
|rule|Evasion Moves Clause: Evasion moves are banned
|rule|Endless Battle Clause: Forcing endless battles is banned
|rule|HP Percentage Mod: HP is shown in percentages
|rule|One Boost Passer Clause: Limit one Baton Passer that has a way to boost its stats
|rule|Freeze Clause Mod: Limit one foe frozen
|
|t:|1729621487
|start
|switch|p1a: Tyranitar|Tyranitar, F|100/100
|switch|p2a: Jolteon|Jolteon, F|100/100
|-weather|Sandstorm|[from] ability: Sand Stream|[of] p1a: Tyranitar
|turn|1
|
|t:|1729621510
|move|p2a: Jolteon|Substitute|p2a: Jolteon
|-start|p2a: Jolteon|Substitute
|-damage|p2a: Jolteon|76/100
|move|p1a: Tyranitar|Substitute|p1a: Tyranitar
|-start|p1a: Tyranitar|Substitute
|-damage|p1a: Tyranitar|75/100
|
|-weather|Sandstorm|[upkeep]
|-damage|p2a: Jolteon|70/100|[from] Sandstorm
|-heal|p2a: Jolteon|76/100|[from] item: Leftovers
|-heal|p1a: Tyranitar|82/100|[from] item: Leftovers
|upkeep
|turn|2
|
|t:|1729621515
|move|p2a: Jolteon|Thunderbolt|p1a: Tyranitar
|-end|p1a: Tyranitar|Substitute
|move|p1a: Tyranitar|Earthquake|p2a: Jolteon
|-supereffective|p2a: Jolteon
|-end|p2a: Jolteon|Substitute
|
|-weather|Sandstorm|[upkeep]
|-damage|p2a: Jolteon|70/100|[from] Sandstorm
|-heal|p2a: Jolteon|76/100|[from] item: Leftovers
|-heal|p1a: Tyranitar|88/100|[from] item: Leftovers
|upkeep
|turn|3
|
|t:|1729621524
|move|p2a: Jolteon|Baton Pass|p2a: Jolteon
|
|t:|1729621527
|switch|p2a: Forretress|Forretress, M|100/100|[from] Baton Pass
|move|p1a: Tyranitar|Substitute|p1a: Tyranitar
|-start|p1a: Tyranitar|Substitute
|-damage|p1a: Tyranitar|63/100
|
|-weather|Sandstorm|[upkeep]
|-heal|p1a: Tyranitar|69/100|[from] item: Leftovers
|upkeep
|turn|4
|
|t:|1729621534
|-singleturn|p1a: Tyranitar|move: Focus Punch
|move|p2a: Forretress|Earthquake|p1a: Tyranitar
|-supereffective|p1a: Tyranitar
|-end|p1a: Tyranitar|Substitute
|move|p1a: Tyranitar|Focus Punch|p2a: Forretress
|-damage|p2a: Forretress|53/100
|
|-weather|Sandstorm|[upkeep]
|-heal|p1a: Tyranitar|75/100|[from] item: Leftovers
|-heal|p2a: Forretress|60/100|[from] item: Leftovers
|upkeep
|turn|5
|c|☆Axselo|brb
|
|t:|1729621551
|switch|p1a: Charizard|Charizard, M|100/100
|move|p2a: Forretress|Earthquake|p1a: Charizard
|-immune|p1a: Charizard
|
|-weather|Sandstorm|[upkeep]
|-damage|p1a: Charizard|94/100|[from] Sandstorm
|-heal|p1a: Charizard|100/100|[from] item: Leftovers
|-heal|p2a: Forretress|66/100|[from] item: Leftovers
|upkeep
|turn|6
|inactive|Axselo has 270 seconds left.
|c|☆Axselo|ok Im back
|
|t:|1729621589
|switch|p2a: Vaporeon|Vaporeon, F|100/100
|move|p1a: Charizard|Substitute|p1a: Charizard
|-start|p1a: Charizard|Substitute
|-damage|p1a: Charizard|76/100
|
|-weather|Sandstorm|[upkeep]
|-damage|p1a: Charizard|70/100|[from] Sandstorm
|-damage|p2a: Vaporeon|94/100|[from] Sandstorm
|-heal|p1a: Charizard|76/100|[from] item: Leftovers
|-heal|p2a: Vaporeon|100/100|[from] item: Leftovers
|upkeep
|turn|7
|inactive|Axselo has 270 seconds left.
|
|t:|1729621596
|move|p1a: Charizard|Hidden Power|p2a: Vaporeon
|-supereffective|p2a: Vaporeon
|-damage|p2a: Vaporeon|67/100
|move|p2a: Vaporeon|Wish|p2a: Vaporeon
|
|-weather|Sandstorm|[upkeep]
|-damage|p1a: Charizard|70/100|[from] Sandstorm
|-damage|p2a: Vaporeon|61/100|[from] Sandstorm
|-heal|p1a: Charizard|76/100|[from] item: Leftovers
|-heal|p2a: Vaporeon|67/100|[from] item: Leftovers
|upkeep
|turn|8
|
|t:|1729621608
|move|p1a: Charizard|Hidden Power|p2a: Vaporeon
|-supereffective|p2a: Vaporeon
|-damage|p2a: Vaporeon|33/100
|move|p2a: Vaporeon|Roar|p1a: Charizard
|drag|p1a: Metagross|Metagross|100/100
|
|-heal|p2a: Vaporeon|83/100|[from] move: Wish|[wisher] Vaporeon
|-weather|Sandstorm|[upkeep]
|-damage|p2a: Vaporeon|77/100|[from] Sandstorm
|-heal|p2a: Vaporeon|83/100|[from] item: Leftovers
|upkeep
|turn|9
|inactive|Axselo has 270 seconds left.
|
|t:|1729621626
|switch|p1a: Starmie|Starmie|100/100
|move|p2a: Vaporeon|Surf|p1a: Starmie
|-resisted|p1a: Starmie
|-damage|p1a: Starmie|76/100
|
|-weather|Sandstorm|[upkeep]
|-damage|p1a: Starmie|70/100|[from] Sandstorm
|-damage|p2a: Vaporeon|77/100|[from] Sandstorm
|-heal|p1a: Starmie|76/100|[from] item: Leftovers
|-heal|p2a: Vaporeon|83/100|[from] item: Leftovers
|upkeep
|turn|10
|
|t:|1729621632
|switch|p2a: Celebi|Celebi|100/100
|move|p1a: Starmie|Thunderbolt|p2a: Celebi
|-resisted|p2a: Celebi
|-damage|p2a: Celebi|91/100
|
|-weather|Sandstorm|[upkeep]
|-damage|p1a: Starmie|70/100|[from] Sandstorm
|-damage|p2a: Celebi|85/100|[from] Sandstorm
|-heal|p1a: Starmie|76/100|[from] item: Leftovers
|-heal|p2a: Celebi|91/100|[from] item: Leftovers
|upkeep
|turn|11
|
|t:|1729621648
|switch|p1a: Snorlax|Snorlax, F|100/100
|move|p2a: Celebi|Leech Seed|p1a: Snorlax
|-start|p1a: Snorlax|move: Leech Seed
|
|-weather|Sandstorm|[upkeep]
|-damage|p2a: Celebi|85/100|[from] Sandstorm
|-damage|p1a: Snorlax|94/100|[from] Sandstorm
|-heal|p2a: Celebi|91/100|[from] item: Leftovers
|-heal|p1a: Snorlax|100/100|[from] item: Leftovers
|-damage|p1a: Snorlax|88/100|[from] Leech Seed|[of] p2a: Celebi
|-heal|p2a: Celebi|100/100|[silent]
|upkeep
|turn|12
|
|t:|1729621657
|move|p2a: Celebi|Baton Pass|p2a: Celebi
|
|t:|1729621658
|switch|p2a: Forretress|Forretress, M|66/100|[from] Baton Pass
|move|p1a: Snorlax|Shadow Ball|p2a: Forretress
|-resisted|p2a: Forretress
|-damage|p2a: Forretress|57/100
|
|-weather|Sandstorm|[upkeep]
|-damage|p1a: Snorlax|82/100|[from] Sandstorm
|-heal|p2a: Forretress|63/100|[from] item: Leftovers
|-heal|p1a: Snorlax|88/100|[from] item: Leftovers
|-damage|p1a: Snorlax|76/100|[from] Leech Seed|[of] p2a: Forretress
|-heal|p2a: Forretress|80/100|[silent]
|upkeep
|turn|13
|
|t:|1729621677
|switch|p1a: Charizard|Charizard, M|76/100
|move|p2a: Forretress|Spikes|p1a: Charizard
|-sidestart|p1: hipimochi|Spikes
|
|-weather|Sandstorm|[upkeep]
|-damage|p1a: Charizard|70/100|[from] Sandstorm
|-heal|p1a: Charizard|76/100|[from] item: Leftovers
|-heal|p2a: Forretress|87/100|[from] item: Leftovers
|upkeep
|turn|14
|
|t:|1729621697
|switch|p2a: Vaporeon|Vaporeon, F|83/100
|move|p1a: Charizard|Fire Blast|p2a: Vaporeon
|-resisted|p2a: Vaporeon
|-damage|p2a: Vaporeon|63/100
|-status|p2a: Vaporeon|brn
|
|-weather|Sandstorm|[upkeep]
|-damage|p1a: Charizard|70/100|[from] Sandstorm
|-damage|p2a: Vaporeon|57/100 brn|[from] Sandstorm
|-heal|p1a: Charizard|76/100|[from] item: Leftovers
|-heal|p2a: Vaporeon|63/100 brn|[from] item: Leftovers
|-damage|p2a: Vaporeon|51/100 brn|[from] brn
|upkeep
|turn|15
|
|t:|1729621713
|switch|p1a: Snorlax|Snorlax, F|76/100
|-damage|p1a: Snorlax|63/100|[from] Spikes
|move|p2a: Vaporeon|Surf|p1a: Snorlax
|-crit|p1a: Snorlax
|-damage|p1a: Snorlax|21/100
|
|-weather|Sandstorm|[upkeep]
|-damage|p2a: Vaporeon|45/100 brn|[from] Sandstorm
|-damage|p1a: Snorlax|14/100|[from] Sandstorm
|-heal|p2a: Vaporeon|51/100 brn|[from] item: Leftovers
|-damage|p2a: Vaporeon|38/100 brn|[from] brn
|-heal|p1a: Snorlax|21/100|[from] item: Leftovers
|upkeep
|turn|16
|
|t:|1729621728
|move|p2a: Vaporeon|Surf|p1a: Snorlax
|-damage|p1a: Snorlax|0 fnt
|faint|p1a: Snorlax
|
|t:|1729621740
|switch|p1a: Starmie|Starmie|76/100
|-damage|p1a: Starmie|63/100|[from] Spikes
|
|-weather|Sandstorm|[upkeep]
|-damage|p1a: Starmie|57/100|[from] Sandstorm
|-damage|p2a: Vaporeon|32/100 brn|[from] Sandstorm
|-heal|p1a: Starmie|63/100|[from] item: Leftovers
|-heal|p2a: Vaporeon|38/100 brn|[from] item: Leftovers
|-damage|p2a: Vaporeon|26/100 brn|[from] brn
|upkeep
|turn|17
|
|t:|1729621754
|switch|p2a: Celebi|Celebi|100/100
|move|p1a: Starmie|Ice Beam|p2a: Celebi
|-supereffective|p2a: Celebi
|-damage|p2a: Celebi|59/100
|
|-weather|Sandstorm|[upkeep]
|-damage|p1a: Starmie|57/100|[from] Sandstorm
|-damage|p2a: Celebi|53/100|[from] Sandstorm
|-heal|p1a: Starmie|63/100|[from] item: Leftovers
|-heal|p2a: Celebi|59/100|[from] item: Leftovers
|upkeep
|turn|18
|
|t:|1729621766
|move|p1a: Starmie|Ice Beam|p2a: Celebi
|-supereffective|p2a: Celebi
|-damage|p2a: Celebi|17/100
|move|p2a: Celebi|Hidden Power|p1a: Starmie
|-supereffective|p1a: Starmie
|-damage|p1a: Starmie|0 fnt
|faint|p1a: Starmie
|
|t:|1729621773
|switch|p1a: Charizard|Charizard, M|76/100
|
|-weather|Sandstorm|[upkeep]
|-damage|p1a: Charizard|70/100|[from] Sandstorm
|-damage|p2a: Celebi|11/100|[from] Sandstorm
|-heal|p1a: Charizard|76/100|[from] item: Leftovers
|-heal|p2a: Celebi|17/100|[from] item: Leftovers
|upkeep
|turn|19
|
|t:|1729621794
|switch|p2a: Vaporeon|Vaporeon, F|26/100 brn
|move|p1a: Charizard|Fire Blast|p2a: Vaporeon
|-resisted|p2a: Vaporeon
|-damage|p2a: Vaporeon|4/100 brn
|
|-weather|Sandstorm|[upkeep]
|-damage|p1a: Charizard|70/100|[from] Sandstorm
|-damage|p2a: Vaporeon|0 fnt|[from] Sandstorm
|faint|p2a: Vaporeon
|-heal|p1a: Charizard|76/100|[from] item: Leftovers
|upkeep
|
|t:|1729621795
|switch|p2a: Jolteon|Jolteon, F|76/100
|turn|20
|
|t:|1729621804
|switch|p1a: Claydol|Claydol|100/100
|move|p2a: Jolteon|Thunderbolt|p1a: Claydol
|-immune|p1a: Claydol
|
|-weather|Sandstorm|[upkeep]
|-damage|p2a: Jolteon|70/100|[from] Sandstorm
|-heal|p2a: Jolteon|76/100|[from] item: Leftovers
|upkeep
|turn|21
|
|t:|1729621812
|move|p2a: Jolteon|Baton Pass|p2a: Jolteon
|
|t:|1729621820
|switch|p2a: Celebi|Celebi|17/100|[from] Baton Pass
|move|p1a: Claydol|Rapid Spin|p2a: Celebi
|-damage|p2a: Celebi|13/100
|-sideend|p1: hipimochi|Spikes|[from] move: Rapid Spin|[of] p1a: Claydol
|
|-weather|Sandstorm|[upkeep]
|-damage|p2a: Celebi|7/100|[from] Sandstorm
|-heal|p2a: Celebi|13/100|[from] item: Leftovers
|upkeep
|turn|22
|
|t:|1729621832
|switch|p1a: Charizard|Charizard, M|76/100
|move|p2a: Celebi|Leech Seed|p1a: Charizard
|-start|p1a: Charizard|move: Leech Seed
|
|-weather|Sandstorm|[upkeep]
|-damage|p1a: Charizard|70/100|[from] Sandstorm
|-damage|p2a: Celebi|7/100|[from] Sandstorm
|-heal|p1a: Charizard|76/100|[from] item: Leftovers
|-damage|p1a: Charizard|63/100|[from] Leech Seed|[of] p2a: Celebi
|-heal|p2a: Celebi|16/100|[silent]
|-heal|p2a: Celebi|22/100|[from] item: Leftovers
|upkeep
|turn|23
|
|t:|1729621838
|switch|p2a: Flareon|Flareon, M|100/100
|move|p1a: Charizard|Fire Blast|p2a: Flareon
|-start|p2a: Flareon|ability: Flash Fire
|
|-weather|Sandstorm|[upkeep]
|-damage|p1a: Charizard|57/100|[from] Sandstorm
|-damage|p2a: Flareon|94/100|[from] Sandstorm
|-heal|p1a: Charizard|63/100|[from] item: Leftovers
|-damage|p1a: Charizard|51/100|[from] Leech Seed|[of] p2a: Flareon
|-heal|p2a: Flareon|100/100|[silent]
|upkeep
|turn|24
|
|t:|1729621859
|switch|p1a: Tyranitar|Tyranitar, F|75/100
|move|p2a: Flareon|Overheat|p1a: Tyranitar
|-resisted|p1a: Tyranitar
|-damage|p1a: Tyranitar|47/100
|-unboost|p2a: Flareon|spa|2
|
|-weather|Sandstorm|[upkeep]
|-damage|p2a: Flareon|94/100|[from] Sandstorm
|-heal|p2a: Flareon|100/100|[from] item: Leftovers
|-heal|p1a: Tyranitar|53/100|[from] item: Leftovers
|upkeep
|turn|25
|
|t:|1729621876
|-end|p2a: Flareon|ability: Flash Fire|[silent]
|switch|p2a: Forretress|Forretress, M|87/100
|move|p1a: Tyranitar|Substitute|p1a: Tyranitar
|-start|p1a: Tyranitar|Substitute
|-damage|p1a: Tyranitar|28/100
|
|-weather|Sandstorm|[upkeep]
|-heal|p1a: Tyranitar|35/100|[from] item: Leftovers
|-heal|p2a: Forretress|93/100|[from] item: Leftovers
|upkeep
|turn|26
|
|t:|1729621882
|-singleturn|p1a: Tyranitar|move: Focus Punch
|move|p2a: Forretress|Earthquake|p1a: Tyranitar
|-supereffective|p1a: Tyranitar
|-end|p1a: Tyranitar|Substitute
|move|p1a: Tyranitar|Focus Punch|p2a: Forretress
|-damage|p2a: Forretress|46/100
|
|-weather|Sandstorm|[upkeep]
|-heal|p1a: Tyranitar|41/100|[from] item: Leftovers
|-heal|p2a: Forretress|52/100|[from] item: Leftovers
|upkeep
|turn|27
|inactive|Axselo has 270 seconds left.
|
|t:|1729621931
|switch|p1a: Charizard|Charizard, M|51/100
|move|p2a: Forretress|Spikes|p1a: Charizard
|-sidestart|p1: hipimochi|Spikes
|
|-weather|Sandstorm|[upkeep]
|-damage|p1a: Charizard|45/100|[from] Sandstorm
|-heal|p1a: Charizard|51/100|[from] item: Leftovers
|-heal|p2a: Forretress|58/100|[from] item: Leftovers
|upkeep
|turn|28
|
|t:|1729621940
|-singleturn|p1a: Charizard|move: Focus Punch
|switch|p2a: Flareon|Flareon, M|100/100
|move|p1a: Charizard|Focus Punch|p2a: Flareon
|-damage|p2a: Flareon|53/100
|
|-weather|Sandstorm|[upkeep]
|-damage|p1a: Charizard|45/100|[from] Sandstorm
|-damage|p2a: Flareon|47/100|[from] Sandstorm
|-heal|p1a: Charizard|51/100|[from] item: Leftovers
|-heal|p2a: Flareon|53/100|[from] item: Leftovers
|upkeep
|turn|29
|
|t:|1729621965
|move|p1a: Charizard|Substitute|p1a: Charizard
|-start|p1a: Charizard|Substitute
|-damage|p1a: Charizard|26/100
|move|p2a: Flareon|Hidden Power|p1a: Charizard
|-resisted|p1a: Charizard
|-activate|p1a: Charizard|Substitute|[damage]
|
|-weather|Sandstorm|[upkeep]
|-damage|p1a: Charizard|20/100|[from] Sandstorm
|-damage|p2a: Flareon|47/100|[from] Sandstorm
|-heal|p1a: Charizard|26/100|[from] item: Leftovers
|-heal|p2a: Flareon|53/100|[from] item: Leftovers
|upkeep
|turn|30
|
|t:|1729621971
|-singleturn|p1a: Charizard|move: Focus Punch
|move|p2a: Flareon|Shadow Ball|p1a: Charizard
|-crit|p1a: Charizard
|-end|p1a: Charizard|Substitute
|move|p1a: Charizard|Focus Punch|p2a: Flareon
|-damage|p2a: Flareon|0 fnt
|faint|p2a: Flareon
|
|t:|1729621973
|switch|p2a: Jolteon|Jolteon, F|76/100
|
|-weather|Sandstorm|[upkeep]
|-damage|p2a: Jolteon|70/100|[from] Sandstorm
|-damage|p1a: Charizard|20/100|[from] Sandstorm
|-heal|p2a: Jolteon|76/100|[from] item: Leftovers
|-heal|p1a: Charizard|26/100|[from] item: Leftovers
|upkeep
|turn|31
|
|t:|1729621997
|switch|p1a: Claydol|Claydol|100/100
|move|p2a: Jolteon|Substitute|p2a: Jolteon
|-start|p2a: Jolteon|Substitute
|-damage|p2a: Jolteon|51/100
|
|-weather|Sandstorm|[upkeep]
|-damage|p2a: Jolteon|45/100|[from] Sandstorm
|-heal|p2a: Jolteon|51/100|[from] item: Leftovers
|upkeep
|turn|32
|
|t:|1729622002
|move|p2a: Jolteon|Baton Pass|p2a: Jolteon
|
|t:|1729622004
|switch|p2a: Celebi|Celebi|22/100|[from] Baton Pass
|move|p1a: Claydol|Earthquake|p2a: Celebi
|-resisted|p2a: Celebi
|-activate|p2a: Celebi|Substitute|[damage]
|
|-weather|Sandstorm|[upkeep]
|-damage|p2a: Celebi|16/100|[from] Sandstorm
|-heal|p2a: Celebi|22/100|[from] item: Leftovers
|upkeep
|turn|33
|
|t:|1729622028
|switch|p1a: Metagross|Metagross|100/100
|-damage|p1a: Metagross|88/100|[from] Spikes
|move|p2a: Celebi|Swords Dance|p2a: Celebi
|-boost|p2a: Celebi|atk|2
|
|-weather|Sandstorm|[upkeep]
|-damage|p2a: Celebi|16/100|[from] Sandstorm
|-heal|p2a: Celebi|22/100|[from] item: Leftovers
|-heal|p1a: Metagross|94/100|[from] item: Leftovers
|upkeep
|turn|34
|
|t:|1729622037
|move|p2a: Celebi|Baton Pass|p2a: Celebi
|
|t:|1729622039
|switch|p2a: Metagross|Metagross|100/100|[from] Baton Pass
|move|p1a: Metagross|Meteor Mash|p2a: Metagross
|-resisted|p2a: Metagross
|-end|p2a: Metagross|Substitute
|
|-weather|Sandstorm|[upkeep]
|-heal|p1a: Metagross|99/100|[from] item: Leftovers
|upkeep
|turn|35
|inactive|hipimochi has 270 seconds left.
|
|t:|1729622086
|switch|p1a: Claydol|Claydol|100/100
|move|p2a: Metagross|Agility|p2a: Metagross
|-boost|p2a: Metagross|spe|2
|
|-weather|Sandstorm|[upkeep]
|upkeep
|turn|36
|
|t:|1729622101
|move|p2a: Metagross|Meteor Mash|p1a: Claydol
|-damage|p1a: Claydol|0 fnt
|faint|p1a: Claydol
|
|t:|1729622105
|switch|p1a: Charizard|Charizard, M|26/100
|
|-weather|Sandstorm|[upkeep]
|-damage|p1a: Charizard|20/100|[from] Sandstorm
|-heal|p1a: Charizard|26/100|[from] item: Leftovers
|upkeep
|turn|37
|
|t:|1729622109
|move|p2a: Metagross|Rock Slide|p1a: Charizard
|-supereffective|p1a: Charizard
|-damage|p1a: Charizard|0 fnt
|faint|p1a: Charizard
|
|t:|1729622113
|switch|p1a: Tyranitar|Tyranitar, F|41/100
|-damage|p1a: Tyranitar|28/100|[from] Spikes
|
|-weather|Sandstorm|[upkeep]
|-heal|p1a: Tyranitar|35/100|[from] item: Leftovers
|upkeep
|turn|38
|
|t:|1729622116
|move|p2a: Metagross|Earthquake|p1a: Tyranitar
|-supereffective|p1a: Tyranitar
|-damage|p1a: Tyranitar|0 fnt
|faint|p1a: Tyranitar
|
|t:|1729622120
|switch|p1a: Metagross|Metagross|99/100
|-damage|p1a: Metagross|88/100|[from] Spikes
|
|-weather|Sandstorm|[upkeep]
|-heal|p1a: Metagross|94/100|[from] item: Leftovers
|upkeep
|turn|39
|
|t:|1729622122
|move|p2a: Metagross|Earthquake|p1a: Metagross
|-supereffective|p1a: Metagross
|-damage|p1a: Metagross|0 fnt
|faint|p1a: Metagross
|
|win|Axselo
|c|☆Axselo|gg

</script>
<script type="application/json" class="data" id="replaydata-smogtours-gen3ou-801230">
{"id":"smogtours-gen3ou-801230","format":"[Gen 3] OU","players":["hipimochi","Axselo"],"uploadtime":1729622122,"views":77,"formatid":"gen3ou","rating":null,"private":0,"password":null}
</script>

<script defer src="js/replays.js?9d40a366"></script>
