<!DOCTYPE html>
<meta charset="utf-8" />
<meta name="viewport" content="width=device-width" />

<title>[Gen 3] OU: jozin457 vs. MintChocolateGuy - Replays - Pok&eacute;mon Showdown!</title>

<meta name="description" content="Watch a replay of a Pok&eacute;mon battle between jozin457 and MintChocolateGuy! Format: [Gen 3] OU; Date: Oct 18, 2024" />
<!--

Hey, you! Looking in the source for the replay log?

You can find them in JSON format, just add `.json` at the end of a replay URL.

https://replay.pokemonshowdown.com/gen7randomdoublesbattle-865046831.json

Or, if you only need the log itself, add `.log` instead:

https://replay.pokemonshowdown.com/gen7randomdoublesbattle-865046831.log

-->

<link rel="stylesheet" href="//pokemonshowdown.com/style/global.css?0.023195364461161105" />
<link rel="stylesheet" href="//play.pokemonshowdown.com/style/font-awesome.css?0.13261647063804238" />
<link rel="stylesheet" href="//play.pokemonshowdown.com/style/battle.css?0.8753245789963631" />
<link rel="stylesheet" href="//play.pokemonshowdown.com/style/utilichart.css?0.8627959624976733" />

<!-- Global site tag (gtag.js) - Google Analytics -->
<script async src="https://www.googletagmanager.com/gtag/js?id=UA-26211653-1"></script>
<script>
  window.dataLayer = window.dataLayer || [];
  function gtag(){dataLayer.push(arguments);}
  gtag('js', new Date());

  gtag('config', 'UA-26211653-1');
</script>
<!-- End Google Analytics -->
<!-- Venatus Ad Manager - Install in <HEAD> of page -->
	<script src="https://hb.vntsm.com/v3/live/ad-manager.min.js" type="text/javascript" data-site-id="642aba63ec9a7b11c3c9c1be" data-mode="scan" async></script>
<!-- / Venatus Ad Manager -->

<style>
	@media (max-width:820px) {
		.battle {
			margin: 0 auto;
		}
		.battle-log {
			margin: 7px auto 0;
			max-width: 640px;
			height: 300px;
			position: static;
		}
	}
	.optgroup {
		display: inline-block;
		line-height: 22px;
		font-size: 10pt;
	}
	.optgroup .button {
		height: 25px;
		padding-top: 0;
		padding-bottom: 0;
	}
	.optgroup button.button {
		padding-left: 12px;
		padding-right: 12px;
	}
	.linklist {
		list-style: none;
		margin: 0.5em 0;
		padding: 0;
	}
	.linklist li {
		padding: 2px 0;
	}
	.sidebar {
		float: left;
		width: 320px;
	}
	.bar-wrapper {
		max-width: 1100px;
		margin: 0 auto;
	}
	.bar-wrapper.has-sidebar {
		max-width: 1430px;
	}
	.mainbar {
		margin: 0;
		padding-right: 1px;
	}
	.mainbar.has-sidebar {
		margin-left: 330px;
	}
	@media (min-width: 1511px) {
		.sidebar {
			width: 400px;
		}
		.bar-wrapper.has-sidebar {
			max-width: 1510px;
		}
		.mainbar.has-sidebar {
			margin-left: 410px;
		}
	}
	.section.first-section {
		margin-top: 9px;
	}
	.blocklink small {
		white-space: normal;
	}
	.button {
		vertical-align: middle;
	}
	.replay-controls {
		padding-top: 10px;
	}
	.replay-controls h1 {
		font-size: 16pt;
		font-weight: normal;
		color: #CCC;
	}
	.pagelink {
		text-align: center;
	}
	.pagelink a {
		width: 150px;
	}
	.textbox, .button {
		font-size: 11pt;
		vertical-align: middle;
	}
	@media (max-width: 450px) {
		.button {
			font-size: 9pt;
		}
	}
</style>

<div>

	<header>
		<div class="nav-wrapper"><ul class="nav">
			<li><a class="button nav-first" href="//pokemonshowdown.com/"><img src="//pokemonshowdown.com/images/pokemonshowdownbeta.png" srcset="//pokemonshowdown.com/images/pokemonshowdownbeta.png 1x, //pokemonshowdown.com/images/pokemonshowdownbeta@2x.png 2x" alt="Pok&eacute;mon Showdown" width="146" height="44" /> Home</a></li>
			<li><a class="button" href="//pokemonshowdown.com/dex/">Pok&eacute;dex</a></li>
			<li><a class="button cur" href="/">Replays</a></li>
			<li><a class="button" href="//pokemonshowdown.com/ladder/">Ladder</a></li>
			<li><a class="button nav-last" href="//pokemonshowdown.com/forums/">Forum</a></li>
			<li><a class="button greenbutton nav-first nav-last" href="//play.pokemonshowdown.com/">Play</a></li>
		</ul></div>
	</header>

	<div class="main" id="main">

		<noscript><section class="section">You need to enable JavaScript to use this page; sorry!</section></noscript>

	</div>

</div>

<script defer nomodule src="//play.pokemonshowdown.com/js/lib/ps-polyfill.js"></script>
<script defer src="//play.pokemonshowdown.com/js/lib/preact.min.js"></script>

<script defer src="//play.pokemonshowdown.com/config/config.js?2bddbc15"></script>
<script defer src="//play.pokemonshowdown.com/js/lib/jquery-1.11.0.min.js"></script>
<script defer src="//play.pokemonshowdown.com/js/lib/html-sanitizer-minified.js"></script>
<script defer src="//play.pokemonshowdown.com/js/battle-sound.js"></script>
<script defer src="//play.pokemonshowdown.com/js/battledata.js?0.7209276989879541"></script>
<script defer src="//play.pokemonshowdown.com/data/pokedex-mini.js?0.6111056340867951"></script>
<script defer src="//play.pokemonshowdown.com/data/pokedex-mini-bw.js?0.3532142036491459"></script>
<script defer src="//play.pokemonshowdown.com/data/graphics.js?0.24223875632456182"></script>
<script defer src="//play.pokemonshowdown.com/data/pokedex.js?0.38839984266356864"></script>
<script defer src="//play.pokemonshowdown.com/data/moves.js?0.21866028504024015"></script>
<script defer src="//play.pokemonshowdown.com/data/abilities.js?0.2005157953846628"></script>
<script defer src="//play.pokemonshowdown.com/data/items.js?0.9894211263848525"></script>
<script defer src="//play.pokemonshowdown.com/data/teambuilder-tables.js?0.6008791140282215"></script>
<script defer src="//play.pokemonshowdown.com/js/battle-tooltips.js?0.7580118955022959"></script>
<script defer src="//play.pokemonshowdown.com/js/battle.js?0.6057722274234274"></script>

<script defer src="js/utils.js?e31f9a17"></script>
<script defer src="js/replays-battle.js?7008c182"></script>

<!-- don't scrape this data! just add .json or .log after the URL!
Full API docs: https://github.com/smogon/pokemon-showdown-client/blob/master/WEB-API.md -->
<script type="text/plain" class="log" id="replaylog-smogtours-gen3ou-799617">
|inactive|Battle timer is ON: inactive players will automatically lose when time's up.
|t:|1729277278
|gametype|singles
|player|p1|jozin457|infielder|
|player|p2|MintChocolateGuy|gambler|
|teamsize|p1|6
|teamsize|p2|6
|gen|3
|tier|[Gen 3] OU
|rule|Sleep Clause Mod: Limit one foe put to sleep
|rule|Switch Priority Clause Mod: Faster Pokémon switch first
|rule|Species Clause: Limit one of each Pokémon
|rule|OHKO Clause: OHKO moves are banned
|rule|Evasion Items Clause: Evasion items are banned
|rule|Evasion Moves Clause: Evasion moves are banned
|rule|Endless Battle Clause: Forcing endless battles is banned
|rule|HP Percentage Mod: HP is shown in percentages
|rule|One Boost Passer Clause: Limit one Baton Passer that has a way to boost its stats
|rule|Freeze Clause Mod: Limit one foe frozen
|
|t:|1729277278
|start
|switch|p1a: Zapdos|Zapdos|100/100
|switch|p2a: Heracross|Heracross, F|100/100
|turn|1
|c|☆jozin457|hf
|c|☆MintChocolateGuy|u2
|
|t:|1729277294
|move|p1a: Zapdos|Drill Peck|p2a: Heracross
|-supereffective|p2a: Heracross
|-damage|p2a: Heracross|0 fnt
|faint|p2a: Heracross
|
|t:|1729277302
|switch|p2a: Tyranitar|Tyranitar, F|100/100
|-weather|Sandstorm|[from] ability: Sand Stream|[of] p2a: Tyranitar
|
|-weather|Sandstorm|[upkeep]
|-damage|p1a: Zapdos|94/100|[from] Sandstorm
|-heal|p1a: Zapdos|100/100|[from] item: Leftovers
|upkeep
|turn|2
|
|t:|1729277311
|move|p1a: Zapdos|Hidden Power|p2a: Tyranitar
|-supereffective|p2a: Tyranitar
|-damage|p2a: Tyranitar|46/100
|move|p2a: Tyranitar|Rock Slide|p1a: Zapdos
|-supereffective|p1a: Zapdos
|-damage|p1a: Zapdos|0 fnt
|faint|p1a: Zapdos
|
|t:|1729277338
|switch|p1a: Celebi|Celebi|100/100
|
|-weather|Sandstorm|[upkeep]
|-damage|p1a: Celebi|94/100|[from] Sandstorm
|-heal|p1a: Celebi|100/100|[from] item: Leftovers
|-heal|p2a: Tyranitar|53/100|[from] item: Leftovers
|upkeep
|turn|3
|
|t:|1729277364
|move|p1a: Celebi|Swords Dance|p1a: Celebi
|-boost|p1a: Celebi|atk|2
|move|p2a: Tyranitar|Dragon Dance|p2a: Tyranitar
|-boost|p2a: Tyranitar|atk|1
|-boost|p2a: Tyranitar|spe|1
|
|-weather|Sandstorm|[upkeep]
|-damage|p1a: Celebi|94/100|[from] Sandstorm
|-heal|p2a: Tyranitar|59/100|[from] item: Leftovers
|-heal|p1a: Celebi|100/100|[from] item: Leftovers
|upkeep
|turn|4
|
|t:|1729277370
|move|p2a: Tyranitar|Hidden Power|p1a: Celebi
|-supereffective|p1a: Celebi
|-damage|p1a: Celebi|0 fnt
|faint|p1a: Celebi
|
|t:|1729277373
|switch|p1a: Swampert|Swampert, M|100/100
|
|-weather|Sandstorm|[upkeep]
|-heal|p2a: Tyranitar|65/100|[from] item: Leftovers
|upkeep
|turn|5
|
|t:|1729277380
|switch|p2a: Celebi|Celebi|100/100
|move|p1a: Swampert|Earthquake|p2a: Celebi
|-resisted|p2a: Celebi
|-damage|p2a: Celebi|88/100
|
|-weather|Sandstorm|[upkeep]
|-damage|p2a: Celebi|82/100|[from] Sandstorm
|-heal|p2a: Celebi|88/100|[from] item: Leftovers
|upkeep
|turn|6
|
|t:|1729277396
|switch|p1a: Snorlax|Snorlax, F|100/100
|move|p2a: Celebi|Leech Seed|p1a: Snorlax
|-start|p1a: Snorlax|move: Leech Seed
|
|-weather|Sandstorm|[upkeep]
|-damage|p2a: Celebi|82/100|[from] Sandstorm
|-damage|p1a: Snorlax|94/100|[from] Sandstorm
|-heal|p2a: Celebi|88/100|[from] item: Leftovers
|-heal|p1a: Snorlax|100/100|[from] item: Leftovers
|-damage|p1a: Snorlax|88/100|[from] Leech Seed|[of] p2a: Celebi
|-heal|p2a: Celebi|100/100|[silent]
|upkeep
|turn|7
|inactive|MintChocolateGuy has 270 seconds left.
|
|t:|1729277428
|switch|p2a: Salamence|Salamence, F|100/100
|-ability|p2a: Salamence|Intimidate|boost
|-unboost|p1a: Snorlax|atk|1
|move|p1a: Snorlax|Body Slam|p2a: Salamence
|-damage|p2a: Salamence|69/100
|
|-weather|Sandstorm|[upkeep]
|-damage|p2a: Salamence|63/100|[from] Sandstorm
|-damage|p1a: Snorlax|82/100|[from] Sandstorm
|-heal|p2a: Salamence|69/100|[from] item: Leftovers
|-heal|p1a: Snorlax|88/100|[from] item: Leftovers
|-damage|p1a: Snorlax|76/100|[from] Leech Seed|[of] p2a: Salamence
|-heal|p2a: Salamence|88/100|[silent]
|upkeep
|turn|8
|inactive|MintChocolateGuy has 270 seconds left.
|
|t:|1729277457
|switch|p2a: Tyranitar|Tyranitar, F|65/100
|move|p1a: Snorlax|Self-Destruct|p2a: Tyranitar
|-resisted|p2a: Tyranitar
|-damage|p2a: Tyranitar|13/100
|faint|p1a: Snorlax
|inactive|jozin457 has 270 seconds left.
|
|t:|1729277472
|switch|p1a: Metagross|Metagross|100/100
|
|-weather|Sandstorm|[upkeep]
|-heal|p2a: Tyranitar|20/100|[from] item: Leftovers
|upkeep
|turn|9
|
|t:|1729277478
|move|p2a: Tyranitar|Earthquake|p1a: Metagross
|-supereffective|p1a: Metagross
|-damage|p1a: Metagross|50/100
|move|p1a: Metagross|Agility|p1a: Metagross
|-boost|p1a: Metagross|spe|2
|
|-weather|Sandstorm|[upkeep]
|-heal|p2a: Tyranitar|26/100|[from] item: Leftovers
|upkeep
|turn|10
|
|t:|1729277484
|move|p1a: Metagross|Meteor Mash|p2a: Tyranitar
|-supereffective|p2a: Tyranitar
|-damage|p2a: Tyranitar|0 fnt
|faint|p2a: Tyranitar
|inactive|MintChocolateGuy has 270 seconds left.
|
|t:|1729277530
|switch|p2a: Metagross|Metagross|100/100
|
|-weather|Sandstorm|[upkeep]
|upkeep
|turn|11
|
|t:|1729277534
|move|p1a: Metagross|Earthquake|p2a: Metagross
|-supereffective|p2a: Metagross
|-damage|p2a: Metagross|38/100
|move|p2a: Metagross|Earthquake|p1a: Metagross
|-supereffective|p1a: Metagross
|-damage|p1a: Metagross|0 fnt
|faint|p1a: Metagross
|
|t:|1729277544
|switch|p1a: Alakazam|Alakazam, M|100/100
|
|-weather|Sandstorm|[upkeep]
|-damage|p1a: Alakazam|94/100|[from] Sandstorm
|-heal|p1a: Alakazam|100/100|[from] item: Leftovers
|upkeep
|turn|12
|inactive|MintChocolateGuy has 240 seconds left.
|inactive|MintChocolateGuy has 210 seconds left.
|
|t:|1729277616
|switch|p2a: Celebi|Celebi|100/100
|move|p1a: Alakazam|Fire Punch|p2a: Celebi
|-supereffective|p2a: Celebi
|-damage|p2a: Celebi|58/100
|
|-weather|Sandstorm|[upkeep]
|-damage|p1a: Alakazam|94/100|[from] Sandstorm
|-damage|p2a: Celebi|52/100|[from] Sandstorm
|-heal|p1a: Alakazam|100/100|[from] item: Leftovers
|-heal|p2a: Celebi|58/100|[from] item: Leftovers
|upkeep
|turn|13
|
|t:|1729277623
|move|p1a: Alakazam|Calm Mind|p1a: Alakazam
|-boost|p1a: Alakazam|spa|1
|-boost|p1a: Alakazam|spd|1
|move|p2a: Celebi|Leech Seed|p1a: Alakazam
|-start|p1a: Alakazam|move: Leech Seed
|
|-weather|Sandstorm|[upkeep]
|-damage|p1a: Alakazam|94/100|[from] Sandstorm
|-damage|p2a: Celebi|52/100|[from] Sandstorm
|-heal|p1a: Alakazam|100/100|[from] item: Leftovers
|-damage|p1a: Alakazam|88/100|[from] Leech Seed|[of] p2a: Celebi
|-heal|p2a: Celebi|60/100|[silent]
|-heal|p2a: Celebi|66/100|[from] item: Leftovers
|upkeep
|turn|14
|inactive|MintChocolateGuy has 210 seconds left.
|
|t:|1729277633
|switch|p2a: Starmie|Starmie|100/100
|move|p1a: Alakazam|Calm Mind|p1a: Alakazam
|-boost|p1a: Alakazam|spa|1
|-boost|p1a: Alakazam|spd|1
|
|-weather|Sandstorm|[upkeep]
|-damage|p1a: Alakazam|82/100|[from] Sandstorm
|-damage|p2a: Starmie|94/100|[from] Sandstorm
|-heal|p1a: Alakazam|88/100|[from] item: Leftovers
|-damage|p1a: Alakazam|76/100|[from] Leech Seed|[of] p2a: Starmie
|-heal|p2a: Starmie|100/100|[silent]
|upkeep
|turn|15
|
|t:|1729277639
|move|p1a: Alakazam|Thunder Punch|p2a: Starmie
|-supereffective|p2a: Starmie
|-damage|p2a: Starmie|0 fnt
|faint|p2a: Starmie
|
|t:|1729277647
|switch|p2a: Salamence|Salamence, F|88/100
|-ability|p2a: Salamence|Intimidate|boost
|-unboost|p1a: Alakazam|atk|1
|
|-weather|Sandstorm|[upkeep]
|-damage|p1a: Alakazam|70/100|[from] Sandstorm
|-damage|p2a: Salamence|81/100|[from] Sandstorm
|-heal|p1a: Alakazam|76/100|[from] item: Leftovers
|-damage|p1a: Alakazam|63/100|[from] Leech Seed|[of] p2a: Salamence
|-heal|p2a: Salamence|91/100|[silent]
|-heal|p2a: Salamence|97/100|[from] item: Leftovers
|upkeep
|turn|16
|inactive|MintChocolateGuy has 210 seconds left.
|
|t:|1729277682
|switch|p2a: Metagross|Metagross|38/100
|move|p1a: Alakazam|Psychic|p2a: Metagross
|-resisted|p2a: Metagross
|-damage|p2a: Metagross|14/100
|
|-weather|Sandstorm|[upkeep]
|-damage|p1a: Alakazam|57/100|[from] Sandstorm
|-heal|p1a: Alakazam|63/100|[from] item: Leftovers
|-damage|p1a: Alakazam|51/100|[from] Leech Seed|[of] p2a: Metagross
|-heal|p2a: Metagross|24/100|[silent]
|upkeep
|turn|17
|
|t:|1729277701
|move|p1a: Alakazam|Psychic|p2a: Metagross
|-resisted|p2a: Metagross
|-damage|p2a: Metagross|0 fnt
|faint|p2a: Metagross
|
|t:|1729277714
|switch|p2a: Celebi|Celebi|66/100
|
|-weather|Sandstorm|[upkeep]
|-damage|p1a: Alakazam|45/100|[from] Sandstorm
|-damage|p2a: Celebi|60/100|[from] Sandstorm
|-heal|p1a: Alakazam|51/100|[from] item: Leftovers
|-damage|p1a: Alakazam|39/100|[from] Leech Seed|[of] p2a: Celebi
|-heal|p2a: Celebi|68/100|[silent]
|-heal|p2a: Celebi|74/100|[from] item: Leftovers
|upkeep
|turn|18
|
|t:|1729277725
|switch|p2a: Salamence|Salamence, F|97/100
|-ability|p2a: Salamence|Intimidate|boost
|-unboost|p1a: Alakazam|atk|1
|move|p1a: Alakazam|Fire Punch|p2a: Salamence
|-resisted|p2a: Salamence
|-damage|p2a: Salamence|59/100
|-status|p2a: Salamence|brn
|
|-weather|Sandstorm|[upkeep]
|-damage|p1a: Alakazam|33/100|[from] Sandstorm
|-damage|p2a: Salamence|53/100 brn|[from] Sandstorm
|-heal|p1a: Alakazam|39/100|[from] item: Leftovers
|-damage|p1a: Alakazam|26/100|[from] Leech Seed|[of] p2a: Salamence
|-heal|p2a: Salamence|63/100 brn|[silent]
|-heal|p2a: Salamence|69/100 brn|[from] item: Leftovers
|-damage|p2a: Salamence|56/100 brn|[from] brn
|upkeep
|turn|19
|inactive|MintChocolateGuy has 180 seconds left.
|
|t:|1729277751
|switch|p2a: Celebi|Celebi|74/100
|move|p1a: Alakazam|Psychic|p2a: Celebi
|-resisted|p2a: Celebi
|-damage|p2a: Celebi|34/100
|-unboost|p2a: Celebi|spd|1
|
|-weather|Sandstorm|[upkeep]
|-damage|p1a: Alakazam|20/100|[from] Sandstorm
|-damage|p2a: Celebi|28/100|[from] Sandstorm
|-heal|p1a: Alakazam|26/100|[from] item: Leftovers
|-damage|p1a: Alakazam|14/100|[from] Leech Seed|[of] p2a: Celebi
|-heal|p2a: Celebi|36/100|[silent]
|-heal|p2a: Celebi|42/100|[from] item: Leftovers
|upkeep
|turn|20
|inactive|MintChocolateGuy has 180 seconds left.
|
|t:|1729277771
|switch|p2a: Salamence|Salamence, F|56/100 brn
|-ability|p2a: Salamence|Intimidate|boost
|-unboost|p1a: Alakazam|atk|1
|move|p1a: Alakazam|Psychic|p2a: Salamence
|-damage|p2a: Salamence|0 fnt
|faint|p2a: Salamence
|
|t:|1729277776
|switch|p2a: Celebi|Celebi|42/100
|
|-weather|Sandstorm|[upkeep]
|-damage|p1a: Alakazam|8/100|[from] Sandstorm
|-damage|p2a: Celebi|36/100|[from] Sandstorm
|-heal|p1a: Alakazam|14/100|[from] item: Leftovers
|-damage|p1a: Alakazam|2/100|[from] Leech Seed|[of] p2a: Celebi
|-heal|p2a: Celebi|44/100|[silent]
|-heal|p2a: Celebi|50/100|[from] item: Leftovers
|upkeep
|turn|21
|inactive|MintChocolateGuy has 180 seconds left.
|
|t:|1729277785
|move|p1a: Alakazam|Fire Punch|p2a: Celebi
|-supereffective|p2a: Celebi
|-damage|p2a: Celebi|0 fnt
|faint|p2a: Celebi
|
|win|jozin457
|c|☆jozin457|ggs
|c|☆MintChocolateGuy|dang gg

</script>
<script type="application/json" class="data" id="replaydata-smogtours-gen3ou-799617">
{"id":"smogtours-gen3ou-799617","format":"[Gen 3] OU","players":["jozin457","MintChocolateGuy"],"uploadtime":1729277785,"views":70,"formatid":"gen3ou","rating":null,"private":1,"password":null}
</script>

<script defer src="js/replays.js?9d40a366"></script>
