<!DOCTYPE html>
<meta charset="utf-8" />
<meta name="viewport" content="width=device-width" />

<title>[Gen 3] OU: 1P1o1s1h1e1 vs. Strawbbz - Replays - Pok&eacute;mon Showdown!</title>

<meta name="description" content="Watch a replay of a Pok&eacute;mon battle between 1P1o1s1h1e1 and Strawbbz! Format: [Gen 3] OU; Date: Oct 8, 2024" />
<!--

Hey, you! Looking in the source for the replay log?

You can find them in JSON format, just add `.json` at the end of a replay URL.

https://replay.pokemonshowdown.com/gen7randomdoublesbattle-865046831.json

Or, if you only need the log itself, add `.log` instead:

https://replay.pokemonshowdown.com/gen7randomdoublesbattle-865046831.log

-->

<link rel="stylesheet" href="//pokemonshowdown.com/style/global.css?0.767286132409787" />
<link rel="stylesheet" href="//play.pokemonshowdown.com/style/font-awesome.css?0.9266228007934947" />
<link rel="stylesheet" href="//play.pokemonshowdown.com/style/battle.css?0.7924700842790926" />
<link rel="stylesheet" href="//play.pokemonshowdown.com/style/utilichart.css?0.8777417872839479" />

<!-- Global site tag (gtag.js) - Google Analytics -->
<script async src="https://www.googletagmanager.com/gtag/js?id=UA-26211653-1"></script>
<script>
  window.dataLayer = window.dataLayer || [];
  function gtag(){dataLayer.push(arguments);}
  gtag('js', new Date());

  gtag('config', 'UA-26211653-1');
</script>
<!-- End Google Analytics -->
<!-- Venatus Ad Manager - Install in <HEAD> of page -->
	<script src="https://hb.vntsm.com/v3/live/ad-manager.min.js" type="text/javascript" data-site-id="642aba63ec9a7b11c3c9c1be" data-mode="scan" async></script>
<!-- / Venatus Ad Manager -->

<style>
	@media (max-width:820px) {
		.battle {
			margin: 0 auto;
		}
		.battle-log {
			margin: 7px auto 0;
			max-width: 640px;
			height: 300px;
			position: static;
		}
	}
	.optgroup {
		display: inline-block;
		line-height: 22px;
		font-size: 10pt;
	}
	.optgroup .button {
		height: 25px;
		padding-top: 0;
		padding-bottom: 0;
	}
	.optgroup button.button {
		padding-left: 12px;
		padding-right: 12px;
	}
	.linklist {
		list-style: none;
		margin: 0.5em 0;
		padding: 0;
	}
	.linklist li {
		padding: 2px 0;
	}
	.sidebar {
		float: left;
		width: 320px;
	}
	.bar-wrapper {
		max-width: 1100px;
		margin: 0 auto;
	}
	.bar-wrapper.has-sidebar {
		max-width: 1430px;
	}
	.mainbar {
		margin: 0;
		padding-right: 1px;
	}
	.mainbar.has-sidebar {
		margin-left: 330px;
	}
	@media (min-width: 1511px) {
		.sidebar {
			width: 400px;
		}
		.bar-wrapper.has-sidebar {
			max-width: 1510px;
		}
		.mainbar.has-sidebar {
			margin-left: 410px;
		}
	}
	.section.first-section {
		margin-top: 9px;
	}
	.blocklink small {
		white-space: normal;
	}
	.button {
		vertical-align: middle;
	}
	.replay-controls {
		padding-top: 10px;
	}
	.replay-controls h1 {
		font-size: 16pt;
		font-weight: normal;
		color: #CCC;
	}
	.pagelink {
		text-align: center;
	}
	.pagelink a {
		width: 150px;
	}
	.textbox, .button {
		font-size: 11pt;
		vertical-align: middle;
	}
	@media (max-width: 450px) {
		.button {
			font-size: 9pt;
		}
	}
</style>

<div>

	<header>
		<div class="nav-wrapper"><ul class="nav">
			<li><a class="button nav-first" href="//pokemonshowdown.com/"><img src="//pokemonshowdown.com/images/pokemonshowdownbeta.png" srcset="//pokemonshowdown.com/images/pokemonshowdownbeta.png 1x, //pokemonshowdown.com/images/pokemonshowdownbeta@2x.png 2x" alt="Pok&eacute;mon Showdown" width="146" height="44" /> Home</a></li>
			<li><a class="button" href="//pokemonshowdown.com/dex/">Pok&eacute;dex</a></li>
			<li><a class="button cur" href="/">Replays</a></li>
			<li><a class="button" href="//pokemonshowdown.com/ladder/">Ladder</a></li>
			<li><a class="button nav-last" href="//pokemonshowdown.com/forums/">Forum</a></li>
			<li><a class="button greenbutton nav-first nav-last" href="//play.pokemonshowdown.com/">Play</a></li>
		</ul></div>
	</header>

	<div class="main" id="main">

		<noscript><section class="section">You need to enable JavaScript to use this page; sorry!</section></noscript>

	</div>

</div>

<script defer nomodule src="//play.pokemonshowdown.com/js/lib/ps-polyfill.js"></script>
<script defer src="//play.pokemonshowdown.com/js/lib/preact.min.js"></script>

<script defer src="//play.pokemonshowdown.com/config/config.js?6dec07f6"></script>
<script defer src="//play.pokemonshowdown.com/js/lib/jquery-1.11.0.min.js"></script>
<script defer src="//play.pokemonshowdown.com/js/lib/html-sanitizer-minified.js"></script>
<script defer src="//play.pokemonshowdown.com/js/battle-sound.js"></script>
<script defer src="//play.pokemonshowdown.com/js/battledata.js?0.6315294753075389"></script>
<script defer src="//play.pokemonshowdown.com/data/pokedex-mini.js?0.7603743185311358"></script>
<script defer src="//play.pokemonshowdown.com/data/pokedex-mini-bw.js?0.030888842834281283"></script>
<script defer src="//play.pokemonshowdown.com/data/graphics.js?0.05593094747507488"></script>
<script defer src="//play.pokemonshowdown.com/data/pokedex.js?0.47064822249611904"></script>
<script defer src="//play.pokemonshowdown.com/data/moves.js?0.8583693120512459"></script>
<script defer src="//play.pokemonshowdown.com/data/abilities.js?0.16017181182386842"></script>
<script defer src="//play.pokemonshowdown.com/data/items.js?0.4163379185673943"></script>
<script defer src="//play.pokemonshowdown.com/data/teambuilder-tables.js?0.31075597372830477"></script>
<script defer src="//play.pokemonshowdown.com/js/battle-tooltips.js?0.6536193500708172"></script>
<script defer src="//play.pokemonshowdown.com/js/battle.js?0.1916591943277901"></script>

<script defer src="js/utils.js?e31f9a17"></script>
<script defer src="js/replays-battle.js?7008c182"></script>

<!-- don't scrape this data! just add .json or .log after the URL!
Full API docs: https://github.com/smogon/pokemon-showdown-client/blob/master/WEB-API.md -->
<script type="text/plain" class="log" id="replaylog-smogtours-gen3ou-796513">
|inactive|Battle timer is ON: inactive players will automatically lose when time's up.
|t:|1728424835
|gametype|singles
|player|p1|1P1o1s1h1e1|101|
|player|p2|Strawbbz|silver-gen2|
|teamsize|p1|6
|teamsize|p2|6
|gen|3
|tier|[Gen 3] OU
|rule|Sleep Clause Mod: Limit one foe put to sleep
|rule|Switch Priority Clause Mod: Faster Pokémon switch first
|rule|Species Clause: Limit one of each Pokémon
|rule|OHKO Clause: OHKO moves are banned
|rule|Evasion Items Clause: Evasion items are banned
|rule|Evasion Moves Clause: Evasion moves are banned
|rule|Endless Battle Clause: Forcing endless battles is banned
|rule|HP Percentage Mod: HP is shown in percentages
|rule|One Boost Passer Clause: Limit one Baton Passer that has a way to boost its stats
|rule|Freeze Clause Mod: Limit one foe frozen
|
|t:|1728424835
|start
|switch|p1a: Tyranitar|Tyranitar, F|100/100
|switch|p2a: Ohm's Law|Zapdos|100/100
|-weather|Sandstorm|[from] ability: Sand Stream|[of] p1a: Tyranitar
|turn|1
|
|t:|1728424844
|switch|p2a: Sui|Suicune|100/100
|move|p1a: Tyranitar|Roar|p2a: Sui
|drag|p2a: Kovid-18|Weezing, M|100/100
|
|-weather|Sandstorm|[upkeep]
|-damage|p2a: Kovid-18|95/100|[from] Sandstorm
|-heal|p2a: Kovid-18|100/100|[from] item: Leftovers
|upkeep
|turn|2
|
|t:|1728424857
|switch|p1a: Claydol|Claydol|100/100
|move|p2a: Kovid-18|Will-O-Wisp|p1a: Claydol
|-status|p1a: Claydol|brn
|
|-weather|Sandstorm|[upkeep]
|-damage|p2a: Kovid-18|95/100|[from] Sandstorm
|-damage|p1a: Claydol|88/100 brn|[from] brn
|-heal|p2a: Kovid-18|100/100|[from] item: Leftovers
|upkeep
|turn|3
|
|t:|1728424874
|switch|p2a: Ohm's Law|Zapdos|100/100
|move|p1a: Claydol|Refresh|p1a: Claydol
|-curestatus|p1a: Claydol|brn|[msg]
|
|-weather|Sandstorm|[upkeep]
|-damage|p2a: Ohm's Law|94/100|[from] Sandstorm
|-heal|p2a: Ohm's Law|100/100|[from] item: Leftovers
|-heal|p1a: Claydol|94/100|[from] item: Leftovers
|upkeep
|turn|4
|
|t:|1728424888
|switch|p1a: Blissey|Blissey, F|100/100
|move|p2a: Ohm's Law|Toxic|p1a: Blissey
|-status|p1a: Blissey|tox
|
|-weather|Sandstorm|[upkeep]
|-damage|p2a: Ohm's Law|94/100|[from] Sandstorm
|-damage|p1a: Blissey|94/100 tox|[from] Sandstorm
|-heal|p2a: Ohm's Law|100/100|[from] item: Leftovers
|-heal|p1a: Blissey|100/100 tox|[from] item: Leftovers
|-damage|p1a: Blissey|94/100 tox|[from] psn
|upkeep
|turn|5
|
|t:|1728424911
|switch|p2a: Sui|Suicune|100/100
|move|p1a: Blissey|Thunder Wave|p2a: Sui
|-status|p2a: Sui|par
|
|-weather|Sandstorm|[upkeep]
|-damage|p1a: Blissey|88/100 tox|[from] Sandstorm
|-damage|p2a: Sui|94/100 par|[from] Sandstorm
|-heal|p1a: Blissey|94/100 tox|[from] item: Leftovers
|-damage|p1a: Blissey|82/100 tox|[from] psn
|-heal|p2a: Sui|100/100 par|[from] item: Leftovers
|upkeep
|turn|6
|inactive|1P1o1s1h1e1 has 270 seconds left.
|
|t:|1728424956
|-curestatus|p1a: Blissey|tox|[from] ability: Natural Cure
|switch|p1a: Skarmory|Skarmory, M|100/100
|move|p2a: Sui|Calm Mind|p2a: Sui
|-boost|p2a: Sui|spa|1
|-boost|p2a: Sui|spd|1
|
|-weather|Sandstorm|[upkeep]
|-damage|p2a: Sui|94/100 par|[from] Sandstorm
|-heal|p2a: Sui|100/100 par|[from] item: Leftovers
|upkeep
|turn|7
|
|t:|1728424964
|move|p2a: Sui|Surf|p1a: Skarmory
|-crit|p1a: Skarmory
|-damage|p1a: Skarmory|11/100
|move|p1a: Skarmory|Roar|p2a: Sui
|drag|p2a: Make A Wish|Jirachi|100/100
|
|-weather|Sandstorm|[upkeep]
|-heal|p1a: Skarmory|17/100|[from] item: Leftovers
|upkeep
|turn|8
|
|t:|1728424981
|move|p2a: Make A Wish|Fire Punch|p1a: Skarmory
|-supereffective|p1a: Skarmory
|-crit|p1a: Skarmory
|-damage|p1a: Skarmory|0 fnt
|faint|p1a: Skarmory
|
|t:|1728424984
|switch|p1a: Dugtrio|Dugtrio, M|100/100
|
|-weather|Sandstorm|[upkeep]
|upkeep
|turn|9
|
|t:|1728424988
|move|p1a: Dugtrio|Earthquake|p2a: Make A Wish
|-supereffective|p2a: Make A Wish
|-damage|p2a: Make A Wish|12/100
|move|p2a: Make A Wish|Body Slam|p1a: Dugtrio
|-damage|p1a: Dugtrio|43/100
|
|-weather|Sandstorm|[upkeep]
|-heal|p2a: Make A Wish|18/100|[from] item: Leftovers
|upkeep
|turn|10
|
|t:|1728424994
|move|p1a: Dugtrio|Earthquake|p2a: Make A Wish
|-supereffective|p2a: Make A Wish
|-damage|p2a: Make A Wish|0 fnt
|faint|p2a: Make A Wish
|
|t:|1728424997
|switch|p2a: Kovid-18|Weezing, M|100/100
|
|-weather|Sandstorm|[upkeep]
|-damage|p2a: Kovid-18|95/100|[from] Sandstorm
|-heal|p2a: Kovid-18|100/100|[from] item: Leftovers
|upkeep
|turn|11
|
|t:|1728425011
|switch|p1a: Claydol|Claydol|94/100
|switch|p2a: Sui|Suicune|100/100 par
|
|-weather|Sandstorm|[upkeep]
|-damage|p2a: Sui|94/100 par|[from] Sandstorm
|-heal|p1a: Claydol|99/100|[from] item: Leftovers
|-heal|p2a: Sui|100/100 par|[from] item: Leftovers
|upkeep
|turn|12
|
|t:|1728425018
|switch|p1a: Blissey|Blissey, F|82/100
|move|p2a: Sui|Calm Mind|p2a: Sui
|-boost|p2a: Sui|spa|1
|-boost|p2a: Sui|spd|1
|
|-weather|Sandstorm|[upkeep]
|-damage|p1a: Blissey|76/100|[from] Sandstorm
|-damage|p2a: Sui|94/100 par|[from] Sandstorm
|-heal|p1a: Blissey|82/100|[from] item: Leftovers
|-heal|p2a: Sui|100/100 par|[from] item: Leftovers
|upkeep
|turn|13
|
|t:|1728425026
|move|p1a: Blissey|Seismic Toss|p2a: Sui
|-damage|p2a: Sui|76/100 par
|move|p2a: Sui|Calm Mind|p2a: Sui
|-boost|p2a: Sui|spa|1
|-boost|p2a: Sui|spd|1
|
|-weather|Sandstorm|[upkeep]
|-damage|p1a: Blissey|76/100|[from] Sandstorm
|-damage|p2a: Sui|69/100 par|[from] Sandstorm
|-heal|p1a: Blissey|82/100|[from] item: Leftovers
|-heal|p2a: Sui|76/100 par|[from] item: Leftovers
|upkeep
|turn|14
|
|t:|1728425036
|move|p1a: Blissey|Seismic Toss|p2a: Sui
|-damage|p2a: Sui|51/100 par
|move|p2a: Sui|Calm Mind|p2a: Sui
|-boost|p2a: Sui|spa|1
|-boost|p2a: Sui|spd|1
|
|-weather|Sandstorm|[upkeep]
|-damage|p1a: Blissey|76/100|[from] Sandstorm
|-damage|p2a: Sui|44/100 par|[from] Sandstorm
|-heal|p1a: Blissey|82/100|[from] item: Leftovers
|-heal|p2a: Sui|51/100 par|[from] item: Leftovers
|upkeep
|turn|15
|
|t:|1728425042
|move|p1a: Blissey|Seismic Toss|p2a: Sui
|-damage|p2a: Sui|26/100 par
|move|p2a: Sui|Rest|p2a: Sui
|-status|p2a: Sui|slp|[from] move: Rest
|-heal|p2a: Sui|100/100 slp|[silent]
|
|-weather|Sandstorm|[upkeep]
|-damage|p2a: Sui|94/100 slp|[from] Sandstorm
|-damage|p1a: Blissey|76/100|[from] Sandstorm
|-heal|p2a: Sui|100/100 slp|[from] item: Leftovers
|-heal|p1a: Blissey|82/100|[from] item: Leftovers
|upkeep
|turn|16
|
|t:|1728425057
|cant|p2a: Sui|slp
|move|p1a: Blissey|Seismic Toss|p2a: Sui
|-damage|p2a: Sui|76/100 slp
|
|-weather|Sandstorm|[upkeep]
|-damage|p2a: Sui|69/100 slp|[from] Sandstorm
|-damage|p1a: Blissey|76/100|[from] Sandstorm
|-heal|p2a: Sui|76/100 slp|[from] item: Leftovers
|-heal|p1a: Blissey|82/100|[from] item: Leftovers
|upkeep
|turn|17
|inactive|Strawbbz has 270 seconds left.
|
|t:|1728425088
|cant|p2a: Sui|slp
|move|p1a: Blissey|Seismic Toss|p2a: Sui
|-damage|p2a: Sui|51/100 slp
|
|-weather|Sandstorm|[upkeep]
|-damage|p2a: Sui|44/100 slp|[from] Sandstorm
|-damage|p1a: Blissey|76/100|[from] Sandstorm
|-heal|p2a: Sui|51/100 slp|[from] item: Leftovers
|-heal|p1a: Blissey|82/100|[from] item: Leftovers
|upkeep
|turn|18
|
|t:|1728425097
|-curestatus|p2a: Sui|slp|[msg]
|move|p2a: Sui|Surf|p1a: Blissey
|-damage|p1a: Blissey|54/100
|move|p1a: Blissey|Seismic Toss|p2a: Sui
|-damage|p2a: Sui|26/100
|
|-weather|Sandstorm|[upkeep]
|-damage|p2a: Sui|19/100|[from] Sandstorm
|-damage|p1a: Blissey|48/100|[from] Sandstorm
|-heal|p2a: Sui|26/100|[from] item: Leftovers
|-heal|p1a: Blissey|54/100|[from] item: Leftovers
|upkeep
|turn|19
|
|t:|1728425109
|move|p2a: Sui|Rest|p2a: Sui
|-status|p2a: Sui|slp|[from] move: Rest
|-heal|p2a: Sui|100/100 slp|[silent]
|move|p1a: Blissey|Soft-Boiled|p1a: Blissey
|-heal|p1a: Blissey|100/100
|
|-weather|Sandstorm|[upkeep]
|-damage|p2a: Sui|94/100 slp|[from] Sandstorm
|-damage|p1a: Blissey|94/100|[from] Sandstorm
|-heal|p2a: Sui|100/100 slp|[from] item: Leftovers
|-heal|p1a: Blissey|100/100|[from] item: Leftovers
|upkeep
|turn|20
|
|t:|1728425115
|switch|p1a: Tyranitar|Tyranitar, F|100/100
|cant|p2a: Sui|slp
|
|-weather|Sandstorm|[upkeep]
|-damage|p2a: Sui|94/100 slp|[from] Sandstorm
|-heal|p2a: Sui|100/100 slp|[from] item: Leftovers
|upkeep
|turn|21
|
|t:|1728425117
|cant|p2a: Sui|slp
|move|p1a: Tyranitar|Roar|p2a: Sui
|drag|p2a: Babydoll|Claydol|100/100
|
|-weather|Sandstorm|[upkeep]
|upkeep
|turn|22
|inactive|1P1o1s1h1e1 has 270 seconds left.
|
|t:|1728425151
|switch|p1a: Milotic|Milotic, F|100/100
|move|p2a: Babydoll|Earthquake|p1a: Milotic
|-damage|p1a: Milotic|70/100
|
|-weather|Sandstorm|[upkeep]
|-damage|p1a: Milotic|64/100|[from] Sandstorm
|-heal|p1a: Milotic|70/100|[from] item: Leftovers
|upkeep
|turn|23
|inactive|1P1o1s1h1e1 has 270 seconds left.
|
|t:|1728425169
|switch|p1a: Tyranitar|Tyranitar, F|100/100
|switch|p2a: Sui|Suicune|100/100 slp
|
|-weather|Sandstorm|[upkeep]
|-damage|p2a: Sui|94/100 slp|[from] Sandstorm
|-heal|p2a: Sui|100/100 slp|[from] item: Leftovers
|upkeep
|turn|24
|inactive|1P1o1s1h1e1 has 270 seconds left.
|
|t:|1728425185
|switch|p1a: Blissey|Blissey, F|100/100
|-curestatus|p2a: Sui|slp|[msg]
|move|p2a: Sui|Calm Mind|p2a: Sui
|-boost|p2a: Sui|spa|1
|-boost|p2a: Sui|spd|1
|
|-weather|Sandstorm|[upkeep]
|-damage|p2a: Sui|94/100|[from] Sandstorm
|-damage|p1a: Blissey|94/100|[from] Sandstorm
|-heal|p2a: Sui|100/100|[from] item: Leftovers
|-heal|p1a: Blissey|100/100|[from] item: Leftovers
|upkeep
|turn|25
|
|t:|1728425192
|switch|p2a: Ohm's Law|Zapdos|100/100
|move|p1a: Blissey|Thunder Wave|p2a: Ohm's Law
|-status|p2a: Ohm's Law|par
|
|-weather|Sandstorm|[upkeep]
|-damage|p1a: Blissey|94/100|[from] Sandstorm
|-damage|p2a: Ohm's Law|94/100 par|[from] Sandstorm
|-heal|p1a: Blissey|100/100|[from] item: Leftovers
|-heal|p2a: Ohm's Law|100/100 par|[from] item: Leftovers
|upkeep
|turn|26
|
|t:|1728425197
|move|p1a: Blissey|Ice Beam|p2a: Ohm's Law
|-supereffective|p2a: Ohm's Law
|-damage|p2a: Ohm's Law|67/100 par
|move|p2a: Ohm's Law|Rest|p2a: Ohm's Law
|-status|p2a: Ohm's Law|slp|[from] move: Rest
|-heal|p2a: Ohm's Law|100/100 slp|[silent]
|
|-weather|Sandstorm|[upkeep]
|-damage|p2a: Ohm's Law|94/100 slp|[from] Sandstorm
|-damage|p1a: Blissey|94/100|[from] Sandstorm
|-heal|p2a: Ohm's Law|100/100 slp|[from] item: Leftovers
|-heal|p1a: Blissey|100/100|[from] item: Leftovers
|upkeep
|turn|27
|
|t:|1728425205
|switch|p1a: Tyranitar|Tyranitar, F|100/100
|cant|p2a: Ohm's Law|slp
|
|-weather|Sandstorm|[upkeep]
|-damage|p2a: Ohm's Law|94/100 slp|[from] Sandstorm
|-heal|p2a: Ohm's Law|100/100 slp|[from] item: Leftovers
|upkeep
|turn|28
|
|t:|1728425213
|switch|p2a: Kovid-18|Weezing, M|100/100
|move|p1a: Tyranitar|Hidden Power|p2a: Kovid-18
|-resisted|p2a: Kovid-18
|-damage|p2a: Kovid-18|92/100
|
|-weather|Sandstorm|[upkeep]
|-damage|p2a: Kovid-18|86/100|[from] Sandstorm
|-heal|p2a: Kovid-18|92/100|[from] item: Leftovers
|upkeep
|turn|29
|
|t:|1728425223
|switch|p1a: Claydol|Claydol|99/100
|move|p2a: Kovid-18|Will-O-Wisp|p1a: Claydol|[miss]
|-miss|p2a: Kovid-18|p1a: Claydol
|
|-weather|Sandstorm|[upkeep]
|-damage|p2a: Kovid-18|86/100|[from] Sandstorm
|-heal|p1a: Claydol|100/100|[from] item: Leftovers
|-heal|p2a: Kovid-18|92/100|[from] item: Leftovers
|upkeep
|turn|30
|
|t:|1728425227
|switch|p2a: Ohm's Law|Zapdos|100/100 slp
|move|p1a: Claydol|Psychic|p2a: Ohm's Law
|-damage|p2a: Ohm's Law|86/100 slp
|
|-weather|Sandstorm|[upkeep]
|-damage|p2a: Ohm's Law|80/100 slp|[from] Sandstorm
|-heal|p2a: Ohm's Law|86/100 slp|[from] item: Leftovers
|upkeep
|turn|31
|
|t:|1728425238
|switch|p1a: Tyranitar|Tyranitar, F|100/100
|cant|p2a: Ohm's Law|slp
|
|-weather|Sandstorm|[upkeep]
|-damage|p2a: Ohm's Law|80/100 slp|[from] Sandstorm
|-heal|p2a: Ohm's Law|86/100 slp|[from] item: Leftovers
|upkeep
|turn|32
|
|t:|1728425244
|-curestatus|p2a: Ohm's Law|slp|[msg]
|move|p2a: Ohm's Law|Toxic|p1a: Tyranitar
|-status|p1a: Tyranitar|tox
|move|p1a: Tyranitar|Hidden Power|p2a: Ohm's Law
|-resisted|p2a: Ohm's Law
|-damage|p2a: Ohm's Law|74/100
|
|-weather|Sandstorm|[upkeep]
|-damage|p2a: Ohm's Law|68/100|[from] Sandstorm
|-heal|p2a: Ohm's Law|74/100|[from] item: Leftovers
|-damage|p1a: Tyranitar|94/100 tox|[from] psn
|upkeep
|turn|33
|
|t:|1728425256
|move|p2a: Ohm's Law|Rest|p2a: Ohm's Law
|-status|p2a: Ohm's Law|slp|[from] move: Rest
|-heal|p2a: Ohm's Law|100/100 slp|[silent]
|move|p1a: Tyranitar|Rock Slide|p2a: Ohm's Law
|-supereffective|p2a: Ohm's Law
|-damage|p2a: Ohm's Law|17/100 slp
|
|-weather|Sandstorm|[upkeep]
|-damage|p2a: Ohm's Law|11/100 slp|[from] Sandstorm
|-heal|p2a: Ohm's Law|17/100 slp|[from] item: Leftovers
|-heal|p1a: Tyranitar|100/100 tox|[from] item: Leftovers
|-damage|p1a: Tyranitar|88/100 tox|[from] psn
|upkeep
|turn|34
|
|t:|1728425274
|switch|p2a: Kovid-18|Weezing, M|92/100
|move|p1a: Tyranitar|Rock Slide|p2a: Kovid-18
|-damage|p2a: Kovid-18|63/100
|
|-weather|Sandstorm|[upkeep]
|-damage|p2a: Kovid-18|57/100|[from] Sandstorm
|-heal|p1a: Tyranitar|94/100 tox|[from] item: Leftovers
|-damage|p1a: Tyranitar|76/100 tox|[from] psn
|-heal|p2a: Kovid-18|63/100|[from] item: Leftovers
|upkeep
|turn|35
|
|t:|1728425284
|switch|p1a: Claydol|Claydol|100/100
|move|p2a: Kovid-18|Rest|p2a: Kovid-18
|-status|p2a: Kovid-18|slp|[from] move: Rest
|-heal|p2a: Kovid-18|100/100 slp|[silent]
|
|-weather|Sandstorm|[upkeep]
|-damage|p2a: Kovid-18|95/100 slp|[from] Sandstorm
|-heal|p2a: Kovid-18|100/100 slp|[from] item: Leftovers
|upkeep
|turn|36
|
|t:|1728425296
|switch|p1a: Milotic|Milotic, F|70/100
|switch|p2a: Babydoll|Claydol|100/100
|
|-weather|Sandstorm|[upkeep]
|-damage|p1a: Milotic|64/100|[from] Sandstorm
|-heal|p1a: Milotic|70/100|[from] item: Leftovers
|upkeep
|turn|37
|
|t:|1728425318
|switch|p1a: Dugtrio|Dugtrio, M|43/100
|switch|p2a: Morbidly a Beast|Blissey, F|100/100
|
|-weather|Sandstorm|[upkeep]
|-damage|p2a: Morbidly a Beast|94/100|[from] Sandstorm
|-heal|p2a: Morbidly a Beast|100/100|[from] item: Leftovers
|upkeep
|turn|38
|
|t:|1728425328
|move|p1a: Dugtrio|Earthquake|p2a: Morbidly a Beast
|-damage|p2a: Morbidly a Beast|42/100
|move|p2a: Morbidly a Beast|Ice Beam|p1a: Dugtrio
|-supereffective|p1a: Dugtrio
|-damage|p1a: Dugtrio|0 fnt
|faint|p1a: Dugtrio
|
|t:|1728425335
|switch|p1a: Tyranitar|Tyranitar, F|76/100 tox
|
|-weather|Sandstorm|[upkeep]
|-damage|p2a: Morbidly a Beast|36/100|[from] Sandstorm
|-heal|p1a: Tyranitar|82/100 tox|[from] item: Leftovers
|-damage|p1a: Tyranitar|76/100 tox|[from] psn
|-heal|p2a: Morbidly a Beast|42/100|[from] item: Leftovers
|upkeep
|turn|39
|
|t:|1728425348
|switch|p2a: Babydoll|Claydol|100/100
|move|p1a: Tyranitar|Hidden Power|p2a: Babydoll
|-supereffective|p2a: Babydoll
|-damage|p2a: Babydoll|46/100
|
|-weather|Sandstorm|[upkeep]
|-heal|p2a: Babydoll|52/100|[from] item: Leftovers
|-heal|p1a: Tyranitar|82/100 tox|[from] item: Leftovers
|-damage|p1a: Tyranitar|69/100 tox|[from] psn
|upkeep
|turn|40
|
|t:|1728425362
|switch|p2a: Kovid-18|Weezing, M|100/100 slp
|move|p1a: Tyranitar|Hidden Power|p2a: Kovid-18
|-resisted|p2a: Kovid-18
|-damage|p2a: Kovid-18|92/100 slp
|
|-weather|Sandstorm|[upkeep]
|-damage|p2a: Kovid-18|86/100 slp|[from] Sandstorm
|-heal|p1a: Tyranitar|76/100 tox|[from] item: Leftovers
|-damage|p1a: Tyranitar|57/100 tox|[from] psn
|-heal|p2a: Kovid-18|92/100 slp|[from] item: Leftovers
|upkeep
|turn|41
|
|t:|1728425369
|switch|p1a: Claydol|Claydol|100/100
|cant|p2a: Kovid-18|slp
|
|-weather|Sandstorm|[upkeep]
|-damage|p2a: Kovid-18|86/100 slp|[from] Sandstorm
|-heal|p2a: Kovid-18|92/100 slp|[from] item: Leftovers
|upkeep
|turn|42
|
|t:|1728425376
|switch|p1a: Blissey|Blissey, F|100/100
|switch|p2a: Babydoll|Claydol|52/100
|
|-weather|Sandstorm|[upkeep]
|-damage|p1a: Blissey|94/100|[from] Sandstorm
|-heal|p2a: Babydoll|58/100|[from] item: Leftovers
|-heal|p1a: Blissey|100/100|[from] item: Leftovers
|upkeep
|turn|43
|
|t:|1728425398
|switch|p2a: Kovid-18|Weezing, M|92/100 slp
|move|p1a: Blissey|Ice Beam|p2a: Kovid-18
|-damage|p2a: Kovid-18|61/100 slp
|
|-weather|Sandstorm|[upkeep]
|-damage|p2a: Kovid-18|55/100 slp|[from] Sandstorm
|-damage|p1a: Blissey|94/100|[from] Sandstorm
|-heal|p2a: Kovid-18|61/100 slp|[from] item: Leftovers
|-heal|p1a: Blissey|100/100|[from] item: Leftovers
|upkeep
|turn|44
|
|t:|1728425405
|cant|p2a: Kovid-18|slp
|move|p1a: Blissey|Ice Beam|p2a: Kovid-18
|-damage|p2a: Kovid-18|30/100 slp
|
|-weather|Sandstorm|[upkeep]
|-damage|p2a: Kovid-18|24/100 slp|[from] Sandstorm
|-damage|p1a: Blissey|94/100|[from] Sandstorm
|-heal|p2a: Kovid-18|30/100 slp|[from] item: Leftovers
|-heal|p1a: Blissey|100/100|[from] item: Leftovers
|upkeep
|turn|45
|
|t:|1728425415
|-curestatus|p2a: Kovid-18|slp|[msg]
|move|p2a: Kovid-18|Rest|p2a: Kovid-18
|-status|p2a: Kovid-18|slp|[from] move: Rest
|-heal|p2a: Kovid-18|100/100 slp|[silent]
|move|p1a: Blissey|Ice Beam|p2a: Kovid-18
|-damage|p2a: Kovid-18|70/100 slp
|
|-weather|Sandstorm|[upkeep]
|-damage|p2a: Kovid-18|64/100 slp|[from] Sandstorm
|-damage|p1a: Blissey|94/100|[from] Sandstorm
|-heal|p2a: Kovid-18|70/100 slp|[from] item: Leftovers
|-heal|p1a: Blissey|100/100|[from] item: Leftovers
|upkeep
|turn|46
|
|t:|1728425420
|switch|p2a: Sui|Suicune|100/100
|move|p1a: Blissey|Ice Beam|p2a: Sui
|-resisted|p2a: Sui
|-damage|p2a: Sui|93/100
|-status|p2a: Sui|frz
|
|-weather|Sandstorm|[upkeep]
|-damage|p2a: Sui|87/100 frz|[from] Sandstorm
|-damage|p1a: Blissey|94/100|[from] Sandstorm
|-heal|p2a: Sui|93/100 frz|[from] item: Leftovers
|-heal|p1a: Blissey|100/100|[from] item: Leftovers
|upkeep
|turn|47
|
|t:|1728425432
|switch|p2a: Babydoll|Claydol|58/100
|move|p1a: Blissey|Seismic Toss|p2a: Babydoll
|-damage|p2a: Babydoll|27/100
|
|-weather|Sandstorm|[upkeep]
|-damage|p1a: Blissey|94/100|[from] Sandstorm
|-heal|p2a: Babydoll|33/100|[from] item: Leftovers
|-heal|p1a: Blissey|100/100|[from] item: Leftovers
|upkeep
|turn|48
|
|t:|1728425443
|switch|p1a: Milotic|Milotic, F|70/100
|move|p2a: Babydoll|Earthquake|p1a: Milotic
|-damage|p1a: Milotic|40/100
|
|-weather|Sandstorm|[upkeep]
|-damage|p1a: Milotic|34/100|[from] Sandstorm
|-heal|p1a: Milotic|40/100|[from] item: Leftovers
|-heal|p2a: Babydoll|39/100|[from] item: Leftovers
|upkeep
|turn|49
|
|t:|1728425449
|move|p1a: Milotic|Recover|p1a: Milotic
|-heal|p1a: Milotic|90/100
|move|p2a: Babydoll|Earthquake|p1a: Milotic
|-damage|p1a: Milotic|61/100
|
|-weather|Sandstorm|[upkeep]
|-damage|p1a: Milotic|55/100|[from] Sandstorm
|-heal|p1a: Milotic|61/100|[from] item: Leftovers
|-heal|p2a: Babydoll|46/100|[from] item: Leftovers
|upkeep
|turn|50
|
|t:|1728425453
|move|p1a: Milotic|Surf|p2a: Babydoll
|-supereffective|p2a: Babydoll
|-damage|p2a: Babydoll|0 fnt
|faint|p2a: Babydoll
|
|t:|1728425455
|switch|p2a: Morbidly a Beast|Blissey, F|42/100
|
|-weather|Sandstorm|[upkeep]
|-damage|p1a: Milotic|55/100|[from] Sandstorm
|-damage|p2a: Morbidly a Beast|36/100|[from] Sandstorm
|-heal|p1a: Milotic|61/100|[from] item: Leftovers
|-heal|p2a: Morbidly a Beast|42/100|[from] item: Leftovers
|upkeep
|turn|51
|
|t:|1728425461
|move|p1a: Milotic|Toxic|p2a: Morbidly a Beast
|-status|p2a: Morbidly a Beast|tox
|move|p2a: Morbidly a Beast|Aromatherapy|p2a: Morbidly a Beast
|-cureteam|p2a: Morbidly a Beast|[from] move: Aromatherapy
|
|-weather|Sandstorm|[upkeep]
|-damage|p1a: Milotic|55/100|[from] Sandstorm
|-damage|p2a: Morbidly a Beast|36/100|[from] Sandstorm
|-heal|p1a: Milotic|61/100|[from] item: Leftovers
|-heal|p2a: Morbidly a Beast|42/100|[from] item: Leftovers
|upkeep
|turn|52
|
|t:|1728425475
|move|p1a: Milotic|Recover|p1a: Milotic
|-heal|p1a: Milotic|100/100
|move|p2a: Morbidly a Beast|Soft-Boiled|p2a: Morbidly a Beast
|-heal|p2a: Morbidly a Beast|92/100
|
|-weather|Sandstorm|[upkeep]
|-damage|p1a: Milotic|94/100|[from] Sandstorm
|-damage|p2a: Morbidly a Beast|85/100|[from] Sandstorm
|-heal|p1a: Milotic|100/100|[from] item: Leftovers
|-heal|p2a: Morbidly a Beast|92/100|[from] item: Leftovers
|upkeep
|turn|53
|
|t:|1728425487
|switch|p2a: Sui|Suicune|93/100
|move|p1a: Milotic|Surf|p2a: Sui
|-resisted|p2a: Sui
|-damage|p2a: Sui|81/100
|
|-weather|Sandstorm|[upkeep]
|-damage|p2a: Sui|75/100|[from] Sandstorm
|-damage|p1a: Milotic|94/100|[from] Sandstorm
|-heal|p2a: Sui|81/100|[from] item: Leftovers
|-heal|p1a: Milotic|100/100|[from] item: Leftovers
|upkeep
|turn|54
|
|t:|1728425491
|move|p1a: Milotic|Toxic|p2a: Sui
|-status|p2a: Sui|tox
|move|p2a: Sui|Calm Mind|p2a: Sui
|-boost|p2a: Sui|spa|1
|-boost|p2a: Sui|spd|1
|
|-weather|Sandstorm|[upkeep]
|-damage|p1a: Milotic|94/100|[from] Sandstorm
|-damage|p2a: Sui|75/100 tox|[from] Sandstorm
|-heal|p1a: Milotic|100/100|[from] item: Leftovers
|-heal|p2a: Sui|81/100 tox|[from] item: Leftovers
|-damage|p2a: Sui|75/100 tox|[from] psn
|upkeep
|turn|55
|
|t:|1728425495
|switch|p1a: Blissey|Blissey, F|100/100
|move|p2a: Sui|Calm Mind|p2a: Sui
|-boost|p2a: Sui|spa|1
|-boost|p2a: Sui|spd|1
|
|-weather|Sandstorm|[upkeep]
|-damage|p2a: Sui|69/100 tox|[from] Sandstorm
|-damage|p1a: Blissey|94/100|[from] Sandstorm
|-heal|p2a: Sui|75/100 tox|[from] item: Leftovers
|-damage|p2a: Sui|62/100 tox|[from] psn
|-heal|p1a: Blissey|100/100|[from] item: Leftovers
|upkeep
|turn|56
|
|t:|1728425515
|move|p2a: Sui|Rest|p2a: Sui
|-status|p2a: Sui|slp|[from] move: Rest
|-heal|p2a: Sui|100/100 slp|[silent]
|move|p1a: Blissey|Seismic Toss|p2a: Sui
|-damage|p2a: Sui|76/100 slp
|
|-weather|Sandstorm|[upkeep]
|-damage|p2a: Sui|69/100 slp|[from] Sandstorm
|-damage|p1a: Blissey|94/100|[from] Sandstorm
|-heal|p2a: Sui|76/100 slp|[from] item: Leftovers
|-heal|p1a: Blissey|100/100|[from] item: Leftovers
|upkeep
|turn|57
|
|t:|1728425519
|switch|p1a: Tyranitar|Tyranitar, F|57/100 tox
|cant|p2a: Sui|slp
|
|-weather|Sandstorm|[upkeep]
|-damage|p2a: Sui|69/100 slp|[from] Sandstorm
|-heal|p2a: Sui|76/100 slp|[from] item: Leftovers
|-heal|p1a: Tyranitar|63/100 tox|[from] item: Leftovers
|-damage|p1a: Tyranitar|57/100 tox|[from] psn
|upkeep
|turn|58
|
|t:|1728425523
|cant|p2a: Sui|slp
|move|p1a: Tyranitar|Roar|p2a: Sui
|drag|p2a: Ohm's Law|Zapdos|17/100
|
|-weather|Sandstorm|[upkeep]
|-damage|p2a: Ohm's Law|11/100|[from] Sandstorm
|-heal|p2a: Ohm's Law|17/100|[from] item: Leftovers
|-heal|p1a: Tyranitar|63/100 tox|[from] item: Leftovers
|-damage|p1a: Tyranitar|51/100 tox|[from] psn
|upkeep
|turn|59
|
|t:|1728425552
|move|p2a: Ohm's Law|Rest|p2a: Ohm's Law
|-status|p2a: Ohm's Law|slp|[from] move: Rest
|-heal|p2a: Ohm's Law|100/100 slp|[silent]
|move|p1a: Tyranitar|Rock Slide|p2a: Ohm's Law
|-supereffective|p2a: Ohm's Law
|-damage|p2a: Ohm's Law|17/100 slp
|
|-weather|Sandstorm|[upkeep]
|-damage|p2a: Ohm's Law|11/100 slp|[from] Sandstorm
|-heal|p2a: Ohm's Law|17/100 slp|[from] item: Leftovers
|-heal|p1a: Tyranitar|57/100 tox|[from] item: Leftovers
|-damage|p1a: Tyranitar|38/100 tox|[from] psn
|upkeep
|turn|60
|
|t:|1728425565
|switch|p2a: Kovid-18|Weezing, M|70/100
|switch|p1a: Claydol|Claydol|100/100
|
|-weather|Sandstorm|[upkeep]
|-damage|p2a: Kovid-18|64/100|[from] Sandstorm
|-heal|p2a: Kovid-18|70/100|[from] item: Leftovers
|upkeep
|turn|61
|
|t:|1728425573
|switch|p2a: Morbidly a Beast|Blissey, F|92/100
|move|p1a: Claydol|Earthquake|p2a: Morbidly a Beast
|-damage|p2a: Morbidly a Beast|56/100
|
|-weather|Sandstorm|[upkeep]
|-damage|p2a: Morbidly a Beast|50/100|[from] Sandstorm
|-heal|p2a: Morbidly a Beast|56/100|[from] item: Leftovers
|upkeep
|turn|62
|
|t:|1728425594
|switch|p1a: Milotic|Milotic, F|100/100
|move|p2a: Morbidly a Beast|Soft-Boiled|p2a: Morbidly a Beast
|-heal|p2a: Morbidly a Beast|100/100
|
|-weather|Sandstorm|[upkeep]
|-damage|p1a: Milotic|94/100|[from] Sandstorm
|-damage|p2a: Morbidly a Beast|94/100|[from] Sandstorm
|-heal|p1a: Milotic|100/100|[from] item: Leftovers
|-heal|p2a: Morbidly a Beast|100/100|[from] item: Leftovers
|upkeep
|turn|63
|
|t:|1728425603
|move|p1a: Milotic|Toxic|p2a: Morbidly a Beast
|-status|p2a: Morbidly a Beast|tox
|move|p2a: Morbidly a Beast|Aromatherapy|p2a: Morbidly a Beast
|-cureteam|p2a: Morbidly a Beast|[from] move: Aromatherapy
|
|-weather|Sandstorm|[upkeep]
|-damage|p1a: Milotic|94/100|[from] Sandstorm
|-damage|p2a: Morbidly a Beast|94/100|[from] Sandstorm
|-heal|p1a: Milotic|100/100|[from] item: Leftovers
|-heal|p2a: Morbidly a Beast|100/100|[from] item: Leftovers
|upkeep
|turn|64
|
|t:|1728425614
|switch|p2a: Sui|Suicune|76/100
|move|p1a: Milotic|Toxic|p2a: Sui
|-status|p2a: Sui|tox
|
|-weather|Sandstorm|[upkeep]
|-damage|p1a: Milotic|94/100|[from] Sandstorm
|-damage|p2a: Sui|69/100 tox|[from] Sandstorm
|-heal|p1a: Milotic|100/100|[from] item: Leftovers
|-heal|p2a: Sui|76/100 tox|[from] item: Leftovers
|-damage|p2a: Sui|69/100 tox|[from] psn
|upkeep
|turn|65
|
|t:|1728425633
|switch|p1a: Blissey|Blissey, F|100/100
|move|p2a: Sui|Calm Mind|p2a: Sui
|-boost|p2a: Sui|spa|1
|-boost|p2a: Sui|spd|1
|
|-weather|Sandstorm|[upkeep]
|-damage|p2a: Sui|63/100 tox|[from] Sandstorm
|-damage|p1a: Blissey|94/100|[from] Sandstorm
|-heal|p2a: Sui|69/100 tox|[from] item: Leftovers
|-damage|p2a: Sui|57/100 tox|[from] psn
|-heal|p1a: Blissey|100/100|[from] item: Leftovers
|upkeep
|turn|66
|
|t:|1728425645
|move|p2a: Sui|Rest|p2a: Sui
|-status|p2a: Sui|slp|[from] move: Rest
|-heal|p2a: Sui|100/100 slp|[silent]
|move|p1a: Blissey|Seismic Toss|p2a: Sui
|-damage|p2a: Sui|76/100 slp
|
|-weather|Sandstorm|[upkeep]
|-damage|p2a: Sui|69/100 slp|[from] Sandstorm
|-damage|p1a: Blissey|94/100|[from] Sandstorm
|-heal|p2a: Sui|76/100 slp|[from] item: Leftovers
|-heal|p1a: Blissey|100/100|[from] item: Leftovers
|upkeep
|turn|67
|inactive|1P1o1s1h1e1 has 270 seconds left.
|inactive|1P1o1s1h1e1 has 240 seconds left.
|
|t:|1728425698
|switch|p1a: Milotic|Milotic, F|100/100
|cant|p2a: Sui|slp
|
|-weather|Sandstorm|[upkeep]
|-damage|p2a: Sui|69/100 slp|[from] Sandstorm
|-damage|p1a: Milotic|94/100|[from] Sandstorm
|-heal|p2a: Sui|76/100 slp|[from] item: Leftovers
|-heal|p1a: Milotic|100/100|[from] item: Leftovers
|upkeep
|turn|68
|
|t:|1728425702
|cant|p2a: Sui|slp
|move|p1a: Milotic|Surf|p2a: Sui
|-resisted|p2a: Sui
|-damage|p2a: Sui|67/100 slp
|
|-weather|Sandstorm|[upkeep]
|-damage|p2a: Sui|61/100 slp|[from] Sandstorm
|-damage|p1a: Milotic|94/100|[from] Sandstorm
|-heal|p2a: Sui|67/100 slp|[from] item: Leftovers
|-heal|p1a: Milotic|100/100|[from] item: Leftovers
|upkeep
|turn|69
|
|t:|1728425709
|-curestatus|p2a: Sui|slp|[msg]
|move|p2a: Sui|Calm Mind|p2a: Sui
|-boost|p2a: Sui|spa|1
|-boost|p2a: Sui|spd|1
|move|p1a: Milotic|Toxic|p2a: Sui
|-status|p2a: Sui|tox
|
|-weather|Sandstorm|[upkeep]
|-damage|p2a: Sui|61/100 tox|[from] Sandstorm
|-damage|p1a: Milotic|94/100|[from] Sandstorm
|-heal|p1a: Milotic|100/100|[from] item: Leftovers
|-heal|p2a: Sui|67/100 tox|[from] item: Leftovers
|-damage|p2a: Sui|61/100 tox|[from] psn
|upkeep
|turn|70
|
|t:|1728425719
|switch|p1a: Blissey|Blissey, F|100/100
|move|p2a: Sui|Calm Mind|p2a: Sui
|-boost|p2a: Sui|spa|1
|-boost|p2a: Sui|spd|1
|
|-weather|Sandstorm|[upkeep]
|-damage|p2a: Sui|54/100 tox|[from] Sandstorm
|-damage|p1a: Blissey|94/100|[from] Sandstorm
|-heal|p2a: Sui|61/100 tox|[from] item: Leftovers
|-damage|p2a: Sui|48/100 tox|[from] psn
|-heal|p1a: Blissey|100/100|[from] item: Leftovers
|upkeep
|turn|71
|
|t:|1728425724
|switch|p1a: Milotic|Milotic, F|100/100
|move|p2a: Sui|Rest|p2a: Sui
|-status|p2a: Sui|slp|[from] move: Rest
|-heal|p2a: Sui|100/100 slp|[silent]
|
|-weather|Sandstorm|[upkeep]
|-damage|p1a: Milotic|94/100|[from] Sandstorm
|-damage|p2a: Sui|94/100 slp|[from] Sandstorm
|-heal|p1a: Milotic|100/100|[from] item: Leftovers
|-heal|p2a: Sui|100/100 slp|[from] item: Leftovers
|upkeep
|turn|72
|
|t:|1728425728
|switch|p1a: Tyranitar|Tyranitar, F|38/100 tox
|cant|p2a: Sui|slp
|
|-weather|Sandstorm|[upkeep]
|-damage|p2a: Sui|94/100 slp|[from] Sandstorm
|-heal|p2a: Sui|100/100 slp|[from] item: Leftovers
|-heal|p1a: Tyranitar|45/100 tox|[from] item: Leftovers
|-damage|p1a: Tyranitar|38/100 tox|[from] psn
|upkeep
|turn|73
|
|t:|1728425734
|cant|p2a: Sui|slp
|move|p1a: Tyranitar|Roar|p2a: Sui
|drag|p2a: Ohm's Law|Zapdos|17/100
|
|-weather|Sandstorm|[upkeep]
|-damage|p2a: Ohm's Law|11/100|[from] Sandstorm
|-heal|p2a: Ohm's Law|17/100|[from] item: Leftovers
|-heal|p1a: Tyranitar|45/100 tox|[from] item: Leftovers
|-damage|p1a: Tyranitar|32/100 tox|[from] psn
|upkeep
|turn|74
|
|t:|1728425745
|switch|p1a: Blissey|Blissey, F|100/100
|move|p2a: Ohm's Law|Thunderbolt|p1a: Blissey
|-damage|p1a: Blissey|84/100
|
|-weather|Sandstorm|[upkeep]
|-damage|p2a: Ohm's Law|11/100|[from] Sandstorm
|-damage|p1a: Blissey|77/100|[from] Sandstorm
|-heal|p2a: Ohm's Law|17/100|[from] item: Leftovers
|-heal|p1a: Blissey|84/100|[from] item: Leftovers
|upkeep
|turn|75
|
|t:|1728425754
|move|p2a: Ohm's Law|Rest|p2a: Ohm's Law
|-status|p2a: Ohm's Law|slp|[from] move: Rest
|-heal|p2a: Ohm's Law|100/100 slp|[silent]
|move|p1a: Blissey|Ice Beam|p2a: Ohm's Law
|-supereffective|p2a: Ohm's Law
|-damage|p2a: Ohm's Law|70/100 slp
|
|-weather|Sandstorm|[upkeep]
|-damage|p2a: Ohm's Law|64/100 slp|[from] Sandstorm
|-damage|p1a: Blissey|77/100|[from] Sandstorm
|-heal|p2a: Ohm's Law|70/100 slp|[from] item: Leftovers
|-heal|p1a: Blissey|84/100|[from] item: Leftovers
|upkeep
|turn|76
|
|t:|1728425770
|switch|p1a: Tyranitar|Tyranitar, F|32/100 tox
|cant|p2a: Ohm's Law|slp
|
|-weather|Sandstorm|[upkeep]
|-damage|p2a: Ohm's Law|64/100 slp|[from] Sandstorm
|-heal|p2a: Ohm's Law|70/100 slp|[from] item: Leftovers
|-heal|p1a: Tyranitar|38/100 tox|[from] item: Leftovers
|-damage|p1a: Tyranitar|32/100 tox|[from] psn
|upkeep
|turn|77
|
|t:|1728425775
|switch|p2a: Kovid-18|Weezing, M|70/100
|move|p1a: Tyranitar|Rock Slide|p2a: Kovid-18
|-damage|p2a: Kovid-18|42/100
|
|-weather|Sandstorm|[upkeep]
|-damage|p2a: Kovid-18|36/100|[from] Sandstorm
|-heal|p1a: Tyranitar|38/100 tox|[from] item: Leftovers
|-damage|p1a: Tyranitar|26/100 tox|[from] psn
|-heal|p2a: Kovid-18|42/100|[from] item: Leftovers
|upkeep
|turn|78
|
|t:|1728425780
|move|p1a: Tyranitar|Rock Slide|p2a: Kovid-18
|-damage|p2a: Kovid-18|16/100
|cant|p2a: Kovid-18|flinch
|
|-weather|Sandstorm|[upkeep]
|-damage|p2a: Kovid-18|10/100|[from] Sandstorm
|-heal|p1a: Tyranitar|32/100 tox|[from] item: Leftovers
|-damage|p1a: Tyranitar|14/100 tox|[from] psn
|-heal|p2a: Kovid-18|16/100|[from] item: Leftovers
|upkeep
|turn|79
|
|t:|1728425788
|switch|p2a: Sui|Suicune|100/100 slp
|move|p1a: Tyranitar|Rock Slide|p2a: Sui
|-crit|p2a: Sui
|-damage|p2a: Sui|50/100 slp
|
|-weather|Sandstorm|[upkeep]
|-damage|p2a: Sui|44/100 slp|[from] Sandstorm
|-heal|p2a: Sui|50/100 slp|[from] item: Leftovers
|-heal|p1a: Tyranitar|20/100 tox|[from] item: Leftovers
|-damage|p1a: Tyranitar|0 fnt|[from] psn
|faint|p1a: Tyranitar
|upkeep
|
|t:|1728425796
|switch|p1a: Milotic|Milotic, F|100/100
|turn|80
|
|t:|1728425802
|move|p1a: Milotic|Toxic||[still]
|-fail|p1a: Milotic
|-curestatus|p2a: Sui|slp|[msg]
|move|p2a: Sui|Calm Mind|p2a: Sui
|-boost|p2a: Sui|spa|1
|-boost|p2a: Sui|spd|1
|
|-weather|Sandstorm|[upkeep]
|-damage|p2a: Sui|44/100|[from] Sandstorm
|-damage|p1a: Milotic|94/100|[from] Sandstorm
|-heal|p2a: Sui|50/100|[from] item: Leftovers
|-heal|p1a: Milotic|100/100|[from] item: Leftovers
|upkeep
|turn|81
|
|t:|1728425810
|switch|p2a: Kovid-18|Weezing, M|16/100
|move|p1a: Milotic|Toxic|p2a: Kovid-18
|-immune|p2a: Kovid-18
|
|-weather|Sandstorm|[upkeep]
|-damage|p1a: Milotic|94/100|[from] Sandstorm
|-damage|p2a: Kovid-18|10/100|[from] Sandstorm
|-heal|p1a: Milotic|100/100|[from] item: Leftovers
|-heal|p2a: Kovid-18|16/100|[from] item: Leftovers
|upkeep
|turn|82
|
|t:|1728425813
|switch|p2a: Sui|Suicune|50/100
|move|p1a: Milotic|Surf|p2a: Sui
|-resisted|p2a: Sui
|-damage|p2a: Sui|37/100
|
|-weather|Sandstorm|[upkeep]
|-damage|p2a: Sui|31/100|[from] Sandstorm
|-damage|p1a: Milotic|94/100|[from] Sandstorm
|-heal|p2a: Sui|37/100|[from] item: Leftovers
|-heal|p1a: Milotic|100/100|[from] item: Leftovers
|upkeep
|turn|83
|
|t:|1728425817
|move|p1a: Milotic|Toxic|p2a: Sui
|-status|p2a: Sui|tox
|move|p2a: Sui|Rest|p2a: Sui
|-status|p2a: Sui|slp|[from] move: Rest
|-heal|p2a: Sui|100/100 slp|[silent]
|
|-weather|Sandstorm|[upkeep]
|-damage|p2a: Sui|94/100 slp|[from] Sandstorm
|-damage|p1a: Milotic|94/100|[from] Sandstorm
|-heal|p1a: Milotic|100/100|[from] item: Leftovers
|-heal|p2a: Sui|100/100 slp|[from] item: Leftovers
|upkeep
|turn|84
|
|t:|1728425824
|switch|p1a: Claydol|Claydol|100/100
|cant|p2a: Sui|slp
|
|-weather|Sandstorm|[upkeep]
|-damage|p2a: Sui|94/100 slp|[from] Sandstorm
|-heal|p2a: Sui|100/100 slp|[from] item: Leftovers
|upkeep
|turn|85
|
|t:|1728425828
|cant|p2a: Sui|slp
|move|p1a: Claydol|Earthquake|p2a: Sui
|-damage|p2a: Sui|79/100 slp
|
|-weather|Sandstorm|[upkeep]
|-damage|p2a: Sui|73/100 slp|[from] Sandstorm
|-heal|p2a: Sui|79/100 slp|[from] item: Leftovers
|upkeep
|turn|86
|
|t:|1728425835
|switch|p1a: Milotic|Milotic, F|100/100
|-curestatus|p2a: Sui|slp|[msg]
|move|p2a: Sui|Calm Mind|p2a: Sui
|-boost|p2a: Sui|spa|1
|-boost|p2a: Sui|spd|1
|
|-weather|Sandstorm|[upkeep]
|-damage|p1a: Milotic|94/100|[from] Sandstorm
|-damage|p2a: Sui|73/100|[from] Sandstorm
|-heal|p2a: Sui|79/100|[from] item: Leftovers
|-heal|p1a: Milotic|100/100|[from] item: Leftovers
|upkeep
|turn|87
|
|t:|1728425841
|move|p1a: Milotic|Toxic|p2a: Sui
|-status|p2a: Sui|tox
|move|p2a: Sui|Calm Mind|p2a: Sui
|-boost|p2a: Sui|spa|1
|-boost|p2a: Sui|spd|1
|
|-weather|Sandstorm|[upkeep]
|-damage|p1a: Milotic|94/100|[from] Sandstorm
|-damage|p2a: Sui|73/100 tox|[from] Sandstorm
|-heal|p1a: Milotic|100/100|[from] item: Leftovers
|-heal|p2a: Sui|79/100 tox|[from] item: Leftovers
|-damage|p2a: Sui|73/100 tox|[from] psn
|upkeep
|turn|88
|
|t:|1728425848
|switch|p1a: Blissey|Blissey, F|84/100
|move|p2a: Sui|Calm Mind|p2a: Sui
|-boost|p2a: Sui|spa|1
|-boost|p2a: Sui|spd|1
|
|-weather|Sandstorm|[upkeep]
|-damage|p2a: Sui|67/100 tox|[from] Sandstorm
|-damage|p1a: Blissey|77/100|[from] Sandstorm
|-heal|p2a: Sui|73/100 tox|[from] item: Leftovers
|-damage|p2a: Sui|61/100 tox|[from] psn
|-heal|p1a: Blissey|84/100|[from] item: Leftovers
|upkeep
|turn|89
|
|t:|1728425854
|move|p2a: Sui|Calm Mind|p2a: Sui
|-boost|p2a: Sui|spa|1
|-boost|p2a: Sui|spd|1
|move|p1a: Blissey|Seismic Toss|p2a: Sui
|-damage|p2a: Sui|36/100 tox
|
|-weather|Sandstorm|[upkeep]
|-damage|p2a: Sui|29/100 tox|[from] Sandstorm
|-damage|p1a: Blissey|77/100|[from] Sandstorm
|-heal|p2a: Sui|36/100 tox|[from] item: Leftovers
|-damage|p2a: Sui|17/100 tox|[from] psn
|-heal|p1a: Blissey|84/100|[from] item: Leftovers
|upkeep
|turn|90
|
|t:|1728425861
|move|p2a: Sui|Rest|p2a: Sui
|-status|p2a: Sui|slp|[from] move: Rest
|-heal|p2a: Sui|100/100 slp|[silent]
|move|p1a: Blissey|Seismic Toss|p2a: Sui
|-damage|p2a: Sui|76/100 slp
|
|-weather|Sandstorm|[upkeep]
|-damage|p2a: Sui|69/100 slp|[from] Sandstorm
|-damage|p1a: Blissey|77/100|[from] Sandstorm
|-heal|p2a: Sui|76/100 slp|[from] item: Leftovers
|-heal|p1a: Blissey|84/100|[from] item: Leftovers
|upkeep
|turn|91
|
|t:|1728425863
|cant|p2a: Sui|slp
|move|p1a: Blissey|Seismic Toss|p2a: Sui
|-damage|p2a: Sui|51/100 slp
|
|-weather|Sandstorm|[upkeep]
|-damage|p2a: Sui|44/100 slp|[from] Sandstorm
|-damage|p1a: Blissey|77/100|[from] Sandstorm
|-heal|p2a: Sui|51/100 slp|[from] item: Leftovers
|-heal|p1a: Blissey|84/100|[from] item: Leftovers
|upkeep
|turn|92
|
|t:|1728425868
|switch|p1a: Milotic|Milotic, F|100/100
|cant|p2a: Sui|slp
|
|-weather|Sandstorm|[upkeep]
|-damage|p1a: Milotic|94/100|[from] Sandstorm
|-damage|p2a: Sui|44/100 slp|[from] Sandstorm
|-heal|p1a: Milotic|100/100|[from] item: Leftovers
|-heal|p2a: Sui|51/100 slp|[from] item: Leftovers
|upkeep
|turn|93
|
|t:|1728425874
|-curestatus|p2a: Sui|slp|[msg]
|move|p2a: Sui|Calm Mind|p2a: Sui
|-boost|p2a: Sui|spa|1
|-boost|p2a: Sui|spd|1
|move|p1a: Milotic|Refresh||[still]
|-fail|p1a: Milotic
|
|-weather|Sandstorm|[upkeep]
|-damage|p1a: Milotic|94/100|[from] Sandstorm
|-damage|p2a: Sui|44/100|[from] Sandstorm
|-heal|p2a: Sui|51/100|[from] item: Leftovers
|-heal|p1a: Milotic|100/100|[from] item: Leftovers
|upkeep
|turn|94
|
|t:|1728425877
|move|p2a: Sui|Calm Mind|p2a: Sui
|-boost|p2a: Sui|spa|1
|-boost|p2a: Sui|spd|1
|move|p1a: Milotic|Toxic|p2a: Sui
|-status|p2a: Sui|tox
|
|-weather|Sandstorm|[upkeep]
|-damage|p1a: Milotic|94/100|[from] Sandstorm
|-damage|p2a: Sui|44/100 tox|[from] Sandstorm
|-heal|p1a: Milotic|100/100|[from] item: Leftovers
|-heal|p2a: Sui|51/100 tox|[from] item: Leftovers
|-damage|p2a: Sui|44/100 tox|[from] psn
|upkeep
|turn|95
|
|t:|1728425886
|move|p2a: Sui|Rest|p2a: Sui
|-status|p2a: Sui|slp|[from] move: Rest
|-heal|p2a: Sui|100/100 slp|[silent]
|move|p1a: Milotic|Surf|p2a: Sui
|-resisted|p2a: Sui
|-damage|p2a: Sui|97/100 slp
|
|-weather|Sandstorm|[upkeep]
|-damage|p1a: Milotic|94/100|[from] Sandstorm
|-damage|p2a: Sui|91/100 slp|[from] Sandstorm
|-heal|p2a: Sui|97/100 slp|[from] item: Leftovers
|-heal|p1a: Milotic|100/100|[from] item: Leftovers
|upkeep
|turn|96
|
|t:|1728425890
|switch|p1a: Blissey|Blissey, F|84/100
|cant|p2a: Sui|slp
|
|-weather|Sandstorm|[upkeep]
|-damage|p2a: Sui|91/100 slp|[from] Sandstorm
|-damage|p1a: Blissey|77/100|[from] Sandstorm
|-heal|p2a: Sui|97/100 slp|[from] item: Leftovers
|-heal|p1a: Blissey|84/100|[from] item: Leftovers
|upkeep
|turn|97
|
|t:|1728425901
|switch|p1a: Milotic|Milotic, F|100/100
|cant|p2a: Sui|slp
|
|-weather|Sandstorm|[upkeep]
|-damage|p2a: Sui|91/100 slp|[from] Sandstorm
|-damage|p1a: Milotic|94/100|[from] Sandstorm
|-heal|p1a: Milotic|100/100|[from] item: Leftovers
|-heal|p2a: Sui|97/100 slp|[from] item: Leftovers
|upkeep
|turn|98
|
|t:|1728425906
|switch|p1a: Blissey|Blissey, F|84/100
|-curestatus|p2a: Sui|slp|[msg]
|move|p2a: Sui|Surf|p1a: Blissey
|-damage|p1a: Blissey|36/100
|
|-weather|Sandstorm|[upkeep]
|-damage|p2a: Sui|91/100|[from] Sandstorm
|-damage|p1a: Blissey|30/100|[from] Sandstorm
|-heal|p2a: Sui|97/100|[from] item: Leftovers
|-heal|p1a: Blissey|36/100|[from] item: Leftovers
|upkeep
|turn|99
|
|t:|1728425912
|move|p2a: Sui|Surf|p1a: Blissey
|-damage|p1a: Blissey|0 fnt
|faint|p1a: Blissey
|c|☆1P1o1s1h1e1|gg
|-message|1P1o1s1h1e1 forfeited.
|
|win|Strawbbz
|c|☆Strawbbz|gg

</script>
<script type="application/json" class="data" id="replaydata-smogtours-gen3ou-796513">
{"id":"smogtours-gen3ou-796513","format":"[Gen 3] OU","players":["1P1o1s1h1e1","Strawbbz"],"uploadtime":1728425918,"views":108,"formatid":"gen3ou","rating":null,"private":0,"password":null}
</script>

<script defer src="js/replays.js?9d40a366"></script>
