<!DOCTYPE html>
<meta charset="utf-8" />
<meta name="viewport" content="width=device-width" />

<title>[Gen 3] OU: EternumTagerMain vs. Yatagarasuwu - Replays - Pok&eacute;mon Showdown!</title>

<meta name="description" content="Watch a replay of a Pok&eacute;mon battle between EternumTagerMain and Yatagarasuwu! Format: [Gen 3] OU; Date: Oct 12, 2024" />
<!--

Hey, you! Looking in the source for the replay log?

You can find them in JSON format, just add `.json` at the end of a replay URL.

https://replay.pokemonshowdown.com/gen7randomdoublesbattle-865046831.json

Or, if you only need the log itself, add `.log` instead:

https://replay.pokemonshowdown.com/gen7randomdoublesbattle-865046831.log

-->

<link rel="stylesheet" href="//pokemonshowdown.com/style/global.css?0.023195364461161105" />
<link rel="stylesheet" href="//play.pokemonshowdown.com/style/font-awesome.css?0.13261647063804238" />
<link rel="stylesheet" href="//play.pokemonshowdown.com/style/battle.css?0.8753245789963631" />
<link rel="stylesheet" href="//play.pokemonshowdown.com/style/utilichart.css?0.8627959624976733" />

<!-- Global site tag (gtag.js) - Google Analytics -->
<script async src="https://www.googletagmanager.com/gtag/js?id=UA-26211653-1"></script>
<script>
  window.dataLayer = window.dataLayer || [];
  function gtag(){dataLayer.push(arguments);}
  gtag('js', new Date());

  gtag('config', 'UA-26211653-1');
</script>
<!-- End Google Analytics -->
<!-- Venatus Ad Manager - Install in <HEAD> of page -->
	<script src="https://hb.vntsm.com/v3/live/ad-manager.min.js" type="text/javascript" data-site-id="642aba63ec9a7b11c3c9c1be" data-mode="scan" async></script>
<!-- / Venatus Ad Manager -->

<style>
	@media (max-width:820px) {
		.battle {
			margin: 0 auto;
		}
		.battle-log {
			margin: 7px auto 0;
			max-width: 640px;
			height: 300px;
			position: static;
		}
	}
	.optgroup {
		display: inline-block;
		line-height: 22px;
		font-size: 10pt;
	}
	.optgroup .button {
		height: 25px;
		padding-top: 0;
		padding-bottom: 0;
	}
	.optgroup button.button {
		padding-left: 12px;
		padding-right: 12px;
	}
	.linklist {
		list-style: none;
		margin: 0.5em 0;
		padding: 0;
	}
	.linklist li {
		padding: 2px 0;
	}
	.sidebar {
		float: left;
		width: 320px;
	}
	.bar-wrapper {
		max-width: 1100px;
		margin: 0 auto;
	}
	.bar-wrapper.has-sidebar {
		max-width: 1430px;
	}
	.mainbar {
		margin: 0;
		padding-right: 1px;
	}
	.mainbar.has-sidebar {
		margin-left: 330px;
	}
	@media (min-width: 1511px) {
		.sidebar {
			width: 400px;
		}
		.bar-wrapper.has-sidebar {
			max-width: 1510px;
		}
		.mainbar.has-sidebar {
			margin-left: 410px;
		}
	}
	.section.first-section {
		margin-top: 9px;
	}
	.blocklink small {
		white-space: normal;
	}
	.button {
		vertical-align: middle;
	}
	.replay-controls {
		padding-top: 10px;
	}
	.replay-controls h1 {
		font-size: 16pt;
		font-weight: normal;
		color: #CCC;
	}
	.pagelink {
		text-align: center;
	}
	.pagelink a {
		width: 150px;
	}
	.textbox, .button {
		font-size: 11pt;
		vertical-align: middle;
	}
	@media (max-width: 450px) {
		.button {
			font-size: 9pt;
		}
	}
</style>

<div>

	<header>
		<div class="nav-wrapper"><ul class="nav">
			<li><a class="button nav-first" href="//pokemonshowdown.com/"><img src="//pokemonshowdown.com/images/pokemonshowdownbeta.png" srcset="//pokemonshowdown.com/images/pokemonshowdownbeta.png 1x, //pokemonshowdown.com/images/pokemonshowdownbeta@2x.png 2x" alt="Pok&eacute;mon Showdown" width="146" height="44" /> Home</a></li>
			<li><a class="button" href="//pokemonshowdown.com/dex/">Pok&eacute;dex</a></li>
			<li><a class="button cur" href="/">Replays</a></li>
			<li><a class="button" href="//pokemonshowdown.com/ladder/">Ladder</a></li>
			<li><a class="button nav-last" href="//pokemonshowdown.com/forums/">Forum</a></li>
			<li><a class="button greenbutton nav-first nav-last" href="//play.pokemonshowdown.com/">Play</a></li>
		</ul></div>
	</header>

	<div class="main" id="main">

		<noscript><section class="section">You need to enable JavaScript to use this page; sorry!</section></noscript>

	</div>

</div>

<script defer nomodule src="//play.pokemonshowdown.com/js/lib/ps-polyfill.js"></script>
<script defer src="//play.pokemonshowdown.com/js/lib/preact.min.js"></script>

<script defer src="//play.pokemonshowdown.com/config/config.js?2bddbc15"></script>
<script defer src="//play.pokemonshowdown.com/js/lib/jquery-1.11.0.min.js"></script>
<script defer src="//play.pokemonshowdown.com/js/lib/html-sanitizer-minified.js"></script>
<script defer src="//play.pokemonshowdown.com/js/battle-sound.js"></script>
<script defer src="//play.pokemonshowdown.com/js/battledata.js?0.7209276989879541"></script>
<script defer src="//play.pokemonshowdown.com/data/pokedex-mini.js?0.6111056340867951"></script>
<script defer src="//play.pokemonshowdown.com/data/pokedex-mini-bw.js?0.3532142036491459"></script>
<script defer src="//play.pokemonshowdown.com/data/graphics.js?0.24223875632456182"></script>
<script defer src="//play.pokemonshowdown.com/data/pokedex.js?0.38839984266356864"></script>
<script defer src="//play.pokemonshowdown.com/data/moves.js?0.21866028504024015"></script>
<script defer src="//play.pokemonshowdown.com/data/abilities.js?0.2005157953846628"></script>
<script defer src="//play.pokemonshowdown.com/data/items.js?0.9894211263848525"></script>
<script defer src="//play.pokemonshowdown.com/data/teambuilder-tables.js?0.6008791140282215"></script>
<script defer src="//play.pokemonshowdown.com/js/battle-tooltips.js?0.7580118955022959"></script>
<script defer src="//play.pokemonshowdown.com/js/battle.js?0.6057722274234274"></script>

<script defer src="js/utils.js?e31f9a17"></script>
<script defer src="js/replays-battle.js?7008c182"></script>

<!-- don't scrape this data! just add .json or .log after the URL!
Full API docs: https://github.com/smogon/pokemon-showdown-client/blob/master/WEB-API.md -->
<script type="text/plain" class="log" id="replaylog-smogtours-gen3ou-797700">
|inactive|Battle timer is ON: inactive players will automatically lose when time's up.
|t:|1728760357
|gametype|singles
|player|p1|EternumTagerMain|winona|
|player|p2|Yatagarasuwu|102|
|teamsize|p1|6
|teamsize|p2|6
|gen|3
|tier|[Gen 3] OU
|rule|Sleep Clause Mod: Limit one foe put to sleep
|rule|Switch Priority Clause Mod: Faster Pokémon switch first
|rule|Species Clause: Limit one of each Pokémon
|rule|OHKO Clause: OHKO moves are banned
|rule|Evasion Items Clause: Evasion items are banned
|rule|Evasion Moves Clause: Evasion moves are banned
|rule|Endless Battle Clause: Forcing endless battles is banned
|rule|HP Percentage Mod: HP is shown in percentages
|rule|One Boost Passer Clause: Limit one Baton Passer that has a way to boost its stats
|rule|Freeze Clause Mod: Limit one foe frozen
|
|t:|1728760357
|start
|switch|p1a: Celebi|Celebi|100/100
|switch|p2a: Hello.|Vaporeon, F|100/100
|turn|1
|
|t:|1728760368
|move|p1a: Celebi|Leech Seed|p2a: Hello.
|-start|p2a: Hello.|move: Leech Seed
|move|p2a: Hello.|Substitute|p2a: Hello.
|-start|p2a: Hello.|Substitute
|-damage|p2a: Hello.|76/100
|
|-damage|p2a: Hello.|63/100|[from] Leech Seed|[of] p1a: Celebi
|upkeep
|turn|2
|
|t:|1728760374
|move|p1a: Celebi|Psychic|p2a: Hello.
|-end|p2a: Hello.|Substitute
|move|p2a: Hello.|Baton Pass|p2a: Hello.
|
|t:|1728760384
|switch|p2a: Salamence|Salamence, M|100/100|[from] Baton Pass
|-ability|p2a: Salamence|Intimidate|boost
|-unboost|p1a: Celebi|atk|1
|
|-damage|p2a: Salamence|88/100|[from] Leech Seed|[of] p1a: Celebi
|upkeep
|turn|3
|
|t:|1728760392
|switch|p1a: Skarmory|Skarmory, M|100/100
|move|p2a: Salamence|Hidden Power|p1a: Skarmory
|-resisted|p1a: Skarmory
|-damage|p1a: Skarmory|86/100
|
|-heal|p2a: Salamence|94/100|[from] item: Leftovers
|-damage|p2a: Salamence|82/100|[from] Leech Seed|[of] p1a: Skarmory
|-heal|p1a: Skarmory|98/100|[silent]
|-heal|p1a: Skarmory|100/100|[from] item: Leftovers
|upkeep
|turn|4
|
|t:|1728760400
|switch|p2a: Swampert|Swampert, F|100/100
|move|p1a: Skarmory|Spikes|p2a: Swampert
|-sidestart|p2: Yatagarasuwu|Spikes
|
|upkeep
|turn|5
|
|t:|1728760405
|move|p1a: Skarmory|Protect|p1a: Skarmory
|-singleturn|p1a: Skarmory|Protect
|move|p2a: Swampert|Hydro Pump|p1a: Skarmory
|-activate|p1a: Skarmory|Protect
|
|upkeep
|turn|6
|
|t:|1728760409
|switch|p1a: Celebi|Celebi|100/100
|move|p2a: Swampert|Hydro Pump|p1a: Celebi
|-resisted|p1a: Celebi
|-damage|p1a: Celebi|79/100
|
|-heal|p1a: Celebi|85/100|[from] item: Leftovers
|upkeep
|turn|7
|
|t:|1728760414
|switch|p2a: Metagross|Metagross|100/100
|-damage|p2a: Metagross|88/100|[from] Spikes
|move|p1a: Celebi|Leech Seed|p2a: Metagross
|-start|p2a: Metagross|move: Leech Seed
|
|-heal|p1a: Celebi|91/100|[from] item: Leftovers
|-damage|p2a: Metagross|76/100|[from] Leech Seed|[of] p1a: Celebi
|-heal|p1a: Celebi|100/100|[silent]
|upkeep
|turn|8
|
|t:|1728760421
|switch|p1a: Skarmory|Skarmory, M|100/100
|move|p2a: Metagross|Explosion|p1a: Skarmory
|-resisted|p1a: Skarmory
|-damage|p1a: Skarmory|0 fnt
|faint|p2a: Metagross
|faint|p1a: Skarmory
|
|t:|1728760430
|switch|p2a: Salamence|Salamence, M|82/100
|switch|p1a: Celebi|Celebi|100/100
|-ability|p2a: Salamence|Intimidate|boost
|-unboost|p1a: Celebi|atk|1
|
|-heal|p2a: Salamence|88/100|[from] item: Leftovers
|upkeep
|turn|9
|
|t:|1728760433
|switch|p1a: Tyranitar|Tyranitar, M|100/100
|-weather|Sandstorm|[from] ability: Sand Stream|[of] p1a: Tyranitar
|move|p2a: Salamence|Dragon Dance|p2a: Salamence
|-boost|p2a: Salamence|atk|1
|-boost|p2a: Salamence|spe|1
|
|-weather|Sandstorm|[upkeep]
|-damage|p2a: Salamence|82/100|[from] Sandstorm
|-heal|p2a: Salamence|88/100|[from] item: Leftovers
|upkeep
|turn|10
|
|t:|1728760449
|move|p2a: Salamence|Earthquake|p1a: Tyranitar
|-supereffective|p1a: Tyranitar
|-damage|p1a: Tyranitar|0 fnt
|faint|p1a: Tyranitar
|
|t:|1728760455
|switch|p1a: Aerodactyl|Aerodactyl, F|100/100
|
|-weather|Sandstorm|[upkeep]
|-damage|p2a: Salamence|82/100|[from] Sandstorm
|-heal|p2a: Salamence|88/100|[from] item: Leftovers
|upkeep
|turn|11
|
|t:|1728760458
|move|p2a: Salamence|Rock Slide|p1a: Aerodactyl
|-supereffective|p1a: Aerodactyl
|-damage|p1a: Aerodactyl|0 fnt
|faint|p1a: Aerodactyl
|
|t:|1728760460
|switch|p1a: Swampert|Swampert, F|100/100
|
|-weather|Sandstorm|[upkeep]
|-damage|p2a: Salamence|82/100|[from] Sandstorm
|-heal|p2a: Salamence|88/100|[from] item: Leftovers
|upkeep
|turn|12
|
|t:|1728760465
|move|p2a: Salamence|Hidden Power|p1a: Swampert
|-damage|p1a: Swampert|59/100
|move|p1a: Swampert|Toxic|p2a: Salamence
|-status|p2a: Salamence|tox
|
|-weather|Sandstorm|[upkeep]
|-damage|p2a: Salamence|82/100 tox|[from] Sandstorm
|-heal|p2a: Salamence|88/100 tox|[from] item: Leftovers
|-damage|p2a: Salamence|82/100 tox|[from] psn
|-heal|p1a: Swampert|65/100|[from] item: Leftovers
|upkeep
|turn|13
|
|t:|1728760468
|move|p1a: Swampert|Protect|p1a: Swampert
|-singleturn|p1a: Swampert|Protect
|move|p2a: Salamence|Hidden Power|p1a: Swampert
|-activate|p1a: Swampert|Protect
|
|-weather|Sandstorm|[upkeep]
|-damage|p2a: Salamence|76/100 tox|[from] Sandstorm
|-heal|p2a: Salamence|82/100 tox|[from] item: Leftovers
|-damage|p2a: Salamence|70/100 tox|[from] psn
|-heal|p1a: Swampert|71/100|[from] item: Leftovers
|upkeep
|turn|14
|
|t:|1728760470
|switch|p2a: Swampert|Swampert, F|100/100
|-damage|p2a: Swampert|88/100|[from] Spikes
|move|p1a: Swampert|Surf|p2a: Swampert
|-damage|p2a: Swampert|55/100
|
|-weather|Sandstorm|[upkeep]
|-heal|p1a: Swampert|77/100|[from] item: Leftovers
|upkeep
|turn|15
|
|t:|1728760474
|move|p2a: Swampert|Substitute|p2a: Swampert
|-start|p2a: Swampert|Substitute
|-damage|p2a: Swampert|30/100
|move|p1a: Swampert|Toxic||[still]
|-fail|p1a: Swampert
|
|-weather|Sandstorm|[upkeep]
|-heal|p1a: Swampert|84/100|[from] item: Leftovers
|upkeep
|turn|16
|
|t:|1728760476
|move|p2a: Swampert|Hydro Pump|p1a: Swampert
|-damage|p1a: Swampert|19/100
|move|p1a: Swampert|Surf|p2a: Swampert
|-end|p2a: Swampert|Substitute
|
|-weather|Sandstorm|[upkeep]
|-heal|p1a: Swampert|25/100|[from] item: Leftovers
|upkeep
|turn|17
|
|t:|1728760481
|move|p2a: Swampert|Hydro Pump|p1a: Swampert|[miss]
|-miss|p2a: Swampert|p1a: Swampert
|move|p1a: Swampert|Surf|p2a: Swampert
|-damage|p2a: Swampert|0 fnt
|faint|p2a: Swampert
|
|t:|1728760484
|switch|p2a: Hello.|Vaporeon, F|63/100
|-damage|p2a: Hello.|51/100|[from] Spikes
|
|-weather|Sandstorm|[upkeep]
|-damage|p2a: Hello.|45/100|[from] Sandstorm
|-heal|p1a: Swampert|31/100|[from] item: Leftovers
|upkeep
|turn|18
|
|t:|1728760493
|switch|p1a: Celebi|Celebi|100/100
|move|p2a: Hello.|Substitute|p2a: Hello.
|-start|p2a: Hello.|Substitute
|-damage|p2a: Hello.|20/100
|
|-weather|Sandstorm|[upkeep]
|-damage|p1a: Celebi|94/100|[from] Sandstorm
|-damage|p2a: Hello.|13/100|[from] Sandstorm
|-heal|p1a: Celebi|100/100|[from] item: Leftovers
|-enditem|p2a: Hello.|Salac Berry|[eat]
|-boost|p2a: Hello.|spe|1|[from] item: Salac Berry
|upkeep
|turn|19
|
|t:|1728760499
|move|p2a: Hello.|Ice Beam|p1a: Celebi
|-supereffective|p1a: Celebi
|-damage|p1a: Celebi|43/100
|move|p1a: Celebi|Psychic|p2a: Hello.
|-end|p2a: Hello.|Substitute
|
|-weather|Sandstorm|[upkeep]
|-damage|p2a: Hello.|7/100|[from] Sandstorm
|-damage|p1a: Celebi|37/100|[from] Sandstorm
|-heal|p1a: Celebi|43/100|[from] item: Leftovers
|upkeep
|turn|20
|
|t:|1728760503
|switch|p1a: Metagross|Metagross|100/100
|move|p2a: Hello.|Ice Beam|p1a: Metagross
|-resisted|p1a: Metagross
|-damage|p1a: Metagross|85/100
|
|-weather|Sandstorm|[upkeep]
|-damage|p2a: Hello.|1/100|[from] Sandstorm
|upkeep
|turn|21
|
|t:|1728760511
|switch|p1a: Celebi|Celebi|43/100
|move|p2a: Hello.|Baton Pass|p2a: Hello.
|
|t:|1728760514
|switch|p2a: Heracross|Heracross, F|100/100|[from] Baton Pass
|-damage|p2a: Heracross|88/100|[from] Spikes
|
|-weather|Sandstorm|[upkeep]
|-damage|p2a: Heracross|82/100|[from] Sandstorm
|-damage|p1a: Celebi|37/100|[from] Sandstorm
|-heal|p1a: Celebi|43/100|[from] item: Leftovers
|upkeep
|turn|22
|
|t:|1728760518
|move|p2a: Heracross|Megahorn|p1a: Celebi
|-supereffective|p1a: Celebi
|-damage|p1a: Celebi|0 fnt
|faint|p1a: Celebi
|
|t:|1728760519
|switch|p1a: Metagross|Metagross|85/100
|
|-weather|Sandstorm|[upkeep]
|-damage|p2a: Heracross|76/100|[from] Sandstorm
|upkeep
|turn|23
|
|t:|1728760522
|move|p2a: Heracross|Substitute|p2a: Heracross
|-start|p2a: Heracross|Substitute
|-damage|p2a: Heracross|51/100
|move|p1a: Metagross|Meteor Mash|p2a: Heracross
|-end|p2a: Heracross|Substitute
|
|-weather|Sandstorm|[upkeep]
|-damage|p2a: Heracross|46/100|[from] Sandstorm
|upkeep
|turn|24
|
|t:|1728760528
|move|p2a: Heracross|Substitute|p2a: Heracross
|-start|p2a: Heracross|Substitute
|-damage|p2a: Heracross|21/100
|move|p1a: Metagross|Meteor Mash|p2a: Heracross
|-end|p2a: Heracross|Substitute
|
|-weather|Sandstorm|[upkeep]
|-damage|p2a: Heracross|15/100|[from] Sandstorm
|-enditem|p2a: Heracross|Salac Berry|[eat]
|-boost|p2a: Heracross|spe|1|[from] item: Salac Berry
|upkeep
|turn|25
|
|t:|1728760530
|move|p2a: Heracross|Megahorn|p1a: Metagross
|-damage|p1a: Metagross|5/100
|move|p1a: Metagross|Meteor Mash|p2a: Heracross
|-damage|p2a: Heracross|0 fnt
|faint|p2a: Heracross
|
|t:|1728760535
|switch|p2a: Salamence|Salamence, M|70/100 tox
|-ability|p2a: Salamence|Intimidate|boost
|-fail|p1a: Metagross|unboost|[from] ability: Clear Body|[of] p1a: Metagross
|
|-weather|Sandstorm|[upkeep]
|-damage|p2a: Salamence|64/100 tox|[from] Sandstorm
|-heal|p2a: Salamence|70/100 tox|[from] item: Leftovers
|-damage|p2a: Salamence|64/100 tox|[from] psn
|upkeep
|turn|26
|
|t:|1728760537
|move|p2a: Salamence|Earthquake|p1a: Metagross
|-supereffective|p1a: Metagross
|-crit|p1a: Metagross
|-damage|p1a: Metagross|0 fnt
|faint|p1a: Metagross
|
|t:|1728760538
|switch|p1a: Swampert|Swampert, F|31/100
|
|-weather|Sandstorm|[upkeep]
|-damage|p2a: Salamence|58/100 tox|[from] Sandstorm
|-heal|p2a: Salamence|64/100 tox|[from] item: Leftovers
|-damage|p2a: Salamence|52/100 tox|[from] psn
|-heal|p1a: Swampert|38/100|[from] item: Leftovers
|upkeep
|turn|27
|
|t:|1728760545
|move|p2a: Salamence|Hidden Power|p1a: Swampert
|-damage|p1a: Swampert|9/100
|move|p1a: Swampert|Surf|p2a: Salamence
|-resisted|p2a: Salamence
|-damage|p2a: Salamence|32/100 tox
|
|-weather|Sandstorm|[upkeep]
|-damage|p2a: Salamence|26/100 tox|[from] Sandstorm
|-heal|p2a: Salamence|32/100 tox|[from] item: Leftovers
|-damage|p2a: Salamence|13/100 tox|[from] psn
|-heal|p1a: Swampert|15/100|[from] item: Leftovers
|upkeep
|turn|28
|
|t:|1728760550
|switch|p2a: Hello.|Vaporeon, F|1/100
|-damage|p2a: Hello.|0 fnt|[from] Spikes
|faint|p2a: Hello.
|
|t:|1728760553
|switch|p2a: Salamence|Salamence, M|13/100 tox
|-ability|p2a: Salamence|Intimidate|boost
|-unboost|p1a: Swampert|atk|1
|
|-weather|Sandstorm|[upkeep]
|-damage|p2a: Salamence|7/100 tox|[from] Sandstorm
|-heal|p2a: Salamence|13/100 tox|[from] item: Leftovers
|-damage|p2a: Salamence|7/100 tox|[from] psn
|-heal|p1a: Swampert|22/100|[from] item: Leftovers
|upkeep
|turn|29
|
|t:|1728760556
|move|p1a: Swampert|Protect|p1a: Swampert
|-singleturn|p1a: Swampert|Protect
|move|p2a: Salamence|Hidden Power|p1a: Swampert
|-activate|p1a: Swampert|Protect
|
|-weather|Sandstorm|[upkeep]
|-damage|p2a: Salamence|1/100 tox|[from] Sandstorm
|-heal|p2a: Salamence|7/100 tox|[from] item: Leftovers
|-damage|p2a: Salamence|0 fnt|[from] psn
|faint|p2a: Salamence
|-heal|p1a: Swampert|28/100|[from] item: Leftovers
|upkeep
|
|t:|1728760558
|switch|p2a: Tyranitar|Tyranitar, F|100/100
|-damage|p2a: Tyranitar|88/100|[from] Spikes
|turn|30
|
|t:|1728760567
|move|p2a: Tyranitar|Hidden Power|p1a: Swampert
|-supereffective|p1a: Swampert
|-crit|p1a: Swampert
|-damage|p1a: Swampert|0 fnt
|faint|p1a: Swampert
|
|win|Yatagarasuwu

</script>
<script type="application/json" class="data" id="replaydata-smogtours-gen3ou-797700">
{"id":"smogtours-gen3ou-797700","format":"[Gen 3] OU","players":["EternumTagerMain","Yatagarasuwu"],"uploadtime":1728760567,"views":83,"formatid":"gen3ou","rating":null,"private":0,"password":null}
</script>

<script defer src="js/replays.js?9d40a366"></script>
