<!DOCTYPE html>
<meta charset="utf-8" />
<meta name="viewport" content="width=device-width" />

<title>[Gen 3] OU: Yuiis vs. ThisGuyMuks - Replays - Pok&eacute;mon Showdown!</title>

<meta name="description" content="Watch a replay of a Pok&eacute;mon battle between Yuiis and ThisGuyMuks! Format: [Gen 3] OU; Date: Oct 1, 2024" />
<!--

Hey, you! Looking in the source for the replay log?

You can find them in JSON format, just add `.json` at the end of a replay URL.

https://replay.pokemonshowdown.com/gen7randomdoublesbattle-865046831.json

Or, if you only need the log itself, add `.log` instead:

https://replay.pokemonshowdown.com/gen7randomdoublesbattle-865046831.log

-->

<link rel="stylesheet" href="//pokemonshowdown.com/style/global.css?0.767286132409787" />
<link rel="stylesheet" href="//play.pokemonshowdown.com/style/font-awesome.css?0.9266228007934947" />
<link rel="stylesheet" href="//play.pokemonshowdown.com/style/battle.css?0.7924700842790926" />
<link rel="stylesheet" href="//play.pokemonshowdown.com/style/utilichart.css?0.8777417872839479" />

<!-- Global site tag (gtag.js) - Google Analytics -->
<script async src="https://www.googletagmanager.com/gtag/js?id=UA-26211653-1"></script>
<script>
  window.dataLayer = window.dataLayer || [];
  function gtag(){dataLayer.push(arguments);}
  gtag('js', new Date());

  gtag('config', 'UA-26211653-1');
</script>
<!-- End Google Analytics -->
<!-- Venatus Ad Manager - Install in <HEAD> of page -->
	<script src="https://hb.vntsm.com/v3/live/ad-manager.min.js" type="text/javascript" data-site-id="642aba63ec9a7b11c3c9c1be" data-mode="scan" async></script>
<!-- / Venatus Ad Manager -->

<style>
	@media (max-width:820px) {
		.battle {
			margin: 0 auto;
		}
		.battle-log {
			margin: 7px auto 0;
			max-width: 640px;
			height: 300px;
			position: static;
		}
	}
	.optgroup {
		display: inline-block;
		line-height: 22px;
		font-size: 10pt;
	}
	.optgroup .button {
		height: 25px;
		padding-top: 0;
		padding-bottom: 0;
	}
	.optgroup button.button {
		padding-left: 12px;
		padding-right: 12px;
	}
	.linklist {
		list-style: none;
		margin: 0.5em 0;
		padding: 0;
	}
	.linklist li {
		padding: 2px 0;
	}
	.sidebar {
		float: left;
		width: 320px;
	}
	.bar-wrapper {
		max-width: 1100px;
		margin: 0 auto;
	}
	.bar-wrapper.has-sidebar {
		max-width: 1430px;
	}
	.mainbar {
		margin: 0;
		padding-right: 1px;
	}
	.mainbar.has-sidebar {
		margin-left: 330px;
	}
	@media (min-width: 1511px) {
		.sidebar {
			width: 400px;
		}
		.bar-wrapper.has-sidebar {
			max-width: 1510px;
		}
		.mainbar.has-sidebar {
			margin-left: 410px;
		}
	}
	.section.first-section {
		margin-top: 9px;
	}
	.blocklink small {
		white-space: normal;
	}
	.button {
		vertical-align: middle;
	}
	.replay-controls {
		padding-top: 10px;
	}
	.replay-controls h1 {
		font-size: 16pt;
		font-weight: normal;
		color: #CCC;
	}
	.pagelink {
		text-align: center;
	}
	.pagelink a {
		width: 150px;
	}
	.textbox, .button {
		font-size: 11pt;
		vertical-align: middle;
	}
	@media (max-width: 450px) {
		.button {
			font-size: 9pt;
		}
	}
</style>

<div>

	<header>
		<div class="nav-wrapper"><ul class="nav">
			<li><a class="button nav-first" href="//pokemonshowdown.com/"><img src="//pokemonshowdown.com/images/pokemonshowdownbeta.png" srcset="//pokemonshowdown.com/images/pokemonshowdownbeta.png 1x, //pokemonshowdown.com/images/pokemonshowdownbeta@2x.png 2x" alt="Pok&eacute;mon Showdown" width="146" height="44" /> Home</a></li>
			<li><a class="button" href="//pokemonshowdown.com/dex/">Pok&eacute;dex</a></li>
			<li><a class="button cur" href="/">Replays</a></li>
			<li><a class="button" href="//pokemonshowdown.com/ladder/">Ladder</a></li>
			<li><a class="button nav-last" href="//pokemonshowdown.com/forums/">Forum</a></li>
			<li><a class="button greenbutton nav-first nav-last" href="//play.pokemonshowdown.com/">Play</a></li>
		</ul></div>
	</header>

	<div class="main" id="main">

		<noscript><section class="section">You need to enable JavaScript to use this page; sorry!</section></noscript>

	</div>

</div>

<script defer nomodule src="//play.pokemonshowdown.com/js/lib/ps-polyfill.js"></script>
<script defer src="//play.pokemonshowdown.com/js/lib/preact.min.js"></script>

<script defer src="//play.pokemonshowdown.com/config/config.js?6dec07f6"></script>
<script defer src="//play.pokemonshowdown.com/js/lib/jquery-1.11.0.min.js"></script>
<script defer src="//play.pokemonshowdown.com/js/lib/html-sanitizer-minified.js"></script>
<script defer src="//play.pokemonshowdown.com/js/battle-sound.js"></script>
<script defer src="//play.pokemonshowdown.com/js/battledata.js?0.6315294753075389"></script>
<script defer src="//play.pokemonshowdown.com/data/pokedex-mini.js?0.7603743185311358"></script>
<script defer src="//play.pokemonshowdown.com/data/pokedex-mini-bw.js?0.030888842834281283"></script>
<script defer src="//play.pokemonshowdown.com/data/graphics.js?0.05593094747507488"></script>
<script defer src="//play.pokemonshowdown.com/data/pokedex.js?0.47064822249611904"></script>
<script defer src="//play.pokemonshowdown.com/data/moves.js?0.8583693120512459"></script>
<script defer src="//play.pokemonshowdown.com/data/abilities.js?0.16017181182386842"></script>
<script defer src="//play.pokemonshowdown.com/data/items.js?0.4163379185673943"></script>
<script defer src="//play.pokemonshowdown.com/data/teambuilder-tables.js?0.31075597372830477"></script>
<script defer src="//play.pokemonshowdown.com/js/battle-tooltips.js?0.6536193500708172"></script>
<script defer src="//play.pokemonshowdown.com/js/battle.js?0.1916591943277901"></script>

<script defer src="js/utils.js?e31f9a17"></script>
<script defer src="js/replays-battle.js?7008c182"></script>

<!-- don't scrape this data! just add .json or .log after the URL!
Full API docs: https://github.com/smogon/pokemon-showdown-client/blob/master/WEB-API.md -->
<script type="text/plain" class="log" id="replaylog-smogtours-gen3ou-793836">
|inactive|Battle timer is ON: inactive players will automatically lose when time's up.
|t:|1727814453
|gametype|singles
|player|p1|Yuiis|camper|
|player|p2|ThisGuyMuks|169|
|teamsize|p1|6
|teamsize|p2|6
|gen|3
|tier|[Gen 3] OU
|rule|Sleep Clause Mod: Limit one foe put to sleep
|rule|Switch Priority Clause Mod: Faster Pokémon switch first
|rule|Species Clause: Limit one of each Pokémon
|rule|OHKO Clause: OHKO moves are banned
|rule|Evasion Items Clause: Evasion items are banned
|rule|Evasion Moves Clause: Evasion moves are banned
|rule|Endless Battle Clause: Forcing endless battles is banned
|rule|HP Percentage Mod: HP is shown in percentages
|rule|One Boost Passer Clause: Limit one Baton Passer that has a way to boost its stats
|rule|Freeze Clause Mod: Limit one foe frozen
|
|t:|1727814453
|start
|switch|p1a: Zapdos|Zapdos|100/100
|switch|p2a: Registeel|Registeel|100/100
|turn|1
|c|☆ThisGuyMuks|hey glhf
|c|☆Yuiis|glhf
|
|t:|1727814469
|move|p1a: Zapdos|Thunderbolt|p2a: Registeel
|-damage|p2a: Registeel|77/100
|move|p2a: Registeel|Seismic Toss|p1a: Zapdos
|-damage|p1a: Zapdos|74/100
|
|-heal|p1a: Zapdos|80/100|[from] item: Leftovers
|-heal|p2a: Registeel|83/100|[from] item: Leftovers
|upkeep
|turn|2
|
|t:|1727814485
|move|p1a: Zapdos|Thunderbolt|p2a: Registeel
|-damage|p2a: Registeel|63/100
|move|p2a: Registeel|Thunder Wave|p1a: Zapdos
|-status|p1a: Zapdos|par
|
|-heal|p2a: Registeel|69/100|[from] item: Leftovers
|-heal|p1a: Zapdos|86/100 par|[from] item: Leftovers
|upkeep
|turn|3
|inactive|Yuiis has 270 seconds left.
|inactive|ThisGuyMuks has 270 seconds left.
|
|t:|1727814524
|switch|p2a: Blissey|Blissey, F|100/100
|move|p1a: Zapdos|Baton Pass|p1a: Zapdos
|inactive|Yuiis has 270 seconds left.
|
|t:|1727814535
|switch|p1a: Jirachi|Jirachi|100/100|[from] Baton Pass
|
|upkeep
|turn|4
|inactive|ThisGuyMuks has 270 seconds left.
|
|t:|1727814546
|move|p1a: Jirachi|Substitute|p1a: Jirachi
|-start|p1a: Jirachi|Substitute
|-damage|p1a: Jirachi|75/100
|move|p2a: Blissey|Calm Mind|p2a: Blissey
|-boost|p2a: Blissey|spa|1
|-boost|p2a: Blissey|spd|1
|
|-heal|p1a: Jirachi|82/100|[from] item: Leftovers
|upkeep
|turn|5
|
|t:|1727814554
|move|p1a: Jirachi|Calm Mind|p1a: Jirachi
|-boost|p1a: Jirachi|spa|1
|-boost|p1a: Jirachi|spd|1
|move|p2a: Blissey|Calm Mind|p2a: Blissey
|-boost|p2a: Blissey|spa|1
|-boost|p2a: Blissey|spd|1
|
|-heal|p1a: Jirachi|88/100|[from] item: Leftovers
|upkeep
|turn|6
|
|t:|1727814562
|move|p1a: Jirachi|Calm Mind|p1a: Jirachi
|-boost|p1a: Jirachi|spa|1
|-boost|p1a: Jirachi|spd|1
|move|p2a: Blissey|Calm Mind|p2a: Blissey
|-boost|p2a: Blissey|spa|1
|-boost|p2a: Blissey|spd|1
|
|-heal|p1a: Jirachi|94/100|[from] item: Leftovers
|upkeep
|turn|7
|
|t:|1727814575
|move|p1a: Jirachi|Calm Mind|p1a: Jirachi
|-boost|p1a: Jirachi|spa|1
|-boost|p1a: Jirachi|spd|1
|move|p2a: Blissey|Calm Mind|p2a: Blissey
|-boost|p2a: Blissey|spa|1
|-boost|p2a: Blissey|spd|1
|
|-heal|p1a: Jirachi|99/100|[from] item: Leftovers
|upkeep
|turn|8
|
|t:|1727814583
|move|p1a: Jirachi|Calm Mind|p1a: Jirachi
|-boost|p1a: Jirachi|spa|1
|-boost|p1a: Jirachi|spd|1
|move|p2a: Blissey|Calm Mind|p2a: Blissey
|-boost|p2a: Blissey|spa|1
|-boost|p2a: Blissey|spd|1
|
|-heal|p1a: Jirachi|100/100|[from] item: Leftovers
|upkeep
|turn|9
|
|t:|1727814591
|move|p1a: Jirachi|Calm Mind|p1a: Jirachi
|-boost|p1a: Jirachi|spa|1
|-boost|p1a: Jirachi|spd|1
|move|p2a: Blissey|Calm Mind|p2a: Blissey
|-boost|p2a: Blissey|spa|1
|-boost|p2a: Blissey|spd|1
|
|upkeep
|turn|10
|
|t:|1727814597
|move|p1a: Jirachi|Calm Mind|p1a: Jirachi
|-boost|p1a: Jirachi|spa|1
|-boost|p1a: Jirachi|spd|1
|move|p2a: Blissey|Thunderbolt|p1a: Jirachi
|-activate|p1a: Jirachi|Substitute|[damage]
|
|upkeep
|turn|11
|
|t:|1727814603
|move|p1a: Jirachi|Fire Punch|p2a: Blissey
|-damage|p2a: Blissey|92/100
|move|p2a: Blissey|Thunderbolt|p1a: Jirachi
|-end|p1a: Jirachi|Substitute
|
|-heal|p2a: Blissey|98/100|[from] item: Leftovers
|upkeep
|turn|12
|
|t:|1727814610
|move|p1a: Jirachi|Substitute|p1a: Jirachi
|-start|p1a: Jirachi|Substitute
|-damage|p1a: Jirachi|75/100
|move|p2a: Blissey|Thunderbolt|p1a: Jirachi
|-activate|p1a: Jirachi|Substitute|[damage]
|
|-heal|p1a: Jirachi|82/100|[from] item: Leftovers
|-heal|p2a: Blissey|100/100|[from] item: Leftovers
|upkeep
|turn|13
|
|t:|1727814617
|move|p1a: Jirachi|Fire Punch|p2a: Blissey
|-damage|p2a: Blissey|92/100
|move|p2a: Blissey|Thunderbolt|p1a: Jirachi
|-end|p1a: Jirachi|Substitute
|
|-heal|p1a: Jirachi|88/100|[from] item: Leftovers
|-heal|p2a: Blissey|99/100|[from] item: Leftovers
|upkeep
|turn|14
|
|t:|1727814626
|move|p1a: Jirachi|Substitute|p1a: Jirachi
|-start|p1a: Jirachi|Substitute
|-damage|p1a: Jirachi|63/100
|move|p2a: Blissey|Thunderbolt|p1a: Jirachi
|-activate|p1a: Jirachi|Substitute|[damage]
|
|-heal|p1a: Jirachi|69/100|[from] item: Leftovers
|-heal|p2a: Blissey|100/100|[from] item: Leftovers
|upkeep
|turn|15
|
|t:|1727814633
|move|p1a: Jirachi|Fire Punch|p2a: Blissey
|-damage|p2a: Blissey|92/100
|-status|p2a: Blissey|brn
|move|p2a: Blissey|Thunderbolt|p1a: Jirachi
|-end|p1a: Jirachi|Substitute
|
|-heal|p1a: Jirachi|75/100|[from] item: Leftovers
|-heal|p2a: Blissey|98/100 brn|[from] item: Leftovers
|-damage|p2a: Blissey|86/100 brn|[from] brn
|upkeep
|turn|16
|
|t:|1727814653
|switch|p1a: Swampert|Swampert, M|100/100
|move|p2a: Blissey|Thunderbolt|p1a: Swampert
|-immune|p1a: Swampert
|
|-heal|p2a: Blissey|92/100 brn|[from] item: Leftovers
|-damage|p2a: Blissey|80/100 brn|[from] brn
|upkeep
|turn|17
|
|t:|1727814672
|-curestatus|p2a: Blissey|brn|[from] ability: Natural Cure
|switch|p2a: Skarmory|Skarmory, F|100/100
|move|p1a: Swampert|Substitute|p1a: Swampert
|-start|p1a: Swampert|Substitute
|-damage|p1a: Swampert|76/100
|
|upkeep
|turn|18
|
|t:|1727814679
|switch|p1a: Magneton|Magneton|100/100
|move|p2a: Skarmory|Spikes|p1a: Magneton
|-sidestart|p1: Yuiis|Spikes
|
|upkeep
|turn|19
|
|t:|1727814684
|move|p1a: Magneton|Thunderbolt|p2a: Skarmory
|-supereffective|p2a: Skarmory
|-damage|p2a: Skarmory|14/100
|move|p2a: Skarmory|Spikes|p1a: Magneton
|-sidestart|p1: Yuiis|Spikes
|
|-heal|p2a: Skarmory|20/100|[from] item: Leftovers
|upkeep
|turn|20
|
|t:|1727814692
|move|p1a: Magneton|Thunderbolt|p2a: Skarmory
|-supereffective|p2a: Skarmory
|-damage|p2a: Skarmory|0 fnt
|faint|p2a: Skarmory
|
|t:|1727814696
|switch|p2a: Dugtrio|Dugtrio, M|100/100
|
|upkeep
|turn|21
|
|t:|1727814702
|move|p2a: Dugtrio|Earthquake|p1a: Magneton
|-supereffective|p1a: Magneton
|-damage|p1a: Magneton|0 fnt
|faint|p1a: Magneton
|
|t:|1727814706
|switch|p1a: Porygon2|Porygon2|100/100
|-damage|p1a: Porygon2|84/100|[from] Spikes
|-ability|p1a: Porygon2|Arena Trap|[from] ability: Trace|[of] p2a: Dugtrio
|
|-heal|p1a: Porygon2|90/100|[from] item: Leftovers
|upkeep
|turn|22
|
|t:|1727814713
|move|p2a: Dugtrio|Earthquake|p1a: Porygon2
|-damage|p1a: Porygon2|48/100
|move|p1a: Porygon2|Recover|p1a: Porygon2
|-heal|p1a: Porygon2|98/100
|
|-heal|p1a: Porygon2|100/100|[from] item: Leftovers
|upkeep
|turn|23
|
|t:|1727814720
|move|p2a: Dugtrio|Earthquake|p1a: Porygon2
|-damage|p1a: Porygon2|56/100
|move|p1a: Porygon2|Recover|p1a: Porygon2
|-heal|p1a: Porygon2|100/100
|
|upkeep
|turn|24
|
|t:|1727814725
|move|p2a: Dugtrio|Earthquake|p1a: Porygon2
|-damage|p1a: Porygon2|60/100
|move|p1a: Porygon2|Recover|p1a: Porygon2
|-heal|p1a: Porygon2|100/100
|
|upkeep
|turn|25
|
|t:|1727814731
|move|p2a: Dugtrio|Earthquake|p1a: Porygon2
|-damage|p1a: Porygon2|62/100
|move|p1a: Porygon2|Recover|p1a: Porygon2
|-heal|p1a: Porygon2|100/100
|
|upkeep
|turn|26
|
|t:|1727814736
|move|p2a: Dugtrio|Earthquake|p1a: Porygon2
|-damage|p1a: Porygon2|60/100
|move|p1a: Porygon2|Recover|p1a: Porygon2
|-heal|p1a: Porygon2|100/100
|
|upkeep
|turn|27
|
|t:|1727814747
|move|p2a: Dugtrio|Earthquake|p1a: Porygon2
|-damage|p1a: Porygon2|61/100
|move|p1a: Porygon2|Recover|p1a: Porygon2
|-heal|p1a: Porygon2|100/100
|
|upkeep
|turn|28
|
|t:|1727814752
|move|p2a: Dugtrio|Earthquake|p1a: Porygon2
|-damage|p1a: Porygon2|63/100
|move|p1a: Porygon2|Recover|p1a: Porygon2
|-heal|p1a: Porygon2|100/100
|
|upkeep
|turn|29
|c|☆ThisGuyMuks|i wish there was a button to just get this over with
|
|t:|1727814767
|move|p2a: Dugtrio|Earthquake|p1a: Porygon2
|-damage|p1a: Porygon2|61/100
|move|p1a: Porygon2|Recover|p1a: Porygon2
|-heal|p1a: Porygon2|100/100
|
|upkeep
|turn|30
|
|t:|1727814773
|move|p2a: Dugtrio|Earthquake|p1a: Porygon2
|-damage|p1a: Porygon2|57/100
|move|p1a: Porygon2|Recover|p1a: Porygon2
|-heal|p1a: Porygon2|100/100
|
|upkeep
|turn|31
|
|t:|1727814778
|move|p2a: Dugtrio|Earthquake|p1a: Porygon2
|-damage|p1a: Porygon2|60/100
|move|p1a: Porygon2|Recover|p1a: Porygon2
|-heal|p1a: Porygon2|100/100
|
|upkeep
|turn|32
|
|t:|1727814783
|move|p2a: Dugtrio|Earthquake|p1a: Porygon2
|-damage|p1a: Porygon2|56/100
|move|p1a: Porygon2|Recover|p1a: Porygon2
|-heal|p1a: Porygon2|100/100
|
|upkeep
|turn|33
|
|t:|1727814789
|move|p2a: Dugtrio|Earthquake|p1a: Porygon2
|-damage|p1a: Porygon2|61/100
|move|p1a: Porygon2|Recover|p1a: Porygon2
|-heal|p1a: Porygon2|100/100
|
|upkeep
|turn|34
|
|t:|1727814794
|move|p2a: Dugtrio|Earthquake|p1a: Porygon2
|-damage|p1a: Porygon2|61/100
|move|p1a: Porygon2|Recover|p1a: Porygon2
|-heal|p1a: Porygon2|100/100
|
|upkeep
|turn|35
|
|t:|1727814799
|move|p2a: Dugtrio|Earthquake|p1a: Porygon2
|-damage|p1a: Porygon2|59/100
|move|p1a: Porygon2|Recover|p1a: Porygon2
|-heal|p1a: Porygon2|100/100
|
|upkeep
|turn|36
|
|t:|1727814804
|move|p2a: Dugtrio|Earthquake|p1a: Porygon2
|-damage|p1a: Porygon2|57/100
|move|p1a: Porygon2|Recover|p1a: Porygon2
|-heal|p1a: Porygon2|100/100
|
|upkeep
|turn|37
|
|t:|1727814814
|move|p2a: Dugtrio|Struggle|p1a: Porygon2
|-damage|p1a: Porygon2|87/100
|-damage|p2a: Dugtrio|94/100|[from] Recoil|[of] p1a: Porygon2
|move|p1a: Porygon2|Toxic|p2a: Dugtrio
|-status|p2a: Dugtrio|tox
|
|-damage|p2a: Dugtrio|88/100 tox|[from] psn
|-heal|p1a: Porygon2|93/100|[from] item: Leftovers
|upkeep
|turn|38
|
|t:|1727814823
|move|p2a: Dugtrio|Struggle|p1a: Porygon2
|-damage|p1a: Porygon2|78/100
|-damage|p2a: Dugtrio|82/100 tox|[from] Recoil|[of] p1a: Porygon2
|move|p1a: Porygon2|Toxic|p2a: Dugtrio|[miss]
|-miss|p1a: Porygon2|p2a: Dugtrio
|
|-damage|p2a: Dugtrio|69/100 tox|[from] psn
|-heal|p1a: Porygon2|84/100|[from] item: Leftovers
|upkeep
|turn|39
|
|t:|1727814836
|move|p2a: Dugtrio|Struggle|p1a: Porygon2
|-damage|p1a: Porygon2|71/100
|-damage|p2a: Dugtrio|64/100 tox|[from] Recoil|[of] p1a: Porygon2
|move|p1a: Porygon2|Toxic|p2a: Dugtrio
|-fail|p2a: Dugtrio|tox
|
|-damage|p2a: Dugtrio|45/100 tox|[from] psn
|-heal|p1a: Porygon2|77/100|[from] item: Leftovers
|upkeep
|turn|40
|
|t:|1727814845
|move|p2a: Dugtrio|Struggle|p1a: Porygon2
|-damage|p1a: Porygon2|64/100
|-damage|p2a: Dugtrio|39/100 tox|[from] Recoil|[of] p1a: Porygon2
|move|p1a: Porygon2|Recover|p1a: Porygon2
|-heal|p1a: Porygon2|100/100
|
|-damage|p2a: Dugtrio|15/100 tox|[from] psn
|upkeep
|turn|41
|
|t:|1727814853
|move|p2a: Dugtrio|Struggle|p1a: Porygon2
|-damage|p1a: Porygon2|86/100
|-damage|p2a: Dugtrio|9/100 tox|[from] Recoil|[of] p1a: Porygon2
|move|p1a: Porygon2|Recover|p1a: Porygon2
|-heal|p1a: Porygon2|100/100
|
|-damage|p2a: Dugtrio|0 fnt|[from] psn
|faint|p2a: Dugtrio
|upkeep
|
|t:|1727814873
|switch|p2a: Milotic|Milotic, M|100/100
|turn|42
|
|t:|1727814880
|move|p2a: Milotic|Toxic|p1a: Porygon2
|-status|p1a: Porygon2|tox
|move|p1a: Porygon2|Toxic|p2a: Milotic
|-status|p2a: Milotic|tox
|
|-damage|p2a: Milotic|94/100 tox|[from] psn
|-damage|p1a: Porygon2|94/100 tox|[from] psn
|upkeep
|turn|43
|
|t:|1727814909
|switch|p1a: Zapdos|Zapdos|86/100 par
|move|p2a: Milotic|Refresh|p2a: Milotic
|-curestatus|p2a: Milotic|tox|[msg]
|
|-heal|p2a: Milotic|100/100|[from] item: Leftovers
|-heal|p1a: Zapdos|92/100 par|[from] item: Leftovers
|upkeep
|turn|44
|inactive|Yuiis has 270 seconds left.
|
|t:|1727814932
|switch|p2a: Registeel|Registeel|69/100
|cant|p1a: Zapdos|par
|
|-heal|p2a: Registeel|75/100|[from] item: Leftovers
|-heal|p1a: Zapdos|98/100 par|[from] item: Leftovers
|upkeep
|turn|45
|inactive|Yuiis has 270 seconds left.
|
|t:|1727814945
|move|p2a: Registeel|Seismic Toss|p1a: Zapdos
|-damage|p1a: Zapdos|72/100 par
|move|p1a: Zapdos|Thunderbolt|p2a: Registeel
|-damage|p2a: Registeel|53/100
|
|-heal|p2a: Registeel|59/100|[from] item: Leftovers
|-heal|p1a: Zapdos|78/100 par|[from] item: Leftovers
|upkeep
|turn|46
|
|t:|1727814954
|switch|p2a: Blissey|Blissey, F|80/100
|move|p1a: Zapdos|Thunderbolt|p2a: Blissey
|-damage|p2a: Blissey|61/100
|
|-heal|p2a: Blissey|68/100|[from] item: Leftovers
|-heal|p1a: Zapdos|84/100 par|[from] item: Leftovers
|upkeep
|turn|47
|inactive|Yuiis has 270 seconds left.
|
|t:|1727814971
|switch|p1a: Porygon2|Porygon2|94/100 tox
|-damage|p1a: Porygon2|78/100 tox|[from] Spikes
|-ability|p1a: Porygon2|Natural Cure|[from] ability: Trace|[of] p2a: Blissey
|move|p2a: Blissey|Calm Mind|p2a: Blissey
|-boost|p2a: Blissey|spa|1
|-boost|p2a: Blissey|spd|1
|
|-heal|p2a: Blissey|74/100|[from] item: Leftovers
|-heal|p1a: Porygon2|84/100 tox|[from] item: Leftovers
|-damage|p1a: Porygon2|78/100 tox|[from] psn
|upkeep
|turn|48
|inactive|ThisGuyMuks has 270 seconds left.
|
|t:|1727815006
|move|p2a: Blissey|Ice Beam|p1a: Porygon2
|-damage|p1a: Porygon2|40/100 tox
|move|p1a: Porygon2|Toxic|p2a: Blissey
|-status|p2a: Blissey|tox
|
|-heal|p2a: Blissey|80/100 tox|[from] item: Leftovers
|-damage|p2a: Blissey|74/100 tox|[from] psn
|-heal|p1a: Porygon2|46/100 tox|[from] item: Leftovers
|-damage|p1a: Porygon2|34/100 tox|[from] psn
|upkeep
|turn|49
|inactive|ThisGuyMuks has 270 seconds left.
|inactive|Yuiis has 270 seconds left.
|
|t:|1727815041
|-curestatus|p1a: Porygon2|tox|[from] ability: Natural Cure
|switch|p1a: Jirachi|Jirachi|75/100
|-damage|p1a: Jirachi|59/100|[from] Spikes
|move|p2a: Blissey|Ice Beam|p1a: Jirachi
|-resisted|p1a: Jirachi
|-damage|p1a: Jirachi|43/100
|
|-heal|p1a: Jirachi|49/100|[from] item: Leftovers
|-heal|p2a: Blissey|80/100 tox|[from] item: Leftovers
|-damage|p2a: Blissey|68/100 tox|[from] psn
|upkeep
|turn|50
|inactive|ThisGuyMuks has 270 seconds left.
|
|t:|1727815053
|-curestatus|p2a: Blissey|tox|[from] ability: Natural Cure
|switch|p2a: Claydol|Claydol|100/100
|move|p1a: Jirachi|Calm Mind|p1a: Jirachi
|-boost|p1a: Jirachi|spa|1
|-boost|p1a: Jirachi|spd|1
|
|-heal|p1a: Jirachi|55/100|[from] item: Leftovers
|upkeep
|turn|51
|inactive|ThisGuyMuks has 270 seconds left.
|inactive|Yuiis has 270 seconds left.
|
|t:|1727815083
|switch|p1a: Zapdos|Zapdos|84/100 par
|move|p2a: Claydol|Earthquake|p1a: Zapdos
|-immune|p1a: Zapdos
|
|-heal|p1a: Zapdos|90/100 par|[from] item: Leftovers
|upkeep
|turn|52
|
|t:|1727815090
|switch|p2a: Blissey|Blissey, F|68/100
|move|p1a: Zapdos|Hidden Power|p2a: Blissey
|-damage|p2a: Blissey|59/100
|
|-heal|p2a: Blissey|65/100|[from] item: Leftovers
|-heal|p1a: Zapdos|96/100 par|[from] item: Leftovers
|upkeep
|turn|53
|inactive|Yuiis has 270 seconds left.
|
|t:|1727815100
|move|p2a: Blissey|Calm Mind|p2a: Blissey
|-boost|p2a: Blissey|spa|1
|-boost|p2a: Blissey|spd|1
|move|p1a: Zapdos|Roar|p2a: Blissey
|drag|p2a: Claydol|Claydol|100/100
|
|-heal|p1a: Zapdos|100/100 par|[from] item: Leftovers
|upkeep
|turn|54
|
|t:|1727815108
|switch|p2a: Blissey|Blissey, F|65/100
|move|p1a: Zapdos|Hidden Power|p2a: Blissey
|-damage|p2a: Blissey|57/100
|
|-heal|p2a: Blissey|63/100|[from] item: Leftovers
|upkeep
|turn|55
|inactive|Yuiis has 270 seconds left.
|
|t:|1727815142
|move|p2a: Blissey|Soft-Boiled|p2a: Blissey
|-heal|p2a: Blissey|100/100
|cant|p1a: Zapdos|par
|
|upkeep
|turn|56
|
|t:|1727815154
|move|p2a: Blissey|Ice Beam|p1a: Zapdos
|-supereffective|p1a: Zapdos
|-damage|p1a: Zapdos|53/100 par
|cant|p1a: Zapdos|par
|
|-heal|p1a: Zapdos|60/100 par|[from] item: Leftovers
|upkeep
|turn|57
|inactive|Yuiis has 240 seconds left.
|inactive|Yuiis has 210 seconds left.
|
|t:|1727815212
|switch|p1a: Swampert|Swampert, M|76/100
|-damage|p1a: Swampert|59/100|[from] Spikes
|move|p2a: Blissey|Calm Mind|p2a: Blissey
|-boost|p2a: Blissey|spa|1
|-boost|p2a: Blissey|spd|1
|
|upkeep
|turn|58
|
|t:|1727815219
|move|p1a: Swampert|Substitute|p1a: Swampert
|-start|p1a: Swampert|Substitute
|-damage|p1a: Swampert|34/100
|move|p2a: Blissey|Ice Beam|p1a: Swampert
|-end|p1a: Swampert|Substitute
|
|upkeep
|turn|59
|
|t:|1727815226
|move|p1a: Swampert|Substitute|p1a: Swampert
|-start|p1a: Swampert|Substitute
|-damage|p1a: Swampert|9/100
|move|p2a: Blissey|Ice Beam|p1a: Swampert
|-end|p1a: Swampert|Substitute
|
|-enditem|p1a: Swampert|Salac Berry|[eat]
|-boost|p1a: Swampert|spe|1|[from] item: Salac Berry
|upkeep
|turn|60
|
|t:|1727815234
|move|p1a: Swampert|Endeavor|p2a: Blissey
|-damage|p2a: Blissey|5/100
|move|p2a: Blissey|Ice Beam|p1a: Swampert
|-damage|p1a: Swampert|0 fnt
|faint|p1a: Swampert
|inactive|Yuiis has 240 seconds left.
|
|t:|1727815246
|switch|p1a: Celebi|Celebi|100/100
|-damage|p1a: Celebi|84/100|[from] Spikes
|
|-heal|p1a: Celebi|90/100|[from] item: Leftovers
|-heal|p2a: Blissey|11/100|[from] item: Leftovers
|upkeep
|turn|61
|inactive|Yuiis has 240 seconds left.
|
|t:|1727815257
|switch|p2a: Registeel|Registeel|59/100
|move|p1a: Celebi|Hidden Power|p2a: Registeel
|-resisted|p2a: Registeel
|-damage|p2a: Registeel|53/100
|
|-heal|p1a: Celebi|96/100|[from] item: Leftovers
|-heal|p2a: Registeel|59/100|[from] item: Leftovers
|upkeep
|turn|62
|inactive|Yuiis has 240 seconds left.
|
|t:|1727815267
|switch|p1a: Zapdos|Zapdos|60/100 par
|move|p2a: Registeel|Thunder Wave|p1a: Zapdos
|-fail|p1a: Zapdos|par
|
|-heal|p2a: Registeel|65/100|[from] item: Leftovers
|-heal|p1a: Zapdos|66/100 par|[from] item: Leftovers
|upkeep
|turn|63
|inactive|Yuiis has 240 seconds left.
|
|t:|1727815292
|move|p2a: Registeel|Seismic Toss|p1a: Zapdos
|-damage|p1a: Zapdos|39/100 par
|move|p1a: Zapdos|Thunderbolt|p2a: Registeel
|-damage|p2a: Registeel|45/100
|
|-heal|p2a: Registeel|51/100|[from] item: Leftovers
|-heal|p1a: Zapdos|45/100 par|[from] item: Leftovers
|upkeep
|turn|64
|inactive|Yuiis has 240 seconds left.
|
|t:|1727815310
|move|p2a: Registeel|Seismic Toss|p1a: Zapdos
|-damage|p1a: Zapdos|19/100 par
|move|p1a: Zapdos|Thunderbolt|p2a: Registeel
|-damage|p2a: Registeel|28/100
|
|-heal|p2a: Registeel|34/100|[from] item: Leftovers
|-heal|p1a: Zapdos|25/100 par|[from] item: Leftovers
|upkeep
|turn|65
|
|t:|1727815328
|move|p2a: Registeel|Seismic Toss|p1a: Zapdos
|-damage|p1a: Zapdos|0 fnt
|faint|p1a: Zapdos
|
|t:|1727815339
|switch|p1a: Porygon2|Porygon2|34/100
|-damage|p1a: Porygon2|17/100|[from] Spikes
|-ability|p1a: Porygon2|Clear Body|[from] ability: Trace|[of] p2a: Registeel
|
|-heal|p1a: Porygon2|23/100|[from] item: Leftovers
|-heal|p2a: Registeel|40/100|[from] item: Leftovers
|upkeep
|turn|66
|
|t:|1727815354
|move|p1a: Porygon2|Recover|p1a: Porygon2
|-heal|p1a: Porygon2|73/100
|move|p2a: Registeel|Thunder Wave|p1a: Porygon2
|-status|p1a: Porygon2|par
|
|-heal|p2a: Registeel|46/100|[from] item: Leftovers
|-heal|p1a: Porygon2|79/100 par|[from] item: Leftovers
|upkeep
|turn|67
|
|t:|1727815368
|move|p2a: Registeel|Seismic Toss|p1a: Porygon2
|-damage|p1a: Porygon2|53/100 par
|move|p1a: Porygon2|Hidden Power|p2a: Registeel
|-supereffective|p2a: Registeel
|-damage|p2a: Registeel|27/100
|
|-heal|p2a: Registeel|33/100|[from] item: Leftovers
|-heal|p1a: Porygon2|59/100 par|[from] item: Leftovers
|upkeep
|turn|68
|
|t:|1727815381
|switch|p2a: Claydol|Claydol|100/100
|move|p1a: Porygon2|Hidden Power|p2a: Claydol
|-resisted|p2a: Claydol
|-damage|p2a: Claydol|94/100
|
|-heal|p2a: Claydol|99/100|[from] item: Leftovers
|-heal|p1a: Porygon2|65/100 par|[from] item: Leftovers
|upkeep
|turn|69
|
|t:|1727815408
|switch|p2a: Milotic|Milotic, M|100/100
|move|p1a: Porygon2|Ice Beam|p2a: Milotic
|-resisted|p2a: Milotic
|-damage|p2a: Milotic|93/100
|
|-heal|p2a: Milotic|99/100|[from] item: Leftovers
|-heal|p1a: Porygon2|71/100 par|[from] item: Leftovers
|upkeep
|turn|70
|
|t:|1727815416
|move|p2a: Milotic|Surf|p1a: Porygon2
|-damage|p1a: Porygon2|39/100 par
|cant|p1a: Porygon2|par
|
|-heal|p2a: Milotic|100/100|[from] item: Leftovers
|-heal|p1a: Porygon2|45/100 par|[from] item: Leftovers
|upkeep
|turn|71
|
|t:|1727815423
|move|p2a: Milotic|Surf|p1a: Porygon2
|-damage|p1a: Porygon2|13/100 par
|cant|p1a: Porygon2|par
|
|-heal|p1a: Porygon2|19/100 par|[from] item: Leftovers
|upkeep
|turn|72
|
|t:|1727815429
|move|p2a: Milotic|Surf|p1a: Porygon2
|-crit|p1a: Porygon2
|-damage|p1a: Porygon2|0 fnt
|faint|p1a: Porygon2
|
|t:|1727815434
|switch|p1a: Celebi|Celebi|96/100
|-damage|p1a: Celebi|80/100|[from] Spikes
|
|-heal|p1a: Celebi|86/100|[from] item: Leftovers
|upkeep
|turn|73
|
|t:|1727815440
|move|p1a: Celebi|Calm Mind|p1a: Celebi
|-boost|p1a: Celebi|spa|1
|-boost|p1a: Celebi|spd|1
|move|p2a: Milotic|Toxic|p1a: Celebi
|-status|p1a: Celebi|tox
|
|-heal|p1a: Celebi|92/100 tox|[from] item: Leftovers
|-damage|p1a: Celebi|86/100 tox|[from] psn
|upkeep
|turn|74
|
|t:|1727815455
|switch|p2a: Registeel|Registeel|33/100
|move|p1a: Celebi|Hidden Power|p2a: Registeel
|-resisted|p2a: Registeel
|-damage|p2a: Registeel|23/100
|
|-heal|p1a: Celebi|92/100 tox|[from] item: Leftovers
|-damage|p1a: Celebi|80/100 tox|[from] psn
|-heal|p2a: Registeel|29/100|[from] item: Leftovers
|upkeep
|turn|75
|
|t:|1727815473
|move|p1a: Celebi|Baton Pass|p1a: Celebi
|
|t:|1727815474
|-curestatus|p1a: Celebi|tox|[from] ability: Natural Cure
|switch|p1a: Jirachi|Jirachi|55/100|[from] Baton Pass
|-damage|p1a: Jirachi|38/100|[from] Spikes
|move|p2a: Registeel|Seismic Toss|p1a: Jirachi
|-damage|p1a: Jirachi|14/100
|
|-heal|p1a: Jirachi|20/100|[from] item: Leftovers
|-heal|p2a: Registeel|35/100|[from] item: Leftovers
|upkeep
|turn|76
|
|t:|1727815486
|move|p1a: Jirachi|Fire Punch|p2a: Registeel
|-supereffective|p2a: Registeel
|-damage|p2a: Registeel|2/100
|move|p2a: Registeel|Seismic Toss|p1a: Jirachi
|-damage|p1a: Jirachi|0 fnt
|faint|p1a: Jirachi
|
|t:|1727815490
|switch|p1a: Celebi|Celebi|80/100
|-damage|p1a: Celebi|63/100|[from] Spikes
|
|-heal|p1a: Celebi|69/100|[from] item: Leftovers
|-heal|p2a: Registeel|8/100|[from] item: Leftovers
|upkeep
|turn|77
|
|t:|1727815520
|move|p1a: Celebi|Leech Seed|p2a: Registeel
|-start|p2a: Registeel|move: Leech Seed
|move|p2a: Registeel|Explosion|p1a: Celebi
|-crit|p1a: Celebi
|-damage|p1a: Celebi|0 fnt
|faint|p2a: Registeel
|faint|p1a: Celebi
|
|win|ThisGuyMuks
|c|☆ThisGuyMuks|gg
|c|☆Yuiis|g
|player|p1|

</script>
<script type="application/json" class="data" id="replaydata-smogtours-gen3ou-793836">
{"id":"smogtours-gen3ou-793836","format":"[Gen 3] OU","players":["Yuiis","ThisGuyMuks"],"uploadtime":1727815520,"views":190,"formatid":"gen3ou","rating":null,"private":0,"password":null}
</script>

<script defer src="js/replays.js?9d40a366"></script>
