<!DOCTYPE html>
<meta charset="utf-8" />
<meta name="viewport" content="width=device-width" />

<title>[Gen 3] OU: Repriloid vs. Gulchittious Boi - Replays - Pok&eacute;mon Showdown!</title>

<meta name="description" content="Watch a replay of a Pok&eacute;mon battle between Repriloid and Gulchittious Boi! Format: [Gen 3] OU; Date: Oct 5, 2024" />
<!--

Hey, you! Looking in the source for the replay log?

You can find them in JSON format, just add `.json` at the end of a replay URL.

https://replay.pokemonshowdown.com/gen7randomdoublesbattle-865046831.json

Or, if you only need the log itself, add `.log` instead:

https://replay.pokemonshowdown.com/gen7randomdoublesbattle-865046831.log

-->

<link rel="stylesheet" href="//pokemonshowdown.com/style/global.css?0.023195364461161105" />
<link rel="stylesheet" href="//play.pokemonshowdown.com/style/font-awesome.css?0.13261647063804238" />
<link rel="stylesheet" href="//play.pokemonshowdown.com/style/battle.css?0.8753245789963631" />
<link rel="stylesheet" href="//play.pokemonshowdown.com/style/utilichart.css?0.8627959624976733" />

<!-- Global site tag (gtag.js) - Google Analytics -->
<script async src="https://www.googletagmanager.com/gtag/js?id=UA-26211653-1"></script>
<script>
  window.dataLayer = window.dataLayer || [];
  function gtag(){dataLayer.push(arguments);}
  gtag('js', new Date());

  gtag('config', 'UA-26211653-1');
</script>
<!-- End Google Analytics -->
<!-- Venatus Ad Manager - Install in <HEAD> of page -->
	<script src="https://hb.vntsm.com/v3/live/ad-manager.min.js" type="text/javascript" data-site-id="642aba63ec9a7b11c3c9c1be" data-mode="scan" async></script>
<!-- / Venatus Ad Manager -->

<style>
	@media (max-width:820px) {
		.battle {
			margin: 0 auto;
		}
		.battle-log {
			margin: 7px auto 0;
			max-width: 640px;
			height: 300px;
			position: static;
		}
	}
	.optgroup {
		display: inline-block;
		line-height: 22px;
		font-size: 10pt;
	}
	.optgroup .button {
		height: 25px;
		padding-top: 0;
		padding-bottom: 0;
	}
	.optgroup button.button {
		padding-left: 12px;
		padding-right: 12px;
	}
	.linklist {
		list-style: none;
		margin: 0.5em 0;
		padding: 0;
	}
	.linklist li {
		padding: 2px 0;
	}
	.sidebar {
		float: left;
		width: 320px;
	}
	.bar-wrapper {
		max-width: 1100px;
		margin: 0 auto;
	}
	.bar-wrapper.has-sidebar {
		max-width: 1430px;
	}
	.mainbar {
		margin: 0;
		padding-right: 1px;
	}
	.mainbar.has-sidebar {
		margin-left: 330px;
	}
	@media (min-width: 1511px) {
		.sidebar {
			width: 400px;
		}
		.bar-wrapper.has-sidebar {
			max-width: 1510px;
		}
		.mainbar.has-sidebar {
			margin-left: 410px;
		}
	}
	.section.first-section {
		margin-top: 9px;
	}
	.blocklink small {
		white-space: normal;
	}
	.button {
		vertical-align: middle;
	}
	.replay-controls {
		padding-top: 10px;
	}
	.replay-controls h1 {
		font-size: 16pt;
		font-weight: normal;
		color: #CCC;
	}
	.pagelink {
		text-align: center;
	}
	.pagelink a {
		width: 150px;
	}
	.textbox, .button {
		font-size: 11pt;
		vertical-align: middle;
	}
	@media (max-width: 450px) {
		.button {
			font-size: 9pt;
		}
	}
</style>

<div>

	<header>
		<div class="nav-wrapper"><ul class="nav">
			<li><a class="button nav-first" href="//pokemonshowdown.com/"><img src="//pokemonshowdown.com/images/pokemonshowdownbeta.png" srcset="//pokemonshowdown.com/images/pokemonshowdownbeta.png 1x, //pokemonshowdown.com/images/pokemonshowdownbeta@2x.png 2x" alt="Pok&eacute;mon Showdown" width="146" height="44" /> Home</a></li>
			<li><a class="button" href="//pokemonshowdown.com/dex/">Pok&eacute;dex</a></li>
			<li><a class="button cur" href="/">Replays</a></li>
			<li><a class="button" href="//pokemonshowdown.com/ladder/">Ladder</a></li>
			<li><a class="button nav-last" href="//pokemonshowdown.com/forums/">Forum</a></li>
			<li><a class="button greenbutton nav-first nav-last" href="//play.pokemonshowdown.com/">Play</a></li>
		</ul></div>
	</header>

	<div class="main" id="main">

		<noscript><section class="section">You need to enable JavaScript to use this page; sorry!</section></noscript>

	</div>

</div>

<script defer nomodule src="//play.pokemonshowdown.com/js/lib/ps-polyfill.js"></script>
<script defer src="//play.pokemonshowdown.com/js/lib/preact.min.js"></script>

<script defer src="//play.pokemonshowdown.com/config/config.js?2bddbc15"></script>
<script defer src="//play.pokemonshowdown.com/js/lib/jquery-1.11.0.min.js"></script>
<script defer src="//play.pokemonshowdown.com/js/lib/html-sanitizer-minified.js"></script>
<script defer src="//play.pokemonshowdown.com/js/battle-sound.js"></script>
<script defer src="//play.pokemonshowdown.com/js/battledata.js?0.7209276989879541"></script>
<script defer src="//play.pokemonshowdown.com/data/pokedex-mini.js?0.6111056340867951"></script>
<script defer src="//play.pokemonshowdown.com/data/pokedex-mini-bw.js?0.3532142036491459"></script>
<script defer src="//play.pokemonshowdown.com/data/graphics.js?0.24223875632456182"></script>
<script defer src="//play.pokemonshowdown.com/data/pokedex.js?0.38839984266356864"></script>
<script defer src="//play.pokemonshowdown.com/data/moves.js?0.21866028504024015"></script>
<script defer src="//play.pokemonshowdown.com/data/abilities.js?0.2005157953846628"></script>
<script defer src="//play.pokemonshowdown.com/data/items.js?0.9894211263848525"></script>
<script defer src="//play.pokemonshowdown.com/data/teambuilder-tables.js?0.6008791140282215"></script>
<script defer src="//play.pokemonshowdown.com/js/battle-tooltips.js?0.7580118955022959"></script>
<script defer src="//play.pokemonshowdown.com/js/battle.js?0.6057722274234274"></script>

<script defer src="js/utils.js?e31f9a17"></script>
<script defer src="js/replays-battle.js?7008c182"></script>

<!-- don't scrape this data! just add .json or .log after the URL!
Full API docs: https://github.com/smogon/pokemon-showdown-client/blob/master/WEB-API.md -->
<script type="text/plain" class="log" id="replaylog-smogtours-gen3ou-795030">
|inactive|Battle timer is ON: inactive players will automatically lose when time's up.
|t:|1728147767
|gametype|singles
|player|p1|Repriloid|1|
|player|p2|Gulchittious Boi|scientist-gen4dp|
|teamsize|p1|6
|teamsize|p2|6
|gen|3
|tier|[Gen 3] OU
|rule|Sleep Clause Mod: Limit one foe put to sleep
|rule|Switch Priority Clause Mod: Faster Pokémon switch first
|rule|Species Clause: Limit one of each Pokémon
|rule|OHKO Clause: OHKO moves are banned
|rule|Evasion Items Clause: Evasion items are banned
|rule|Evasion Moves Clause: Evasion moves are banned
|rule|Endless Battle Clause: Forcing endless battles is banned
|rule|HP Percentage Mod: HP is shown in percentages
|rule|One Boost Passer Clause: Limit one Baton Passer that has a way to boost its stats
|rule|Freeze Clause Mod: Limit one foe frozen
|
|t:|1728147767
|start
|switch|p1a: Hariyama|Hariyama, F|100/100
|switch|p2a: Zapdos|Zapdos|100/100
|turn|1
|
|t:|1728147778
|switch|p2a: Metagross|Metagross|100/100
|move|p1a: Hariyama|Knock Off|p2a: Metagross
|-damage|p2a: Metagross|98/100
|-enditem|p2a: Metagross|Leftovers|[from] move: Knock Off|[of] p1a: Hariyama
|-hint|In Gens 3-4, Knock Off only makes the target's item unusable; it cannot obtain a new item.
|
|upkeep
|turn|2
|
|t:|1728147802
|switch|p1a: Milotic|Milotic, F|100/100
|move|p2a: Metagross|Psychic|p1a: Milotic
|-damage|p1a: Milotic|68/100
|-unboost|p1a: Milotic|spd|1
|
|-heal|p1a: Milotic|74/100|[from] item: Leftovers
|upkeep
|turn|3
|
|t:|1728147819
|switch|p1a: Forretress|Forretress, F|100/100
|move|p2a: Metagross|Thunder Punch|p1a: Forretress
|-damage|p1a: Forretress|77/100
|
|-heal|p1a: Forretress|84/100|[from] item: Leftovers
|upkeep
|turn|4
|
|t:|1728147828
|switch|p2a: Zapdos|Zapdos|100/100
|move|p1a: Forretress|Spikes|p2a: Zapdos
|-sidestart|p2: Gulchittious Boi|Spikes
|
|-heal|p1a: Forretress|90/100|[from] item: Leftovers
|upkeep
|turn|5
|
|t:|1728147833
|switch|p1a: Blissey|Blissey, F|100/100
|move|p2a: Zapdos|Substitute|p2a: Zapdos
|-start|p2a: Zapdos|Substitute
|-damage|p2a: Zapdos|76/100
|
|-heal|p2a: Zapdos|82/100|[from] item: Leftovers
|upkeep
|turn|6
|
|t:|1728147848
|move|p2a: Zapdos|Baton Pass|p2a: Zapdos
|
|t:|1728147855
|switch|p2a: Breloom|Breloom, F|100/100|[from] Baton Pass
|-damage|p2a: Breloom|88/100|[from] Spikes
|move|p1a: Blissey|Seismic Toss|p2a: Breloom
|-end|p2a: Breloom|Substitute
|
|-heal|p2a: Breloom|94/100|[from] item: Leftovers
|upkeep
|turn|7
|
|t:|1728147859
|switch|p1a: Forretress|Forretress, F|90/100
|move|p2a: Breloom|Spore|p1a: Forretress
|-status|p1a: Forretress|slp|[from] move: Spore
|
|-heal|p2a: Breloom|100/100|[from] item: Leftovers
|-heal|p1a: Forretress|96/100 slp|[from] item: Leftovers
|upkeep
|turn|8
|
|t:|1728147877
|-singleturn|p2a: Breloom|move: Focus Punch
|cant|p1a: Forretress|slp
|move|p2a: Breloom|Focus Punch|p1a: Forretress
|-damage|p1a: Forretress|38/100 slp
|
|-heal|p1a: Forretress|44/100 slp|[from] item: Leftovers
|upkeep
|turn|9
|
|t:|1728147881
|-singleturn|p2a: Breloom|move: Focus Punch
|-curestatus|p1a: Forretress|slp|[msg]
|move|p1a: Forretress|Explosion|p2a: Breloom
|-damage|p2a: Breloom|0 fnt
|faint|p1a: Forretress
|faint|p2a: Breloom
|
|t:|1728147896
|switch|p2a: Tyranitar|Tyranitar, M|100/100
|switch|p1a: Hariyama|Hariyama, F|100/100
|-damage|p2a: Tyranitar|88/100|[from] Spikes
|-weather|Sandstorm|[from] ability: Sand Stream|[of] p2a: Tyranitar
|
|-weather|Sandstorm|[upkeep]
|-damage|p1a: Hariyama|94/100|[from] Sandstorm
|-heal|p2a: Tyranitar|94/100|[from] item: Leftovers
|-heal|p1a: Hariyama|100/100|[from] item: Leftovers
|upkeep
|turn|10
|
|t:|1728147901
|switch|p2a: Metagross|Metagross|98/100
|-damage|p2a: Metagross|86/100|[from] Spikes
|move|p1a: Hariyama|Brick Break|p2a: Metagross
|-damage|p2a: Metagross|59/100
|
|-weather|Sandstorm|[upkeep]
|-damage|p1a: Hariyama|94/100|[from] Sandstorm
|-heal|p1a: Hariyama|100/100|[from] item: Leftovers
|upkeep
|turn|11
|inactive|Repriloid has 270 seconds left.
|
|t:|1728147957
|switch|p1a: Blissey|Blissey, F|100/100
|move|p2a: Metagross|Psychic|p1a: Blissey
|-damage|p1a: Blissey|84/100
|
|-weather|Sandstorm|[upkeep]
|-damage|p1a: Blissey|78/100|[from] Sandstorm
|-heal|p1a: Blissey|84/100|[from] item: Leftovers
|upkeep
|turn|12
|
|t:|1728147964
|switch|p1a: Gengar|Gengar, F|100/100
|move|p2a: Metagross|Earthquake|p1a: Gengar
|-immune|p1a: Gengar
|
|-weather|Sandstorm|[upkeep]
|-damage|p1a: Gengar|94/100|[from] Sandstorm
|-heal|p1a: Gengar|100/100|[from] item: Leftovers
|upkeep
|turn|13
|
|t:|1728147970
|move|p1a: Gengar|Fire Punch|p2a: Metagross
|-supereffective|p2a: Metagross
|-damage|p2a: Metagross|13/100
|move|p2a: Metagross|Psychic|p1a: Gengar
|-supereffective|p1a: Gengar
|-damage|p1a: Gengar|0 fnt
|faint|p1a: Gengar
|
|t:|1728147976
|switch|p1a: Milotic|Milotic, F|74/100
|
|-weather|Sandstorm|[upkeep]
|-damage|p1a: Milotic|68/100|[from] Sandstorm
|-heal|p1a: Milotic|74/100|[from] item: Leftovers
|upkeep
|turn|14
|
|t:|1728147979
|switch|p2a: Snorlax|Snorlax, F|100/100
|-damage|p2a: Snorlax|88/100|[from] Spikes
|move|p1a: Milotic|Surf|p2a: Snorlax
|-crit|p2a: Snorlax
|-damage|p2a: Snorlax|50/100
|
|-weather|Sandstorm|[upkeep]
|-damage|p1a: Milotic|68/100|[from] Sandstorm
|-damage|p2a: Snorlax|44/100|[from] Sandstorm
|-heal|p1a: Milotic|74/100|[from] item: Leftovers
|-heal|p2a: Snorlax|50/100|[from] item: Leftovers
|upkeep
|turn|15
|inactive|Repriloid has 270 seconds left.
|
|t:|1728147989
|switch|p1a: Hariyama|Hariyama, F|100/100
|move|p2a: Snorlax|Self-Destruct|p1a: Hariyama
|-damage|p1a: Hariyama|0 fnt
|faint|p2a: Snorlax
|faint|p1a: Hariyama
|inactive|Repriloid has 270 seconds left.
|
|t:|1728147995
|switch|p1a: Milotic|Milotic, F|74/100
|switch|p2a: Zapdos|Zapdos|82/100
|
|-weather|Sandstorm|[upkeep]
|-damage|p2a: Zapdos|76/100|[from] Sandstorm
|-damage|p1a: Milotic|68/100|[from] Sandstorm
|-heal|p2a: Zapdos|82/100|[from] item: Leftovers
|-heal|p1a: Milotic|74/100|[from] item: Leftovers
|upkeep
|turn|16
|
|t:|1728147998
|switch|p1a: Blissey|Blissey, F|84/100
|move|p2a: Zapdos|Baton Pass|p2a: Zapdos
|
|t:|1728147999
|switch|p2a: Metagross|Metagross|13/100|[from] Baton Pass
|-damage|p2a: Metagross|1/100|[from] Spikes
|
|-weather|Sandstorm|[upkeep]
|-damage|p1a: Blissey|78/100|[from] Sandstorm
|-heal|p1a: Blissey|84/100|[from] item: Leftovers
|upkeep
|turn|17
|
|t:|1728148007
|move|p2a: Metagross|Explosion|p1a: Blissey
|-damage|p1a: Blissey|0 fnt
|faint|p2a: Metagross
|faint|p1a: Blissey
|
|t:|1728148013
|switch|p2a: Salamence|Salamence, M|100/100
|switch|p1a: Milotic|Milotic, F|74/100
|-ability|p2a: Salamence|Intimidate|boost
|-unboost|p1a: Milotic|atk|1
|
|-weather|Sandstorm|[upkeep]
|-damage|p2a: Salamence|94/100|[from] Sandstorm
|-damage|p1a: Milotic|68/100|[from] Sandstorm
|-heal|p2a: Salamence|100/100|[from] item: Leftovers
|-heal|p1a: Milotic|74/100|[from] item: Leftovers
|upkeep
|turn|18
|
|t:|1728148019
|move|p2a: Salamence|Dragon Claw|p1a: Milotic
|-damage|p1a: Milotic|47/100
|move|p1a: Milotic|Toxic|p2a: Salamence
|-status|p2a: Salamence|tox
|
|-weather|Sandstorm|[upkeep]
|-damage|p2a: Salamence|94/100 tox|[from] Sandstorm
|-damage|p1a: Milotic|41/100|[from] Sandstorm
|-heal|p2a: Salamence|100/100 tox|[from] item: Leftovers
|-damage|p2a: Salamence|94/100 tox|[from] psn
|-heal|p1a: Milotic|47/100|[from] item: Leftovers
|upkeep
|turn|19
|
|t:|1728148028
|move|p2a: Salamence|Dragon Claw|p1a: Milotic
|-damage|p1a: Milotic|16/100
|move|p1a: Milotic|Recover|p1a: Milotic
|-heal|p1a: Milotic|66/100
|
|-weather|Sandstorm|[upkeep]
|-damage|p2a: Salamence|88/100 tox|[from] Sandstorm
|-damage|p1a: Milotic|60/100|[from] Sandstorm
|-heal|p2a: Salamence|94/100 tox|[from] item: Leftovers
|-damage|p2a: Salamence|82/100 tox|[from] psn
|-heal|p1a: Milotic|66/100|[from] item: Leftovers
|upkeep
|turn|20
|
|t:|1728148031
|move|p2a: Salamence|Hidden Power|p1a: Milotic
|-supereffective|p1a: Milotic
|-damage|p1a: Milotic|32/100
|move|p1a: Milotic|Recover|p1a: Milotic
|-heal|p1a: Milotic|82/100
|
|-weather|Sandstorm|[upkeep]
|-damage|p2a: Salamence|76/100 tox|[from] Sandstorm
|-damage|p1a: Milotic|76/100|[from] Sandstorm
|-heal|p2a: Salamence|82/100 tox|[from] item: Leftovers
|-damage|p2a: Salamence|64/100 tox|[from] psn
|-heal|p1a: Milotic|82/100|[from] item: Leftovers
|upkeep
|turn|21
|
|t:|1728148034
|move|p2a: Salamence|Hidden Power|p1a: Milotic
|-supereffective|p1a: Milotic
|-crit|p1a: Milotic
|-damage|p1a: Milotic|17/100
|move|p1a: Milotic|Recover|p1a: Milotic
|-heal|p1a: Milotic|67/100
|
|-weather|Sandstorm|[upkeep]
|-damage|p2a: Salamence|58/100 tox|[from] Sandstorm
|-damage|p1a: Milotic|61/100|[from] Sandstorm
|-heal|p2a: Salamence|64/100 tox|[from] item: Leftovers
|-damage|p2a: Salamence|40/100 tox|[from] psn
|-heal|p1a: Milotic|67/100|[from] item: Leftovers
|upkeep
|turn|22
|
|t:|1728148037
|switch|p2a: Zapdos|Zapdos|82/100
|move|p1a: Milotic|Recover|p1a: Milotic
|-heal|p1a: Milotic|100/100
|
|-weather|Sandstorm|[upkeep]
|-damage|p2a: Zapdos|76/100|[from] Sandstorm
|-damage|p1a: Milotic|94/100|[from] Sandstorm
|-heal|p2a: Zapdos|82/100|[from] item: Leftovers
|-heal|p1a: Milotic|100/100|[from] item: Leftovers
|upkeep
|turn|23
|
|t:|1728148038
|switch|p1a: Tyranitar|Tyranitar, M|100/100
|move|p2a: Zapdos|Thunderbolt|p1a: Tyranitar
|-damage|p1a: Tyranitar|55/100
|
|-weather|Sandstorm|[upkeep]
|-damage|p2a: Zapdos|76/100|[from] Sandstorm
|-heal|p2a: Zapdos|82/100|[from] item: Leftovers
|-heal|p1a: Tyranitar|61/100|[from] item: Leftovers
|upkeep
|turn|24
|
|t:|1728148047
|-activate|p2a: Zapdos|move: Pursuit
|move|p1a: Tyranitar|Pursuit|p2a: Zapdos|[from]Pursuit
|-damage|p2a: Zapdos|37/100
|switch|p2a: Tyranitar|Tyranitar, M|94/100
|-damage|p2a: Tyranitar|82/100|[from] Spikes
|
|-weather|Sandstorm|[upkeep]
|-heal|p1a: Tyranitar|67/100|[from] item: Leftovers
|-heal|p2a: Tyranitar|88/100|[from] item: Leftovers
|upkeep
|turn|25
|
|t:|1728148054
|switch|p2a: Zapdos|Zapdos|37/100
|move|p1a: Tyranitar|Roar|p2a: Zapdos
|drag|p2a: Salamence|Salamence, M|40/100 tox
|-ability|p2a: Salamence|Intimidate|boost
|-unboost|p1a: Tyranitar|atk|1
|
|-weather|Sandstorm|[upkeep]
|-damage|p2a: Salamence|34/100 tox|[from] Sandstorm
|-heal|p2a: Salamence|40/100 tox|[from] item: Leftovers
|-damage|p2a: Salamence|34/100 tox|[from] psn
|-heal|p1a: Tyranitar|73/100|[from] item: Leftovers
|upkeep
|turn|26
|
|t:|1728148059
|move|p2a: Salamence|Hidden Power|p1a: Tyranitar
|-supereffective|p1a: Tyranitar
|-damage|p1a: Tyranitar|29/100
|move|p1a: Tyranitar|Pursuit|p2a: Salamence
|-damage|p2a: Salamence|10/100 tox
|
|-weather|Sandstorm|[upkeep]
|-damage|p2a: Salamence|4/100 tox|[from] Sandstorm
|-heal|p2a: Salamence|10/100 tox|[from] item: Leftovers
|-damage|p2a: Salamence|0 fnt|[from] psn
|faint|p2a: Salamence
|-heal|p1a: Tyranitar|35/100|[from] item: Leftovers
|upkeep
|
|t:|1728148062
|switch|p2a: Zapdos|Zapdos|37/100
|turn|27
|
|t:|1728148063
|move|p2a: Zapdos|Thunderbolt|p1a: Tyranitar
|-damage|p1a: Tyranitar|0 fnt
|faint|p1a: Tyranitar
|
|t:|1728148066
|switch|p1a: Milotic|Milotic, F|100/100
|
|-weather|Sandstorm|[upkeep]
|-damage|p2a: Zapdos|30/100|[from] Sandstorm
|-damage|p1a: Milotic|94/100|[from] Sandstorm
|-heal|p2a: Zapdos|37/100|[from] item: Leftovers
|-heal|p1a: Milotic|100/100|[from] item: Leftovers
|upkeep
|turn|28
|
|t:|1728148068
|move|p2a: Zapdos|Thunderbolt|p1a: Milotic
|-supereffective|p1a: Milotic
|-damage|p1a: Milotic|26/100
|move|p1a: Milotic|Surf|p2a: Zapdos
|-damage|p2a: Zapdos|0 fnt
|faint|p2a: Zapdos
|
|t:|1728148070
|switch|p2a: Tyranitar|Tyranitar, M|88/100
|-damage|p2a: Tyranitar|76/100|[from] Spikes
|
|-weather|Sandstorm|[upkeep]
|-damage|p1a: Milotic|20/100|[from] Sandstorm
|-heal|p1a: Milotic|26/100|[from] item: Leftovers
|-heal|p2a: Tyranitar|82/100|[from] item: Leftovers
|upkeep
|turn|29
|
|t:|1728148071
|move|p1a: Milotic|Recover|p1a: Milotic
|-heal|p1a: Milotic|76/100
|move|p2a: Tyranitar|Crunch|p1a: Milotic
|-damage|p1a: Milotic|50/100
|-unboost|p1a: Milotic|spd|1
|
|-weather|Sandstorm|[upkeep]
|-damage|p1a: Milotic|44/100|[from] Sandstorm
|-heal|p1a: Milotic|50/100|[from] item: Leftovers
|-heal|p2a: Tyranitar|88/100|[from] item: Leftovers
|upkeep
|turn|30
|
|t:|1728148073
|move|p1a: Milotic|Recover|p1a: Milotic
|-heal|p1a: Milotic|99/100
|move|p2a: Tyranitar|Crunch|p1a: Milotic
|-crit|p1a: Milotic
|-damage|p1a: Milotic|23/100
|
|-weather|Sandstorm|[upkeep]
|-damage|p1a: Milotic|17/100|[from] Sandstorm
|-heal|p1a: Milotic|23/100|[from] item: Leftovers
|-heal|p2a: Tyranitar|94/100|[from] item: Leftovers
|upkeep
|turn|31
|
|t:|1728148075
|move|p1a: Milotic|Recover|p1a: Milotic
|-heal|p1a: Milotic|73/100
|move|p2a: Tyranitar|Crunch|p1a: Milotic
|-damage|p1a: Milotic|36/100
|-unboost|p1a: Milotic|spd|1
|
|-weather|Sandstorm|[upkeep]
|-damage|p1a: Milotic|30/100|[from] Sandstorm
|-heal|p1a: Milotic|36/100|[from] item: Leftovers
|-heal|p2a: Tyranitar|99/100|[from] item: Leftovers
|upkeep
|turn|32
|
|t:|1728148076
|move|p1a: Milotic|Recover|p1a: Milotic
|-heal|p1a: Milotic|85/100
|move|p2a: Tyranitar|Crunch|p1a: Milotic
|-damage|p1a: Milotic|32/100
|
|-weather|Sandstorm|[upkeep]
|-damage|p1a: Milotic|26/100|[from] Sandstorm
|-heal|p1a: Milotic|32/100|[from] item: Leftovers
|-heal|p2a: Tyranitar|100/100|[from] item: Leftovers
|upkeep
|turn|33
|
|t:|1728148078
|move|p1a: Milotic|Recover|p1a: Milotic
|-heal|p1a: Milotic|82/100
|move|p2a: Tyranitar|Crunch|p1a: Milotic
|-damage|p1a: Milotic|26/100
|
|-weather|Sandstorm|[upkeep]
|-damage|p1a: Milotic|20/100|[from] Sandstorm
|-heal|p1a: Milotic|26/100|[from] item: Leftovers
|upkeep
|turn|34
|
|t:|1728148079
|move|p1a: Milotic|Recover|p1a: Milotic
|-heal|p1a: Milotic|76/100
|move|p2a: Tyranitar|Crunch|p1a: Milotic
|-damage|p1a: Milotic|20/100
|
|-weather|Sandstorm|[upkeep]
|-damage|p1a: Milotic|13/100|[from] Sandstorm
|-heal|p1a: Milotic|20/100|[from] item: Leftovers
|upkeep
|turn|35
|
|t:|1728148081
|move|p1a: Milotic|Recover|p1a: Milotic
|-heal|p1a: Milotic|69/100
|move|p2a: Tyranitar|Crunch|p1a: Milotic
|-damage|p1a: Milotic|14/100
|
|-weather|Sandstorm|[upkeep]
|-damage|p1a: Milotic|8/100|[from] Sandstorm
|-heal|p1a: Milotic|14/100|[from] item: Leftovers
|upkeep
|turn|36
|
|t:|1728148082
|move|p1a: Milotic|Recover|p1a: Milotic
|-heal|p1a: Milotic|64/100
|move|p2a: Tyranitar|Crunch|p1a: Milotic
|-damage|p1a: Milotic|8/100
|
|-weather|Sandstorm|[upkeep]
|-damage|p1a: Milotic|2/100|[from] Sandstorm
|-heal|p1a: Milotic|8/100|[from] item: Leftovers
|upkeep
|turn|37
|
|t:|1728148084
|move|p1a: Milotic|Recover|p1a: Milotic
|-heal|p1a: Milotic|58/100
|move|p2a: Tyranitar|Crunch|p1a: Milotic
|-damage|p1a: Milotic|6/100
|
|-weather|Sandstorm|[upkeep]
|-damage|p1a: Milotic|0 fnt|[from] Sandstorm
|faint|p1a: Milotic
|
|win|Gulchittious Boi
|upkeep
|player|p1|

</script>
<script type="application/json" class="data" id="replaydata-smogtours-gen3ou-795030">
{"id":"smogtours-gen3ou-795030","format":"[Gen 3] OU","players":["Repriloid","Gulchittious Boi"],"uploadtime":1728148084,"views":100,"formatid":"gen3ou","rating":null,"private":0,"password":null}
</script>

<script defer src="js/replays.js?9d40a366"></script>
