<!DOCTYPE html>
<meta charset="utf-8" />
<meta name="viewport" content="width=device-width" />

<title>[Gen 3] OU: smollest brian vs. TheLargestLad - Replays - Pok&eacute;mon Showdown!</title>

<meta name="description" content="Watch a replay of a Pok&eacute;mon battle between smollest brian and TheLargestLad! Format: [Gen 3] OU; Date: Oct 24, 2024" />
<!--

Hey, you! Looking in the source for the replay log?

You can find them in JSON format, just add `.json` at the end of a replay URL.

https://replay.pokemonshowdown.com/gen7randomdoublesbattle-865046831.json

Or, if you only need the log itself, add `.log` instead:

https://replay.pokemonshowdown.com/gen7randomdoublesbattle-865046831.log

-->

<link rel="stylesheet" href="//pokemonshowdown.com/style/global.css?0.023195364461161105" />
<link rel="stylesheet" href="//play.pokemonshowdown.com/style/font-awesome.css?0.13261647063804238" />
<link rel="stylesheet" href="//play.pokemonshowdown.com/style/battle.css?0.8753245789963631" />
<link rel="stylesheet" href="//play.pokemonshowdown.com/style/utilichart.css?0.8627959624976733" />

<!-- Global site tag (gtag.js) - Google Analytics -->
<script async src="https://www.googletagmanager.com/gtag/js?id=UA-26211653-1"></script>
<script>
  window.dataLayer = window.dataLayer || [];
  function gtag(){dataLayer.push(arguments);}
  gtag('js', new Date());

  gtag('config', 'UA-26211653-1');
</script>
<!-- End Google Analytics -->
<!-- Venatus Ad Manager - Install in <HEAD> of page -->
	<script src="https://hb.vntsm.com/v3/live/ad-manager.min.js" type="text/javascript" data-site-id="642aba63ec9a7b11c3c9c1be" data-mode="scan" async></script>
<!-- / Venatus Ad Manager -->

<style>
	@media (max-width:820px) {
		.battle {
			margin: 0 auto;
		}
		.battle-log {
			margin: 7px auto 0;
			max-width: 640px;
			height: 300px;
			position: static;
		}
	}
	.optgroup {
		display: inline-block;
		line-height: 22px;
		font-size: 10pt;
	}
	.optgroup .button {
		height: 25px;
		padding-top: 0;
		padding-bottom: 0;
	}
	.optgroup button.button {
		padding-left: 12px;
		padding-right: 12px;
	}
	.linklist {
		list-style: none;
		margin: 0.5em 0;
		padding: 0;
	}
	.linklist li {
		padding: 2px 0;
	}
	.sidebar {
		float: left;
		width: 320px;
	}
	.bar-wrapper {
		max-width: 1100px;
		margin: 0 auto;
	}
	.bar-wrapper.has-sidebar {
		max-width: 1430px;
	}
	.mainbar {
		margin: 0;
		padding-right: 1px;
	}
	.mainbar.has-sidebar {
		margin-left: 330px;
	}
	@media (min-width: 1511px) {
		.sidebar {
			width: 400px;
		}
		.bar-wrapper.has-sidebar {
			max-width: 1510px;
		}
		.mainbar.has-sidebar {
			margin-left: 410px;
		}
	}
	.section.first-section {
		margin-top: 9px;
	}
	.blocklink small {
		white-space: normal;
	}
	.button {
		vertical-align: middle;
	}
	.replay-controls {
		padding-top: 10px;
	}
	.replay-controls h1 {
		font-size: 16pt;
		font-weight: normal;
		color: #CCC;
	}
	.pagelink {
		text-align: center;
	}
	.pagelink a {
		width: 150px;
	}
	.textbox, .button {
		font-size: 11pt;
		vertical-align: middle;
	}
	@media (max-width: 450px) {
		.button {
			font-size: 9pt;
		}
	}
</style>

<div>

	<header>
		<div class="nav-wrapper"><ul class="nav">
			<li><a class="button nav-first" href="//pokemonshowdown.com/"><img src="//pokemonshowdown.com/images/pokemonshowdownbeta.png" srcset="//pokemonshowdown.com/images/pokemonshowdownbeta.png 1x, //pokemonshowdown.com/images/pokemonshowdownbeta@2x.png 2x" alt="Pok&eacute;mon Showdown" width="146" height="44" /> Home</a></li>
			<li><a class="button" href="//pokemonshowdown.com/dex/">Pok&eacute;dex</a></li>
			<li><a class="button cur" href="/">Replays</a></li>
			<li><a class="button" href="//pokemonshowdown.com/ladder/">Ladder</a></li>
			<li><a class="button nav-last" href="//pokemonshowdown.com/forums/">Forum</a></li>
			<li><a class="button greenbutton nav-first nav-last" href="//play.pokemonshowdown.com/">Play</a></li>
		</ul></div>
	</header>

	<div class="main" id="main">

		<noscript><section class="section">You need to enable JavaScript to use this page; sorry!</section></noscript>

	</div>

</div>

<script defer nomodule src="//play.pokemonshowdown.com/js/lib/ps-polyfill.js"></script>
<script defer src="//play.pokemonshowdown.com/js/lib/preact.min.js"></script>

<script defer src="//play.pokemonshowdown.com/config/config.js?2bddbc15"></script>
<script defer src="//play.pokemonshowdown.com/js/lib/jquery-1.11.0.min.js"></script>
<script defer src="//play.pokemonshowdown.com/js/lib/html-sanitizer-minified.js"></script>
<script defer src="//play.pokemonshowdown.com/js/battle-sound.js"></script>
<script defer src="//play.pokemonshowdown.com/js/battledata.js?0.7209276989879541"></script>
<script defer src="//play.pokemonshowdown.com/data/pokedex-mini.js?0.6111056340867951"></script>
<script defer src="//play.pokemonshowdown.com/data/pokedex-mini-bw.js?0.3532142036491459"></script>
<script defer src="//play.pokemonshowdown.com/data/graphics.js?0.24223875632456182"></script>
<script defer src="//play.pokemonshowdown.com/data/pokedex.js?0.38839984266356864"></script>
<script defer src="//play.pokemonshowdown.com/data/moves.js?0.21866028504024015"></script>
<script defer src="//play.pokemonshowdown.com/data/abilities.js?0.2005157953846628"></script>
<script defer src="//play.pokemonshowdown.com/data/items.js?0.9894211263848525"></script>
<script defer src="//play.pokemonshowdown.com/data/teambuilder-tables.js?0.6008791140282215"></script>
<script defer src="//play.pokemonshowdown.com/js/battle-tooltips.js?0.7580118955022959"></script>
<script defer src="//play.pokemonshowdown.com/js/battle.js?0.6057722274234274"></script>

<script defer src="js/utils.js?e31f9a17"></script>
<script defer src="js/replays-battle.js?7008c182"></script>

<!-- don't scrape this data! just add .json or .log after the URL!
Full API docs: https://github.com/smogon/pokemon-showdown-client/blob/master/WEB-API.md -->
<script type="text/plain" class="log" id="replaylog-smogtours-gen3ou-801600">
|inactive|Battle timer is ON: inactive players will automatically lose when time's up.
|t:|1729796547
|gametype|singles
|player|p1|smollest brian|miku-ground|
|player|p2|TheLargestLad|wattson|
|teamsize|p1|6
|teamsize|p2|6
|gen|3
|tier|[Gen 3] OU
|rule|Sleep Clause Mod: Limit one foe put to sleep
|rule|Switch Priority Clause Mod: Faster Pokémon switch first
|rule|Species Clause: Limit one of each Pokémon
|rule|OHKO Clause: OHKO moves are banned
|rule|Evasion Items Clause: Evasion items are banned
|rule|Evasion Moves Clause: Evasion moves are banned
|rule|Endless Battle Clause: Forcing endless battles is banned
|rule|HP Percentage Mod: HP is shown in percentages
|rule|One Boost Passer Clause: Limit one Baton Passer that has a way to boost its stats
|rule|Freeze Clause Mod: Limit one foe frozen
|
|t:|1729796547
|start
|switch|p1a: Suicune|Suicune|100/100
|switch|p2a: SogDog|Suicune|100/100
|turn|1
|inactive|TheLargestLad has 270 seconds left.
|
|t:|1729796579
|move|p1a: Suicune|Calm Mind|p1a: Suicune
|-boost|p1a: Suicune|spa|1
|-boost|p1a: Suicune|spd|1
|move|p2a: SogDog|Roar|p1a: Suicune
|drag|p1a: Salamence|Salamence, M|100/100
|-ability|p1a: Salamence|Intimidate|boost
|-unboost|p2a: SogDog|atk|1
|
|upkeep
|turn|2
|
|t:|1729796585
|switch|p1a: Regice|Regice, shiny|100/100
|move|p2a: SogDog|Calm Mind|p2a: SogDog
|-boost|p2a: SogDog|spa|1
|-boost|p2a: SogDog|spd|1
|
|upkeep
|turn|3
|
|t:|1729796593
|switch|p2a: Gamerchair|Swampert, F|100/100
|move|p1a: Regice|Thunder Wave|p2a: Gamerchair
|-immune|p2a: Gamerchair
|
|upkeep
|turn|4
|
|t:|1729796605
|switch|p1a: Suicune|Suicune|100/100
|move|p2a: Gamerchair|Substitute|p2a: Gamerchair
|-start|p2a: Gamerchair|Substitute
|-damage|p2a: Gamerchair|75/100
|
|-heal|p2a: Gamerchair|82/100|[from] item: Leftovers
|upkeep
|turn|5
|
|t:|1729796610
|-singleturn|p2a: Gamerchair|move: Focus Punch
|move|p2a: Gamerchair|Focus Punch|p1a: Suicune
|-damage|p1a: Suicune|69/100
|move|p1a: Suicune|Roar|p2a: Gamerchair
|drag|p2a: Venus|Cradily, F, shiny|100/100
|
|-heal|p1a: Suicune|75/100|[from] item: Leftovers
|upkeep
|turn|6
|
|t:|1729796616
|move|p1a: Suicune|Calm Mind|p1a: Suicune
|-boost|p1a: Suicune|spa|1
|-boost|p1a: Suicune|spd|1
|move|p2a: Venus|Toxic|p1a: Suicune
|-status|p1a: Suicune|tox
|
|-heal|p1a: Suicune|81/100 tox|[from] item: Leftovers
|-damage|p1a: Suicune|75/100 tox|[from] psn
|upkeep
|turn|7
|
|t:|1729796619
|move|p1a: Suicune|Ice Beam|p2a: Venus
|-supereffective|p2a: Venus
|-damage|p2a: Venus|36/100
|move|p2a: Venus|Giga Drain|p1a: Suicune
|-supereffective|p1a: Suicune
|-damage|p1a: Suicune|48/100 tox
|-heal|p2a: Venus|48/100|[from] drain|[of] p1a: Suicune
|
|-heal|p1a: Suicune|55/100 tox|[from] item: Leftovers
|-damage|p1a: Suicune|42/100 tox|[from] psn
|-heal|p2a: Venus|54/100|[from] item: Leftovers
|upkeep
|turn|8
|
|t:|1729796628
|switch|p2a: SogDog|Suicune|100/100
|move|p1a: Suicune|Hydro Pump|p2a: SogDog
|-resisted|p2a: SogDog
|-crit|p2a: SogDog
|-damage|p2a: SogDog|40/100
|
|-heal|p1a: Suicune|48/100 tox|[from] item: Leftovers
|-damage|p1a: Suicune|30/100 tox|[from] psn
|-heal|p2a: SogDog|46/100|[from] item: Leftovers
|upkeep
|turn|9
|
|t:|1729796635
|switch|p1a: Regice|Regice, shiny|100/100
|move|p2a: SogDog|Surf|p1a: Regice
|-crit|p1a: Regice
|-damage|p1a: Regice|57/100
|
|-heal|p2a: SogDog|52/100|[from] item: Leftovers
|-heal|p1a: Regice|63/100|[from] item: Leftovers
|upkeep
|turn|10
|
|t:|1729796648
|switch|p2a: Gamerchair|Swampert, F|82/100
|move|p1a: Regice|Ice Beam|p2a: Gamerchair
|-damage|p2a: Gamerchair|44/100
|
|-heal|p2a: Gamerchair|50/100|[from] item: Leftovers
|-heal|p1a: Regice|69/100|[from] item: Leftovers
|upkeep
|turn|11
|
|t:|1729796653
|switch|p2a: Starbaby|Jirachi|100/100
|move|p1a: Regice|Ice Beam|p2a: Starbaby
|-resisted|p2a: Starbaby
|-damage|p2a: Starbaby|80/100
|
|-heal|p2a: Starbaby|86/100|[from] item: Leftovers
|-heal|p1a: Regice|75/100|[from] item: Leftovers
|upkeep
|turn|12
|
|t:|1729796655
|move|p2a: Starbaby|Substitute|p2a: Starbaby
|-start|p2a: Starbaby|Substitute
|-damage|p2a: Starbaby|61/100
|move|p1a: Regice|Thunder Wave||[still]
|-fail|p1a: Regice
|
|-heal|p2a: Starbaby|67/100|[from] item: Leftovers
|-heal|p1a: Regice|81/100|[from] item: Leftovers
|upkeep
|turn|13
|
|t:|1729796657
|move|p2a: Starbaby|Calm Mind|p2a: Starbaby
|-boost|p2a: Starbaby|spa|1
|-boost|p2a: Starbaby|spd|1
|move|p1a: Regice|Thunderbolt|p2a: Starbaby
|-activate|p2a: Starbaby|Substitute|[damage]
|
|-heal|p2a: Starbaby|74/100|[from] item: Leftovers
|-heal|p1a: Regice|87/100|[from] item: Leftovers
|upkeep
|turn|14
|
|t:|1729796660
|move|p2a: Starbaby|Calm Mind|p2a: Starbaby
|-boost|p2a: Starbaby|spa|1
|-boost|p2a: Starbaby|spd|1
|move|p1a: Regice|Thunderbolt|p2a: Starbaby
|-end|p2a: Starbaby|Substitute
|
|-heal|p2a: Starbaby|80/100|[from] item: Leftovers
|-heal|p1a: Regice|93/100|[from] item: Leftovers
|upkeep
|turn|15
|
|t:|1729796664
|switch|p1a: Claydol|Claydol|100/100
|move|p2a: Starbaby|Substitute|p2a: Starbaby
|-start|p2a: Starbaby|Substitute
|-damage|p2a: Starbaby|55/100
|
|-heal|p2a: Starbaby|61/100|[from] item: Leftovers
|upkeep
|turn|16
|
|t:|1729796665
|move|p2a: Starbaby|Ice Punch|p1a: Claydol
|-supereffective|p1a: Claydol
|-damage|p1a: Claydol|28/100
|move|p1a: Claydol|Earthquake|p2a: Starbaby
|-supereffective|p2a: Starbaby
|-end|p2a: Starbaby|Substitute
|
|-heal|p2a: Starbaby|67/100|[from] item: Leftovers
|-heal|p1a: Claydol|34/100|[from] item: Leftovers
|upkeep
|turn|17
|
|t:|1729796671
|move|p2a: Starbaby|Ice Punch|p1a: Claydol
|-supereffective|p1a: Claydol
|-damage|p1a: Claydol|0 fnt
|faint|p1a: Claydol
|
|t:|1729796678
|switch|p1a: Metagross|Metagross|100/100
|
|-heal|p2a: Starbaby|73/100|[from] item: Leftovers
|upkeep
|turn|18
|
|t:|1729796685
|move|p2a: Starbaby|Thunderbolt|p1a: Metagross
|-damage|p1a: Metagross|50/100
|move|p1a: Metagross|Agility|p1a: Metagross
|-boost|p1a: Metagross|spe|2
|
|-heal|p2a: Starbaby|79/100|[from] item: Leftovers
|upkeep
|turn|19
|
|t:|1729796690
|move|p1a: Metagross|Earthquake|p2a: Starbaby
|-supereffective|p2a: Starbaby
|-damage|p2a: Starbaby|17/100
|move|p2a: Starbaby|Thunderbolt|p1a: Metagross
|-damage|p1a: Metagross|0 fnt
|faint|p1a: Metagross
|
|t:|1729796702
|switch|p1a: Tyranitar|Tyranitar, M|100/100
|-weather|Sandstorm|[from] ability: Sand Stream|[of] p1a: Tyranitar
|
|-weather|Sandstorm|[upkeep]
|-heal|p2a: Starbaby|23/100|[from] item: Leftovers
|upkeep
|turn|20
|
|t:|1729796707
|move|p2a: Starbaby|Thunderbolt|p1a: Tyranitar
|-damage|p1a: Tyranitar|55/100
|move|p1a: Tyranitar|Earthquake|p2a: Starbaby
|-supereffective|p2a: Starbaby
|-damage|p2a: Starbaby|0 fnt
|faint|p2a: Starbaby
|
|t:|1729796713
|switch|p2a: Venus|Cradily, F, shiny|54/100
|
|-weather|Sandstorm|[upkeep]
|-heal|p1a: Tyranitar|61/100|[from] item: Leftovers
|-heal|p2a: Venus|60/100|[from] item: Leftovers
|upkeep
|turn|21
|
|t:|1729796717
|switch|p1a: Regice|Regice, shiny|93/100
|move|p2a: Venus|Recover|p2a: Venus
|-heal|p2a: Venus|100/100
|
|-weather|Sandstorm|[upkeep]
|-damage|p1a: Regice|87/100|[from] Sandstorm
|-heal|p1a: Regice|93/100|[from] item: Leftovers
|upkeep
|turn|22
|
|t:|1729796720
|move|p1a: Regice|Ice Beam|p2a: Venus
|-supereffective|p2a: Venus
|-damage|p2a: Venus|35/100
|move|p2a: Venus|Toxic|p1a: Regice
|-status|p1a: Regice|tox
|
|-weather|Sandstorm|[upkeep]
|-damage|p1a: Regice|87/100 tox|[from] Sandstorm
|-heal|p1a: Regice|93/100 tox|[from] item: Leftovers
|-damage|p1a: Regice|87/100 tox|[from] psn
|-heal|p2a: Venus|41/100|[from] item: Leftovers
|upkeep
|turn|23
|
|t:|1729796729
|switch|p2a: SogDog|Suicune|52/100
|move|p1a: Regice|Thunder Wave|p2a: SogDog
|-status|p2a: SogDog|par
|
|-weather|Sandstorm|[upkeep]
|-damage|p1a: Regice|81/100 tox|[from] Sandstorm
|-damage|p2a: SogDog|46/100 par|[from] Sandstorm
|-heal|p1a: Regice|87/100 tox|[from] item: Leftovers
|-damage|p1a: Regice|75/100 tox|[from] psn
|-heal|p2a: SogDog|52/100 par|[from] item: Leftovers
|upkeep
|turn|24
|
|t:|1729796734
|switch|p1a: Suicune|Suicune|30/100 tox
|move|p2a: SogDog|Roar|p1a: Suicune
|drag|p1a: Salamence|Salamence, M|100/100
|-ability|p1a: Salamence|Intimidate|boost
|-unboost|p2a: SogDog|atk|1
|
|-weather|Sandstorm|[upkeep]
|-damage|p1a: Salamence|94/100|[from] Sandstorm
|-damage|p2a: SogDog|46/100 par|[from] Sandstorm
|-heal|p1a: Salamence|100/100|[from] item: Leftovers
|-heal|p2a: SogDog|52/100 par|[from] item: Leftovers
|upkeep
|turn|25
|
|t:|1729796739
|switch|p1a: Regice|Regice, shiny|75/100 tox
|move|p2a: SogDog|Ice Beam|p1a: Regice
|-resisted|p1a: Regice
|-damage|p1a: Regice|68/100 tox
|
|-weather|Sandstorm|[upkeep]
|-damage|p1a: Regice|62/100 tox|[from] Sandstorm
|-damage|p2a: SogDog|46/100 par|[from] Sandstorm
|-heal|p1a: Regice|68/100 tox|[from] item: Leftovers
|-damage|p1a: Regice|62/100 tox|[from] psn
|-heal|p2a: SogDog|52/100 par|[from] item: Leftovers
|upkeep
|turn|26
|
|t:|1729796743
|move|p1a: Regice|Ice Beam|p2a: SogDog
|-resisted|p2a: SogDog
|-damage|p2a: SogDog|34/100 par
|move|p2a: SogDog|Surf|p1a: Regice
|-damage|p1a: Regice|41/100 tox
|
|-weather|Sandstorm|[upkeep]
|-damage|p1a: Regice|35/100 tox|[from] Sandstorm
|-damage|p2a: SogDog|28/100 par|[from] Sandstorm
|-heal|p1a: Regice|41/100 tox|[from] item: Leftovers
|-damage|p1a: Regice|29/100 tox|[from] psn
|-heal|p2a: SogDog|34/100 par|[from] item: Leftovers
|upkeep
|turn|27
|
|t:|1729796750
|switch|p2a: Gamerchair|Swampert, F|50/100
|move|p1a: Regice|Thunderbolt|p2a: Gamerchair
|-immune|p2a: Gamerchair
|
|-weather|Sandstorm|[upkeep]
|-damage|p1a: Regice|23/100 tox|[from] Sandstorm
|-heal|p2a: Gamerchair|56/100|[from] item: Leftovers
|-heal|p1a: Regice|29/100 tox|[from] item: Leftovers
|-damage|p1a: Regice|11/100 tox|[from] psn
|upkeep
|turn|28
|
|t:|1729796756
|move|p2a: Gamerchair|Hydro Pump|p1a: Regice
|-damage|p1a: Regice|0 fnt
|faint|p1a: Regice
|
|t:|1729796762
|switch|p1a: Suicune|Suicune|30/100 tox
|
|-weather|Sandstorm|[upkeep]
|-damage|p1a: Suicune|24/100 tox|[from] Sandstorm
|-heal|p1a: Suicune|30/100 tox|[from] item: Leftovers
|-damage|p1a: Suicune|24/100 tox|[from] psn
|-heal|p2a: Gamerchair|63/100|[from] item: Leftovers
|upkeep
|turn|29
|
|t:|1729796765
|switch|p2a: SogDog|Suicune|34/100 par
|move|p1a: Suicune|Calm Mind|p1a: Suicune
|-boost|p1a: Suicune|spa|1
|-boost|p1a: Suicune|spd|1
|
|-weather|Sandstorm|[upkeep]
|-damage|p1a: Suicune|18/100 tox|[from] Sandstorm
|-damage|p2a: SogDog|28/100 par|[from] Sandstorm
|-heal|p1a: Suicune|24/100 tox|[from] item: Leftovers
|-damage|p1a: Suicune|12/100 tox|[from] psn
|-heal|p2a: SogDog|34/100 par|[from] item: Leftovers
|upkeep
|turn|30
|
|t:|1729796768
|move|p1a: Suicune|Hydro Pump|p2a: SogDog|[miss]
|-miss|p1a: Suicune|p2a: SogDog
|cant|p2a: SogDog|par
|
|-weather|Sandstorm|[upkeep]
|-damage|p1a: Suicune|6/100 tox|[from] Sandstorm
|-damage|p2a: SogDog|28/100 par|[from] Sandstorm
|-heal|p1a: Suicune|12/100 tox|[from] item: Leftovers
|-damage|p1a: Suicune|0 fnt|[from] psn
|faint|p1a: Suicune
|-heal|p2a: SogDog|34/100 par|[from] item: Leftovers
|upkeep
|
|t:|1729796775
|switch|p1a: Tyranitar|Tyranitar, M|61/100
|turn|31
|
|t:|1729796777
|move|p1a: Tyranitar|Rock Slide|p2a: SogDog
|-damage|p2a: SogDog|4/100 par
|move|p2a: SogDog|Surf|p1a: Tyranitar
|-supereffective|p1a: Tyranitar
|-damage|p1a: Tyranitar|0 fnt
|faint|p1a: Tyranitar
|
|t:|1729796780
|switch|p1a: Salamence|Salamence, M|100/100
|-ability|p1a: Salamence|Intimidate|boost
|-unboost|p2a: SogDog|atk|1
|
|-weather|Sandstorm|[upkeep]
|-damage|p1a: Salamence|94/100|[from] Sandstorm
|-damage|p2a: SogDog|0 fnt|[from] Sandstorm
|faint|p2a: SogDog
|-heal|p1a: Salamence|100/100|[from] item: Leftovers
|upkeep
|
|t:|1729796786
|switch|p2a: Big Jimmy|Salamence, M|100/100
|-ability|p2a: Big Jimmy|Intimidate|boost
|-unboost|p1a: Salamence|atk|1
|turn|32
|
|t:|1729796789
|move|p2a: Big Jimmy|Dragon Claw|p1a: Salamence
|-supereffective|p1a: Salamence
|-damage|p1a: Salamence|9/100
|move|p1a: Salamence|Dragon Dance|p1a: Salamence
|-boost|p1a: Salamence|atk|1
|-boost|p1a: Salamence|spe|1
|
|-weather|Sandstorm|[upkeep]
|-damage|p1a: Salamence|3/100|[from] Sandstorm
|-damage|p2a: Big Jimmy|94/100|[from] Sandstorm
|-heal|p1a: Salamence|9/100|[from] item: Leftovers
|-heal|p2a: Big Jimmy|100/100|[from] item: Leftovers
|upkeep
|turn|33
|
|t:|1729796797
|move|p1a: Salamence|Dragon Dance|p1a: Salamence
|-boost|p1a: Salamence|atk|1
|-boost|p1a: Salamence|spe|1
|move|p2a: Big Jimmy|Dragon Claw|p1a: Salamence
|-supereffective|p1a: Salamence
|-damage|p1a: Salamence|0 fnt
|faint|p1a: Salamence
|
|win|TheLargestLad
|c|☆smollest brian|gg
|c|☆TheLargestLad|gg

</script>
<script type="application/json" class="data" id="replaydata-smogtours-gen3ou-801600">
{"id":"smogtours-gen3ou-801600","format":"[Gen 3] OU","players":["smollest brian","TheLargestLad"],"uploadtime":1729796797,"views":109,"formatid":"gen3ou","rating":null,"private":0,"password":null}
</script>

<script defer src="js/replays.js?9d40a366"></script>
