<!DOCTYPE html>
<meta charset="utf-8" />
<meta name="viewport" content="width=device-width" />

<title>[Gen 3] OU: gourgeist enjoyer vs. ComSeal - Replays - Pok&eacute;mon Showdown!</title>

<meta name="description" content="Watch a replay of a Pok&eacute;mon battle between gourgeist enjoyer and ComSeal! Format: [Gen 3] OU; Date: Oct 25, 2024" />
<!--

Hey, you! Looking in the source for the replay log?

You can find them in JSON format, just add `.json` at the end of a replay URL.

https://replay.pokemonshowdown.com/gen7randomdoublesbattle-865046831.json

Or, if you only need the log itself, add `.log` instead:

https://replay.pokemonshowdown.com/gen7randomdoublesbattle-865046831.log

-->

<link rel="stylesheet" href="//pokemonshowdown.com/style/global.css?0.767286132409787" />
<link rel="stylesheet" href="//play.pokemonshowdown.com/style/font-awesome.css?0.9266228007934947" />
<link rel="stylesheet" href="//play.pokemonshowdown.com/style/battle.css?0.7924700842790926" />
<link rel="stylesheet" href="//play.pokemonshowdown.com/style/utilichart.css?0.8777417872839479" />

<!-- Global site tag (gtag.js) - Google Analytics -->
<script async src="https://www.googletagmanager.com/gtag/js?id=UA-26211653-1"></script>
<script>
  window.dataLayer = window.dataLayer || [];
  function gtag(){dataLayer.push(arguments);}
  gtag('js', new Date());

  gtag('config', 'UA-26211653-1');
</script>
<!-- End Google Analytics -->
<!-- Venatus Ad Manager - Install in <HEAD> of page -->
	<script src="https://hb.vntsm.com/v3/live/ad-manager.min.js" type="text/javascript" data-site-id="642aba63ec9a7b11c3c9c1be" data-mode="scan" async></script>
<!-- / Venatus Ad Manager -->

<style>
	@media (max-width:820px) {
		.battle {
			margin: 0 auto;
		}
		.battle-log {
			margin: 7px auto 0;
			max-width: 640px;
			height: 300px;
			position: static;
		}
	}
	.optgroup {
		display: inline-block;
		line-height: 22px;
		font-size: 10pt;
	}
	.optgroup .button {
		height: 25px;
		padding-top: 0;
		padding-bottom: 0;
	}
	.optgroup button.button {
		padding-left: 12px;
		padding-right: 12px;
	}
	.linklist {
		list-style: none;
		margin: 0.5em 0;
		padding: 0;
	}
	.linklist li {
		padding: 2px 0;
	}
	.sidebar {
		float: left;
		width: 320px;
	}
	.bar-wrapper {
		max-width: 1100px;
		margin: 0 auto;
	}
	.bar-wrapper.has-sidebar {
		max-width: 1430px;
	}
	.mainbar {
		margin: 0;
		padding-right: 1px;
	}
	.mainbar.has-sidebar {
		margin-left: 330px;
	}
	@media (min-width: 1511px) {
		.sidebar {
			width: 400px;
		}
		.bar-wrapper.has-sidebar {
			max-width: 1510px;
		}
		.mainbar.has-sidebar {
			margin-left: 410px;
		}
	}
	.section.first-section {
		margin-top: 9px;
	}
	.blocklink small {
		white-space: normal;
	}
	.button {
		vertical-align: middle;
	}
	.replay-controls {
		padding-top: 10px;
	}
	.replay-controls h1 {
		font-size: 16pt;
		font-weight: normal;
		color: #CCC;
	}
	.pagelink {
		text-align: center;
	}
	.pagelink a {
		width: 150px;
	}
	.textbox, .button {
		font-size: 11pt;
		vertical-align: middle;
	}
	@media (max-width: 450px) {
		.button {
			font-size: 9pt;
		}
	}
</style>

<div>

	<header>
		<div class="nav-wrapper"><ul class="nav">
			<li><a class="button nav-first" href="//pokemonshowdown.com/"><img src="//pokemonshowdown.com/images/pokemonshowdownbeta.png" srcset="//pokemonshowdown.com/images/pokemonshowdownbeta.png 1x, //pokemonshowdown.com/images/pokemonshowdownbeta@2x.png 2x" alt="Pok&eacute;mon Showdown" width="146" height="44" /> Home</a></li>
			<li><a class="button" href="//pokemonshowdown.com/dex/">Pok&eacute;dex</a></li>
			<li><a class="button cur" href="/">Replays</a></li>
			<li><a class="button" href="//pokemonshowdown.com/ladder/">Ladder</a></li>
			<li><a class="button nav-last" href="//pokemonshowdown.com/forums/">Forum</a></li>
			<li><a class="button greenbutton nav-first nav-last" href="//play.pokemonshowdown.com/">Play</a></li>
		</ul></div>
	</header>

	<div class="main" id="main">

		<noscript><section class="section">You need to enable JavaScript to use this page; sorry!</section></noscript>

	</div>

</div>

<script defer nomodule src="//play.pokemonshowdown.com/js/lib/ps-polyfill.js"></script>
<script defer src="//play.pokemonshowdown.com/js/lib/preact.min.js"></script>

<script defer src="//play.pokemonshowdown.com/config/config.js?6dec07f6"></script>
<script defer src="//play.pokemonshowdown.com/js/lib/jquery-1.11.0.min.js"></script>
<script defer src="//play.pokemonshowdown.com/js/lib/html-sanitizer-minified.js"></script>
<script defer src="//play.pokemonshowdown.com/js/battle-sound.js"></script>
<script defer src="//play.pokemonshowdown.com/js/battledata.js?0.6315294753075389"></script>
<script defer src="//play.pokemonshowdown.com/data/pokedex-mini.js?0.7603743185311358"></script>
<script defer src="//play.pokemonshowdown.com/data/pokedex-mini-bw.js?0.030888842834281283"></script>
<script defer src="//play.pokemonshowdown.com/data/graphics.js?0.05593094747507488"></script>
<script defer src="//play.pokemonshowdown.com/data/pokedex.js?0.47064822249611904"></script>
<script defer src="//play.pokemonshowdown.com/data/moves.js?0.8583693120512459"></script>
<script defer src="//play.pokemonshowdown.com/data/abilities.js?0.16017181182386842"></script>
<script defer src="//play.pokemonshowdown.com/data/items.js?0.4163379185673943"></script>
<script defer src="//play.pokemonshowdown.com/data/teambuilder-tables.js?0.31075597372830477"></script>
<script defer src="//play.pokemonshowdown.com/js/battle-tooltips.js?0.6536193500708172"></script>
<script defer src="//play.pokemonshowdown.com/js/battle.js?0.1916591943277901"></script>

<script defer src="js/utils.js?e31f9a17"></script>
<script defer src="js/replays-battle.js?7008c182"></script>

<!-- don't scrape this data! just add .json or .log after the URL!
Full API docs: https://github.com/smogon/pokemon-showdown-client/blob/master/WEB-API.md -->
<script type="text/plain" class="log" id="replaylog-smogtours-gen3ou-801851">
|inactive|Battle timer is ON: inactive players will automatically lose when time's up.
|t:|1729876335
|gametype|singles
|player|p1|gourgeist enjoyer|170|
|player|p2|ComSeal|pokemonrangerf|
|teamsize|p1|6
|teamsize|p2|6
|gen|3
|tier|[Gen 3] OU
|rule|Sleep Clause Mod: Limit one foe put to sleep
|rule|Switch Priority Clause Mod: Faster Pokémon switch first
|rule|Species Clause: Limit one of each Pokémon
|rule|OHKO Clause: OHKO moves are banned
|rule|Evasion Items Clause: Evasion items are banned
|rule|Evasion Moves Clause: Evasion moves are banned
|rule|Endless Battle Clause: Forcing endless battles is banned
|rule|HP Percentage Mod: HP is shown in percentages
|rule|One Boost Passer Clause: Limit one Baton Passer that has a way to boost its stats
|rule|Freeze Clause Mod: Limit one foe frozen
|
|t:|1729876335
|start
|switch|p1a: Tyranitar|Tyranitar, F|100/100
|switch|p2a: Tyranitar|Tyranitar, M|100/100
|-weather|Sandstorm|[from] ability: Sand Stream|[of] p2a: Tyranitar
|turn|1
|inactive|ComSeal has 270 seconds left.
|
|t:|1729876373
|switch|p2a: Forretress|Forretress, M|100/100
|move|p1a: Tyranitar|Earthquake|p2a: Forretress
|-damage|p2a: Forretress|76/100
|
|-weather|Sandstorm|[upkeep]
|-heal|p2a: Forretress|82/100|[from] item: Leftovers
|upkeep
|turn|2
|
|t:|1729876379
|move|p1a: Tyranitar|Fire Blast|p2a: Forretress
|-supereffective|p2a: Forretress
|-damage|p2a: Forretress|0 fnt
|faint|p2a: Forretress
|
|t:|1729876385
|switch|p2a: Swampert|Swampert, M|100/100
|
|-weather|Sandstorm|[upkeep]
|upkeep
|turn|3
|
|t:|1729876391
|switch|p1a: Snorlax|Snorlax, M|100/100
|move|p2a: Swampert|Earthquake|p1a: Snorlax
|-damage|p1a: Snorlax|67/100
|
|-weather|Sandstorm|[upkeep]
|-damage|p1a: Snorlax|61/100|[from] Sandstorm
|-heal|p1a: Snorlax|67/100|[from] item: Leftovers
|upkeep
|turn|4
|
|t:|1729876402
|move|p2a: Swampert|Earthquake|p1a: Snorlax
|-damage|p1a: Snorlax|34/100
|move|p1a: Snorlax|Body Slam|p2a: Swampert
|-damage|p2a: Swampert|73/100
|
|-weather|Sandstorm|[upkeep]
|-damage|p1a: Snorlax|28/100|[from] Sandstorm
|-heal|p2a: Swampert|80/100|[from] item: Leftovers
|-heal|p1a: Snorlax|34/100|[from] item: Leftovers
|upkeep
|turn|5
|
|t:|1729876412
|move|p2a: Swampert|Protect|p2a: Swampert
|-singleturn|p2a: Swampert|Protect
|move|p1a: Snorlax|Body Slam|p2a: Swampert
|-activate|p2a: Swampert|Protect
|
|-weather|Sandstorm|[upkeep]
|-damage|p1a: Snorlax|28/100|[from] Sandstorm
|-heal|p2a: Swampert|86/100|[from] item: Leftovers
|-heal|p1a: Snorlax|34/100|[from] item: Leftovers
|upkeep
|turn|6
|
|t:|1729876417
|move|p2a: Swampert|Earthquake|p1a: Snorlax
|-damage|p1a: Snorlax|0 fnt
|faint|p1a: Snorlax
|
|t:|1729876422
|switch|p1a: Claydol|Claydol|100/100
|
|-weather|Sandstorm|[upkeep]
|-heal|p2a: Swampert|92/100|[from] item: Leftovers
|upkeep
|turn|7
|
|t:|1729876426
|move|p2a: Swampert|Protect|p2a: Swampert
|-singleturn|p2a: Swampert|Protect
|move|p1a: Claydol|Psychic|p2a: Swampert
|-activate|p2a: Swampert|Protect
|
|-weather|Sandstorm|[upkeep]
|-heal|p2a: Swampert|98/100|[from] item: Leftovers
|upkeep
|turn|8
|
|t:|1729876435
|switch|p1a: Starmie|Starmie|100/100
|switch|p2a: Gengar|Gengar, F|100/100
|
|-weather|Sandstorm|[upkeep]
|-damage|p1a: Starmie|94/100|[from] Sandstorm
|-damage|p2a: Gengar|94/100|[from] Sandstorm
|-heal|p1a: Starmie|100/100|[from] item: Leftovers
|-heal|p2a: Gengar|100/100|[from] item: Leftovers
|upkeep
|turn|9
|
|t:|1729876444
|move|p1a: Starmie|Hydro Pump|p2a: Gengar
|-damage|p2a: Gengar|35/100
|move|p2a: Gengar|Thunderbolt|p1a: Starmie
|-supereffective|p1a: Starmie
|-damage|p1a: Starmie|25/100
|
|-weather|Sandstorm|[upkeep]
|-damage|p1a: Starmie|19/100|[from] Sandstorm
|-damage|p2a: Gengar|29/100|[from] Sandstorm
|-heal|p1a: Starmie|25/100|[from] item: Leftovers
|-heal|p2a: Gengar|35/100|[from] item: Leftovers
|upkeep
|turn|10
|
|t:|1729876456
|move|p1a: Starmie|Thunderbolt|p2a: Gengar
|-damage|p2a: Gengar|0 fnt
|faint|p2a: Gengar
|inactive|ComSeal has 270 seconds left.
|
|t:|1729876482
|switch|p2a: Celebi|Celebi|100/100
|
|-weather|Sandstorm|[upkeep]
|-damage|p1a: Starmie|19/100|[from] Sandstorm
|-damage|p2a: Celebi|94/100|[from] Sandstorm
|-heal|p1a: Starmie|25/100|[from] item: Leftovers
|-heal|p2a: Celebi|100/100|[from] item: Leftovers
|upkeep
|turn|11
|
|t:|1729876485
|move|p1a: Starmie|Ice Beam|p2a: Celebi
|-supereffective|p2a: Celebi
|-damage|p2a: Celebi|53/100
|-status|p2a: Celebi|frz
|cant|p2a: Celebi|frz
|
|-weather|Sandstorm|[upkeep]
|-damage|p1a: Starmie|19/100|[from] Sandstorm
|-damage|p2a: Celebi|47/100 frz|[from] Sandstorm
|-heal|p1a: Starmie|25/100|[from] item: Leftovers
|-heal|p2a: Celebi|53/100 frz|[from] item: Leftovers
|upkeep
|turn|12
|c|☆ComSeal|fair enough
|
|t:|1729876501
|-curestatus|p2a: Celebi|frz|[from] ability: Natural Cure
|switch|p2a: Swampert|Swampert, M|98/100
|move|p1a: Starmie|Recover|p1a: Starmie
|-heal|p1a: Starmie|75/100
|
|-weather|Sandstorm|[upkeep]
|-damage|p1a: Starmie|69/100|[from] Sandstorm
|-heal|p1a: Starmie|75/100|[from] item: Leftovers
|-heal|p2a: Swampert|100/100|[from] item: Leftovers
|upkeep
|turn|13
|
|t:|1729876507
|switch|p1a: Aerodactyl|Aerodactyl, F|100/100
|move|p2a: Swampert|Earthquake|p1a: Aerodactyl
|-immune|p1a: Aerodactyl
|
|-weather|Sandstorm|[upkeep]
|upkeep
|turn|14
|
|t:|1729876515
|switch|p1a: Metagross|Metagross|100/100
|move|p2a: Swampert|Ice Beam|p1a: Metagross
|-resisted|p1a: Metagross
|-damage|p1a: Metagross|91/100
|-status|p1a: Metagross|frz
|
|-weather|Sandstorm|[upkeep]
|-heal|p1a: Metagross|97/100 frz|[from] item: Leftovers
|upkeep
|turn|15
|
|t:|1729876520
|cant|p1a: Metagross|frz
|move|p2a: Swampert|Earthquake|p1a: Metagross
|-supereffective|p1a: Metagross
|-damage|p1a: Metagross|42/100 frz
|
|-weather|Sandstorm|[upkeep]
|-heal|p1a: Metagross|48/100 frz|[from] item: Leftovers
|upkeep
|turn|16
|
|t:|1729876525
|switch|p1a: Claydol|Claydol|100/100
|move|p2a: Swampert|Earthquake|p1a: Claydol
|-immune|p1a: Claydol
|
|-weather|Sandstorm|[upkeep]
|upkeep
|turn|17
|
|t:|1729876531
|move|p2a: Swampert|Protect|p2a: Swampert
|-singleturn|p2a: Swampert|Protect
|move|p1a: Claydol|Psychic|p2a: Swampert
|-activate|p2a: Swampert|Protect
|
|-weather|Sandstorm|[upkeep]
|upkeep
|turn|18
|
|t:|1729876536
|move|p1a: Claydol|Psychic|p2a: Swampert
|-damage|p2a: Swampert|83/100
|move|p2a: Swampert|Ice Beam|p1a: Claydol
|-supereffective|p1a: Claydol
|-damage|p1a: Claydol|67/100
|
|-weather|Sandstorm|[upkeep]
|-heal|p1a: Claydol|73/100|[from] item: Leftovers
|-heal|p2a: Swampert|89/100|[from] item: Leftovers
|upkeep
|turn|19
|
|t:|1729876544
|move|p1a: Claydol|Psychic|p2a: Swampert
|-damage|p2a: Swampert|70/100
|move|p2a: Swampert|Ice Beam|p1a: Claydol
|-supereffective|p1a: Claydol
|-damage|p1a: Claydol|41/100
|
|-weather|Sandstorm|[upkeep]
|-heal|p1a: Claydol|47/100|[from] item: Leftovers
|-heal|p2a: Swampert|76/100|[from] item: Leftovers
|upkeep
|turn|20
|
|t:|1729876552
|move|p2a: Swampert|Protect|p2a: Swampert
|-singleturn|p2a: Swampert|Protect
|move|p1a: Claydol|Psychic|p2a: Swampert
|-activate|p2a: Swampert|Protect
|
|-weather|Sandstorm|[upkeep]
|-heal|p1a: Claydol|54/100|[from] item: Leftovers
|-heal|p2a: Swampert|82/100|[from] item: Leftovers
|upkeep
|turn|21
|
|t:|1729876556
|move|p1a: Claydol|Psychic|p2a: Swampert
|-damage|p2a: Swampert|63/100
|move|p2a: Swampert|Ice Beam|p1a: Claydol
|-supereffective|p1a: Claydol
|-damage|p1a: Claydol|20/100
|
|-weather|Sandstorm|[upkeep]
|-heal|p1a: Claydol|26/100|[from] item: Leftovers
|-heal|p2a: Swampert|69/100|[from] item: Leftovers
|upkeep
|turn|22
|
|t:|1729876560
|move|p2a: Swampert|Protect|p2a: Swampert
|-singleturn|p2a: Swampert|Protect
|move|p1a: Claydol|Psychic|p2a: Swampert
|-activate|p2a: Swampert|Protect
|
|-weather|Sandstorm|[upkeep]
|-heal|p1a: Claydol|32/100|[from] item: Leftovers
|-heal|p2a: Swampert|75/100|[from] item: Leftovers
|upkeep
|turn|23
|
|t:|1729876572
|switch|p2a: Tyranitar|Tyranitar, M|100/100
|move|p1a: Claydol|Earthquake|p2a: Tyranitar
|-supereffective|p2a: Tyranitar
|-damage|p2a: Tyranitar|38/100
|
|-weather|Sandstorm|[upkeep]
|-heal|p1a: Claydol|38/100|[from] item: Leftovers
|upkeep
|turn|24
|
|t:|1729876586
|switch|p2a: Celebi|Celebi|53/100
|move|p1a: Claydol|Earthquake|p2a: Celebi
|-resisted|p2a: Celebi
|-damage|p2a: Celebi|41/100
|
|-weather|Sandstorm|[upkeep]
|-damage|p2a: Celebi|34/100|[from] Sandstorm
|-heal|p2a: Celebi|41/100|[from] item: Leftovers
|-heal|p1a: Claydol|45/100|[from] item: Leftovers
|upkeep
|turn|25
|
|t:|1729876590
|switch|p1a: Aerodactyl|Aerodactyl, F|100/100
|move|p2a: Celebi|Recover|p2a: Celebi
|-heal|p2a: Celebi|91/100
|
|-weather|Sandstorm|[upkeep]
|-damage|p2a: Celebi|84/100|[from] Sandstorm
|-heal|p2a: Celebi|91/100|[from] item: Leftovers
|upkeep
|turn|26
|inactive|ComSeal has 270 seconds left.
|inactive|ComSeal has 240 seconds left.
|
|t:|1729876666
|move|p1a: Aerodactyl|Double-Edge|p2a: Celebi
|-damage|p2a: Celebi|52/100
|move|p2a: Celebi|Leech Seed|p1a: Aerodactyl|[miss]
|-miss|p2a: Celebi|p1a: Aerodactyl
|
|-weather|Sandstorm|[upkeep]
|-damage|p2a: Celebi|46/100|[from] Sandstorm
|-heal|p2a: Celebi|52/100|[from] item: Leftovers
|upkeep
|turn|27
|
|t:|1729876673
|move|p1a: Aerodactyl|Double-Edge|p2a: Celebi
|-damage|p2a: Celebi|14/100
|move|p2a: Celebi|Recover|p2a: Celebi
|-heal|p2a: Celebi|64/100
|
|-weather|Sandstorm|[upkeep]
|-damage|p2a: Celebi|58/100|[from] Sandstorm
|-heal|p2a: Celebi|64/100|[from] item: Leftovers
|upkeep
|turn|28
|
|t:|1729876678
|move|p1a: Aerodactyl|Double-Edge|p2a: Celebi
|-damage|p2a: Celebi|26/100
|move|p2a: Celebi|Recover|p2a: Celebi
|-heal|p2a: Celebi|76/100
|
|-weather|Sandstorm|[upkeep]
|-damage|p2a: Celebi|70/100|[from] Sandstorm
|-heal|p2a: Celebi|76/100|[from] item: Leftovers
|upkeep
|turn|29
|
|t:|1729876681
|move|p1a: Aerodactyl|Double-Edge|p2a: Celebi
|-damage|p2a: Celebi|40/100
|move|p2a: Celebi|Recover|p2a: Celebi
|-heal|p2a: Celebi|90/100
|
|-weather|Sandstorm|[upkeep]
|-damage|p2a: Celebi|84/100|[from] Sandstorm
|-heal|p2a: Celebi|90/100|[from] item: Leftovers
|upkeep
|turn|30
|
|t:|1729876686
|move|p1a: Aerodactyl|Double-Edge|p2a: Celebi
|-damage|p2a: Celebi|51/100
|move|p2a: Celebi|Leech Seed|p1a: Aerodactyl
|-start|p1a: Aerodactyl|move: Leech Seed
|
|-weather|Sandstorm|[upkeep]
|-damage|p2a: Celebi|45/100|[from] Sandstorm
|-damage|p1a: Aerodactyl|88/100|[from] Leech Seed|[of] p2a: Celebi
|-heal|p2a: Celebi|54/100|[silent]
|-heal|p2a: Celebi|60/100|[from] item: Leftovers
|upkeep
|turn|31
|
|t:|1729876692
|switch|p1a: Claydol|Claydol|45/100
|move|p2a: Celebi|Recover|p2a: Celebi
|-heal|p2a: Celebi|100/100
|
|-weather|Sandstorm|[upkeep]
|-damage|p2a: Celebi|94/100|[from] Sandstorm
|-heal|p2a: Celebi|100/100|[from] item: Leftovers
|-heal|p1a: Claydol|51/100|[from] item: Leftovers
|upkeep
|turn|32
|inactive|ComSeal has 270 seconds left.
|
|t:|1729876701
|move|p2a: Celebi|Hidden Power|p1a: Claydol
|-supereffective|p1a: Claydol
|-damage|p1a: Claydol|6/100
|move|p1a: Claydol|Explosion|p2a: Celebi
|-damage|p2a: Celebi|18/100
|faint|p1a: Claydol
|
|t:|1729876706
|switch|p1a: Aerodactyl|Aerodactyl, F|88/100
|
|-weather|Sandstorm|[upkeep]
|-damage|p2a: Celebi|12/100|[from] Sandstorm
|-heal|p2a: Celebi|18/100|[from] item: Leftovers
|upkeep
|turn|33
|inactive|ComSeal has 270 seconds left.
|
|t:|1729876722
|move|p1a: Aerodactyl|Double-Edge|p2a: Celebi
|-damage|p2a: Celebi|0 fnt
|faint|p2a: Celebi
|
|t:|1729876725
|switch|p2a: Tyranitar|Tyranitar, M|38/100
|
|-weather|Sandstorm|[upkeep]
|upkeep
|turn|34
|
|t:|1729876735
|switch|p1a: Metagross|Metagross|48/100 frz
|move|p2a: Tyranitar|Hidden Power|p1a: Metagross
|-damage|p1a: Metagross|32/100 frz
|
|-weather|Sandstorm|[upkeep]
|-heal|p1a: Metagross|38/100 frz|[from] item: Leftovers
|upkeep
|turn|35
|
|t:|1729876740
|move|p2a: Tyranitar|Dragon Dance|p2a: Tyranitar
|-boost|p2a: Tyranitar|atk|1
|-boost|p2a: Tyranitar|spe|1
|cant|p1a: Metagross|frz
|
|-weather|Sandstorm|[upkeep]
|-heal|p1a: Metagross|44/100 frz|[from] item: Leftovers
|upkeep
|turn|36
|
|t:|1729876742
|move|p2a: Tyranitar|Dragon Dance|p2a: Tyranitar
|-boost|p2a: Tyranitar|atk|1
|-boost|p2a: Tyranitar|spe|1
|cant|p1a: Metagross|frz
|
|-weather|Sandstorm|[upkeep]
|-heal|p1a: Metagross|50/100 frz|[from] item: Leftovers
|upkeep
|turn|37
|
|t:|1729876744
|move|p2a: Tyranitar|Earthquake|p1a: Metagross
|-supereffective|p1a: Metagross
|-damage|p1a: Metagross|0 fnt
|faint|p1a: Metagross
|
|t:|1729876748
|switch|p1a: Aerodactyl|Aerodactyl, F|88/100
|
|-weather|Sandstorm|[upkeep]
|upkeep
|turn|38
|
|t:|1729876751
|move|p2a: Tyranitar|Rock Slide|p1a: Aerodactyl|[miss]
|-miss|p2a: Tyranitar|p1a: Aerodactyl
|move|p1a: Aerodactyl|Earthquake|p2a: Tyranitar
|-supereffective|p2a: Tyranitar
|-damage|p2a: Tyranitar|0 fnt
|faint|p2a: Tyranitar
|
|t:|1729876754
|switch|p2a: Swampert|Swampert, M|75/100
|
|-weather|Sandstorm|[upkeep]
|-heal|p2a: Swampert|81/100|[from] item: Leftovers
|upkeep
|turn|39
|
|t:|1729876759
|move|p1a: Aerodactyl|Earthquake|p2a: Swampert
|-damage|p2a: Swampert|49/100
|move|p2a: Swampert|Ice Beam|p1a: Aerodactyl
|-supereffective|p1a: Aerodactyl
|-damage|p1a: Aerodactyl|30/100
|-status|p1a: Aerodactyl|frz
|
|-weather|Sandstorm|[upkeep]
|-heal|p2a: Swampert|55/100|[from] item: Leftovers
|upkeep
|turn|40
|c|☆gourgeist enjoyer|waaaah
|
|t:|1729876769
|switch|p1a: Starmie|Starmie|75/100
|move|p2a: Swampert|Ice Beam|p1a: Starmie
|-resisted|p1a: Starmie
|-damage|p1a: Starmie|60/100
|
|-weather|Sandstorm|[upkeep]
|-damage|p1a: Starmie|54/100|[from] Sandstorm
|-heal|p1a: Starmie|60/100|[from] item: Leftovers
|-heal|p2a: Swampert|61/100|[from] item: Leftovers
|upkeep
|turn|41
|
|t:|1729876771
|move|p1a: Starmie|Hydro Pump|p2a: Swampert
|-damage|p2a: Swampert|16/100
|move|p2a: Swampert|Earthquake|p1a: Starmie
|-damage|p1a: Starmie|5/100
|
|-weather|Sandstorm|[upkeep]
|-damage|p1a: Starmie|0 fnt|[from] Sandstorm
|faint|p1a: Starmie
|-heal|p2a: Swampert|23/100|[from] item: Leftovers
|upkeep
|
|t:|1729876774
|switch|p1a: Tyranitar|Tyranitar, F|100/100
|turn|42
|
|t:|1729876779
|move|p2a: Swampert|Protect|p2a: Swampert
|-singleturn|p2a: Swampert|Protect
|move|p1a: Tyranitar|Earthquake|p2a: Swampert
|-activate|p2a: Swampert|Protect
|
|-weather|Sandstorm|[upkeep]
|-heal|p2a: Swampert|29/100|[from] item: Leftovers
|upkeep
|turn|43
|
|t:|1729876800
|move|p1a: Tyranitar|Earthquake|p2a: Swampert
|-damage|p2a: Swampert|4/100
|move|p2a: Swampert|Earthquake|p1a: Tyranitar
|-supereffective|p1a: Tyranitar
|-damage|p1a: Tyranitar|42/100
|
|-weather|Sandstorm|[upkeep]
|-heal|p1a: Tyranitar|48/100|[from] item: Leftovers
|-heal|p2a: Swampert|10/100|[from] item: Leftovers
|upkeep
|turn|44
|
|t:|1729876806
|move|p1a: Tyranitar|Earthquake|p2a: Swampert
|-damage|p2a: Swampert|0 fnt
|faint|p2a: Swampert
|
|t:|1729876808
|switch|p2a: Dog|Houndoom, F|100/100
|
|-weather|Sandstorm|[upkeep]
|-damage|p2a: Dog|94/100|[from] Sandstorm
|-heal|p2a: Dog|100/100|[from] item: Leftovers
|-heal|p1a: Tyranitar|54/100|[from] item: Leftovers
|upkeep
|turn|45
|
|t:|1729876811
|switch|p1a: Aerodactyl|Aerodactyl, F|30/100 frz
|move|p2a: Dog|Hidden Power|p1a: Aerodactyl
|-damage|p1a: Aerodactyl|0 fnt
|faint|p1a: Aerodactyl
|
|t:|1729876814
|switch|p1a: Tyranitar|Tyranitar, F|54/100
|
|-weather|Sandstorm|[upkeep]
|-damage|p2a: Dog|94/100|[from] Sandstorm
|-heal|p2a: Dog|100/100|[from] item: Leftovers
|-heal|p1a: Tyranitar|60/100|[from] item: Leftovers
|upkeep
|turn|46
|
|t:|1729876817
|move|p2a: Dog|Hidden Power|p1a: Tyranitar
|-supereffective|p1a: Tyranitar
|-damage|p1a: Tyranitar|19/100
|move|p1a: Tyranitar|Earthquake|p2a: Dog
|-supereffective|p2a: Dog
|-damage|p2a: Dog|0 fnt
|faint|p2a: Dog
|
|win|gourgeist enjoyer
|player|p1|
|player|p1|gourgeist enjoyer|170|
|c|☆ComSeal|gg

</script>
<script type="application/json" class="data" id="replaydata-smogtours-gen3ou-801851">
{"id":"smogtours-gen3ou-801851","format":"[Gen 3] OU","players":["gourgeist enjoyer","ComSeal"],"uploadtime":1729876817,"views":75,"formatid":"gen3ou","rating":null,"private":0,"password":null}
</script>

<script defer src="js/replays.js?9d40a366"></script>
