<!DOCTYPE html>
<meta charset="utf-8" />
<meta name="viewport" content="width=device-width" />

<title>[Gen 3] OU: mobjamin vs. brotha dog - Replays - Pok&eacute;mon Showdown!</title>

<meta name="description" content="Watch a replay of a Pok&eacute;mon battle between mobjamin and brotha dog! Format: [Gen 3] OU; Date: Oct 2, 2024" />
<!--

Hey, you! Looking in the source for the replay log?

You can find them in JSON format, just add `.json` at the end of a replay URL.

https://replay.pokemonshowdown.com/gen7randomdoublesbattle-865046831.json

Or, if you only need the log itself, add `.log` instead:

https://replay.pokemonshowdown.com/gen7randomdoublesbattle-865046831.log

-->

<link rel="stylesheet" href="//pokemonshowdown.com/style/global.css?0.023195364461161105" />
<link rel="stylesheet" href="//play.pokemonshowdown.com/style/font-awesome.css?0.13261647063804238" />
<link rel="stylesheet" href="//play.pokemonshowdown.com/style/battle.css?0.8753245789963631" />
<link rel="stylesheet" href="//play.pokemonshowdown.com/style/utilichart.css?0.8627959624976733" />

<!-- Global site tag (gtag.js) - Google Analytics -->
<script async src="https://www.googletagmanager.com/gtag/js?id=UA-26211653-1"></script>
<script>
  window.dataLayer = window.dataLayer || [];
  function gtag(){dataLayer.push(arguments);}
  gtag('js', new Date());

  gtag('config', 'UA-26211653-1');
</script>
<!-- End Google Analytics -->
<!-- Venatus Ad Manager - Install in <HEAD> of page -->
	<script src="https://hb.vntsm.com/v3/live/ad-manager.min.js" type="text/javascript" data-site-id="642aba63ec9a7b11c3c9c1be" data-mode="scan" async></script>
<!-- / Venatus Ad Manager -->

<style>
	@media (max-width:820px) {
		.battle {
			margin: 0 auto;
		}
		.battle-log {
			margin: 7px auto 0;
			max-width: 640px;
			height: 300px;
			position: static;
		}
	}
	.optgroup {
		display: inline-block;
		line-height: 22px;
		font-size: 10pt;
	}
	.optgroup .button {
		height: 25px;
		padding-top: 0;
		padding-bottom: 0;
	}
	.optgroup button.button {
		padding-left: 12px;
		padding-right: 12px;
	}
	.linklist {
		list-style: none;
		margin: 0.5em 0;
		padding: 0;
	}
	.linklist li {
		padding: 2px 0;
	}
	.sidebar {
		float: left;
		width: 320px;
	}
	.bar-wrapper {
		max-width: 1100px;
		margin: 0 auto;
	}
	.bar-wrapper.has-sidebar {
		max-width: 1430px;
	}
	.mainbar {
		margin: 0;
		padding-right: 1px;
	}
	.mainbar.has-sidebar {
		margin-left: 330px;
	}
	@media (min-width: 1511px) {
		.sidebar {
			width: 400px;
		}
		.bar-wrapper.has-sidebar {
			max-width: 1510px;
		}
		.mainbar.has-sidebar {
			margin-left: 410px;
		}
	}
	.section.first-section {
		margin-top: 9px;
	}
	.blocklink small {
		white-space: normal;
	}
	.button {
		vertical-align: middle;
	}
	.replay-controls {
		padding-top: 10px;
	}
	.replay-controls h1 {
		font-size: 16pt;
		font-weight: normal;
		color: #CCC;
	}
	.pagelink {
		text-align: center;
	}
	.pagelink a {
		width: 150px;
	}
	.textbox, .button {
		font-size: 11pt;
		vertical-align: middle;
	}
	@media (max-width: 450px) {
		.button {
			font-size: 9pt;
		}
	}
</style>

<div>

	<header>
		<div class="nav-wrapper"><ul class="nav">
			<li><a class="button nav-first" href="//pokemonshowdown.com/"><img src="//pokemonshowdown.com/images/pokemonshowdownbeta.png" srcset="//pokemonshowdown.com/images/pokemonshowdownbeta.png 1x, //pokemonshowdown.com/images/pokemonshowdownbeta@2x.png 2x" alt="Pok&eacute;mon Showdown" width="146" height="44" /> Home</a></li>
			<li><a class="button" href="//pokemonshowdown.com/dex/">Pok&eacute;dex</a></li>
			<li><a class="button cur" href="/">Replays</a></li>
			<li><a class="button" href="//pokemonshowdown.com/ladder/">Ladder</a></li>
			<li><a class="button nav-last" href="//pokemonshowdown.com/forums/">Forum</a></li>
			<li><a class="button greenbutton nav-first nav-last" href="//play.pokemonshowdown.com/">Play</a></li>
		</ul></div>
	</header>

	<div class="main" id="main">

		<noscript><section class="section">You need to enable JavaScript to use this page; sorry!</section></noscript>

	</div>

</div>

<script defer nomodule src="//play.pokemonshowdown.com/js/lib/ps-polyfill.js"></script>
<script defer src="//play.pokemonshowdown.com/js/lib/preact.min.js"></script>

<script defer src="//play.pokemonshowdown.com/config/config.js?2bddbc15"></script>
<script defer src="//play.pokemonshowdown.com/js/lib/jquery-1.11.0.min.js"></script>
<script defer src="//play.pokemonshowdown.com/js/lib/html-sanitizer-minified.js"></script>
<script defer src="//play.pokemonshowdown.com/js/battle-sound.js"></script>
<script defer src="//play.pokemonshowdown.com/js/battledata.js?0.7209276989879541"></script>
<script defer src="//play.pokemonshowdown.com/data/pokedex-mini.js?0.6111056340867951"></script>
<script defer src="//play.pokemonshowdown.com/data/pokedex-mini-bw.js?0.3532142036491459"></script>
<script defer src="//play.pokemonshowdown.com/data/graphics.js?0.24223875632456182"></script>
<script defer src="//play.pokemonshowdown.com/data/pokedex.js?0.38839984266356864"></script>
<script defer src="//play.pokemonshowdown.com/data/moves.js?0.21866028504024015"></script>
<script defer src="//play.pokemonshowdown.com/data/abilities.js?0.2005157953846628"></script>
<script defer src="//play.pokemonshowdown.com/data/items.js?0.9894211263848525"></script>
<script defer src="//play.pokemonshowdown.com/data/teambuilder-tables.js?0.6008791140282215"></script>
<script defer src="//play.pokemonshowdown.com/js/battle-tooltips.js?0.7580118955022959"></script>
<script defer src="//play.pokemonshowdown.com/js/battle.js?0.6057722274234274"></script>

<script defer src="js/utils.js?e31f9a17"></script>
<script defer src="js/replays-battle.js?7008c182"></script>

<!-- don't scrape this data! just add .json or .log after the URL!
Full API docs: https://github.com/smogon/pokemon-showdown-client/blob/master/WEB-API.md -->
<script type="text/plain" class="log" id="replaylog-smogtours-gen3ou-794126">
|inactive|Battle timer is ON: inactive players will automatically lose when time's up.
|t:|1727911423
|gametype|singles
|player|p1|mobjamin|170|
|player|p2|brotha dog|170|
|teamsize|p1|6
|teamsize|p2|6
|gen|3
|tier|[Gen 3] OU
|rule|Sleep Clause Mod: Limit one foe put to sleep
|rule|Switch Priority Clause Mod: Faster Pokémon switch first
|rule|Species Clause: Limit one of each Pokémon
|rule|OHKO Clause: OHKO moves are banned
|rule|Evasion Items Clause: Evasion items are banned
|rule|Evasion Moves Clause: Evasion moves are banned
|rule|Endless Battle Clause: Forcing endless battles is banned
|rule|HP Percentage Mod: HP is shown in percentages
|rule|One Boost Passer Clause: Limit one Baton Passer that has a way to boost its stats
|rule|Freeze Clause Mod: Limit one foe frozen
|
|t:|1727911423
|start
|switch|p1a: Salamence|Salamence, F|100/100
|switch|p2a: Tyranitar|Tyranitar, F|100/100
|-ability|p1a: Salamence|Intimidate|boost
|-unboost|p2a: Tyranitar|atk|1
|-weather|Sandstorm|[from] ability: Sand Stream|[of] p2a: Tyranitar
|turn|1
|
|t:|1727911447
|switch|p2a: Celebi|Celebi|100/100
|move|p1a: Salamence|Brick Break|p2a: Celebi
|-resisted|p2a: Celebi
|-damage|p2a: Celebi|91/100
|
|-weather|Sandstorm|[upkeep]
|-damage|p1a: Salamence|95/100|[from] Sandstorm
|-damage|p2a: Celebi|85/100|[from] Sandstorm
|-heal|p1a: Salamence|100/100|[from] item: Leftovers
|-heal|p2a: Celebi|91/100|[from] item: Leftovers
|upkeep
|turn|2
|
|t:|1727911454
|switch|p1a: Tyranitar|Tyranitar, F|100/100
|move|p2a: Celebi|Leech Seed|p1a: Tyranitar
|-start|p1a: Tyranitar|move: Leech Seed
|
|-weather|Sandstorm|[upkeep]
|-damage|p2a: Celebi|85/100|[from] Sandstorm
|-heal|p2a: Celebi|91/100|[from] item: Leftovers
|-damage|p1a: Tyranitar|88/100|[from] Leech Seed|[of] p2a: Celebi
|-heal|p2a: Celebi|100/100|[silent]
|upkeep
|turn|3
|
|t:|1727911469
|-activate|p2a: Celebi|move: Pursuit
|move|p1a: Tyranitar|Pursuit|p2a: Celebi|[from]Pursuit
|-supereffective|p2a: Celebi
|-damage|p2a: Celebi|41/100
|switch|p2a: Skarmory|Skarmory, F|100/100
|
|-weather|Sandstorm|[upkeep]
|-heal|p1a: Tyranitar|94/100|[from] item: Leftovers
|-damage|p1a: Tyranitar|82/100|[from] Leech Seed|[of] p2a: Skarmory
|upkeep
|turn|4
|
|t:|1727911477
|switch|p1a: Forretress|Forretress, F|100/100
|move|p2a: Skarmory|Spikes|p1a: Forretress
|-sidestart|p1: mobjamin|Spikes
|
|-weather|Sandstorm|[upkeep]
|upkeep
|turn|5
|
|t:|1727911487
|move|p2a: Skarmory|Drill Peck|p1a: Forretress
|-damage|p1a: Forretress|84/100
|move|p1a: Forretress|Spikes|p2a: Skarmory
|-sidestart|p2: brotha dog|Spikes
|
|-weather|Sandstorm|[upkeep]
|-heal|p1a: Forretress|90/100|[from] item: Leftovers
|upkeep
|turn|6
|inactive|brotha dog has 270 seconds left.
|
|t:|1727911522
|switch|p2a: Zapdos|Zapdos|100/100
|move|p1a: Forretress|Rapid Spin|p2a: Zapdos
|-damage|p2a: Zapdos|96/100
|-sideend|p1: mobjamin|Spikes|[from] move: Rapid Spin|[of] p1a: Forretress
|
|-weather|Sandstorm|[upkeep]
|-damage|p2a: Zapdos|90/100|[from] Sandstorm
|-heal|p2a: Zapdos|96/100|[from] item: Leftovers
|-heal|p1a: Forretress|96/100|[from] item: Leftovers
|upkeep
|turn|7
|
|t:|1727911533
|switch|p1a: Jirachi|Jirachi|100/100
|move|p2a: Zapdos|Toxic|p1a: Jirachi
|-immune|p1a: Jirachi
|
|-weather|Sandstorm|[upkeep]
|-damage|p2a: Zapdos|90/100|[from] Sandstorm
|-heal|p2a: Zapdos|96/100|[from] item: Leftovers
|upkeep
|turn|8
|
|t:|1727911538
|move|p2a: Zapdos|Thunder Wave|p1a: Jirachi
|-status|p1a: Jirachi|par
|move|p1a: Jirachi|Fire Punch|p2a: Zapdos
|-damage|p2a: Zapdos|81/100
|
|-weather|Sandstorm|[upkeep]
|-damage|p2a: Zapdos|75/100|[from] Sandstorm
|-heal|p2a: Zapdos|81/100|[from] item: Leftovers
|upkeep
|turn|9
|
|t:|1727911555
|switch|p2a: Skarmory|Skarmory, F|100/100
|cant|p1a: Jirachi|par
|
|-weather|Sandstorm|[upkeep]
|upkeep
|turn|10
|
|t:|1727911560
|move|p2a: Skarmory|Spikes|p1a: Jirachi
|-sidestart|p1: mobjamin|Spikes
|cant|p1a: Jirachi|par
|
|-weather|Sandstorm|[upkeep]
|upkeep
|turn|11
|
|t:|1727911564
|switch|p1a: Forretress|Forretress, F|96/100
|-damage|p1a: Forretress|84/100|[from] Spikes
|move|p2a: Skarmory|Roar|p1a: Forretress
|drag|p1a: Jirachi|Jirachi|100/100 par
|-damage|p1a: Jirachi|88/100 par|[from] Spikes
|
|-weather|Sandstorm|[upkeep]
|-heal|p1a: Jirachi|94/100 par|[from] item: Leftovers
|upkeep
|turn|12
|
|t:|1727911575
|move|p2a: Skarmory|Spikes|p1a: Jirachi
|-sidestart|p1: mobjamin|Spikes
|cant|p1a: Jirachi|par
|
|-weather|Sandstorm|[upkeep]
|-heal|p1a: Jirachi|100/100 par|[from] item: Leftovers
|upkeep
|turn|13
|
|t:|1727911579
|move|p1a: Jirachi|Fire Punch|p2a: Skarmory
|-supereffective|p2a: Skarmory
|-damage|p2a: Skarmory|65/100
|-status|p2a: Skarmory|brn
|move|p2a: Skarmory|Roar|p1a: Jirachi
|drag|p1a: Salamence|Salamence, F|100/100
|-ability|p1a: Salamence|Intimidate|boost
|-unboost|p2a: Skarmory|atk|1
|
|-weather|Sandstorm|[upkeep]
|-damage|p1a: Salamence|95/100|[from] Sandstorm
|-heal|p1a: Salamence|100/100|[from] item: Leftovers
|-heal|p2a: Skarmory|71/100 brn|[from] item: Leftovers
|-damage|p2a: Skarmory|59/100 brn|[from] brn
|upkeep
|turn|14
|inactive|brotha dog has 270 seconds left.
|
|t:|1727911628
|switch|p2a: Aerodactyl|Aerodactyl, M|100/100
|move|p1a: Salamence|Fire Blast|p2a: Aerodactyl
|-resisted|p2a: Aerodactyl
|-damage|p2a: Aerodactyl|72/100
|
|-weather|Sandstorm|[upkeep]
|-damage|p1a: Salamence|95/100|[from] Sandstorm
|-heal|p1a: Salamence|100/100|[from] item: Leftovers
|upkeep
|turn|15
|
|t:|1727911641
|switch|p1a: Jirachi|Jirachi|100/100 par
|-damage|p1a: Jirachi|84/100 par|[from] Spikes
|move|p2a: Aerodactyl|Earthquake|p1a: Jirachi
|-supereffective|p1a: Jirachi
|-damage|p1a: Jirachi|28/100 par
|
|-weather|Sandstorm|[upkeep]
|-heal|p1a: Jirachi|34/100 par|[from] item: Leftovers
|upkeep
|turn|16
|
|t:|1727911649
|switch|p2a: Zapdos|Zapdos|81/100
|switch|p1a: Salamence|Salamence, F|100/100
|-ability|p1a: Salamence|Intimidate|boost
|-unboost|p2a: Zapdos|atk|1
|
|-weather|Sandstorm|[upkeep]
|-damage|p2a: Zapdos|75/100|[from] Sandstorm
|-damage|p1a: Salamence|95/100|[from] Sandstorm
|-heal|p2a: Zapdos|81/100|[from] item: Leftovers
|-heal|p1a: Salamence|100/100|[from] item: Leftovers
|upkeep
|turn|17
|
|t:|1727911661
|switch|p1a: Jirachi|Jirachi|34/100 par
|-damage|p1a: Jirachi|18/100 par|[from] Spikes
|move|p2a: Zapdos|Thunderbolt|p1a: Jirachi
|-damage|p1a: Jirachi|0 fnt
|faint|p1a: Jirachi
|
|t:|1727911664
|switch|p1a: Umbreon|Umbreon, M|100/100
|-damage|p1a: Umbreon|84/100|[from] Spikes
|
|-weather|Sandstorm|[upkeep]
|-damage|p2a: Zapdos|75/100|[from] Sandstorm
|-damage|p1a: Umbreon|78/100|[from] Sandstorm
|-heal|p2a: Zapdos|81/100|[from] item: Leftovers
|-heal|p1a: Umbreon|84/100|[from] item: Leftovers
|upkeep
|turn|18
|inactive|brotha dog has 270 seconds left.
|
|t:|1727911688
|move|p2a: Zapdos|Toxic|p1a: Umbreon
|-status|p1a: Umbreon|tox
|-status|p2a: Zapdos|psn|[from] ability: Synchronize|[of] p1a: Umbreon
|move|p1a: Umbreon|Wish|p1a: Umbreon
|
|-weather|Sandstorm|[upkeep]
|-damage|p2a: Zapdos|75/100 psn|[from] Sandstorm
|-damage|p1a: Umbreon|78/100 tox|[from] Sandstorm
|-heal|p2a: Zapdos|81/100 psn|[from] item: Leftovers
|-damage|p2a: Zapdos|68/100 psn|[from] psn
|-heal|p1a: Umbreon|84/100 tox|[from] item: Leftovers
|-damage|p1a: Umbreon|78/100 tox|[from] psn
|upkeep
|turn|19
|inactive|brotha dog has 240 seconds left.
|
|t:|1727911723
|switch|p2a: Tyranitar|Tyranitar, F|100/100
|-damage|p2a: Tyranitar|88/100|[from] Spikes
|switch|p1a: Forretress|Forretress, F|84/100
|-damage|p1a: Forretress|67/100|[from] Spikes
|
|-heal|p1a: Forretress|100/100|[from] move: Wish|[wisher] Umbreon
|-weather|Sandstorm|[upkeep]
|-heal|p2a: Tyranitar|94/100|[from] item: Leftovers
|upkeep
|turn|20
|
|t:|1727911736
|switch|p1a: Umbreon|Umbreon, M|78/100 tox
|-damage|p1a: Umbreon|61/100 tox|[from] Spikes
|move|p2a: Tyranitar|Dragon Dance|p2a: Tyranitar
|-boost|p2a: Tyranitar|atk|1
|-boost|p2a: Tyranitar|spe|1
|
|-weather|Sandstorm|[upkeep]
|-damage|p1a: Umbreon|55/100 tox|[from] Sandstorm
|-heal|p2a: Tyranitar|100/100|[from] item: Leftovers
|-heal|p1a: Umbreon|61/100 tox|[from] item: Leftovers
|-damage|p1a: Umbreon|55/100 tox|[from] psn
|upkeep
|turn|21
|
|t:|1727911743
|switch|p1a: Salamence|Salamence, F|100/100
|-ability|p1a: Salamence|Intimidate|boost
|-unboost|p2a: Tyranitar|atk|1
|move|p2a: Tyranitar|Rock Slide|p1a: Salamence
|-supereffective|p1a: Salamence
|-damage|p1a: Salamence|11/100
|
|-weather|Sandstorm|[upkeep]
|-damage|p1a: Salamence|5/100|[from] Sandstorm
|-heal|p1a: Salamence|11/100|[from] item: Leftovers
|upkeep
|turn|22
|inactive|brotha dog has 240 seconds left.
|
|t:|1727911776
|switch|p2a: Zapdos|Zapdos|68/100 psn
|move|p1a: Salamence|Brick Break|p2a: Zapdos
|-resisted|p2a: Zapdos
|-damage|p2a: Zapdos|57/100 psn
|
|-weather|Sandstorm|[upkeep]
|-damage|p2a: Zapdos|51/100 psn|[from] Sandstorm
|-damage|p1a: Salamence|5/100|[from] Sandstorm
|-heal|p2a: Zapdos|57/100 psn|[from] item: Leftovers
|-damage|p2a: Zapdos|45/100 psn|[from] psn
|-heal|p1a: Salamence|11/100|[from] item: Leftovers
|upkeep
|turn|23
|
|t:|1727911782
|move|p2a: Zapdos|Thunderbolt|p1a: Salamence
|-damage|p1a: Salamence|0 fnt
|faint|p1a: Salamence
|
|t:|1727911790
|switch|p1a: Forretress|Forretress, F|100/100
|-damage|p1a: Forretress|84/100|[from] Spikes
|
|-weather|Sandstorm|[upkeep]
|-damage|p2a: Zapdos|39/100 psn|[from] Sandstorm
|-heal|p2a: Zapdos|45/100 psn|[from] item: Leftovers
|-damage|p2a: Zapdos|33/100 psn|[from] psn
|-heal|p1a: Forretress|90/100|[from] item: Leftovers
|upkeep
|turn|24
|inactive|brotha dog has 240 seconds left.
|
|t:|1727911801
|move|p2a: Zapdos|Thunderbolt|p1a: Forretress
|-damage|p1a: Forretress|42/100
|move|p1a: Forretress|Rapid Spin|p2a: Zapdos
|-damage|p2a: Zapdos|28/100 psn
|-sideend|p1: mobjamin|Spikes|[from] move: Rapid Spin|[of] p1a: Forretress
|
|-weather|Sandstorm|[upkeep]
|-damage|p2a: Zapdos|22/100 psn|[from] Sandstorm
|-heal|p2a: Zapdos|28/100 psn|[from] item: Leftovers
|-damage|p2a: Zapdos|16/100 psn|[from] psn
|-heal|p1a: Forretress|49/100|[from] item: Leftovers
|upkeep
|turn|25
|inactive|brotha dog has 240 seconds left.
|
|t:|1727911820
|move|p2a: Zapdos|Thunderbolt|p1a: Forretress
|-damage|p1a: Forretress|7/100
|move|p1a: Forretress|Explosion|p2a: Zapdos
|-damage|p2a: Zapdos|0 fnt
|faint|p1a: Forretress
|faint|p2a: Zapdos
|inactive|brotha dog has 240 seconds left.
|
|t:|1727911847
|switch|p2a: Celebi|Celebi|41/100
|switch|p1a: Aerodactyl|Aerodactyl, M|100/100
|-damage|p2a: Celebi|29/100|[from] Spikes
|
|-weather|Sandstorm|[upkeep]
|-damage|p2a: Celebi|23/100|[from] Sandstorm
|-heal|p2a: Celebi|29/100|[from] item: Leftovers
|upkeep
|turn|26
|
|t:|1727911862
|move|p1a: Aerodactyl|Double-Edge|p2a: Celebi
|-damage|p2a: Celebi|0 fnt
|faint|p2a: Celebi
|
|t:|1727911866
|switch|p2a: Skarmory|Skarmory, F|59/100 brn
|
|-weather|Sandstorm|[upkeep]
|-heal|p2a: Skarmory|65/100 brn|[from] item: Leftovers
|-damage|p2a: Skarmory|53/100 brn|[from] brn
|upkeep
|turn|27
|
|t:|1727911869
|switch|p1a: Tyranitar|Tyranitar, F|82/100
|move|p2a: Skarmory|Spikes|p1a: Tyranitar
|-sidestart|p1: mobjamin|Spikes
|
|-weather|Sandstorm|[upkeep]
|-heal|p2a: Skarmory|59/100 brn|[from] item: Leftovers
|-damage|p2a: Skarmory|47/100 brn|[from] brn
|-heal|p1a: Tyranitar|88/100|[from] item: Leftovers
|upkeep
|turn|28
|inactive|brotha dog has 240 seconds left.
|
|t:|1727911874
|move|p2a: Skarmory|Spikes|p1a: Tyranitar
|-sidestart|p1: mobjamin|Spikes
|move|p1a: Tyranitar|Fire Blast|p2a: Skarmory
|-supereffective|p2a: Skarmory
|-damage|p2a: Skarmory|0 fnt
|faint|p2a: Skarmory
|inactive|brotha dog has 240 seconds left.
|
|t:|1727911890
|switch|p2a: Swampert|Swampert, M|100/100
|-damage|p2a: Swampert|88/100|[from] Spikes
|
|-weather|Sandstorm|[upkeep]
|-heal|p1a: Tyranitar|94/100|[from] item: Leftovers
|-heal|p2a: Swampert|94/100|[from] item: Leftovers
|upkeep
|turn|29
|
|t:|1727911903
|move|p1a: Tyranitar|Crunch|p2a: Swampert
|-damage|p2a: Swampert|64/100
|move|p2a: Swampert|Earthquake|p1a: Tyranitar
|-supereffective|p1a: Tyranitar
|-damage|p1a: Tyranitar|40/100
|
|-weather|Sandstorm|[upkeep]
|-heal|p1a: Tyranitar|46/100|[from] item: Leftovers
|-heal|p2a: Swampert|70/100|[from] item: Leftovers
|upkeep
|turn|30
|
|t:|1727911910
|move|p1a: Tyranitar|Crunch|p2a: Swampert
|-damage|p2a: Swampert|36/100
|-unboost|p2a: Swampert|spd|1
|move|p2a: Swampert|Earthquake|p1a: Tyranitar
|-supereffective|p1a: Tyranitar
|-damage|p1a: Tyranitar|0 fnt
|faint|p1a: Tyranitar
|
|t:|1727911921
|switch|p1a: Umbreon|Umbreon, M|55/100 tox
|-damage|p1a: Umbreon|39/100 tox|[from] Spikes
|
|-weather|Sandstorm|[upkeep]
|-damage|p1a: Umbreon|33/100 tox|[from] Sandstorm
|-heal|p1a: Umbreon|39/100 tox|[from] item: Leftovers
|-damage|p1a: Umbreon|33/100 tox|[from] psn
|-heal|p2a: Swampert|42/100|[from] item: Leftovers
|upkeep
|turn|31
|inactive|brotha dog has 240 seconds left.
|
|t:|1727911938
|move|p1a: Umbreon|Wish|p1a: Umbreon
|move|p2a: Swampert|Earthquake|p1a: Umbreon
|-damage|p1a: Umbreon|2/100 tox
|
|-weather|Sandstorm|[upkeep]
|-damage|p1a: Umbreon|0 fnt|[from] Sandstorm
|faint|p1a: Umbreon
|-heal|p2a: Swampert|48/100|[from] item: Leftovers
|upkeep
|
|t:|1727911942
|switch|p1a: Aerodactyl|Aerodactyl, M|100/100
|turn|32
|inactive|brotha dog has 240 seconds left.
|
|t:|1727911955
|move|p1a: Aerodactyl|Hidden Power|p2a: Swampert
|-damage|p2a: Swampert|19/100
|move|p2a: Swampert|Hydro Pump|p1a: Aerodactyl
|-supereffective|p1a: Aerodactyl
|-damage|p1a: Aerodactyl|0 fnt
|faint|p1a: Aerodactyl
|
|win|brotha dog

</script>
<script type="application/json" class="data" id="replaydata-smogtours-gen3ou-794126">
{"id":"smogtours-gen3ou-794126","format":"[Gen 3] OU","players":["mobjamin","brotha dog"],"uploadtime":1727911955,"views":92,"formatid":"gen3ou","rating":null,"private":0,"password":null}
</script>

<script defer src="js/replays.js?9d40a366"></script>
