<!DOCTYPE html>
<meta charset="utf-8" />
<meta name="viewport" content="width=device-width" />

<title>[Gen 3] OU: SqueamishCube vs. Zoroark Nidoking - Replays - Pok&eacute;mon Showdown!</title>

<meta name="description" content="Watch a replay of a Pok&eacute;mon battle between SqueamishCube and Zoroark Nidoking! Format: [Gen 3] OU; Date: Oct 13, 2024" />
<!--

Hey, you! Looking in the source for the replay log?

You can find them in JSON format, just add `.json` at the end of a replay URL.

https://replay.pokemonshowdown.com/gen7randomdoublesbattle-865046831.json

Or, if you only need the log itself, add `.log` instead:

https://replay.pokemonshowdown.com/gen7randomdoublesbattle-865046831.log

-->

<link rel="stylesheet" href="//pokemonshowdown.com/style/global.css?0.767286132409787" />
<link rel="stylesheet" href="//play.pokemonshowdown.com/style/font-awesome.css?0.9266228007934947" />
<link rel="stylesheet" href="//play.pokemonshowdown.com/style/battle.css?0.7924700842790926" />
<link rel="stylesheet" href="//play.pokemonshowdown.com/style/utilichart.css?0.8777417872839479" />

<!-- Global site tag (gtag.js) - Google Analytics -->
<script async src="https://www.googletagmanager.com/gtag/js?id=UA-26211653-1"></script>
<script>
  window.dataLayer = window.dataLayer || [];
  function gtag(){dataLayer.push(arguments);}
  gtag('js', new Date());

  gtag('config', 'UA-26211653-1');
</script>
<!-- End Google Analytics -->
<!-- Venatus Ad Manager - Install in <HEAD> of page -->
	<script src="https://hb.vntsm.com/v3/live/ad-manager.min.js" type="text/javascript" data-site-id="642aba63ec9a7b11c3c9c1be" data-mode="scan" async></script>
<!-- / Venatus Ad Manager -->

<style>
	@media (max-width:820px) {
		.battle {
			margin: 0 auto;
		}
		.battle-log {
			margin: 7px auto 0;
			max-width: 640px;
			height: 300px;
			position: static;
		}
	}
	.optgroup {
		display: inline-block;
		line-height: 22px;
		font-size: 10pt;
	}
	.optgroup .button {
		height: 25px;
		padding-top: 0;
		padding-bottom: 0;
	}
	.optgroup button.button {
		padding-left: 12px;
		padding-right: 12px;
	}
	.linklist {
		list-style: none;
		margin: 0.5em 0;
		padding: 0;
	}
	.linklist li {
		padding: 2px 0;
	}
	.sidebar {
		float: left;
		width: 320px;
	}
	.bar-wrapper {
		max-width: 1100px;
		margin: 0 auto;
	}
	.bar-wrapper.has-sidebar {
		max-width: 1430px;
	}
	.mainbar {
		margin: 0;
		padding-right: 1px;
	}
	.mainbar.has-sidebar {
		margin-left: 330px;
	}
	@media (min-width: 1511px) {
		.sidebar {
			width: 400px;
		}
		.bar-wrapper.has-sidebar {
			max-width: 1510px;
		}
		.mainbar.has-sidebar {
			margin-left: 410px;
		}
	}
	.section.first-section {
		margin-top: 9px;
	}
	.blocklink small {
		white-space: normal;
	}
	.button {
		vertical-align: middle;
	}
	.replay-controls {
		padding-top: 10px;
	}
	.replay-controls h1 {
		font-size: 16pt;
		font-weight: normal;
		color: #CCC;
	}
	.pagelink {
		text-align: center;
	}
	.pagelink a {
		width: 150px;
	}
	.textbox, .button {
		font-size: 11pt;
		vertical-align: middle;
	}
	@media (max-width: 450px) {
		.button {
			font-size: 9pt;
		}
	}
</style>

<div>

	<header>
		<div class="nav-wrapper"><ul class="nav">
			<li><a class="button nav-first" href="//pokemonshowdown.com/"><img src="//pokemonshowdown.com/images/pokemonshowdownbeta.png" srcset="//pokemonshowdown.com/images/pokemonshowdownbeta.png 1x, //pokemonshowdown.com/images/pokemonshowdownbeta@2x.png 2x" alt="Pok&eacute;mon Showdown" width="146" height="44" /> Home</a></li>
			<li><a class="button" href="//pokemonshowdown.com/dex/">Pok&eacute;dex</a></li>
			<li><a class="button cur" href="/">Replays</a></li>
			<li><a class="button" href="//pokemonshowdown.com/ladder/">Ladder</a></li>
			<li><a class="button nav-last" href="//pokemonshowdown.com/forums/">Forum</a></li>
			<li><a class="button greenbutton nav-first nav-last" href="//play.pokemonshowdown.com/">Play</a></li>
		</ul></div>
	</header>

	<div class="main" id="main">

		<noscript><section class="section">You need to enable JavaScript to use this page; sorry!</section></noscript>

	</div>

</div>

<script defer nomodule src="//play.pokemonshowdown.com/js/lib/ps-polyfill.js"></script>
<script defer src="//play.pokemonshowdown.com/js/lib/preact.min.js"></script>

<script defer src="//play.pokemonshowdown.com/config/config.js?6dec07f6"></script>
<script defer src="//play.pokemonshowdown.com/js/lib/jquery-1.11.0.min.js"></script>
<script defer src="//play.pokemonshowdown.com/js/lib/html-sanitizer-minified.js"></script>
<script defer src="//play.pokemonshowdown.com/js/battle-sound.js"></script>
<script defer src="//play.pokemonshowdown.com/js/battledata.js?0.6315294753075389"></script>
<script defer src="//play.pokemonshowdown.com/data/pokedex-mini.js?0.7603743185311358"></script>
<script defer src="//play.pokemonshowdown.com/data/pokedex-mini-bw.js?0.030888842834281283"></script>
<script defer src="//play.pokemonshowdown.com/data/graphics.js?0.05593094747507488"></script>
<script defer src="//play.pokemonshowdown.com/data/pokedex.js?0.47064822249611904"></script>
<script defer src="//play.pokemonshowdown.com/data/moves.js?0.8583693120512459"></script>
<script defer src="//play.pokemonshowdown.com/data/abilities.js?0.16017181182386842"></script>
<script defer src="//play.pokemonshowdown.com/data/items.js?0.4163379185673943"></script>
<script defer src="//play.pokemonshowdown.com/data/teambuilder-tables.js?0.31075597372830477"></script>
<script defer src="//play.pokemonshowdown.com/js/battle-tooltips.js?0.6536193500708172"></script>
<script defer src="//play.pokemonshowdown.com/js/battle.js?0.1916591943277901"></script>

<script defer src="js/utils.js?e31f9a17"></script>
<script defer src="js/replays-battle.js?7008c182"></script>

<!-- don't scrape this data! just add .json or .log after the URL!
Full API docs: https://github.com/smogon/pokemon-showdown-client/blob/master/WEB-API.md -->
<script type="text/plain" class="log" id="replaylog-smogtours-gen3ou-797892">
|inactive|Battle timer is ON: inactive players will automatically lose when time's up.
|t:|1728780153
|gametype|singles
|player|p1|SqueamishCube|lyra|
|player|p2|Zoroark Nidoking|gambler|
|teamsize|p1|6
|teamsize|p2|6
|gen|3
|tier|[Gen 3] OU
|rule|Sleep Clause Mod: Limit one foe put to sleep
|rule|Switch Priority Clause Mod: Faster Pokémon switch first
|rule|Species Clause: Limit one of each Pokémon
|rule|OHKO Clause: OHKO moves are banned
|rule|Evasion Items Clause: Evasion items are banned
|rule|Evasion Moves Clause: Evasion moves are banned
|rule|Endless Battle Clause: Forcing endless battles is banned
|rule|HP Percentage Mod: HP is shown in percentages
|rule|One Boost Passer Clause: Limit one Baton Passer that has a way to boost its stats
|rule|Freeze Clause Mod: Limit one foe frozen
|
|t:|1728780153
|start
|switch|p1a: Skarmory|Skarmory, F|100/100
|switch|p2a: Putera|Aerodactyl, F, shiny|100/100
|turn|1
|
|t:|1728780175
|move|p2a: Putera|Ancient Power|p1a: Skarmory
|-damage|p1a: Skarmory|68/100
|move|p1a: Skarmory|Toxic|p2a: Putera
|-status|p2a: Putera|tox
|
|-damage|p2a: Putera|95/100 tox|[from] psn
|-heal|p1a: Skarmory|74/100|[from] item: Leftovers
|upkeep
|turn|2
|
|t:|1728780186
|move|p2a: Putera|Ancient Power|p1a: Skarmory
|-damage|p1a: Skarmory|45/100
|move|p1a: Skarmory|Spikes|p2a: Putera
|-sidestart|p2: Zoroark Nidoking|Spikes
|
|-damage|p2a: Putera|83/100 tox|[from] psn
|-heal|p1a: Skarmory|51/100|[from] item: Leftovers
|upkeep
|turn|3
|
|t:|1728780190
|move|p1a: Skarmory|Protect|p1a: Skarmory
|-singleturn|p1a: Skarmory|Protect
|move|p2a: Putera|Ancient Power|p1a: Skarmory
|-activate|p1a: Skarmory|Protect
|
|-damage|p2a: Putera|65/100 tox|[from] psn
|-heal|p1a: Skarmory|57/100|[from] item: Leftovers
|upkeep
|turn|4
|
|t:|1728780202
|switch|p1a: Swampert|Swampert, F|100/100
|move|p2a: Putera|Ancient Power|p1a: Swampert
|-resisted|p1a: Swampert
|-damage|p1a: Swampert|87/100
|
|-damage|p2a: Putera|41/100 tox|[from] psn
|-heal|p1a: Swampert|93/100|[from] item: Leftovers
|upkeep
|turn|5
|
|t:|1728780207
|switch|p2a: Time Leaf|Celebi|100/100
|-damage|p2a: Time Leaf|88/100|[from] Spikes
|move|p1a: Swampert|Ice Beam|p2a: Time Leaf
|-supereffective|p2a: Time Leaf
|-damage|p2a: Time Leaf|52/100
|
|-heal|p2a: Time Leaf|58/100|[from] item: Leftovers
|-heal|p1a: Swampert|99/100|[from] item: Leftovers
|upkeep
|turn|6
|
|t:|1728780220
|move|p1a: Swampert|Protect|p1a: Swampert
|-singleturn|p1a: Swampert|Protect
|move|p2a: Time Leaf|Recover|p2a: Time Leaf
|-heal|p2a: Time Leaf|100/100
|
|-heal|p1a: Swampert|100/100|[from] item: Leftovers
|upkeep
|turn|7
|
|t:|1728780229
|switch|p1a: Skarmory|Skarmory, F|57/100
|move|p2a: Time Leaf|Swords Dance|p2a: Time Leaf
|-boost|p2a: Time Leaf|atk|2
|
|-heal|p1a: Skarmory|63/100|[from] item: Leftovers
|upkeep
|turn|8
|
|t:|1728780237
|move|p2a: Time Leaf|Swords Dance|p2a: Time Leaf
|-boost|p2a: Time Leaf|atk|2
|move|p1a: Skarmory|Roar|p2a: Time Leaf
|drag|p2a: Spin Bug|Forretress, M, shiny|100/100
|-damage|p2a: Spin Bug|88/100|[from] Spikes
|
|-heal|p1a: Skarmory|69/100|[from] item: Leftovers
|-heal|p2a: Spin Bug|94/100|[from] item: Leftovers
|upkeep
|turn|9
|
|t:|1728780243
|switch|p1a: Gengar|Gengar, F|100/100
|move|p2a: Spin Bug|Light Screen|p2a: Spin Bug
|-sidestart|p2: Zoroark Nidoking|Light Screen
|
|-heal|p2a: Spin Bug|100/100|[from] item: Leftovers
|upkeep
|turn|10
|
|t:|1728780251
|move|p1a: Gengar|Will-O-Wisp|p2a: Spin Bug
|-status|p2a: Spin Bug|brn
|move|p2a: Spin Bug|Spikes|p1a: Gengar
|-sidestart|p1: SqueamishCube|Spikes
|
|-damage|p2a: Spin Bug|88/100 brn|[from] brn
|upkeep
|turn|11
|
|t:|1728780254
|move|p1a: Gengar|Thunderbolt|p2a: Spin Bug
|-damage|p2a: Spin Bug|70/100 brn
|move|p2a: Spin Bug|Spikes|p1a: Gengar
|-sidestart|p1: SqueamishCube|Spikes
|
|-heal|p2a: Spin Bug|76/100 brn|[from] item: Leftovers
|-damage|p2a: Spin Bug|63/100 brn|[from] brn
|upkeep
|turn|12
|
|t:|1728780257
|move|p1a: Gengar|Thunderbolt|p2a: Spin Bug
|-damage|p2a: Spin Bug|42/100 brn
|move|p2a: Spin Bug|Spikes|p1a: Gengar
|-sidestart|p1: SqueamishCube|Spikes
|
|-heal|p2a: Spin Bug|48/100 brn|[from] item: Leftovers
|-damage|p2a: Spin Bug|36/100 brn|[from] brn
|upkeep
|turn|13
|
|t:|1728780259
|switch|p2a: Trapin' Guy|Dugtrio, M|100/100
|-damage|p2a: Trapin' Guy|88/100|[from] Spikes
|move|p1a: Gengar|Thunderbolt|p2a: Trapin' Guy
|-immune|p2a: Trapin' Guy
|
|-sideend|p2: Zoroark Nidoking|Light Screen
|upkeep
|turn|14
|
|t:|1728780266
|switch|p1a: Swampert|Swampert, F|100/100
|-damage|p1a: Swampert|76/100|[from] Spikes
|move|p2a: Trapin' Guy|Rock Slide|p1a: Swampert
|-resisted|p1a: Swampert
|-damage|p1a: Swampert|66/100
|
|-heal|p1a: Swampert|72/100|[from] item: Leftovers
|upkeep
|turn|15
|
|t:|1728780276
|switch|p2a: Putera|Aerodactyl, F, shiny|41/100 tox
|move|p1a: Swampert|Hydro Pump|p2a: Putera
|-supereffective|p2a: Putera
|-damage|p2a: Putera|0 fnt
|faint|p2a: Putera
|
|t:|1728780281
|switch|p2a: Time Leaf|Celebi|100/100
|-damage|p2a: Time Leaf|88/100|[from] Spikes
|
|-heal|p2a: Time Leaf|94/100|[from] item: Leftovers
|-heal|p1a: Swampert|79/100|[from] item: Leftovers
|upkeep
|turn|16
|
|t:|1728780295
|switch|p1a: Skarmory|Skarmory, F|69/100
|move|p2a: Time Leaf|Baton Pass|p2a: Time Leaf
|
|t:|1728780301
|switch|p2a: Rockzilla|Tyranitar, M, shiny|100/100|[from] Baton Pass
|-damage|p2a: Rockzilla|88/100|[from] Spikes
|-weather|Sandstorm|[from] ability: Sand Stream|[of] p2a: Rockzilla
|
|-weather|Sandstorm|[upkeep]
|-heal|p1a: Skarmory|75/100|[from] item: Leftovers
|upkeep
|turn|17
|
|t:|1728780308
|move|p1a: Skarmory|Protect|p1a: Skarmory
|-singleturn|p1a: Skarmory|Protect
|move|p2a: Rockzilla|Ancient Power|p1a: Skarmory
|-activate|p1a: Skarmory|Protect
|
|-weather|Sandstorm|[upkeep]
|-heal|p1a: Skarmory|81/100|[from] item: Leftovers
|upkeep
|turn|18
|
|t:|1728780311
|move|p2a: Rockzilla|Ancient Power|p1a: Skarmory
|-damage|p1a: Skarmory|40/100
|move|p1a: Skarmory|Toxic|p2a: Rockzilla
|-status|p2a: Rockzilla|tox
|
|-weather|Sandstorm|[upkeep]
|-damage|p2a: Rockzilla|82/100 tox|[from] psn
|-heal|p1a: Skarmory|46/100|[from] item: Leftovers
|upkeep
|turn|19
|
|t:|1728780314
|move|p1a: Skarmory|Protect|p1a: Skarmory
|-singleturn|p1a: Skarmory|Protect
|move|p2a: Rockzilla|Ancient Power|p1a: Skarmory
|-activate|p1a: Skarmory|Protect
|
|-weather|Sandstorm|[upkeep]
|-damage|p2a: Rockzilla|70/100 tox|[from] psn
|-heal|p1a: Skarmory|52/100|[from] item: Leftovers
|upkeep
|turn|20
|
|t:|1728780322
|move|p2a: Rockzilla|Ancient Power|p1a: Skarmory
|-damage|p1a: Skarmory|10/100
|move|p1a: Skarmory|Roar|p2a: Rockzilla
|drag|p2a: egg|Blissey, F, shiny|100/100
|-damage|p2a: egg|88/100|[from] Spikes
|
|-weather|Sandstorm|[upkeep]
|-damage|p2a: egg|82/100|[from] Sandstorm
|-heal|p1a: Skarmory|16/100|[from] item: Leftovers
|-heal|p2a: egg|88/100|[from] item: Leftovers
|upkeep
|turn|21
|
|t:|1728780328
|move|p1a: Skarmory|Protect|p1a: Skarmory
|-singleturn|p1a: Skarmory|Protect
|move|p2a: egg|Aromatherapy|p2a: egg
|-cureteam|p2a: egg|[from] move: Aromatherapy
|
|-weather|Sandstorm|[upkeep]
|-damage|p2a: egg|82/100|[from] Sandstorm
|-heal|p1a: Skarmory|22/100|[from] item: Leftovers
|-heal|p2a: egg|88/100|[from] item: Leftovers
|upkeep
|turn|22
|
|t:|1728780355
|switch|p1a: Starmie|Starmie|100/100
|-damage|p1a: Starmie|76/100|[from] Spikes
|move|p2a: egg|Ice Beam|p1a: Starmie
|-resisted|p1a: Starmie
|-damage|p1a: Starmie|62/100
|
|-weather|Sandstorm|[upkeep]
|-damage|p1a: Starmie|55/100|[from] Sandstorm
|-damage|p2a: egg|82/100|[from] Sandstorm
|-heal|p1a: Starmie|62/100|[from] item: Leftovers
|-heal|p2a: egg|88/100|[from] item: Leftovers
|upkeep
|turn|23
|
|t:|1728780360
|move|p1a: Starmie|Rapid Spin|p2a: egg
|-damage|p2a: egg|85/100
|-sideend|p1: SqueamishCube|Spikes|[from] move: Rapid Spin|[of] p1a: Starmie
|move|p2a: egg|Toxic|p1a: Starmie
|-status|p1a: Starmie|tox
|
|-weather|Sandstorm|[upkeep]
|-damage|p1a: Starmie|55/100 tox|[from] Sandstorm
|-damage|p2a: egg|79/100|[from] Sandstorm
|-heal|p1a: Starmie|62/100 tox|[from] item: Leftovers
|-damage|p1a: Starmie|55/100 tox|[from] psn
|-heal|p2a: egg|85/100|[from] item: Leftovers
|upkeep
|turn|24
|
|t:|1728780381
|-curestatus|p1a: Starmie|tox|[from] ability: Natural Cure
|switch|p1a: Tyranitar|Tyranitar, F|100/100
|switch|p2a: Time Leaf|Celebi|94/100
|-damage|p2a: Time Leaf|82/100|[from] Spikes
|
|-weather|Sandstorm|[upkeep]
|-damage|p2a: Time Leaf|76/100|[from] Sandstorm
|-heal|p2a: Time Leaf|82/100|[from] item: Leftovers
|upkeep
|turn|25
|
|t:|1728780388
|move|p2a: Time Leaf|Swords Dance|p2a: Time Leaf
|-boost|p2a: Time Leaf|atk|2
|move|p1a: Tyranitar|Hidden Power|p2a: Time Leaf
|-supereffective|p2a: Time Leaf
|-damage|p2a: Time Leaf|17/100
|
|-weather|Sandstorm|[upkeep]
|-damage|p2a: Time Leaf|11/100|[from] Sandstorm
|-heal|p2a: Time Leaf|17/100|[from] item: Leftovers
|upkeep
|turn|26
|
|t:|1728780393
|move|p2a: Time Leaf|Hidden Power|p1a: Tyranitar
|-supereffective|p1a: Tyranitar
|-damage|p1a: Tyranitar|7/100
|move|p1a: Tyranitar|Hidden Power|p2a: Time Leaf
|-supereffective|p2a: Time Leaf
|-damage|p2a: Time Leaf|0 fnt
|faint|p2a: Time Leaf
|
|t:|1728780405
|switch|p2a: Trapin' Guy|Dugtrio, M|88/100
|-damage|p2a: Trapin' Guy|76/100|[from] Spikes
|
|-weather|Sandstorm|[upkeep]
|-heal|p1a: Tyranitar|13/100|[from] item: Leftovers
|upkeep
|turn|27
|
|t:|1728780414
|-singleturn|p1a: Tyranitar|move: Focus Punch
|move|p2a: Trapin' Guy|Double-Edge|p1a: Tyranitar
|-resisted|p1a: Tyranitar
|-damage|p1a: Tyranitar|0 fnt
|-damage|p2a: Trapin' Guy|68/100|[from] Recoil|[of] p1a: Tyranitar
|faint|p1a: Tyranitar
|
|t:|1728780420
|switch|p1a: Swampert|Swampert, F|79/100
|
|-weather|Sandstorm|[upkeep]
|-heal|p1a: Swampert|85/100|[from] item: Leftovers
|upkeep
|turn|28
|
|t:|1728780425
|move|p2a: Trapin' Guy|Double-Edge|p1a: Swampert
|-damage|p1a: Swampert|53/100
|-damage|p2a: Trapin' Guy|48/100|[from] Recoil|[of] p1a: Swampert
|move|p1a: Swampert|Hydro Pump|p2a: Trapin' Guy
|-supereffective|p2a: Trapin' Guy
|-damage|p2a: Trapin' Guy|0 fnt
|faint|p2a: Trapin' Guy
|
|t:|1728780430
|switch|p2a: egg|Blissey, F, shiny|85/100
|-damage|p2a: egg|72/100|[from] Spikes
|
|-weather|Sandstorm|[upkeep]
|-damage|p2a: egg|66/100|[from] Sandstorm
|-heal|p1a: Swampert|60/100|[from] item: Leftovers
|-heal|p2a: egg|72/100|[from] item: Leftovers
|upkeep
|turn|29
|
|t:|1728780447
|switch|p1a: Skarmory|Skarmory, F|22/100
|move|p2a: egg|Toxic|p1a: Skarmory
|-immune|p1a: Skarmory
|
|-weather|Sandstorm|[upkeep]
|-damage|p2a: egg|66/100|[from] Sandstorm
|-heal|p1a: Skarmory|28/100|[from] item: Leftovers
|-heal|p2a: egg|72/100|[from] item: Leftovers
|upkeep
|turn|30
|
|t:|1728780460
|move|p1a: Skarmory|Protect|p1a: Skarmory
|-singleturn|p1a: Skarmory|Protect
|move|p2a: egg|Ice Beam|p1a: Skarmory
|-activate|p1a: Skarmory|Protect
|
|-weather|Sandstorm|[upkeep]
|-damage|p2a: egg|66/100|[from] Sandstorm
|-heal|p1a: Skarmory|34/100|[from] item: Leftovers
|-heal|p2a: egg|72/100|[from] item: Leftovers
|upkeep
|turn|31
|
|t:|1728780467
|move|p1a: Skarmory|Spikes|p2a: egg
|-sidestart|p2: Zoroark Nidoking|Spikes
|move|p2a: egg|Ice Beam|p1a: Skarmory
|-damage|p1a: Skarmory|16/100
|-status|p1a: Skarmory|frz
|
|-weather|Sandstorm|[upkeep]
|-damage|p2a: egg|66/100|[from] Sandstorm
|-heal|p1a: Skarmory|22/100 frz|[from] item: Leftovers
|-heal|p2a: egg|72/100|[from] item: Leftovers
|upkeep
|turn|32
|
|t:|1728780475
|switch|p2a: Rockzilla|Tyranitar, M, shiny|70/100
|-damage|p2a: Rockzilla|53/100|[from] Spikes
|cant|p1a: Skarmory|frz
|
|-weather|Sandstorm|[upkeep]
|-heal|p1a: Skarmory|28/100 frz|[from] item: Leftovers
|upkeep
|turn|33
|
|t:|1728780483
|move|p2a: Rockzilla|Ancient Power|p1a: Skarmory
|-damage|p1a: Skarmory|0 fnt
|faint|p1a: Skarmory
|
|t:|1728780488
|switch|p1a: Starmie|Starmie|55/100
|
|-weather|Sandstorm|[upkeep]
|-damage|p1a: Starmie|49/100|[from] Sandstorm
|-heal|p1a: Starmie|55/100|[from] item: Leftovers
|upkeep
|turn|34
|
|t:|1728780491
|move|p1a: Starmie|Hydro Pump|p2a: Rockzilla
|-supereffective|p2a: Rockzilla
|-damage|p2a: Rockzilla|0 fnt
|faint|p2a: Rockzilla
|
|t:|1728780495
|switch|p2a: Spin Bug|Forretress, M, shiny|36/100
|-damage|p2a: Spin Bug|19/100|[from] Spikes
|
|-weather|Sandstorm|[upkeep]
|-damage|p1a: Starmie|49/100|[from] Sandstorm
|-heal|p1a: Starmie|55/100|[from] item: Leftovers
|-heal|p2a: Spin Bug|25/100|[from] item: Leftovers
|upkeep
|turn|35
|
|t:|1728780500
|switch|p1a: Gengar|Gengar, F|100/100
|move|p2a: Spin Bug|Light Screen|p2a: Spin Bug
|-sidestart|p2: Zoroark Nidoking|Light Screen
|
|-weather|Sandstorm|[upkeep]
|-damage|p1a: Gengar|95/100|[from] Sandstorm
|-heal|p1a: Gengar|100/100|[from] item: Leftovers
|-heal|p2a: Spin Bug|31/100|[from] item: Leftovers
|upkeep
|turn|36
|
|t:|1728780505
|switch|p2a: egg|Blissey, F, shiny|72/100
|-damage|p2a: egg|56/100|[from] Spikes
|move|p1a: Gengar|Thunderbolt|p2a: egg
|-crit|p2a: egg
|-damage|p2a: egg|37/100
|
|-weather|Sandstorm|[upkeep]
|-damage|p1a: Gengar|95/100|[from] Sandstorm
|-damage|p2a: egg|31/100|[from] Sandstorm
|-heal|p1a: Gengar|100/100|[from] item: Leftovers
|-heal|p2a: egg|37/100|[from] item: Leftovers
|upkeep
|turn|37
|
|t:|1728780514
|move|p1a: Gengar|Thunderbolt|p2a: egg
|-damage|p2a: egg|32/100
|-status|p2a: egg|par
|move|p2a: egg|Soft-Boiled|p2a: egg
|-heal|p2a: egg|82/100 par
|
|-weather|Sandstorm|[upkeep]
|-damage|p1a: Gengar|95/100|[from] Sandstorm
|-damage|p2a: egg|76/100 par|[from] Sandstorm
|-heal|p1a: Gengar|100/100|[from] item: Leftovers
|-heal|p2a: egg|82/100 par|[from] item: Leftovers
|upkeep
|turn|38
|
|t:|1728780530
|move|p1a: Gengar|Explosion|p2a: egg
|-damage|p2a: egg|0 fnt
|faint|p1a: Gengar
|faint|p2a: egg
|
|t:|1728780535
|switch|p1a: Starmie|Starmie|55/100
|switch|p2a: Spin Bug|Forretress, M, shiny|31/100
|-damage|p2a: Spin Bug|15/100|[from] Spikes
|
|-weather|Sandstorm|[upkeep]
|-damage|p1a: Starmie|49/100|[from] Sandstorm
|-heal|p1a: Starmie|55/100|[from] item: Leftovers
|-heal|p2a: Spin Bug|21/100|[from] item: Leftovers
|upkeep
|turn|39
|
|t:|1728780553
|move|p1a: Starmie|Hydro Pump|p2a: Spin Bug|[miss]
|-miss|p1a: Starmie|p2a: Spin Bug
|move|p2a: Spin Bug|Explosion|p1a: Starmie
|-damage|p1a: Starmie|0 fnt
|faint|p2a: Spin Bug
|faint|p1a: Starmie
|
|win|SqueamishCube

</script>
<script type="application/json" class="data" id="replaydata-smogtours-gen3ou-797892">
{"id":"smogtours-gen3ou-797892","format":"[Gen 3] OU","players":["SqueamishCube","Zoroark Nidoking"],"uploadtime":1728780553,"views":87,"formatid":"gen3ou","rating":null,"private":0,"password":null}
</script>

<script defer src="js/replays.js?9d40a366"></script>
