<!DOCTYPE html>
<meta charset="utf-8" />
<meta name="viewport" content="width=device-width" />

<title>[Gen 3] OU: Faantome vs. Rebatca - Replays - Pok&eacute;mon Showdown!</title>

<meta name="description" content="Watch a replay of a Pok&eacute;mon battle between Faantome and Rebatca! Format: [Gen 3] OU; Date: Oct 2, 2024" />
<!--

Hey, you! Looking in the source for the replay log?

You can find them in JSON format, just add `.json` at the end of a replay URL.

https://replay.pokemonshowdown.com/gen7randomdoublesbattle-865046831.json

Or, if you only need the log itself, add `.log` instead:

https://replay.pokemonshowdown.com/gen7randomdoublesbattle-865046831.log

-->

<link rel="stylesheet" href="//pokemonshowdown.com/style/global.css?0.767286132409787" />
<link rel="stylesheet" href="//play.pokemonshowdown.com/style/font-awesome.css?0.9266228007934947" />
<link rel="stylesheet" href="//play.pokemonshowdown.com/style/battle.css?0.7924700842790926" />
<link rel="stylesheet" href="//play.pokemonshowdown.com/style/utilichart.css?0.8777417872839479" />

<!-- Global site tag (gtag.js) - Google Analytics -->
<script async src="https://www.googletagmanager.com/gtag/js?id=UA-26211653-1"></script>
<script>
  window.dataLayer = window.dataLayer || [];
  function gtag(){dataLayer.push(arguments);}
  gtag('js', new Date());

  gtag('config', 'UA-26211653-1');
</script>
<!-- End Google Analytics -->
<!-- Venatus Ad Manager - Install in <HEAD> of page -->
	<script src="https://hb.vntsm.com/v3/live/ad-manager.min.js" type="text/javascript" data-site-id="642aba63ec9a7b11c3c9c1be" data-mode="scan" async></script>
<!-- / Venatus Ad Manager -->

<style>
	@media (max-width:820px) {
		.battle {
			margin: 0 auto;
		}
		.battle-log {
			margin: 7px auto 0;
			max-width: 640px;
			height: 300px;
			position: static;
		}
	}
	.optgroup {
		display: inline-block;
		line-height: 22px;
		font-size: 10pt;
	}
	.optgroup .button {
		height: 25px;
		padding-top: 0;
		padding-bottom: 0;
	}
	.optgroup button.button {
		padding-left: 12px;
		padding-right: 12px;
	}
	.linklist {
		list-style: none;
		margin: 0.5em 0;
		padding: 0;
	}
	.linklist li {
		padding: 2px 0;
	}
	.sidebar {
		float: left;
		width: 320px;
	}
	.bar-wrapper {
		max-width: 1100px;
		margin: 0 auto;
	}
	.bar-wrapper.has-sidebar {
		max-width: 1430px;
	}
	.mainbar {
		margin: 0;
		padding-right: 1px;
	}
	.mainbar.has-sidebar {
		margin-left: 330px;
	}
	@media (min-width: 1511px) {
		.sidebar {
			width: 400px;
		}
		.bar-wrapper.has-sidebar {
			max-width: 1510px;
		}
		.mainbar.has-sidebar {
			margin-left: 410px;
		}
	}
	.section.first-section {
		margin-top: 9px;
	}
	.blocklink small {
		white-space: normal;
	}
	.button {
		vertical-align: middle;
	}
	.replay-controls {
		padding-top: 10px;
	}
	.replay-controls h1 {
		font-size: 16pt;
		font-weight: normal;
		color: #CCC;
	}
	.pagelink {
		text-align: center;
	}
	.pagelink a {
		width: 150px;
	}
	.textbox, .button {
		font-size: 11pt;
		vertical-align: middle;
	}
	@media (max-width: 450px) {
		.button {
			font-size: 9pt;
		}
	}
</style>

<div>

	<header>
		<div class="nav-wrapper"><ul class="nav">
			<li><a class="button nav-first" href="//pokemonshowdown.com/"><img src="//pokemonshowdown.com/images/pokemonshowdownbeta.png" srcset="//pokemonshowdown.com/images/pokemonshowdownbeta.png 1x, //pokemonshowdown.com/images/pokemonshowdownbeta@2x.png 2x" alt="Pok&eacute;mon Showdown" width="146" height="44" /> Home</a></li>
			<li><a class="button" href="//pokemonshowdown.com/dex/">Pok&eacute;dex</a></li>
			<li><a class="button cur" href="/">Replays</a></li>
			<li><a class="button" href="//pokemonshowdown.com/ladder/">Ladder</a></li>
			<li><a class="button nav-last" href="//pokemonshowdown.com/forums/">Forum</a></li>
			<li><a class="button greenbutton nav-first nav-last" href="//play.pokemonshowdown.com/">Play</a></li>
		</ul></div>
	</header>

	<div class="main" id="main">

		<noscript><section class="section">You need to enable JavaScript to use this page; sorry!</section></noscript>

	</div>

</div>

<script defer nomodule src="//play.pokemonshowdown.com/js/lib/ps-polyfill.js"></script>
<script defer src="//play.pokemonshowdown.com/js/lib/preact.min.js"></script>

<script defer src="//play.pokemonshowdown.com/config/config.js?6dec07f6"></script>
<script defer src="//play.pokemonshowdown.com/js/lib/jquery-1.11.0.min.js"></script>
<script defer src="//play.pokemonshowdown.com/js/lib/html-sanitizer-minified.js"></script>
<script defer src="//play.pokemonshowdown.com/js/battle-sound.js"></script>
<script defer src="//play.pokemonshowdown.com/js/battledata.js?0.6315294753075389"></script>
<script defer src="//play.pokemonshowdown.com/data/pokedex-mini.js?0.7603743185311358"></script>
<script defer src="//play.pokemonshowdown.com/data/pokedex-mini-bw.js?0.030888842834281283"></script>
<script defer src="//play.pokemonshowdown.com/data/graphics.js?0.05593094747507488"></script>
<script defer src="//play.pokemonshowdown.com/data/pokedex.js?0.47064822249611904"></script>
<script defer src="//play.pokemonshowdown.com/data/moves.js?0.8583693120512459"></script>
<script defer src="//play.pokemonshowdown.com/data/abilities.js?0.16017181182386842"></script>
<script defer src="//play.pokemonshowdown.com/data/items.js?0.4163379185673943"></script>
<script defer src="//play.pokemonshowdown.com/data/teambuilder-tables.js?0.31075597372830477"></script>
<script defer src="//play.pokemonshowdown.com/js/battle-tooltips.js?0.6536193500708172"></script>
<script defer src="//play.pokemonshowdown.com/js/battle.js?0.1916591943277901"></script>

<script defer src="js/utils.js?e31f9a17"></script>
<script defer src="js/replays-battle.js?7008c182"></script>

<!-- don't scrape this data! just add .json or .log after the URL!
Full API docs: https://github.com/smogon/pokemon-showdown-client/blob/master/WEB-API.md -->
<script type="text/plain" class="log" id="replaylog-smogtours-gen3ou-794022">
|inactive|Battle timer is ON: inactive players will automatically lose when time's up.
|t:|1727898465
|gametype|singles
|player|p1|Faantome|sabi|
|player|p2|Rebatca|266|
|teamsize|p1|6
|teamsize|p2|6
|gen|3
|tier|[Gen 3] OU
|rule|Sleep Clause Mod: Limit one foe put to sleep
|rule|Switch Priority Clause Mod: Faster Pokémon switch first
|rule|Species Clause: Limit one of each Pokémon
|rule|OHKO Clause: OHKO moves are banned
|rule|Evasion Items Clause: Evasion items are banned
|rule|Evasion Moves Clause: Evasion moves are banned
|rule|Endless Battle Clause: Forcing endless battles is banned
|rule|HP Percentage Mod: HP is shown in percentages
|rule|One Boost Passer Clause: Limit one Baton Passer that has a way to boost its stats
|rule|Freeze Clause Mod: Limit one foe frozen
|
|t:|1727898465
|start
|switch|p1a: Tyranitar|Tyranitar, F|100/100
|switch|p2a: Stixelee|Steelix, F|100/100
|-weather|Sandstorm|[from] ability: Sand Stream|[of] p1a: Tyranitar
|turn|1
|
|t:|1727898480
|switch|p1a: Salamence|Salamence, F|100/100
|-ability|p1a: Salamence|Intimidate|boost
|-unboost|p2a: Stixelee|atk|1
|move|p2a: Stixelee|Double-Edge|p1a: Salamence
|-damage|p1a: Salamence|75/100
|
|-weather|Sandstorm|[upkeep]
|-damage|p1a: Salamence|69/100|[from] Sandstorm
|-heal|p1a: Salamence|75/100|[from] item: Leftovers
|upkeep
|turn|2
|
|t:|1727898496
|switch|p1a: Metagross|Metagross|100/100
|switch|p2a: Nesuic|Suicune, shiny|100/100
|
|-weather|Sandstorm|[upkeep]
|-damage|p2a: Nesuic|94/100|[from] Sandstorm
|-heal|p2a: Nesuic|100/100|[from] item: Leftovers
|upkeep
|turn|3
|
|t:|1727898511
|switch|p2a: Morak|Skarmory, M|100/100
|move|p1a: Metagross|Meteor Mash|p2a: Morak
|-resisted|p2a: Morak
|-damage|p2a: Morak|84/100
|
|-weather|Sandstorm|[upkeep]
|-heal|p2a: Morak|90/100|[from] item: Leftovers
|upkeep
|turn|4
|
|t:|1727898519
|switch|p1a: Magneton|Magneton|100/100
|move|p2a: Morak|Spikes|p1a: Magneton
|-sidestart|p1: Faantome|Spikes
|
|-weather|Sandstorm|[upkeep]
|-heal|p2a: Morak|96/100|[from] item: Leftovers
|upkeep
|turn|5
|
|t:|1727898523
|move|p1a: Magneton|Thunderbolt|p2a: Morak
|-supereffective|p2a: Morak
|-damage|p2a: Morak|0 fnt
|faint|p2a: Morak
|
|t:|1727898549
|switch|p2a: Stibbily|Blissey, F|100/100
|
|-weather|Sandstorm|[upkeep]
|-damage|p2a: Stibbily|94/100|[from] Sandstorm
|-heal|p2a: Stibbily|100/100|[from] item: Leftovers
|upkeep
|turn|6
|
|t:|1727898565
|move|p1a: Magneton|Toxic|p2a: Stibbily
|-status|p2a: Stibbily|tox
|move|p2a: Stibbily|Ice Beam|p1a: Magneton
|-resisted|p1a: Magneton
|-damage|p1a: Magneton|78/100
|
|-weather|Sandstorm|[upkeep]
|-damage|p2a: Stibbily|94/100 tox|[from] Sandstorm
|-heal|p2a: Stibbily|100/100 tox|[from] item: Leftovers
|-damage|p2a: Stibbily|94/100 tox|[from] psn
|upkeep
|turn|7
|
|t:|1727898577
|switch|p1a: Metagross|Metagross|100/100
|-damage|p1a: Metagross|88/100|[from] Spikes
|switch|p2a: Stixelee|Steelix, F|100/100
|
|-weather|Sandstorm|[upkeep]
|-heal|p1a: Metagross|94/100|[from] item: Leftovers
|upkeep
|turn|8
|
|t:|1727898590
|move|p1a: Metagross|Earthquake|p2a: Stixelee
|-supereffective|p2a: Stixelee
|-damage|p2a: Stixelee|62/100
|move|p2a: Stixelee|Explosion|p1a: Metagross
|-resisted|p1a: Metagross
|-damage|p1a: Metagross|49/100
|faint|p2a: Stixelee
|
|t:|1727898593
|switch|p2a: Nesuic|Suicune, shiny|100/100
|
|-weather|Sandstorm|[upkeep]
|-damage|p2a: Nesuic|94/100|[from] Sandstorm
|-heal|p2a: Nesuic|100/100|[from] item: Leftovers
|-heal|p1a: Metagross|55/100|[from] item: Leftovers
|upkeep
|turn|9
|inactive|Faantome has 270 seconds left.
|
|t:|1727898625
|switch|p2a: Dalmarlo!|Armaldo, F, shiny|100/100
|move|p1a: Metagross|Protect||[still]
|-fail|p1a: Metagross
|
|-weather|Sandstorm|[upkeep]
|-heal|p1a: Metagross|61/100|[from] item: Leftovers
|upkeep
|turn|10
|inactive|Rebatca has 270 seconds left.
|
|t:|1727898656
|switch|p2a: Nesuic|Suicune, shiny|100/100
|move|p1a: Metagross|Meteor Mash|p2a: Nesuic
|-resisted|p2a: Nesuic
|-damage|p2a: Nesuic|82/100
|
|-weather|Sandstorm|[upkeep]
|-damage|p2a: Nesuic|76/100|[from] Sandstorm
|-heal|p2a: Nesuic|82/100|[from] item: Leftovers
|-heal|p1a: Metagross|67/100|[from] item: Leftovers
|upkeep
|turn|11
|inactive|Rebatca has 270 seconds left.
|inactive|Faantome has 270 seconds left.
|
|t:|1727898682
|move|p2a: Nesuic|Calm Mind|p2a: Nesuic
|-boost|p2a: Nesuic|spa|1
|-boost|p2a: Nesuic|spd|1
|move|p1a: Metagross|Explosion|p2a: Nesuic
|-damage|p2a: Nesuic|0 fnt
|faint|p1a: Metagross
|faint|p2a: Nesuic
|inactive|Faantome has 270 seconds left.
|
|t:|1727898689
|switch|p2a: oh...|Chansey, F|100/100
|switch|p1a: Tyranitar|Tyranitar, F|100/100
|-damage|p1a: Tyranitar|88/100|[from] Spikes
|
|-weather|Sandstorm|[upkeep]
|-damage|p2a: oh...|94/100|[from] Sandstorm
|-heal|p2a: oh...|100/100|[from] item: Leftovers
|upkeep
|turn|12
|
|t:|1727898696
|switch|p1a: Celebi|Celebi|100/100
|-damage|p1a: Celebi|88/100|[from] Spikes
|move|p2a: oh...|Toxic|p1a: Celebi
|-status|p1a: Celebi|tox
|
|-weather|Sandstorm|[upkeep]
|-damage|p1a: Celebi|82/100 tox|[from] Sandstorm
|-damage|p2a: oh...|94/100|[from] Sandstorm
|-heal|p1a: Celebi|88/100 tox|[from] item: Leftovers
|-damage|p1a: Celebi|82/100 tox|[from] psn
|-heal|p2a: oh...|100/100|[from] item: Leftovers
|upkeep
|turn|13
|
|t:|1727898706
|move|p1a: Celebi|Leech Seed|p2a: oh...
|-start|p2a: oh...|move: Leech Seed
|move|p2a: oh...|Seismic Toss|p1a: Celebi
|-damage|p1a: Celebi|56/100 tox
|
|-weather|Sandstorm|[upkeep]
|-damage|p1a: Celebi|50/100 tox|[from] Sandstorm
|-damage|p2a: oh...|94/100|[from] Sandstorm
|-heal|p1a: Celebi|56/100 tox|[from] item: Leftovers
|-damage|p1a: Celebi|44/100 tox|[from] psn
|-heal|p2a: oh...|100/100|[from] item: Leftovers
|-damage|p2a: oh...|88/100|[from] Leech Seed|[of] p1a: Celebi
|-heal|p1a: Celebi|67/100 tox|[silent]
|upkeep
|turn|14
|
|t:|1727898716
|-curestatus|p1a: Celebi|tox|[from] ability: Natural Cure
|switch|p1a: Salamence|Salamence, F|75/100
|-ability|p1a: Salamence|Intimidate|boost
|-unboost|p2a: oh...|atk|1
|move|p2a: oh...|Aromatherapy|p2a: oh...
|-cureteam|p2a: oh...|[from] move: Aromatherapy
|
|-weather|Sandstorm|[upkeep]
|-damage|p1a: Salamence|69/100|[from] Sandstorm
|-damage|p2a: oh...|82/100|[from] Sandstorm
|-heal|p1a: Salamence|75/100|[from] item: Leftovers
|-heal|p2a: oh...|88/100|[from] item: Leftovers
|-damage|p2a: oh...|75/100|[from] Leech Seed|[of] p1a: Salamence
|-heal|p1a: Salamence|99/100|[silent]
|upkeep
|turn|15
|
|t:|1727898728
|switch|p2a: Dalmarlo!|Armaldo, F, shiny|100/100
|move|p1a: Salamence|Dragon Dance|p1a: Salamence
|-boost|p1a: Salamence|atk|1
|-boost|p1a: Salamence|spe|1
|
|-weather|Sandstorm|[upkeep]
|-damage|p1a: Salamence|94/100|[from] Sandstorm
|-heal|p1a: Salamence|99/100|[from] item: Leftovers
|upkeep
|turn|16
|
|t:|1727898747
|move|p1a: Salamence|Rock Slide|p2a: Dalmarlo!
|-supereffective|p2a: Dalmarlo!
|-damage|p2a: Dalmarlo!|10/100
|cant|p2a: Dalmarlo!|flinch
|
|-weather|Sandstorm|[upkeep]
|-damage|p1a: Salamence|94/100|[from] Sandstorm
|-heal|p1a: Salamence|99/100|[from] item: Leftovers
|-heal|p2a: Dalmarlo!|16/100|[from] item: Leftovers
|upkeep
|turn|17
|
|t:|1727898752
|move|p1a: Salamence|Rock Slide|p2a: Dalmarlo!
|-supereffective|p2a: Dalmarlo!
|-damage|p2a: Dalmarlo!|0 fnt
|faint|p2a: Dalmarlo!
|
|t:|1727898755
|switch|p2a: Stibbily|Blissey, F|94/100
|
|-weather|Sandstorm|[upkeep]
|-damage|p1a: Salamence|94/100|[from] Sandstorm
|-damage|p2a: Stibbily|88/100|[from] Sandstorm
|-heal|p1a: Salamence|99/100|[from] item: Leftovers
|-heal|p2a: Stibbily|94/100|[from] item: Leftovers
|upkeep
|turn|18
|inactive|Faantome has 270 seconds left.
|
|t:|1727898804
|switch|p1a: Magneton|Magneton|78/100
|-damage|p1a: Magneton|66/100|[from] Spikes
|move|p2a: Stibbily|Ice Beam|p1a: Magneton
|-resisted|p1a: Magneton
|-crit|p1a: Magneton
|-damage|p1a: Magneton|21/100
|
|-weather|Sandstorm|[upkeep]
|-damage|p2a: Stibbily|88/100|[from] Sandstorm
|-heal|p2a: Stibbily|94/100|[from] item: Leftovers
|upkeep
|turn|19
|
|t:|1727898812
|move|p1a: Magneton|Toxic|p2a: Stibbily
|-status|p2a: Stibbily|tox
|move|p2a: Stibbily|Ice Beam|p1a: Magneton
|-resisted|p1a: Magneton
|-damage|p1a: Magneton|0 fnt
|faint|p1a: Magneton
|
|t:|1727898814
|switch|p1a: Tyranitar|Tyranitar, F|88/100
|-damage|p1a: Tyranitar|76/100|[from] Spikes
|
|-weather|Sandstorm|[upkeep]
|-damage|p2a: Stibbily|88/100 tox|[from] Sandstorm
|-heal|p2a: Stibbily|94/100 tox|[from] item: Leftovers
|-damage|p2a: Stibbily|88/100 tox|[from] psn
|upkeep
|turn|20
|
|t:|1727898818
|move|p1a: Tyranitar|Dragon Dance|p1a: Tyranitar
|-boost|p1a: Tyranitar|atk|1
|-boost|p1a: Tyranitar|spe|1
|move|p2a: Stibbily|Thunder|p1a: Tyranitar|[miss]
|-miss|p2a: Stibbily|p1a: Tyranitar
|
|-weather|Sandstorm|[upkeep]
|-damage|p2a: Stibbily|82/100 tox|[from] Sandstorm
|-heal|p2a: Stibbily|88/100 tox|[from] item: Leftovers
|-damage|p2a: Stibbily|76/100 tox|[from] psn
|upkeep
|turn|21
|inactive|Faantome has 270 seconds left.
|
|t:|1727898846
|move|p1a: Tyranitar|Rock Slide|p2a: Stibbily
|-damage|p2a: Stibbily|10/100 tox
|move|p2a: Stibbily|Thunder|p1a: Tyranitar|[miss]
|-miss|p2a: Stibbily|p1a: Tyranitar
|
|-weather|Sandstorm|[upkeep]
|-damage|p2a: Stibbily|3/100 tox|[from] Sandstorm
|-heal|p2a: Stibbily|10/100 tox|[from] item: Leftovers
|-damage|p2a: Stibbily|0 fnt|[from] psn
|faint|p2a: Stibbily
|upkeep
|
|t:|1727898853
|switch|p2a: oh...|Chansey, F|75/100
|turn|22
|
|t:|1727898858
|move|p1a: Tyranitar|Rock Slide|p2a: oh...
|-damage|p2a: oh...|18/100
|move|p2a: oh...|Seismic Toss|p1a: Tyranitar
|-damage|p1a: Tyranitar|47/100
|
|-weather|Sandstorm|[upkeep]
|-damage|p2a: oh...|11/100|[from] Sandstorm
|-heal|p2a: oh...|18/100|[from] item: Leftovers
|upkeep
|turn|23
|
|t:|1727898864
|move|p1a: Tyranitar|Earthquake|p2a: oh...
|-damage|p2a: oh...|0 fnt
|faint|p2a: oh...
|
|win|Faantome
|c|☆Rebatca|lol gg
|c|☆Faantome|gg

</script>
<script type="application/json" class="data" id="replaydata-smogtours-gen3ou-794022">
{"id":"smogtours-gen3ou-794022","format":"[Gen 3] OU","players":["Faantome","Rebatca"],"uploadtime":1727898864,"views":122,"formatid":"gen3ou","rating":null,"private":0,"password":null}
</script>

<script defer src="js/replays.js?9d40a366"></script>
