<!DOCTYPE html>
<meta charset="utf-8" />
<meta name="viewport" content="width=device-width" />

<title>[Gen 3] OU: blanched vs. RaskaPork - Replays - Pok&eacute;mon Showdown!</title>

<meta name="description" content="Watch a replay of a Pok&eacute;mon battle between blanched and RaskaPork! Format: [Gen 3] OU; Date: Oct 26, 2024" />
<!--

Hey, you! Looking in the source for the replay log?

You can find them in JSON format, just add `.json` at the end of a replay URL.

https://replay.pokemonshowdown.com/gen7randomdoublesbattle-865046831.json

Or, if you only need the log itself, add `.log` instead:

https://replay.pokemonshowdown.com/gen7randomdoublesbattle-865046831.log

-->

<link rel="stylesheet" href="//pokemonshowdown.com/style/global.css?0.023195364461161105" />
<link rel="stylesheet" href="//play.pokemonshowdown.com/style/font-awesome.css?0.13261647063804238" />
<link rel="stylesheet" href="//play.pokemonshowdown.com/style/battle.css?0.8753245789963631" />
<link rel="stylesheet" href="//play.pokemonshowdown.com/style/utilichart.css?0.8627959624976733" />

<!-- Global site tag (gtag.js) - Google Analytics -->
<script async src="https://www.googletagmanager.com/gtag/js?id=UA-26211653-1"></script>
<script>
  window.dataLayer = window.dataLayer || [];
  function gtag(){dataLayer.push(arguments);}
  gtag('js', new Date());

  gtag('config', 'UA-26211653-1');
</script>
<!-- End Google Analytics -->
<!-- Venatus Ad Manager - Install in <HEAD> of page -->
	<script src="https://hb.vntsm.com/v3/live/ad-manager.min.js" type="text/javascript" data-site-id="642aba63ec9a7b11c3c9c1be" data-mode="scan" async></script>
<!-- / Venatus Ad Manager -->

<style>
	@media (max-width:820px) {
		.battle {
			margin: 0 auto;
		}
		.battle-log {
			margin: 7px auto 0;
			max-width: 640px;
			height: 300px;
			position: static;
		}
	}
	.optgroup {
		display: inline-block;
		line-height: 22px;
		font-size: 10pt;
	}
	.optgroup .button {
		height: 25px;
		padding-top: 0;
		padding-bottom: 0;
	}
	.optgroup button.button {
		padding-left: 12px;
		padding-right: 12px;
	}
	.linklist {
		list-style: none;
		margin: 0.5em 0;
		padding: 0;
	}
	.linklist li {
		padding: 2px 0;
	}
	.sidebar {
		float: left;
		width: 320px;
	}
	.bar-wrapper {
		max-width: 1100px;
		margin: 0 auto;
	}
	.bar-wrapper.has-sidebar {
		max-width: 1430px;
	}
	.mainbar {
		margin: 0;
		padding-right: 1px;
	}
	.mainbar.has-sidebar {
		margin-left: 330px;
	}
	@media (min-width: 1511px) {
		.sidebar {
			width: 400px;
		}
		.bar-wrapper.has-sidebar {
			max-width: 1510px;
		}
		.mainbar.has-sidebar {
			margin-left: 410px;
		}
	}
	.section.first-section {
		margin-top: 9px;
	}
	.blocklink small {
		white-space: normal;
	}
	.button {
		vertical-align: middle;
	}
	.replay-controls {
		padding-top: 10px;
	}
	.replay-controls h1 {
		font-size: 16pt;
		font-weight: normal;
		color: #CCC;
	}
	.pagelink {
		text-align: center;
	}
	.pagelink a {
		width: 150px;
	}
	.textbox, .button {
		font-size: 11pt;
		vertical-align: middle;
	}
	@media (max-width: 450px) {
		.button {
			font-size: 9pt;
		}
	}
</style>

<div>

	<header>
		<div class="nav-wrapper"><ul class="nav">
			<li><a class="button nav-first" href="//pokemonshowdown.com/"><img src="//pokemonshowdown.com/images/pokemonshowdownbeta.png" srcset="//pokemonshowdown.com/images/pokemonshowdownbeta.png 1x, //pokemonshowdown.com/images/pokemonshowdownbeta@2x.png 2x" alt="Pok&eacute;mon Showdown" width="146" height="44" /> Home</a></li>
			<li><a class="button" href="//pokemonshowdown.com/dex/">Pok&eacute;dex</a></li>
			<li><a class="button cur" href="/">Replays</a></li>
			<li><a class="button" href="//pokemonshowdown.com/ladder/">Ladder</a></li>
			<li><a class="button nav-last" href="//pokemonshowdown.com/forums/">Forum</a></li>
			<li><a class="button greenbutton nav-first nav-last" href="//play.pokemonshowdown.com/">Play</a></li>
		</ul></div>
	</header>

	<div class="main" id="main">

		<noscript><section class="section">You need to enable JavaScript to use this page; sorry!</section></noscript>

	</div>

</div>

<script defer nomodule src="//play.pokemonshowdown.com/js/lib/ps-polyfill.js"></script>
<script defer src="//play.pokemonshowdown.com/js/lib/preact.min.js"></script>

<script defer src="//play.pokemonshowdown.com/config/config.js?2bddbc15"></script>
<script defer src="//play.pokemonshowdown.com/js/lib/jquery-1.11.0.min.js"></script>
<script defer src="//play.pokemonshowdown.com/js/lib/html-sanitizer-minified.js"></script>
<script defer src="//play.pokemonshowdown.com/js/battle-sound.js"></script>
<script defer src="//play.pokemonshowdown.com/js/battledata.js?0.7209276989879541"></script>
<script defer src="//play.pokemonshowdown.com/data/pokedex-mini.js?0.6111056340867951"></script>
<script defer src="//play.pokemonshowdown.com/data/pokedex-mini-bw.js?0.3532142036491459"></script>
<script defer src="//play.pokemonshowdown.com/data/graphics.js?0.24223875632456182"></script>
<script defer src="//play.pokemonshowdown.com/data/pokedex.js?0.38839984266356864"></script>
<script defer src="//play.pokemonshowdown.com/data/moves.js?0.21866028504024015"></script>
<script defer src="//play.pokemonshowdown.com/data/abilities.js?0.2005157953846628"></script>
<script defer src="//play.pokemonshowdown.com/data/items.js?0.9894211263848525"></script>
<script defer src="//play.pokemonshowdown.com/data/teambuilder-tables.js?0.6008791140282215"></script>
<script defer src="//play.pokemonshowdown.com/js/battle-tooltips.js?0.7580118955022959"></script>
<script defer src="//play.pokemonshowdown.com/js/battle.js?0.6057722274234274"></script>

<script defer src="js/utils.js?e31f9a17"></script>
<script defer src="js/replays-battle.js?7008c182"></script>

<!-- don't scrape this data! just add .json or .log after the URL!
Full API docs: https://github.com/smogon/pokemon-showdown-client/blob/master/WEB-API.md -->
<script type="text/plain" class="log" id="replaylog-smogtours-gen3ou-802005">
|inactive|Battle timer is ON: inactive players will automatically lose when time's up.
|t:|1729901944
|gametype|singles
|player|p1|blanched|#1v1plviiithwackeys|
|player|p2|RaskaPork|ingo|
|teamsize|p1|6
|teamsize|p2|6
|gen|3
|tier|[Gen 3] OU
|rule|Sleep Clause Mod: Limit one foe put to sleep
|rule|Switch Priority Clause Mod: Faster Pokémon switch first
|rule|Species Clause: Limit one of each Pokémon
|rule|OHKO Clause: OHKO moves are banned
|rule|Evasion Items Clause: Evasion items are banned
|rule|Evasion Moves Clause: Evasion moves are banned
|rule|Endless Battle Clause: Forcing endless battles is banned
|rule|HP Percentage Mod: HP is shown in percentages
|rule|One Boost Passer Clause: Limit one Baton Passer that has a way to boost its stats
|rule|Freeze Clause Mod: Limit one foe frozen
|
|t:|1729901944
|start
|switch|p1a: Jynx|Jynx, F|100/100
|switch|p2a: Zapdos|Zapdos|100/100
|turn|1
|inactive|blanched has 270 seconds left.
|
|t:|1729901976
|move|p2a: Zapdos|Substitute|p2a: Zapdos
|-start|p2a: Zapdos|Substitute
|-damage|p2a: Zapdos|76/100
|move|p1a: Jynx|Substitute|p1a: Jynx
|-start|p1a: Jynx|Substitute
|-damage|p1a: Jynx|76/100
|
|-heal|p2a: Zapdos|82/100|[from] item: Leftovers
|-heal|p1a: Jynx|82/100|[from] item: Leftovers
|upkeep
|turn|2
|
|t:|1729901980
|move|p2a: Zapdos|Thunderbolt|p1a: Jynx
|-end|p1a: Jynx|Substitute
|move|p1a: Jynx|Ice Beam|p2a: Zapdos
|-supereffective|p2a: Zapdos
|-crit|p2a: Zapdos
|-end|p2a: Zapdos|Substitute
|
|-heal|p2a: Zapdos|88/100|[from] item: Leftovers
|-heal|p1a: Jynx|88/100|[from] item: Leftovers
|upkeep
|turn|3
|
|t:|1729901984
|move|p2a: Zapdos|Substitute|p2a: Zapdos
|-start|p2a: Zapdos|Substitute
|-damage|p2a: Zapdos|63/100
|move|p1a: Jynx|Ice Beam|p2a: Zapdos
|-supereffective|p2a: Zapdos
|-end|p2a: Zapdos|Substitute
|
|-heal|p2a: Zapdos|69/100|[from] item: Leftovers
|-heal|p1a: Jynx|93/100|[from] item: Leftovers
|upkeep
|turn|4
|
|t:|1729901989
|move|p2a: Zapdos|Baton Pass|p2a: Zapdos
|
|t:|1729901991
|switch|p2a: Tyranitar|Tyranitar, M|100/100|[from] Baton Pass
|-weather|Sandstorm|[from] ability: Sand Stream|[of] p2a: Tyranitar
|move|p1a: Jynx|Substitute|p1a: Jynx
|-start|p1a: Jynx|Substitute
|-damage|p1a: Jynx|69/100
|
|-weather|Sandstorm|[upkeep]
|-damage|p1a: Jynx|63/100|[from] Sandstorm
|-heal|p1a: Jynx|69/100|[from] item: Leftovers
|upkeep
|turn|5
|
|t:|1729902004
|move|p1a: Jynx|Lovely Kiss|p2a: Tyranitar
|-status|p2a: Tyranitar|slp|[from] move: Lovely Kiss
|cant|p2a: Tyranitar|slp
|
|-weather|Sandstorm|[upkeep]
|-damage|p1a: Jynx|63/100|[from] Sandstorm
|-heal|p1a: Jynx|69/100|[from] item: Leftovers
|upkeep
|turn|6
|inactive|RaskaPork has 270 seconds left.
|inactive|RaskaPork has 240 seconds left.
|
|t:|1729902080
|move|p1a: Jynx|Ice Beam|p2a: Tyranitar
|-crit|p2a: Tyranitar
|-damage|p2a: Tyranitar|28/100 slp
|-curestatus|p2a: Tyranitar|slp|[msg]
|move|p2a: Tyranitar|Crunch|p1a: Jynx
|-supereffective|p1a: Jynx
|-end|p1a: Jynx|Substitute
|
|-weather|Sandstorm|[upkeep]
|-damage|p1a: Jynx|63/100|[from] Sandstorm
|-heal|p1a: Jynx|69/100|[from] item: Leftovers
|-heal|p2a: Tyranitar|34/100|[from] item: Leftovers
|upkeep
|turn|7
|
|t:|1729902087
|move|p1a: Jynx|Ice Beam|p2a: Tyranitar
|-damage|p2a: Tyranitar|0 fnt
|faint|p2a: Tyranitar
|
|t:|1729902095
|switch|p2a: Dugtrio|Dugtrio, F|100/100
|
|-weather|Sandstorm|[upkeep]
|-damage|p1a: Jynx|63/100|[from] Sandstorm
|-heal|p1a: Jynx|69/100|[from] item: Leftovers
|upkeep
|turn|8
|
|t:|1729902098
|move|p2a: Dugtrio|Earthquake|p1a: Jynx
|-damage|p1a: Jynx|0 fnt
|faint|p1a: Jynx
|
|t:|1729902102
|switch|p1a: Gengar|Gengar, M|100/100
|
|-weather|Sandstorm|[upkeep]
|-damage|p1a: Gengar|94/100|[from] Sandstorm
|-heal|p1a: Gengar|100/100|[from] item: Leftovers
|upkeep
|turn|9
|
|t:|1729902106
|switch|p2a: Jirachi|Jirachi|100/100
|move|p1a: Gengar|Will-O-Wisp|p2a: Jirachi
|-status|p2a: Jirachi|brn
|
|-weather|Sandstorm|[upkeep]
|-damage|p1a: Gengar|94/100|[from] Sandstorm
|-heal|p1a: Gengar|100/100|[from] item: Leftovers
|-damage|p2a: Jirachi|88/100 brn|[from] brn
|upkeep
|turn|10
|inactive|RaskaPork has 240 seconds left.
|
|t:|1729902140
|switch|p1a: Jirachi|Jirachi|100/100
|move|p2a: Jirachi|Ice Punch|p1a: Jirachi
|-resisted|p1a: Jirachi
|-damage|p1a: Jirachi|94/100
|
|-weather|Sandstorm|[upkeep]
|-heal|p1a: Jirachi|99/100|[from] item: Leftovers
|-heal|p2a: Jirachi|94/100 brn|[from] item: Leftovers
|-damage|p2a: Jirachi|82/100 brn|[from] brn
|upkeep
|turn|11
|
|t:|1729902149
|switch|p2a: Claydol|Claydol|100/100
|move|p1a: Jirachi|Calm Mind|p1a: Jirachi
|-boost|p1a: Jirachi|spa|1
|-boost|p1a: Jirachi|spd|1
|
|-weather|Sandstorm|[upkeep]
|-heal|p1a: Jirachi|100/100|[from] item: Leftovers
|upkeep
|turn|12
|
|t:|1729902154
|move|p1a: Jirachi|Hidden Power|p2a: Claydol
|-supereffective|p2a: Claydol
|-damage|p2a: Claydol|46/100
|move|p2a: Claydol|Earthquake|p1a: Jirachi
|-supereffective|p1a: Jirachi
|-damage|p1a: Jirachi|42/100
|
|-weather|Sandstorm|[upkeep]
|-heal|p1a: Jirachi|49/100|[from] item: Leftovers
|-heal|p2a: Claydol|52/100|[from] item: Leftovers
|upkeep
|turn|13
|
|t:|1729902170
|switch|p2a: Raikou|Raikou|100/100
|move|p1a: Jirachi|Hidden Power|p2a: Raikou
|-damage|p2a: Raikou|71/100
|
|-weather|Sandstorm|[upkeep]
|-damage|p2a: Raikou|64/100|[from] Sandstorm
|-heal|p2a: Raikou|71/100|[from] item: Leftovers
|-heal|p1a: Jirachi|55/100|[from] item: Leftovers
|upkeep
|turn|14
|
|t:|1729902176
|move|p2a: Raikou|Substitute|p2a: Raikou
|-start|p2a: Raikou|Substitute
|-damage|p2a: Raikou|46/100
|move|p1a: Jirachi|Psychic|p2a: Raikou
|-end|p2a: Raikou|Substitute
|
|-weather|Sandstorm|[upkeep]
|-damage|p2a: Raikou|40/100|[from] Sandstorm
|-heal|p2a: Raikou|46/100|[from] item: Leftovers
|-heal|p1a: Jirachi|61/100|[from] item: Leftovers
|upkeep
|turn|15
|
|t:|1729902179
|move|p2a: Raikou|Thunderbolt|p1a: Jirachi
|-damage|p1a: Jirachi|36/100
|move|p1a: Jirachi|Psychic|p2a: Raikou
|-damage|p2a: Raikou|0 fnt
|faint|p2a: Raikou
|
|t:|1729902181
|switch|p2a: Dugtrio|Dugtrio, F|100/100
|
|-weather|Sandstorm|[upkeep]
|-heal|p1a: Jirachi|43/100|[from] item: Leftovers
|upkeep
|turn|16
|
|t:|1729902186
|move|p2a: Dugtrio|Earthquake|p1a: Jirachi
|-supereffective|p1a: Jirachi
|-damage|p1a: Jirachi|0 fnt
|faint|p1a: Jirachi
|
|t:|1729902188
|switch|p1a: Gengar|Gengar, M|100/100
|
|-weather|Sandstorm|[upkeep]
|-damage|p1a: Gengar|94/100|[from] Sandstorm
|-heal|p1a: Gengar|100/100|[from] item: Leftovers
|upkeep
|turn|17
|
|t:|1729902206
|switch|p2a: Zapdos|Zapdos|69/100
|move|p1a: Gengar|Ice Punch|p2a: Zapdos
|-supereffective|p2a: Zapdos
|-damage|p2a: Zapdos|19/100
|
|-weather|Sandstorm|[upkeep]
|-damage|p1a: Gengar|94/100|[from] Sandstorm
|-damage|p2a: Zapdos|13/100|[from] Sandstorm
|-heal|p1a: Gengar|100/100|[from] item: Leftovers
|-heal|p2a: Zapdos|19/100|[from] item: Leftovers
|upkeep
|turn|18
|
|t:|1729902217
|switch|p2a: Jirachi|Jirachi|82/100 brn
|move|p1a: Gengar|Thunderbolt|p2a: Jirachi
|-damage|p2a: Jirachi|61/100 brn
|
|-weather|Sandstorm|[upkeep]
|-damage|p1a: Gengar|94/100|[from] Sandstorm
|-heal|p1a: Gengar|100/100|[from] item: Leftovers
|-heal|p2a: Jirachi|67/100 brn|[from] item: Leftovers
|-damage|p2a: Jirachi|54/100 brn|[from] brn
|upkeep
|turn|19
|
|t:|1729902224
|switch|p1a: Tyranitar|Tyranitar, M|100/100
|move|p2a: Jirachi|Wish|p2a: Jirachi
|
|-weather|Sandstorm|[upkeep]
|-heal|p2a: Jirachi|61/100 brn|[from] item: Leftovers
|-damage|p2a: Jirachi|48/100 brn|[from] brn
|upkeep
|turn|20
|inactive|RaskaPork has 270 seconds left.
|
|t:|1729902263
|switch|p2a: Claydol|Claydol|52/100
|move|p1a: Tyranitar|Dragon Dance|p1a: Tyranitar
|-boost|p1a: Tyranitar|atk|1
|-boost|p1a: Tyranitar|spe|1
|
|-heal|p2a: Claydol|100/100|[from] move: Wish|[wisher] Jirachi
|-weather|Sandstorm|[upkeep]
|upkeep
|turn|21
|inactive|RaskaPork has 270 seconds left.
|
|t:|1729902270
|switch|p1a: Suicune|Suicune|100/100
|move|p2a: Claydol|Earthquake|p1a: Suicune
|-damage|p1a: Suicune|72/100
|
|-weather|Sandstorm|[upkeep]
|-damage|p1a: Suicune|66/100|[from] Sandstorm
|-heal|p1a: Suicune|72/100|[from] item: Leftovers
|upkeep
|turn|22
|
|t:|1729902276
|switch|p2a: Zapdos|Zapdos|19/100
|move|p1a: Suicune|Ice Beam|p2a: Zapdos
|-supereffective|p2a: Zapdos
|-damage|p2a: Zapdos|0 fnt
|faint|p2a: Zapdos
|
|t:|1729902278
|switch|p2a: Jirachi|Jirachi|48/100 brn
|
|-weather|Sandstorm|[upkeep]
|-damage|p1a: Suicune|66/100|[from] Sandstorm
|-heal|p1a: Suicune|72/100|[from] item: Leftovers
|-heal|p2a: Jirachi|54/100 brn|[from] item: Leftovers
|-damage|p2a: Jirachi|42/100 brn|[from] brn
|upkeep
|turn|23
|
|t:|1729902282
|move|p1a: Suicune|Hydro Pump|p2a: Jirachi|[miss]
|-miss|p1a: Suicune|p2a: Jirachi
|move|p2a: Jirachi|Wish|p2a: Jirachi
|
|-weather|Sandstorm|[upkeep]
|-damage|p1a: Suicune|66/100|[from] Sandstorm
|-heal|p1a: Suicune|72/100|[from] item: Leftovers
|-heal|p2a: Jirachi|48/100 brn|[from] item: Leftovers
|-damage|p2a: Jirachi|36/100 brn|[from] brn
|upkeep
|turn|24
|
|t:|1729902301
|switch|p2a: Claydol|Claydol|100/100
|move|p1a: Suicune|Calm Mind|p1a: Suicune
|-boost|p1a: Suicune|spa|1
|-boost|p1a: Suicune|spd|1
|
|-weather|Sandstorm|[upkeep]
|-damage|p1a: Suicune|66/100|[from] Sandstorm
|-heal|p1a: Suicune|72/100|[from] item: Leftovers
|upkeep
|turn|25
|
|t:|1729902304
|move|p1a: Suicune|Hydro Pump|p2a: Claydol
|-supereffective|p2a: Claydol
|-crit|p2a: Claydol
|-damage|p2a: Claydol|0 fnt
|faint|p2a: Claydol
|
|t:|1729902306
|switch|p2a: Jirachi|Jirachi|36/100 brn
|
|-weather|Sandstorm|[upkeep]
|-damage|p1a: Suicune|66/100|[from] Sandstorm
|-heal|p1a: Suicune|72/100|[from] item: Leftovers
|-heal|p2a: Jirachi|42/100 brn|[from] item: Leftovers
|-damage|p2a: Jirachi|30/100 brn|[from] brn
|upkeep
|turn|26
|
|t:|1729902314
|move|p1a: Suicune|Hydro Pump|p2a: Jirachi
|-crit|p2a: Jirachi
|-damage|p2a: Jirachi|0 fnt
|faint|p2a: Jirachi
|
|t:|1729902317
|switch|p2a: Dugtrio|Dugtrio, F|100/100
|
|-weather|Sandstorm|[upkeep]
|-damage|p1a: Suicune|66/100|[from] Sandstorm
|-heal|p1a: Suicune|72/100|[from] item: Leftovers
|upkeep
|turn|27
|
|t:|1729902319
|move|p2a: Dugtrio|Earthquake|p1a: Suicune
|-damage|p1a: Suicune|35/100
|move|p1a: Suicune|Ice Beam|p2a: Dugtrio
|-supereffective|p2a: Dugtrio
|-damage|p2a: Dugtrio|0 fnt
|faint|p2a: Dugtrio
|
|win|blanched
|c|☆blanched|ggs

</script>
<script type="application/json" class="data" id="replaydata-smogtours-gen3ou-802005">
{"id":"smogtours-gen3ou-802005","format":"[Gen 3] OU","players":["blanched","RaskaPork"],"uploadtime":1729902319,"views":68,"formatid":"gen3ou","rating":null,"private":0,"password":null}
</script>

<script defer src="js/replays.js?9d40a366"></script>
