<!DOCTYPE html>
<meta charset="utf-8" />
<meta name="viewport" content="width=device-width" />

<title>[Gen 3] OU: Girls See Ghosts vs. wizzyhatg - Replays - Pok&eacute;mon Showdown!</title>

<meta name="description" content="Watch a replay of a Pok&eacute;mon battle between Girls See Ghosts and wizzyhatg! Format: [Gen 3] OU; Date: Oct 19, 2024" />
<!--

Hey, you! Looking in the source for the replay log?

You can find them in JSON format, just add `.json` at the end of a replay URL.

https://replay.pokemonshowdown.com/gen7randomdoublesbattle-865046831.json

Or, if you only need the log itself, add `.log` instead:

https://replay.pokemonshowdown.com/gen7randomdoublesbattle-865046831.log

-->

<link rel="stylesheet" href="//pokemonshowdown.com/style/global.css?0.023195364461161105" />
<link rel="stylesheet" href="//play.pokemonshowdown.com/style/font-awesome.css?0.13261647063804238" />
<link rel="stylesheet" href="//play.pokemonshowdown.com/style/battle.css?0.8753245789963631" />
<link rel="stylesheet" href="//play.pokemonshowdown.com/style/utilichart.css?0.8627959624976733" />

<!-- Global site tag (gtag.js) - Google Analytics -->
<script async src="https://www.googletagmanager.com/gtag/js?id=UA-26211653-1"></script>
<script>
  window.dataLayer = window.dataLayer || [];
  function gtag(){dataLayer.push(arguments);}
  gtag('js', new Date());

  gtag('config', 'UA-26211653-1');
</script>
<!-- End Google Analytics -->
<!-- Venatus Ad Manager - Install in <HEAD> of page -->
	<script src="https://hb.vntsm.com/v3/live/ad-manager.min.js" type="text/javascript" data-site-id="642aba63ec9a7b11c3c9c1be" data-mode="scan" async></script>
<!-- / Venatus Ad Manager -->

<style>
	@media (max-width:820px) {
		.battle {
			margin: 0 auto;
		}
		.battle-log {
			margin: 7px auto 0;
			max-width: 640px;
			height: 300px;
			position: static;
		}
	}
	.optgroup {
		display: inline-block;
		line-height: 22px;
		font-size: 10pt;
	}
	.optgroup .button {
		height: 25px;
		padding-top: 0;
		padding-bottom: 0;
	}
	.optgroup button.button {
		padding-left: 12px;
		padding-right: 12px;
	}
	.linklist {
		list-style: none;
		margin: 0.5em 0;
		padding: 0;
	}
	.linklist li {
		padding: 2px 0;
	}
	.sidebar {
		float: left;
		width: 320px;
	}
	.bar-wrapper {
		max-width: 1100px;
		margin: 0 auto;
	}
	.bar-wrapper.has-sidebar {
		max-width: 1430px;
	}
	.mainbar {
		margin: 0;
		padding-right: 1px;
	}
	.mainbar.has-sidebar {
		margin-left: 330px;
	}
	@media (min-width: 1511px) {
		.sidebar {
			width: 400px;
		}
		.bar-wrapper.has-sidebar {
			max-width: 1510px;
		}
		.mainbar.has-sidebar {
			margin-left: 410px;
		}
	}
	.section.first-section {
		margin-top: 9px;
	}
	.blocklink small {
		white-space: normal;
	}
	.button {
		vertical-align: middle;
	}
	.replay-controls {
		padding-top: 10px;
	}
	.replay-controls h1 {
		font-size: 16pt;
		font-weight: normal;
		color: #CCC;
	}
	.pagelink {
		text-align: center;
	}
	.pagelink a {
		width: 150px;
	}
	.textbox, .button {
		font-size: 11pt;
		vertical-align: middle;
	}
	@media (max-width: 450px) {
		.button {
			font-size: 9pt;
		}
	}
</style>

<div>

	<header>
		<div class="nav-wrapper"><ul class="nav">
			<li><a class="button nav-first" href="//pokemonshowdown.com/"><img src="//pokemonshowdown.com/images/pokemonshowdownbeta.png" srcset="//pokemonshowdown.com/images/pokemonshowdownbeta.png 1x, //pokemonshowdown.com/images/pokemonshowdownbeta@2x.png 2x" alt="Pok&eacute;mon Showdown" width="146" height="44" /> Home</a></li>
			<li><a class="button" href="//pokemonshowdown.com/dex/">Pok&eacute;dex</a></li>
			<li><a class="button cur" href="/">Replays</a></li>
			<li><a class="button" href="//pokemonshowdown.com/ladder/">Ladder</a></li>
			<li><a class="button nav-last" href="//pokemonshowdown.com/forums/">Forum</a></li>
			<li><a class="button greenbutton nav-first nav-last" href="//play.pokemonshowdown.com/">Play</a></li>
		</ul></div>
	</header>

	<div class="main" id="main">

		<noscript><section class="section">You need to enable JavaScript to use this page; sorry!</section></noscript>

	</div>

</div>

<script defer nomodule src="//play.pokemonshowdown.com/js/lib/ps-polyfill.js"></script>
<script defer src="//play.pokemonshowdown.com/js/lib/preact.min.js"></script>

<script defer src="//play.pokemonshowdown.com/config/config.js?2bddbc15"></script>
<script defer src="//play.pokemonshowdown.com/js/lib/jquery-1.11.0.min.js"></script>
<script defer src="//play.pokemonshowdown.com/js/lib/html-sanitizer-minified.js"></script>
<script defer src="//play.pokemonshowdown.com/js/battle-sound.js"></script>
<script defer src="//play.pokemonshowdown.com/js/battledata.js?0.7209276989879541"></script>
<script defer src="//play.pokemonshowdown.com/data/pokedex-mini.js?0.6111056340867951"></script>
<script defer src="//play.pokemonshowdown.com/data/pokedex-mini-bw.js?0.3532142036491459"></script>
<script defer src="//play.pokemonshowdown.com/data/graphics.js?0.24223875632456182"></script>
<script defer src="//play.pokemonshowdown.com/data/pokedex.js?0.38839984266356864"></script>
<script defer src="//play.pokemonshowdown.com/data/moves.js?0.21866028504024015"></script>
<script defer src="//play.pokemonshowdown.com/data/abilities.js?0.2005157953846628"></script>
<script defer src="//play.pokemonshowdown.com/data/items.js?0.9894211263848525"></script>
<script defer src="//play.pokemonshowdown.com/data/teambuilder-tables.js?0.6008791140282215"></script>
<script defer src="//play.pokemonshowdown.com/js/battle-tooltips.js?0.7580118955022959"></script>
<script defer src="//play.pokemonshowdown.com/js/battle.js?0.6057722274234274"></script>

<script defer src="js/utils.js?e31f9a17"></script>
<script defer src="js/replays-battle.js?7008c182"></script>

<!-- don't scrape this data! just add .json or .log after the URL!
Full API docs: https://github.com/smogon/pokemon-showdown-client/blob/master/WEB-API.md -->
<script type="text/plain" class="log" id="replaylog-smogtours-gen3ou-799925">
|inactive|Battle timer is ON: inactive players will automatically lose when time's up.
|t:|1729354551
|gametype|singles
|player|p1|Girls See Ghosts|phoebe-gen6|
|player|p2|wizzyhatg|steven-gen3|
|teamsize|p1|6
|teamsize|p2|6
|gen|3
|tier|[Gen 3] OU
|rule|Sleep Clause Mod: Limit one foe put to sleep
|rule|Switch Priority Clause Mod: Faster Pokémon switch first
|rule|Species Clause: Limit one of each Pokémon
|rule|OHKO Clause: OHKO moves are banned
|rule|Evasion Items Clause: Evasion items are banned
|rule|Evasion Moves Clause: Evasion moves are banned
|rule|Endless Battle Clause: Forcing endless battles is banned
|rule|HP Percentage Mod: HP is shown in percentages
|rule|One Boost Passer Clause: Limit one Baton Passer that has a way to boost its stats
|rule|Freeze Clause Mod: Limit one foe frozen
|
|t:|1729354551
|start
|switch|p1a: BeWhereverUAre|Flygon, F|100/100
|switch|p2a: Medicham|Medicham, F|100/100
|turn|1
|c|☆wizzyhatg|glhf
|c|☆Girls See Ghosts|u2
|
|t:|1729354578
|move|p1a: BeWhereverUAre|Earthquake|p2a: Medicham
|-damage|p2a: Medicham|0 fnt
|faint|p2a: Medicham
|
|t:|1729354585
|switch|p2a: Salamence|Salamence, M|100/100
|-ability|p2a: Salamence|Intimidate|boost
|-unboost|p1a: BeWhereverUAre|atk|1
|
|upkeep
|turn|2
|
|t:|1729354596
|switch|p1a: I'm Still Here|Milotic, F|100/100
|move|p2a: Salamence|Dragon Dance|p2a: Salamence
|-boost|p2a: Salamence|atk|1
|-boost|p2a: Salamence|spe|1
|
|upkeep
|turn|3
|
|t:|1729354613
|switch|p2a: Suicune|Suicune|100/100
|move|p1a: I'm Still Here|Toxic|p2a: Suicune
|-status|p2a: Suicune|tox
|
|-damage|p2a: Suicune|94/100 tox|[from] psn
|upkeep
|turn|4
|
|t:|1729354627
|switch|p1a: Aquamarine|Celebi|100/100
|switch|p2a: Snorlax|Snorlax, F|100/100
|
|upkeep
|turn|5
|
|t:|1729354634
|move|p1a: Aquamarine|Leech Seed|p2a: Snorlax
|-start|p2a: Snorlax|move: Leech Seed
|move|p2a: Snorlax|Shadow Ball|p1a: Aquamarine
|-supereffective|p1a: Aquamarine
|-damage|p1a: Aquamarine|65/100
|
|-heal|p1a: Aquamarine|72/100|[from] item: Leftovers
|-damage|p2a: Snorlax|88/100|[from] Leech Seed|[of] p1a: Aquamarine
|-heal|p1a: Aquamarine|86/100|[silent]
|upkeep
|turn|6
|
|t:|1729354642
|move|p1a: Aquamarine|Baton Pass|p1a: Aquamarine
|
|t:|1729354646
|switch|p1a: Escapism|Skarmory, F|100/100|[from] Baton Pass
|move|p2a: Snorlax|Self-Destruct|p1a: Escapism
|-resisted|p1a: Escapism
|-damage|p1a: Escapism|29/100
|faint|p2a: Snorlax
|
|t:|1729354649
|switch|p2a: Magneton|Magneton|100/100
|
|-heal|p1a: Escapism|35/100|[from] item: Leftovers
|upkeep
|turn|7
|
|t:|1729354656
|move|p1a: Escapism|Protect|p1a: Escapism
|-singleturn|p1a: Escapism|Protect
|move|p2a: Magneton|Thunderbolt|p1a: Escapism
|-activate|p1a: Escapism|Protect
|
|-heal|p1a: Escapism|41/100|[from] item: Leftovers
|upkeep
|turn|8
|
|t:|1729354668
|move|p2a: Magneton|Thunderbolt|p1a: Escapism
|-supereffective|p1a: Escapism
|-damage|p1a: Escapism|0 fnt
|faint|p1a: Escapism
|
|t:|1729354689
|switch|p1a: Aquamarine|Celebi|86/100
|
|-heal|p1a: Aquamarine|93/100|[from] item: Leftovers
|upkeep
|turn|9
|
|t:|1729354698
|move|p1a: Aquamarine|Leech Seed|p2a: Magneton
|-start|p2a: Magneton|move: Leech Seed
|move|p2a: Magneton|Toxic|p1a: Aquamarine
|-status|p1a: Aquamarine|tox
|
|-heal|p1a: Aquamarine|99/100 tox|[from] item: Leftovers
|-damage|p1a: Aquamarine|93/100 tox|[from] psn
|-damage|p2a: Magneton|88/100|[from] Leech Seed|[of] p1a: Aquamarine
|-heal|p1a: Aquamarine|99/100 tox|[silent]
|upkeep
|turn|10
|
|t:|1729354713
|switch|p2a: Metagross|Metagross|100/100
|move|p1a: Aquamarine|Leech Seed|p2a: Metagross
|-start|p2a: Metagross|move: Leech Seed
|
|-heal|p1a: Aquamarine|100/100 tox|[from] item: Leftovers
|-damage|p1a: Aquamarine|88/100 tox|[from] psn
|-damage|p2a: Metagross|88/100|[from] Leech Seed|[of] p1a: Aquamarine
|-heal|p1a: Aquamarine|99/100 tox|[silent]
|upkeep
|turn|11
|
|t:|1729354729
|-curestatus|p1a: Aquamarine|tox|[from] ability: Natural Cure
|switch|p1a: Topaz|Magneton|100/100
|switch|p2a: Salamence|Salamence, M|100/100
|-ability|p2a: Salamence|Intimidate|boost
|-unboost|p1a: Topaz|atk|1
|
|upkeep
|turn|12
|
|t:|1729354749
|move|p2a: Salamence|Earthquake|p1a: Topaz
|-supereffective|p1a: Topaz
|-damage|p1a: Topaz|0 fnt
|faint|p1a: Topaz
|
|t:|1729354754
|switch|p1a: I'm Still Here|Milotic, F|100/100
|
|upkeep
|turn|13
|
|t:|1729354758
|switch|p2a: Suicune|Suicune|94/100 tox
|move|p1a: I'm Still Here|Toxic|p2a: Suicune
|-fail|p2a: Suicune|tox
|
|-heal|p2a: Suicune|100/100 tox|[from] item: Leftovers
|-damage|p2a: Suicune|94/100 tox|[from] psn
|upkeep
|turn|14
|
|t:|1729354770
|switch|p1a: Aquamarine|Celebi|99/100
|move|p2a: Suicune|Calm Mind|p2a: Suicune
|-boost|p2a: Suicune|spa|1
|-boost|p2a: Suicune|spd|1
|
|-heal|p1a: Aquamarine|100/100|[from] item: Leftovers
|-heal|p2a: Suicune|100/100 tox|[from] item: Leftovers
|-damage|p2a: Suicune|88/100 tox|[from] psn
|upkeep
|turn|15
|
|t:|1729354774
|move|p1a: Aquamarine|Leech Seed|p2a: Suicune
|-start|p2a: Suicune|move: Leech Seed
|move|p2a: Suicune|Ice Beam|p1a: Aquamarine
|-supereffective|p1a: Aquamarine
|-damage|p1a: Aquamarine|49/100
|
|-heal|p1a: Aquamarine|55/100|[from] item: Leftovers
|-heal|p2a: Suicune|94/100 tox|[from] item: Leftovers
|-damage|p2a: Suicune|82/100 tox|[from] Leech Seed|[of] p1a: Aquamarine
|-heal|p1a: Aquamarine|67/100|[silent]
|-damage|p2a: Suicune|63/100 tox|[from] psn
|upkeep
|turn|16
|
|t:|1729354783
|switch|p2a: Magneton|Magneton|88/100
|move|p1a: Aquamarine|Recover|p1a: Aquamarine
|-heal|p1a: Aquamarine|100/100
|
|upkeep
|turn|17
|
|t:|1729354787
|move|p1a: Aquamarine|Leech Seed|p2a: Magneton
|-start|p2a: Magneton|move: Leech Seed
|move|p2a: Magneton|Toxic|p1a: Aquamarine
|-status|p1a: Aquamarine|tox
|
|-damage|p1a: Aquamarine|94/100 tox|[from] psn
|-damage|p2a: Magneton|76/100|[from] Leech Seed|[of] p1a: Aquamarine
|-heal|p1a: Aquamarine|100/100 tox|[silent]
|upkeep
|turn|18
|
|t:|1729354810
|switch|p2a: Salamence|Salamence, M|100/100
|-ability|p2a: Salamence|Intimidate|boost
|-unboost|p1a: Aquamarine|atk|1
|move|p1a: Aquamarine|Leech Seed|p2a: Salamence
|-start|p2a: Salamence|move: Leech Seed
|
|-damage|p2a: Salamence|88/100|[from] Leech Seed|[of] p1a: Aquamarine
|-damage|p1a: Aquamarine|88/100 tox|[from] psn
|upkeep
|turn|19
|
|t:|1729354820
|-curestatus|p1a: Aquamarine|tox|[from] ability: Natural Cure
|switch|p1a: I'm Still Here|Milotic, F|100/100
|move|p2a: Salamence|Hidden Power|p1a: I'm Still Here
|-damage|p1a: I'm Still Here|69/100
|
|-heal|p2a: Salamence|94/100|[from] item: Leftovers
|-damage|p2a: Salamence|82/100|[from] Leech Seed|[of] p1a: I'm Still Here
|-heal|p1a: I'm Still Here|79/100|[silent]
|-heal|p1a: I'm Still Here|85/100|[from] item: Leftovers
|upkeep
|turn|20
|
|t:|1729354829
|switch|p2a: Magneton|Magneton|76/100
|move|p1a: I'm Still Here|Surf|p2a: Magneton
|-damage|p2a: Magneton|12/100
|
|-heal|p1a: I'm Still Here|92/100|[from] item: Leftovers
|upkeep
|turn|21
|
|t:|1729354837
|switch|p1a: Aquamarine|Celebi|88/100
|move|p2a: Magneton|Thunderbolt|p1a: Aquamarine
|-resisted|p1a: Aquamarine
|-damage|p1a: Aquamarine|69/100
|
|-heal|p1a: Aquamarine|75/100|[from] item: Leftovers
|upkeep
|turn|22
|
|t:|1729354846
|switch|p2a: Metagross|Metagross|88/100
|move|p1a: Aquamarine|Recover|p1a: Aquamarine
|-heal|p1a: Aquamarine|100/100
|
|-heal|p2a: Metagross|94/100|[from] item: Leftovers
|upkeep
|turn|23
|
|t:|1729354855
|switch|p1a: I'm Still Here|Milotic, F|92/100
|move|p2a: Metagross|Explosion|p1a: I'm Still Here
|-damage|p1a: I'm Still Here|0 fnt
|faint|p2a: Metagross
|faint|p1a: I'm Still Here
|
|t:|1729354870
|switch|p1a: BeWhereverUAre|Flygon, F|100/100
|switch|p2a: Magneton|Magneton|12/100
|
|upkeep
|turn|24
|
|t:|1729354878
|move|p1a: BeWhereverUAre|Rock Slide|p2a: Magneton
|-resisted|p2a: Magneton
|-damage|p2a: Magneton|0 fnt
|faint|p2a: Magneton
|
|t:|1729354886
|switch|p2a: Salamence|Salamence, M|82/100
|-ability|p2a: Salamence|Intimidate|boost
|-unboost|p1a: BeWhereverUAre|atk|1
|
|-heal|p2a: Salamence|88/100|[from] item: Leftovers
|upkeep
|turn|25
|
|t:|1729354905
|move|p1a: BeWhereverUAre|Rock Slide|p2a: Salamence
|-supereffective|p2a: Salamence
|-damage|p2a: Salamence|37/100
|move|p2a: Salamence|Hidden Power|p1a: BeWhereverUAre
|-damage|p1a: BeWhereverUAre|47/100
|
|-heal|p2a: Salamence|43/100|[from] item: Leftovers
|upkeep
|turn|26
|
|t:|1729354916
|switch|p2a: Suicune|Suicune|63/100 tox
|move|p1a: BeWhereverUAre|Rock Slide|p2a: Suicune
|-damage|p2a: Suicune|48/100 tox
|
|-heal|p2a: Suicune|54/100 tox|[from] item: Leftovers
|-damage|p2a: Suicune|48/100 tox|[from] psn
|upkeep
|turn|27
|
|t:|1729354923
|switch|p1a: Aquamarine|Celebi|100/100
|move|p2a: Suicune|Ice Beam|p1a: Aquamarine
|-supereffective|p1a: Aquamarine
|-damage|p1a: Aquamarine|65/100
|
|-heal|p1a: Aquamarine|71/100|[from] item: Leftovers
|-heal|p2a: Suicune|54/100 tox|[from] item: Leftovers
|-damage|p2a: Suicune|42/100 tox|[from] psn
|upkeep
|turn|28
|
|t:|1729354928
|move|p1a: Aquamarine|Leech Seed|p2a: Suicune
|-start|p2a: Suicune|move: Leech Seed
|move|p2a: Suicune|Rest|p2a: Suicune
|-status|p2a: Suicune|slp|[from] move: Rest
|-heal|p2a: Suicune|100/100 slp|[silent]
|
|-heal|p1a: Aquamarine|77/100|[from] item: Leftovers
|-damage|p2a: Suicune|88/100 slp|[from] Leech Seed|[of] p1a: Aquamarine
|-heal|p1a: Aquamarine|90/100|[silent]
|upkeep
|turn|29
|
|t:|1729354936
|switch|p2a: Salamence|Salamence, M|43/100
|-ability|p2a: Salamence|Intimidate|boost
|-unboost|p1a: Aquamarine|atk|1
|move|p1a: Aquamarine|Hidden Power|p2a: Salamence
|-resisted|p2a: Salamence
|-damage|p2a: Salamence|36/100
|
|-heal|p2a: Salamence|42/100|[from] item: Leftovers
|-heal|p1a: Aquamarine|96/100|[from] item: Leftovers
|upkeep
|turn|30
|
|t:|1729354947
|move|p2a: Salamence|Dragon Dance|p2a: Salamence
|-boost|p2a: Salamence|atk|1
|-boost|p2a: Salamence|spe|1
|move|p1a: Aquamarine|Leech Seed|p2a: Salamence
|-start|p2a: Salamence|move: Leech Seed
|
|-heal|p2a: Salamence|48/100|[from] item: Leftovers
|-damage|p2a: Salamence|36/100|[from] Leech Seed|[of] p1a: Aquamarine
|-heal|p1a: Aquamarine|100/100|[silent]
|upkeep
|turn|31
|
|t:|1729354958
|switch|p1a: Familiar|Tyranitar, F|100/100
|-weather|Sandstorm|[from] ability: Sand Stream|[of] p1a: Familiar
|move|p2a: Salamence|Hidden Power|p1a: Familiar
|-resisted|p1a: Familiar
|-damage|p1a: Familiar|77/100
|
|-weather|Sandstorm|[upkeep]
|-damage|p2a: Salamence|30/100|[from] Sandstorm
|-heal|p2a: Salamence|36/100|[from] item: Leftovers
|-damage|p2a: Salamence|23/100|[from] Leech Seed|[of] p1a: Familiar
|-heal|p1a: Familiar|87/100|[silent]
|-heal|p1a: Familiar|93/100|[from] item: Leftovers
|upkeep
|turn|32
|
|t:|1729354971
|switch|p1a: BeWhereverUAre|Flygon, F|47/100
|move|p2a: Salamence|Hidden Power|p1a: BeWhereverUAre
|-damage|p1a: BeWhereverUAre|0 fnt
|faint|p1a: BeWhereverUAre
|
|t:|1729354976
|switch|p1a: Familiar|Tyranitar, F|93/100
|
|-weather|Sandstorm|[upkeep]
|-damage|p2a: Salamence|17/100|[from] Sandstorm
|-heal|p2a: Salamence|23/100|[from] item: Leftovers
|-damage|p2a: Salamence|11/100|[from] Leech Seed|[of] p1a: Familiar
|-heal|p1a: Familiar|100/100|[silent]
|upkeep
|turn|33
|
|t:|1729354984
|move|p2a: Salamence|Earthquake|p1a: Familiar
|-supereffective|p1a: Familiar
|-damage|p1a: Familiar|17/100
|move|p1a: Familiar|Pursuit|p2a: Salamence
|-damage|p2a: Salamence|0 fnt
|faint|p2a: Salamence
|
|t:|1729354987
|switch|p2a: Suicune|Suicune|88/100 slp
|
|-weather|Sandstorm|[upkeep]
|-damage|p2a: Suicune|82/100 slp|[from] Sandstorm
|-heal|p2a: Suicune|88/100 slp|[from] item: Leftovers
|-heal|p1a: Familiar|23/100|[from] item: Leftovers
|upkeep
|turn|34
|
|t:|1729354995
|switch|p1a: Aquamarine|Celebi|100/100
|cant|p2a: Suicune|slp
|
|-weather|Sandstorm|[upkeep]
|-damage|p1a: Aquamarine|94/100|[from] Sandstorm
|-damage|p2a: Suicune|82/100 slp|[from] Sandstorm
|-heal|p1a: Aquamarine|100/100|[from] item: Leftovers
|-heal|p2a: Suicune|88/100 slp|[from] item: Leftovers
|upkeep
|turn|35
|
|t:|1729354997
|move|p1a: Aquamarine|Leech Seed|p2a: Suicune|[miss]
|-miss|p1a: Aquamarine|p2a: Suicune
|cant|p2a: Suicune|slp
|
|-weather|Sandstorm|[upkeep]
|-damage|p1a: Aquamarine|94/100|[from] Sandstorm
|-damage|p2a: Suicune|82/100 slp|[from] Sandstorm
|-heal|p1a: Aquamarine|100/100|[from] item: Leftovers
|-heal|p2a: Suicune|88/100 slp|[from] item: Leftovers
|upkeep
|turn|36
|
|t:|1729355000
|move|p1a: Aquamarine|Leech Seed|p2a: Suicune
|-start|p2a: Suicune|move: Leech Seed
|-curestatus|p2a: Suicune|slp|[msg]
|move|p2a: Suicune|Calm Mind|p2a: Suicune
|-boost|p2a: Suicune|spa|1
|-boost|p2a: Suicune|spd|1
|
|-weather|Sandstorm|[upkeep]
|-damage|p1a: Aquamarine|94/100|[from] Sandstorm
|-damage|p2a: Suicune|82/100|[from] Sandstorm
|-heal|p1a: Aquamarine|100/100|[from] item: Leftovers
|-heal|p2a: Suicune|88/100|[from] item: Leftovers
|-damage|p2a: Suicune|76/100|[from] Leech Seed|[of] p1a: Aquamarine
|upkeep
|turn|37
|
|t:|1729355003
|move|p1a: Aquamarine|Hidden Power|p2a: Suicune
|-supereffective|p2a: Suicune
|-damage|p2a: Suicune|55/100
|move|p2a: Suicune|Calm Mind|p2a: Suicune
|-boost|p2a: Suicune|spa|1
|-boost|p2a: Suicune|spd|1
|
|-weather|Sandstorm|[upkeep]
|-damage|p1a: Aquamarine|94/100|[from] Sandstorm
|-damage|p2a: Suicune|49/100|[from] Sandstorm
|-heal|p1a: Aquamarine|100/100|[from] item: Leftovers
|-heal|p2a: Suicune|55/100|[from] item: Leftovers
|-damage|p2a: Suicune|42/100|[from] Leech Seed|[of] p1a: Aquamarine
|upkeep
|turn|38
|
|t:|1729355034
|move|p1a: Aquamarine|Baton Pass|p1a: Aquamarine
|
|t:|1729355037
|switch|p1a: Familiar|Tyranitar, F|23/100|[from] Baton Pass
|move|p2a: Suicune|Rest|p2a: Suicune
|-status|p2a: Suicune|slp|[from] move: Rest
|-heal|p2a: Suicune|100/100 slp|[silent]
|
|-weather|Sandstorm|[upkeep]
|-damage|p2a: Suicune|94/100 slp|[from] Sandstorm
|-heal|p2a: Suicune|100/100 slp|[from] item: Leftovers
|-damage|p2a: Suicune|88/100 slp|[from] Leech Seed|[of] p1a: Familiar
|-heal|p1a: Familiar|35/100|[silent]
|-heal|p1a: Familiar|41/100|[from] item: Leftovers
|upkeep
|turn|39
|
|t:|1729355045
|cant|p2a: Suicune|slp
|move|p1a: Familiar|Rock Slide|p2a: Suicune
|-damage|p2a: Suicune|65/100 slp
|
|-weather|Sandstorm|[upkeep]
|-damage|p2a: Suicune|59/100 slp|[from] Sandstorm
|-heal|p2a: Suicune|65/100 slp|[from] item: Leftovers
|-damage|p2a: Suicune|52/100 slp|[from] Leech Seed|[of] p1a: Familiar
|-heal|p1a: Familiar|54/100|[silent]
|-heal|p1a: Familiar|60/100|[from] item: Leftovers
|upkeep
|turn|40
|
|t:|1729355050
|cant|p2a: Suicune|slp
|move|p1a: Familiar|Rock Slide|p2a: Suicune
|-damage|p2a: Suicune|26/100 slp
|
|-weather|Sandstorm|[upkeep]
|-damage|p2a: Suicune|20/100 slp|[from] Sandstorm
|-heal|p2a: Suicune|26/100 slp|[from] item: Leftovers
|-damage|p2a: Suicune|13/100 slp|[from] Leech Seed|[of] p1a: Familiar
|-heal|p1a: Familiar|72/100|[silent]
|-heal|p1a: Familiar|79/100|[from] item: Leftovers
|upkeep
|turn|41
|
|t:|1729355061
|-curestatus|p2a: Suicune|slp|[msg]
|move|p2a: Suicune|Rest|p2a: Suicune
|-status|p2a: Suicune|slp|[from] move: Rest
|-heal|p2a: Suicune|100/100 slp|[silent]
|move|p1a: Familiar|Rock Slide|p2a: Suicune|[miss]
|-miss|p1a: Familiar|p2a: Suicune
|
|-weather|Sandstorm|[upkeep]
|-damage|p2a: Suicune|94/100 slp|[from] Sandstorm
|-heal|p2a: Suicune|100/100 slp|[from] item: Leftovers
|-damage|p2a: Suicune|88/100 slp|[from] Leech Seed|[of] p1a: Familiar
|-heal|p1a: Familiar|91/100|[silent]
|-heal|p1a: Familiar|97/100|[from] item: Leftovers
|upkeep
|turn|42
|c|☆wizzyhatg|if you were pure modest tar this would be much easier
|
|t:|1729355079
|cant|p2a: Suicune|slp
|move|p1a: Familiar|Earthquake|p2a: Suicune
|-damage|p2a: Suicune|64/100 slp
|
|-weather|Sandstorm|[upkeep]
|-damage|p2a: Suicune|58/100 slp|[from] Sandstorm
|-heal|p2a: Suicune|64/100 slp|[from] item: Leftovers
|-damage|p2a: Suicune|52/100 slp|[from] Leech Seed|[of] p1a: Familiar
|-heal|p1a: Familiar|100/100|[silent]
|upkeep
|turn|43
|
|t:|1729355084
|cant|p2a: Suicune|slp
|move|p1a: Familiar|Earthquake|p2a: Suicune
|-damage|p2a: Suicune|30/100 slp
|
|-weather|Sandstorm|[upkeep]
|-damage|p2a: Suicune|24/100 slp|[from] Sandstorm
|-heal|p2a: Suicune|30/100 slp|[from] item: Leftovers
|-damage|p2a: Suicune|18/100 slp|[from] Leech Seed|[of] p1a: Familiar
|upkeep
|turn|44
|
|t:|1729355089
|-curestatus|p2a: Suicune|slp|[msg]
|move|p2a: Suicune|Rest|p2a: Suicune
|-status|p2a: Suicune|slp|[from] move: Rest
|-heal|p2a: Suicune|100/100 slp|[silent]
|move|p1a: Familiar|Earthquake|p2a: Suicune
|-damage|p2a: Suicune|78/100 slp
|
|-weather|Sandstorm|[upkeep]
|-damage|p2a: Suicune|72/100 slp|[from] Sandstorm
|-heal|p2a: Suicune|78/100 slp|[from] item: Leftovers
|-damage|p2a: Suicune|65/100 slp|[from] Leech Seed|[of] p1a: Familiar
|upkeep
|turn|45
|
|t:|1729355101
|cant|p2a: Suicune|slp
|move|p1a: Familiar|Earthquake|p2a: Suicune
|-damage|p2a: Suicune|44/100 slp
|
|-weather|Sandstorm|[upkeep]
|-damage|p2a: Suicune|38/100 slp|[from] Sandstorm
|-heal|p2a: Suicune|44/100 slp|[from] item: Leftovers
|-damage|p2a: Suicune|32/100 slp|[from] Leech Seed|[of] p1a: Familiar
|upkeep
|turn|46
|c|☆wizzyhatg|gg
|
|t:|1729355108
|cant|p2a: Suicune|slp
|move|p1a: Familiar|Earthquake|p2a: Suicune
|-damage|p2a: Suicune|10/100 slp
|
|-weather|Sandstorm|[upkeep]
|-damage|p2a: Suicune|4/100 slp|[from] Sandstorm
|-heal|p2a: Suicune|10/100 slp|[from] item: Leftovers
|-damage|p2a: Suicune|0 fnt|[from] Leech Seed|[of] p1a: Familiar
|faint|p2a: Suicune
|
|win|Girls See Ghosts
|upkeep
|c|☆Girls See Ghosts|gg

</script>
<script type="application/json" class="data" id="replaydata-smogtours-gen3ou-799925">
{"id":"smogtours-gen3ou-799925","format":"[Gen 3] OU","players":["Girls See Ghosts","wizzyhatg"],"uploadtime":1729355108,"views":82,"formatid":"gen3ou","rating":null,"private":0,"password":null}
</script>

<script defer src="js/replays.js?9d40a366"></script>
