<!DOCTYPE html>
<meta charset="utf-8" />
<meta name="viewport" content="width=device-width" />

<title>[Gen 3] OU: halux vs. OOF_MAXIMA - Replays - Pok&eacute;mon Showdown!</title>

<meta name="description" content="Watch a replay of a Pok&eacute;mon battle between halux and OOF_MAXIMA! Format: [Gen 3] OU; Date: Oct 18, 2024" />
<!--

Hey, you! Looking in the source for the replay log?

You can find them in JSON format, just add `.json` at the end of a replay URL.

https://replay.pokemonshowdown.com/gen7randomdoublesbattle-865046831.json

Or, if you only need the log itself, add `.log` instead:

https://replay.pokemonshowdown.com/gen7randomdoublesbattle-865046831.log

-->

<link rel="stylesheet" href="//pokemonshowdown.com/style/global.css?0.767286132409787" />
<link rel="stylesheet" href="//play.pokemonshowdown.com/style/font-awesome.css?0.9266228007934947" />
<link rel="stylesheet" href="//play.pokemonshowdown.com/style/battle.css?0.7924700842790926" />
<link rel="stylesheet" href="//play.pokemonshowdown.com/style/utilichart.css?0.8777417872839479" />

<!-- Global site tag (gtag.js) - Google Analytics -->
<script async src="https://www.googletagmanager.com/gtag/js?id=UA-26211653-1"></script>
<script>
  window.dataLayer = window.dataLayer || [];
  function gtag(){dataLayer.push(arguments);}
  gtag('js', new Date());

  gtag('config', 'UA-26211653-1');
</script>
<!-- End Google Analytics -->
<!-- Venatus Ad Manager - Install in <HEAD> of page -->
	<script src="https://hb.vntsm.com/v3/live/ad-manager.min.js" type="text/javascript" data-site-id="642aba63ec9a7b11c3c9c1be" data-mode="scan" async></script>
<!-- / Venatus Ad Manager -->

<style>
	@media (max-width:820px) {
		.battle {
			margin: 0 auto;
		}
		.battle-log {
			margin: 7px auto 0;
			max-width: 640px;
			height: 300px;
			position: static;
		}
	}
	.optgroup {
		display: inline-block;
		line-height: 22px;
		font-size: 10pt;
	}
	.optgroup .button {
		height: 25px;
		padding-top: 0;
		padding-bottom: 0;
	}
	.optgroup button.button {
		padding-left: 12px;
		padding-right: 12px;
	}
	.linklist {
		list-style: none;
		margin: 0.5em 0;
		padding: 0;
	}
	.linklist li {
		padding: 2px 0;
	}
	.sidebar {
		float: left;
		width: 320px;
	}
	.bar-wrapper {
		max-width: 1100px;
		margin: 0 auto;
	}
	.bar-wrapper.has-sidebar {
		max-width: 1430px;
	}
	.mainbar {
		margin: 0;
		padding-right: 1px;
	}
	.mainbar.has-sidebar {
		margin-left: 330px;
	}
	@media (min-width: 1511px) {
		.sidebar {
			width: 400px;
		}
		.bar-wrapper.has-sidebar {
			max-width: 1510px;
		}
		.mainbar.has-sidebar {
			margin-left: 410px;
		}
	}
	.section.first-section {
		margin-top: 9px;
	}
	.blocklink small {
		white-space: normal;
	}
	.button {
		vertical-align: middle;
	}
	.replay-controls {
		padding-top: 10px;
	}
	.replay-controls h1 {
		font-size: 16pt;
		font-weight: normal;
		color: #CCC;
	}
	.pagelink {
		text-align: center;
	}
	.pagelink a {
		width: 150px;
	}
	.textbox, .button {
		font-size: 11pt;
		vertical-align: middle;
	}
	@media (max-width: 450px) {
		.button {
			font-size: 9pt;
		}
	}
</style>

<div>

	<header>
		<div class="nav-wrapper"><ul class="nav">
			<li><a class="button nav-first" href="//pokemonshowdown.com/"><img src="//pokemonshowdown.com/images/pokemonshowdownbeta.png" srcset="//pokemonshowdown.com/images/pokemonshowdownbeta.png 1x, //pokemonshowdown.com/images/pokemonshowdownbeta@2x.png 2x" alt="Pok&eacute;mon Showdown" width="146" height="44" /> Home</a></li>
			<li><a class="button" href="//pokemonshowdown.com/dex/">Pok&eacute;dex</a></li>
			<li><a class="button cur" href="/">Replays</a></li>
			<li><a class="button" href="//pokemonshowdown.com/ladder/">Ladder</a></li>
			<li><a class="button nav-last" href="//pokemonshowdown.com/forums/">Forum</a></li>
			<li><a class="button greenbutton nav-first nav-last" href="//play.pokemonshowdown.com/">Play</a></li>
		</ul></div>
	</header>

	<div class="main" id="main">

		<noscript><section class="section">You need to enable JavaScript to use this page; sorry!</section></noscript>

	</div>

</div>

<script defer nomodule src="//play.pokemonshowdown.com/js/lib/ps-polyfill.js"></script>
<script defer src="//play.pokemonshowdown.com/js/lib/preact.min.js"></script>

<script defer src="//play.pokemonshowdown.com/config/config.js?6dec07f6"></script>
<script defer src="//play.pokemonshowdown.com/js/lib/jquery-1.11.0.min.js"></script>
<script defer src="//play.pokemonshowdown.com/js/lib/html-sanitizer-minified.js"></script>
<script defer src="//play.pokemonshowdown.com/js/battle-sound.js"></script>
<script defer src="//play.pokemonshowdown.com/js/battledata.js?0.6315294753075389"></script>
<script defer src="//play.pokemonshowdown.com/data/pokedex-mini.js?0.7603743185311358"></script>
<script defer src="//play.pokemonshowdown.com/data/pokedex-mini-bw.js?0.030888842834281283"></script>
<script defer src="//play.pokemonshowdown.com/data/graphics.js?0.05593094747507488"></script>
<script defer src="//play.pokemonshowdown.com/data/pokedex.js?0.47064822249611904"></script>
<script defer src="//play.pokemonshowdown.com/data/moves.js?0.8583693120512459"></script>
<script defer src="//play.pokemonshowdown.com/data/abilities.js?0.16017181182386842"></script>
<script defer src="//play.pokemonshowdown.com/data/items.js?0.4163379185673943"></script>
<script defer src="//play.pokemonshowdown.com/data/teambuilder-tables.js?0.31075597372830477"></script>
<script defer src="//play.pokemonshowdown.com/js/battle-tooltips.js?0.6536193500708172"></script>
<script defer src="//play.pokemonshowdown.com/js/battle.js?0.1916591943277901"></script>

<script defer src="js/utils.js?e31f9a17"></script>
<script defer src="js/replays-battle.js?7008c182"></script>

<!-- don't scrape this data! just add .json or .log after the URL!
Full API docs: https://github.com/smogon/pokemon-showdown-client/blob/master/WEB-API.md -->
<script type="text/plain" class="log" id="replaylog-smogtours-gen3ou-799522">
|inactive|Battle timer is ON: inactive players will automatically lose when time's up.
|t:|1729264140
|gametype|singles
|player|p1|halux|wattson|
|player|p2|OOF_MAXIMA|cress|
|teamsize|p1|6
|teamsize|p2|6
|gen|3
|tier|[Gen 3] OU
|rule|Sleep Clause Mod: Limit one foe put to sleep
|rule|Switch Priority Clause Mod: Faster Pokémon switch first
|rule|Species Clause: Limit one of each Pokémon
|rule|OHKO Clause: OHKO moves are banned
|rule|Evasion Items Clause: Evasion items are banned
|rule|Evasion Moves Clause: Evasion moves are banned
|rule|Endless Battle Clause: Forcing endless battles is banned
|rule|HP Percentage Mod: HP is shown in percentages
|rule|One Boost Passer Clause: Limit one Baton Passer that has a way to boost its stats
|rule|Freeze Clause Mod: Limit one foe frozen
|
|t:|1729264140
|start
|switch|p1a: Zapdos|Zapdos|100/100
|switch|p2a: forehead goober|Suicune|100/100
|turn|1
|c|☆OOF_MAXIMA|GL HF
|
|t:|1729264152
|switch|p2a: onion goober|Celebi|100/100
|move|p1a: Zapdos|Thunderbolt|p2a: onion goober
|-resisted|p2a: onion goober
|-damage|p2a: onion goober|78/100
|
|-heal|p2a: onion goober|84/100|[from] item: Leftovers
|upkeep
|turn|2
|c|☆halux|u2
|
|t:|1729264175
|switch|p1a: Metagross|Metagross|100/100
|move|p2a: onion goober|Leech Seed|p1a: Metagross
|-start|p1a: Metagross|move: Leech Seed
|
|-heal|p2a: onion goober|90/100|[from] item: Leftovers
|-damage|p1a: Metagross|88/100|[from] Leech Seed|[of] p2a: onion goober
|-heal|p2a: onion goober|100/100|[silent]
|upkeep
|turn|3
|
|t:|1729264190
|switch|p2a: magnet goober|Magneton|100/100
|switch|p1a: Zapdos|Zapdos|100/100
|
|upkeep
|turn|4
|
|t:|1729264204
|move|p1a: Zapdos|Baton Pass|p1a: Zapdos
|
|t:|1729264206
|switch|p1a: Dugtrio|Dugtrio, M|100/100|[from] Baton Pass
|move|p2a: magnet goober|Thunderbolt|p1a: Dugtrio
|-immune|p1a: Dugtrio
|
|upkeep
|turn|5
|
|t:|1729264215
|move|p2a: magnet goober|Endure|p2a: magnet goober
|-singleturn|p2a: magnet goober|move: Endure
|move|p1a: Dugtrio|Earthquake|p2a: magnet goober
|-supereffective|p2a: magnet goober
|-activate|p2a: magnet goober|move: Endure
|-damage|p2a: magnet goober|1/100
|
|-enditem|p2a: magnet goober|Salac Berry|[eat]
|-boost|p2a: magnet goober|spe|1|[from] item: Salac Berry
|upkeep
|turn|6
|
|t:|1729264233
|move|p2a: magnet goober|Hidden Power|p1a: Dugtrio
|-supereffective|p1a: Dugtrio
|-damage|p1a: Dugtrio|21/100
|move|p1a: Dugtrio|Earthquake|p2a: magnet goober
|-supereffective|p2a: magnet goober
|-damage|p2a: magnet goober|0 fnt
|faint|p2a: magnet goober
|
|t:|1729264244
|switch|p2a: onion goober|Celebi|100/100
|
|upkeep
|turn|7
|
|t:|1729264251
|switch|p1a: Metagross|Metagross|88/100
|move|p2a: onion goober|Substitute|p2a: onion goober
|-start|p2a: onion goober|Substitute
|-damage|p2a: onion goober|75/100
|
|-heal|p2a: onion goober|82/100|[from] item: Leftovers
|-heal|p1a: Metagross|94/100|[from] item: Leftovers
|upkeep
|turn|8
|
|t:|1729264260
|move|p2a: onion goober|Leech Seed|p1a: Metagross
|-start|p1a: Metagross|move: Leech Seed
|move|p1a: Metagross|Meteor Mash|p2a: onion goober
|-end|p2a: onion goober|Substitute
|
|-heal|p2a: onion goober|88/100|[from] item: Leftovers
|-heal|p1a: Metagross|99/100|[from] item: Leftovers
|-damage|p1a: Metagross|88/100|[from] Leech Seed|[of] p2a: onion goober
|-heal|p2a: onion goober|99/100|[silent]
|upkeep
|turn|9
|
|t:|1729264268
|switch|p1a: Zapdos|Zapdos|100/100
|move|p2a: onion goober|Substitute|p2a: onion goober
|-start|p2a: onion goober|Substitute
|-damage|p2a: onion goober|74/100
|
|-heal|p2a: onion goober|80/100|[from] item: Leftovers
|upkeep
|turn|10
|
|t:|1729264277
|move|p2a: onion goober|Psychic|p1a: Zapdos
|-damage|p1a: Zapdos|65/100
|move|p1a: Zapdos|Baton Pass|p1a: Zapdos
|
|t:|1729264283
|switch|p1a: Metagross|Metagross|88/100|[from] Baton Pass
|
|-heal|p2a: onion goober|86/100|[from] item: Leftovers
|-heal|p1a: Metagross|94/100|[from] item: Leftovers
|upkeep
|turn|11
|
|t:|1729264294
|move|p2a: onion goober|Baton Pass|p2a: onion goober
|
|t:|1729264299
|switch|p2a: metal goober|Metagross|100/100|[from] Baton Pass
|move|p1a: Metagross|Meteor Mash|p2a: metal goober|[miss]
|-miss|p1a: Metagross|p2a: metal goober
|
|-heal|p1a: Metagross|99/100|[from] item: Leftovers
|upkeep
|turn|12
|
|t:|1729264309
|move|p2a: metal goober|Earthquake|p1a: Metagross
|-supereffective|p1a: Metagross
|-damage|p1a: Metagross|46/100
|move|p1a: Metagross|Earthquake|p2a: metal goober
|-supereffective|p2a: metal goober
|-end|p2a: metal goober|Substitute
|
|-heal|p1a: Metagross|52/100|[from] item: Leftovers
|upkeep
|turn|13
|
|t:|1729264333
|move|p2a: metal goober|Meteor Mash|p1a: Metagross
|-resisted|p1a: Metagross
|-damage|p1a: Metagross|32/100
|move|p1a: Metagross|Explosion|p2a: metal goober
|-resisted|p2a: metal goober
|-damage|p2a: metal goober|19/100
|faint|p1a: Metagross
|
|t:|1729264337
|switch|p1a: Dugtrio|Dugtrio, M|21/100
|
|-heal|p2a: metal goober|25/100|[from] item: Leftovers
|upkeep
|turn|14
|
|t:|1729264343
|move|p1a: Dugtrio|Earthquake|p2a: metal goober
|-supereffective|p2a: metal goober
|-damage|p2a: metal goober|0 fnt
|faint|p2a: metal goober
|
|t:|1729264354
|switch|p2a: onion goober|Celebi|86/100
|
|-heal|p2a: onion goober|93/100|[from] item: Leftovers
|upkeep
|turn|15
|
|t:|1729264365
|switch|p1a: Suicune|Suicune|100/100
|move|p2a: onion goober|Leech Seed|p1a: Suicune
|-start|p1a: Suicune|move: Leech Seed
|
|-heal|p2a: onion goober|99/100|[from] item: Leftovers
|-damage|p1a: Suicune|88/100|[from] Leech Seed|[of] p2a: onion goober
|-heal|p2a: onion goober|100/100|[silent]
|upkeep
|turn|16
|
|t:|1729264374
|move|p2a: onion goober|Baton Pass|p2a: onion goober
|
|t:|1729264377
|switch|p2a: forehead goober|Suicune|100/100|[from] Baton Pass
|move|p1a: Suicune|Ice Beam|p2a: forehead goober
|-resisted|p2a: forehead goober
|-damage|p2a: forehead goober|90/100
|-status|p2a: forehead goober|frz
|
|-heal|p1a: Suicune|94/100|[from] item: Leftovers
|-damage|p1a: Suicune|82/100|[from] Leech Seed|[of] p2a: forehead goober
|-heal|p2a: forehead goober|100/100 frz|[silent]
|upkeep
|turn|17
|
|t:|1729264386
|switch|p1a: Zapdos|Zapdos|65/100
|switch|p2a: sandy goober|Tyranitar, M|100/100
|-weather|Sandstorm|[from] ability: Sand Stream|[of] p2a: sandy goober
|
|-weather|Sandstorm|[upkeep]
|-damage|p1a: Zapdos|59/100|[from] Sandstorm
|-heal|p1a: Zapdos|65/100|[from] item: Leftovers
|upkeep
|turn|18
|
|t:|1729264394
|move|p1a: Zapdos|Thunderbolt|p2a: sandy goober
|-damage|p2a: sandy goober|49/100
|move|p2a: sandy goober|Dragon Dance|p2a: sandy goober
|-boost|p2a: sandy goober|atk|1
|-boost|p2a: sandy goober|spe|1
|
|-weather|Sandstorm|[upkeep]
|-damage|p1a: Zapdos|59/100|[from] Sandstorm
|-heal|p1a: Zapdos|65/100|[from] item: Leftovers
|upkeep
|turn|19
|
|t:|1729264411
|move|p2a: sandy goober|Dragon Dance|p2a: sandy goober
|-boost|p2a: sandy goober|atk|1
|-boost|p2a: sandy goober|spe|1
|move|p1a: Zapdos|Thunderbolt|p2a: sandy goober
|-damage|p2a: sandy goober|0 fnt
|faint|p2a: sandy goober
|
|t:|1729264420
|switch|p2a: onion goober|Celebi|100/100
|
|-weather|Sandstorm|[upkeep]
|-damage|p2a: onion goober|94/100|[from] Sandstorm
|-damage|p1a: Zapdos|59/100|[from] Sandstorm
|-heal|p2a: onion goober|100/100|[from] item: Leftovers
|-heal|p1a: Zapdos|65/100|[from] item: Leftovers
|upkeep
|turn|20
|
|t:|1729264432
|move|p2a: onion goober|Baton Pass|p2a: onion goober
|
|t:|1729264434
|switch|p2a: dragon goober|Salamence, F|100/100|[from] Baton Pass
|-ability|p2a: dragon goober|Intimidate|boost
|-unboost|p1a: Zapdos|atk|1
|move|p1a: Zapdos|Rain Dance|p1a: Zapdos
|-weather|RainDance
|
|-weather|RainDance|[upkeep]
|-heal|p1a: Zapdos|71/100|[from] item: Leftovers
|upkeep
|turn|21
|
|t:|1729264444
|switch|p2a: onion goober|Celebi|100/100
|move|p1a: Zapdos|Baton Pass|p1a: Zapdos
|
|t:|1729264448
|switch|p1a: Kingdra|Kingdra, M, shiny|100/100|[from] Baton Pass
|
|-weather|RainDance|[upkeep]
|upkeep
|turn|22
|
|t:|1729264457
|move|p1a: Kingdra|Ice Beam|p2a: onion goober
|-supereffective|p2a: onion goober
|-damage|p2a: onion goober|53/100
|move|p2a: onion goober|Leech Seed|p1a: Kingdra
|-start|p1a: Kingdra|move: Leech Seed
|
|-weather|RainDance|[upkeep]
|-damage|p1a: Kingdra|88/100|[from] Leech Seed|[of] p2a: onion goober
|-heal|p2a: onion goober|62/100|[silent]
|-heal|p2a: onion goober|69/100|[from] item: Leftovers
|upkeep
|turn|23
|
|t:|1729264466
|move|p1a: Kingdra|Ice Beam|p2a: onion goober
|-supereffective|p2a: onion goober
|-damage|p2a: onion goober|23/100
|move|p2a: onion goober|Psychic|p1a: Kingdra
|-damage|p1a: Kingdra|52/100
|
|-weather|RainDance|[upkeep]
|-damage|p1a: Kingdra|40/100|[from] Leech Seed|[of] p2a: onion goober
|-heal|p2a: onion goober|33/100|[silent]
|-heal|p2a: onion goober|39/100|[from] item: Leftovers
|upkeep
|turn|24
|
|t:|1729264476
|switch|p1a: Zapdos|Zapdos|71/100
|move|p2a: onion goober|Psychic|p1a: Zapdos
|-damage|p1a: Zapdos|34/100
|
|-weather|none
|-heal|p2a: onion goober|45/100|[from] item: Leftovers
|-heal|p1a: Zapdos|40/100|[from] item: Leftovers
|upkeep
|turn|25
|
|t:|1729264488
|move|p2a: onion goober|Substitute|p2a: onion goober
|-start|p2a: onion goober|Substitute
|-damage|p2a: onion goober|20/100
|move|p1a: Zapdos|Baton Pass|p1a: Zapdos
|
|t:|1729264498
|switch|p1a: Dugtrio|Dugtrio, M|21/100|[from] Baton Pass
|
|-heal|p2a: onion goober|26/100|[from] item: Leftovers
|upkeep
|turn|26
|
|t:|1729264505
|move|p1a: Dugtrio|Hidden Power|p2a: onion goober
|-supereffective|p2a: onion goober
|-end|p2a: onion goober|Substitute
|move|p2a: onion goober|Baton Pass|p2a: onion goober
|
|t:|1729264507
|switch|p2a: dragon goober|Salamence, F|100/100|[from] Baton Pass
|-ability|p2a: dragon goober|Intimidate|boost
|-unboost|p1a: Dugtrio|atk|1
|
|upkeep
|turn|27
|
|t:|1729264515
|switch|p1a: Zapdos|Zapdos|40/100
|move|p2a: dragon goober|Dragon Dance|p2a: dragon goober
|-boost|p2a: dragon goober|atk|1
|-boost|p2a: dragon goober|spe|1
|
|-heal|p1a: Zapdos|46/100|[from] item: Leftovers
|upkeep
|turn|28
|
|t:|1729264537
|move|p2a: dragon goober|Rock Slide|p1a: Zapdos
|-supereffective|p1a: Zapdos
|-damage|p1a: Zapdos|0 fnt
|faint|p1a: Zapdos
|
|t:|1729264543
|switch|p1a: Suicune|Suicune|82/100
|
|-heal|p1a: Suicune|88/100|[from] item: Leftovers
|upkeep
|turn|29
|inactive|OOF_MAXIMA has 270 seconds left.
|
|t:|1729264581
|move|p2a: dragon goober|Rock Slide|p1a: Suicune
|-damage|p1a: Suicune|54/100
|cant|p1a: Suicune|flinch
|
|-heal|p1a: Suicune|60/100|[from] item: Leftovers
|upkeep
|turn|30
|
|t:|1729264592
|move|p2a: dragon goober|Rock Slide|p1a: Suicune
|-damage|p1a: Suicune|26/100
|move|p1a: Suicune|Ice Beam|p2a: dragon goober
|-supereffective|p2a: dragon goober
|-crit|p2a: dragon goober
|-damage|p2a: dragon goober|0 fnt
|faint|p2a: dragon goober
|
|t:|1729264604
|switch|p2a: onion goober|Celebi|26/100
|
|-heal|p2a: onion goober|33/100|[from] item: Leftovers
|-heal|p1a: Suicune|32/100|[from] item: Leftovers
|upkeep
|turn|31
|
|t:|1729264614
|move|p2a: onion goober|Psychic|p1a: Suicune
|-damage|p1a: Suicune|5/100
|move|p1a: Suicune|Ice Beam|p2a: onion goober
|-supereffective|p2a: onion goober
|-damage|p2a: onion goober|0 fnt
|faint|p2a: onion goober
|
|t:|1729264618
|switch|p2a: forehead goober|Suicune|100/100 frz
|
|-heal|p1a: Suicune|11/100|[from] item: Leftovers
|upkeep
|turn|32
|
|t:|1729264626
|move|p1a: Suicune|Calm Mind|p1a: Suicune
|-boost|p1a: Suicune|spa|1
|-boost|p1a: Suicune|spd|1
|-curestatus|p2a: forehead goober|frz|[msg]
|move|p2a: forehead goober|Hydro Pump|p1a: Suicune
|-resisted|p1a: Suicune
|-damage|p1a: Suicune|0 fnt
|faint|p1a: Suicune
|
|t:|1729264632
|switch|p1a: Dugtrio|Dugtrio, M|21/100
|
|upkeep
|turn|33
|
|t:|1729264640
|move|p1a: Dugtrio|Earthquake|p2a: forehead goober
|-damage|p2a: forehead goober|64/100
|move|p2a: forehead goober|Ice Beam|p1a: Dugtrio
|-supereffective|p1a: Dugtrio
|-damage|p1a: Dugtrio|0 fnt
|faint|p1a: Dugtrio
|
|t:|1729264648
|switch|p1a: Kingdra|Kingdra, M, shiny|40/100
|
|-heal|p2a: forehead goober|71/100|[from] item: Leftovers
|upkeep
|turn|34
|
|t:|1729264657
|move|p2a: forehead goober|Calm Mind|p2a: forehead goober
|-boost|p2a: forehead goober|spa|1
|-boost|p2a: forehead goober|spd|1
|move|p1a: Kingdra|Hidden Power|p2a: forehead goober
|-supereffective|p2a: forehead goober
|-damage|p2a: forehead goober|47/100
|
|-heal|p2a: forehead goober|53/100|[from] item: Leftovers
|upkeep
|turn|35
|
|t:|1729264669
|move|p2a: forehead goober|Substitute|p2a: forehead goober
|-start|p2a: forehead goober|Substitute
|-damage|p2a: forehead goober|28/100
|move|p1a: Kingdra|Hidden Power|p2a: forehead goober
|-supereffective|p2a: forehead goober
|-activate|p2a: forehead goober|Substitute|[damage]
|
|-heal|p2a: forehead goober|34/100|[from] item: Leftovers
|upkeep
|turn|36
|
|t:|1729264677
|move|p2a: forehead goober|Calm Mind|p2a: forehead goober
|-boost|p2a: forehead goober|spa|1
|-boost|p2a: forehead goober|spd|1
|move|p1a: Kingdra|Hidden Power|p2a: forehead goober
|-supereffective|p2a: forehead goober
|-end|p2a: forehead goober|Substitute
|
|-heal|p2a: forehead goober|40/100|[from] item: Leftovers
|upkeep
|turn|37
|
|t:|1729264684
|switch|p1a: Heracross|Heracross, M, shiny|100/100
|move|p2a: forehead goober|Substitute|p2a: forehead goober
|-start|p2a: forehead goober|Substitute
|-damage|p2a: forehead goober|15/100
|
|-heal|p2a: forehead goober|22/100|[from] item: Leftovers
|upkeep
|turn|38
|
|t:|1729264694
|move|p1a: Heracross|Megahorn|p2a: forehead goober
|-end|p2a: forehead goober|Substitute
|move|p2a: forehead goober|Hydro Pump|p1a: Heracross
|-damage|p1a: Heracross|0 fnt
|faint|p1a: Heracross
|
|t:|1729264703
|switch|p1a: Kingdra|Kingdra, M, shiny|40/100
|
|-heal|p2a: forehead goober|28/100|[from] item: Leftovers
|upkeep
|turn|39
|
|t:|1729264714
|move|p2a: forehead goober|Ice Beam|p1a: Kingdra
|-damage|p1a: Kingdra|0 fnt
|faint|p1a: Kingdra
|
|win|OOF_MAXIMA
|c|☆OOF_MAXIMA|ggs!
|player|p1|

</script>
<script type="application/json" class="data" id="replaydata-smogtours-gen3ou-799522">
{"id":"smogtours-gen3ou-799522","format":"[Gen 3] OU","players":["halux","OOF_MAXIMA"],"uploadtime":1729264714,"views":131,"formatid":"gen3ou","rating":null,"private":0,"password":null}
</script>

<script defer src="js/replays.js?9d40a366"></script>
