<!DOCTYPE html>
<meta charset="utf-8" />
<meta name="viewport" content="width=device-width" />

<title>[Gen 3] OU: AirPan vs. muk fan - Replays - Pok&eacute;mon Showdown!</title>

<meta name="description" content="Watch a replay of a Pok&eacute;mon battle between AirPan and muk fan! Format: [Gen 3] OU; Date: Oct 13, 2024" />
<!--

Hey, you! Looking in the source for the replay log?

You can find them in JSON format, just add `.json` at the end of a replay URL.

https://replay.pokemonshowdown.com/gen7randomdoublesbattle-865046831.json

Or, if you only need the log itself, add `.log` instead:

https://replay.pokemonshowdown.com/gen7randomdoublesbattle-865046831.log

-->

<link rel="stylesheet" href="//pokemonshowdown.com/style/global.css?0.767286132409787" />
<link rel="stylesheet" href="//play.pokemonshowdown.com/style/font-awesome.css?0.9266228007934947" />
<link rel="stylesheet" href="//play.pokemonshowdown.com/style/battle.css?0.7924700842790926" />
<link rel="stylesheet" href="//play.pokemonshowdown.com/style/utilichart.css?0.8777417872839479" />

<!-- Global site tag (gtag.js) - Google Analytics -->
<script async src="https://www.googletagmanager.com/gtag/js?id=UA-26211653-1"></script>
<script>
  window.dataLayer = window.dataLayer || [];
  function gtag(){dataLayer.push(arguments);}
  gtag('js', new Date());

  gtag('config', 'UA-26211653-1');
</script>
<!-- End Google Analytics -->
<!-- Venatus Ad Manager - Install in <HEAD> of page -->
	<script src="https://hb.vntsm.com/v3/live/ad-manager.min.js" type="text/javascript" data-site-id="642aba63ec9a7b11c3c9c1be" data-mode="scan" async></script>
<!-- / Venatus Ad Manager -->

<style>
	@media (max-width:820px) {
		.battle {
			margin: 0 auto;
		}
		.battle-log {
			margin: 7px auto 0;
			max-width: 640px;
			height: 300px;
			position: static;
		}
	}
	.optgroup {
		display: inline-block;
		line-height: 22px;
		font-size: 10pt;
	}
	.optgroup .button {
		height: 25px;
		padding-top: 0;
		padding-bottom: 0;
	}
	.optgroup button.button {
		padding-left: 12px;
		padding-right: 12px;
	}
	.linklist {
		list-style: none;
		margin: 0.5em 0;
		padding: 0;
	}
	.linklist li {
		padding: 2px 0;
	}
	.sidebar {
		float: left;
		width: 320px;
	}
	.bar-wrapper {
		max-width: 1100px;
		margin: 0 auto;
	}
	.bar-wrapper.has-sidebar {
		max-width: 1430px;
	}
	.mainbar {
		margin: 0;
		padding-right: 1px;
	}
	.mainbar.has-sidebar {
		margin-left: 330px;
	}
	@media (min-width: 1511px) {
		.sidebar {
			width: 400px;
		}
		.bar-wrapper.has-sidebar {
			max-width: 1510px;
		}
		.mainbar.has-sidebar {
			margin-left: 410px;
		}
	}
	.section.first-section {
		margin-top: 9px;
	}
	.blocklink small {
		white-space: normal;
	}
	.button {
		vertical-align: middle;
	}
	.replay-controls {
		padding-top: 10px;
	}
	.replay-controls h1 {
		font-size: 16pt;
		font-weight: normal;
		color: #CCC;
	}
	.pagelink {
		text-align: center;
	}
	.pagelink a {
		width: 150px;
	}
	.textbox, .button {
		font-size: 11pt;
		vertical-align: middle;
	}
	@media (max-width: 450px) {
		.button {
			font-size: 9pt;
		}
	}
</style>

<div>

	<header>
		<div class="nav-wrapper"><ul class="nav">
			<li><a class="button nav-first" href="//pokemonshowdown.com/"><img src="//pokemonshowdown.com/images/pokemonshowdownbeta.png" srcset="//pokemonshowdown.com/images/pokemonshowdownbeta.png 1x, //pokemonshowdown.com/images/pokemonshowdownbeta@2x.png 2x" alt="Pok&eacute;mon Showdown" width="146" height="44" /> Home</a></li>
			<li><a class="button" href="//pokemonshowdown.com/dex/">Pok&eacute;dex</a></li>
			<li><a class="button cur" href="/">Replays</a></li>
			<li><a class="button" href="//pokemonshowdown.com/ladder/">Ladder</a></li>
			<li><a class="button nav-last" href="//pokemonshowdown.com/forums/">Forum</a></li>
			<li><a class="button greenbutton nav-first nav-last" href="//play.pokemonshowdown.com/">Play</a></li>
		</ul></div>
	</header>

	<div class="main" id="main">

		<noscript><section class="section">You need to enable JavaScript to use this page; sorry!</section></noscript>

	</div>

</div>

<script defer nomodule src="//play.pokemonshowdown.com/js/lib/ps-polyfill.js"></script>
<script defer src="//play.pokemonshowdown.com/js/lib/preact.min.js"></script>

<script defer src="//play.pokemonshowdown.com/config/config.js?6dec07f6"></script>
<script defer src="//play.pokemonshowdown.com/js/lib/jquery-1.11.0.min.js"></script>
<script defer src="//play.pokemonshowdown.com/js/lib/html-sanitizer-minified.js"></script>
<script defer src="//play.pokemonshowdown.com/js/battle-sound.js"></script>
<script defer src="//play.pokemonshowdown.com/js/battledata.js?0.6315294753075389"></script>
<script defer src="//play.pokemonshowdown.com/data/pokedex-mini.js?0.7603743185311358"></script>
<script defer src="//play.pokemonshowdown.com/data/pokedex-mini-bw.js?0.030888842834281283"></script>
<script defer src="//play.pokemonshowdown.com/data/graphics.js?0.05593094747507488"></script>
<script defer src="//play.pokemonshowdown.com/data/pokedex.js?0.47064822249611904"></script>
<script defer src="//play.pokemonshowdown.com/data/moves.js?0.8583693120512459"></script>
<script defer src="//play.pokemonshowdown.com/data/abilities.js?0.16017181182386842"></script>
<script defer src="//play.pokemonshowdown.com/data/items.js?0.4163379185673943"></script>
<script defer src="//play.pokemonshowdown.com/data/teambuilder-tables.js?0.31075597372830477"></script>
<script defer src="//play.pokemonshowdown.com/js/battle-tooltips.js?0.6536193500708172"></script>
<script defer src="//play.pokemonshowdown.com/js/battle.js?0.1916591943277901"></script>

<script defer src="js/utils.js?e31f9a17"></script>
<script defer src="js/replays-battle.js?7008c182"></script>

<!-- don't scrape this data! just add .json or .log after the URL!
Full API docs: https://github.com/smogon/pokemon-showdown-client/blob/master/WEB-API.md -->
<script type="text/plain" class="log" id="replaylog-smogtours-gen3ou-798395">
|inactive|Battle timer is ON: inactive players will automatically lose when time's up.
|t:|1728851597
|gametype|singles
|player|p1|AirPan|pokemonrangerf-gen4|
|player|p2|muk fan|blue|
|teamsize|p1|6
|teamsize|p2|6
|gen|3
|tier|[Gen 3] OU
|rule|Sleep Clause Mod: Limit one foe put to sleep
|rule|Switch Priority Clause Mod: Faster Pokémon switch first
|rule|Species Clause: Limit one of each Pokémon
|rule|OHKO Clause: OHKO moves are banned
|rule|Evasion Items Clause: Evasion items are banned
|rule|Evasion Moves Clause: Evasion moves are banned
|rule|Endless Battle Clause: Forcing endless battles is banned
|rule|HP Percentage Mod: HP is shown in percentages
|rule|One Boost Passer Clause: Limit one Baton Passer that has a way to boost its stats
|rule|Freeze Clause Mod: Limit one foe frozen
|
|t:|1728851597
|start
|switch|p1a: ask|Tyranitar, M|100/100
|switch|p2a: Zapdos|Zapdos|100/100
|-weather|Sandstorm|[from] ability: Sand Stream|[of] p1a: ask
|turn|1
|
|t:|1728851627
|move|p2a: Zapdos|Substitute|p2a: Zapdos
|-start|p2a: Zapdos|Substitute
|-damage|p2a: Zapdos|76/100
|move|p1a: ask|Crunch|p2a: Zapdos
|-end|p2a: Zapdos|Substitute
|
|-weather|Sandstorm|[upkeep]
|-damage|p2a: Zapdos|69/100|[from] Sandstorm
|-heal|p2a: Zapdos|76/100|[from] item: Leftovers
|upkeep
|turn|2
|
|t:|1728851632
|move|p2a: Zapdos|Baton Pass|p2a: Zapdos
|
|t:|1728851635
|switch|p2a: Machamp|Machamp, F|100/100|[from] Baton Pass
|move|p1a: ask|Roar|p2a: Machamp
|drag|p2a: Jirachi|Jirachi|100/100
|
|-weather|Sandstorm|[upkeep]
|upkeep
|turn|3
|
|t:|1728851647
|move|p2a: Jirachi|Fire Punch|p1a: ask
|-resisted|p1a: ask
|-damage|p1a: ask|94/100
|move|p1a: ask|Crunch|p2a: Jirachi
|-damage|p2a: Jirachi|77/100
|-unboost|p2a: Jirachi|spd|1
|
|-weather|Sandstorm|[upkeep]
|-heal|p2a: Jirachi|83/100|[from] item: Leftovers
|-heal|p1a: ask|99/100|[from] item: Leftovers
|upkeep
|turn|4
|
|t:|1728851651
|move|p2a: Jirachi|Protect|p2a: Jirachi
|-singleturn|p2a: Jirachi|Protect
|move|p1a: ask|Fire Blast|p2a: Jirachi
|-activate|p2a: Jirachi|Protect
|
|-weather|Sandstorm|[upkeep]
|-heal|p2a: Jirachi|89/100|[from] item: Leftovers
|-heal|p1a: ask|100/100|[from] item: Leftovers
|upkeep
|turn|5
|
|t:|1728851661
|-activate|p2a: Jirachi|move: Pursuit
|move|p1a: ask|Pursuit|p2a: Jirachi|[from]Pursuit
|-damage|p2a: Jirachi|55/100
|switch|p2a: Swampert|Swampert, F|100/100
|
|-weather|Sandstorm|[upkeep]
|upkeep
|turn|6
|
|t:|1728851672
|switch|p1a: hand in glove|Milotic, F|100/100
|move|p2a: Swampert|Earthquake|p1a: hand in glove
|-damage|p1a: hand in glove|71/100
|
|-weather|Sandstorm|[upkeep]
|-damage|p1a: hand in glove|65/100|[from] Sandstorm
|-heal|p1a: hand in glove|71/100|[from] item: Leftovers
|upkeep
|turn|7
|
|t:|1728851676
|move|p2a: Swampert|Protect|p2a: Swampert
|-singleturn|p2a: Swampert|Protect
|move|p1a: hand in glove|Recover|p1a: hand in glove
|-heal|p1a: hand in glove|100/100
|
|-weather|Sandstorm|[upkeep]
|-damage|p1a: hand in glove|94/100|[from] Sandstorm
|-heal|p1a: hand in glove|100/100|[from] item: Leftovers
|upkeep
|turn|8
|
|t:|1728851680
|switch|p2a: Jirachi|Jirachi|55/100
|move|p1a: hand in glove|Toxic|p2a: Jirachi|[miss]
|-miss|p1a: hand in glove|p2a: Jirachi
|
|-weather|Sandstorm|[upkeep]
|-damage|p1a: hand in glove|94/100|[from] Sandstorm
|-heal|p2a: Jirachi|61/100|[from] item: Leftovers
|-heal|p1a: hand in glove|100/100|[from] item: Leftovers
|upkeep
|turn|9
|
|t:|1728851688
|switch|p1a: girl afraid|Blissey, F|100/100
|move|p2a: Jirachi|Wish|p2a: Jirachi
|
|-weather|Sandstorm|[upkeep]
|-damage|p1a: girl afraid|94/100|[from] Sandstorm
|-heal|p2a: Jirachi|68/100|[from] item: Leftovers
|-heal|p1a: girl afraid|100/100|[from] item: Leftovers
|upkeep
|turn|10
|
|t:|1728851693
|switch|p2a: Machamp|Machamp, F|100/100
|move|p1a: girl afraid|Thunder Wave|p2a: Machamp
|-status|p2a: Machamp|par
|
|-weather|Sandstorm|[upkeep]
|-damage|p1a: girl afraid|94/100|[from] Sandstorm
|-damage|p2a: Machamp|94/100 par|[from] Sandstorm
|-heal|p1a: girl afraid|100/100|[from] item: Leftovers
|-heal|p2a: Machamp|100/100 par|[from] item: Leftovers
|upkeep
|turn|11
|
|t:|1728851703
|switch|p1a: panic|Dusclops, M|100/100
|cant|p2a: Machamp|par
|
|-weather|Sandstorm|[upkeep]
|-damage|p1a: panic|95/100|[from] Sandstorm
|-damage|p2a: Machamp|94/100 par|[from] Sandstorm
|-heal|p1a: panic|100/100|[from] item: Leftovers
|-heal|p2a: Machamp|100/100 par|[from] item: Leftovers
|upkeep
|turn|12
|
|t:|1728851712
|move|p1a: panic|Shadow Ball|p2a: Machamp
|-damage|p2a: Machamp|76/100 par
|move|p2a: Machamp|Rock Slide|p1a: panic
|-damage|p1a: panic|58/100
|
|-weather|Sandstorm|[upkeep]
|-damage|p1a: panic|52/100|[from] Sandstorm
|-damage|p2a: Machamp|70/100 par|[from] Sandstorm
|-heal|p1a: panic|58/100|[from] item: Leftovers
|-heal|p2a: Machamp|76/100 par|[from] item: Leftovers
|upkeep
|turn|13
|
|t:|1728851716
|move|p1a: panic|Shadow Ball|p2a: Machamp
|-damage|p2a: Machamp|53/100 par
|-unboost|p2a: Machamp|spd|1
|move|p2a: Machamp|Rock Slide|p1a: panic
|-damage|p1a: panic|21/100
|
|-weather|Sandstorm|[upkeep]
|-damage|p1a: panic|15/100|[from] Sandstorm
|-damage|p2a: Machamp|46/100 par|[from] Sandstorm
|-heal|p1a: panic|21/100|[from] item: Leftovers
|-heal|p2a: Machamp|53/100 par|[from] item: Leftovers
|upkeep
|turn|14
|
|t:|1728851720
|switch|p2a: Snorlax|Snorlax, M|100/100
|move|p1a: panic|Rest|p1a: panic
|-status|p1a: panic|slp|[from] move: Rest
|-heal|p1a: panic|100/100 slp|[silent]
|
|-weather|Sandstorm|[upkeep]
|-damage|p2a: Snorlax|94/100|[from] Sandstorm
|-damage|p1a: panic|95/100 slp|[from] Sandstorm
|-heal|p2a: Snorlax|100/100|[from] item: Leftovers
|-heal|p1a: panic|100/100 slp|[from] item: Leftovers
|upkeep
|turn|15
|
|t:|1728851724
|switch|p1a: heaven knows|Forretress, M|100/100
|move|p2a: Snorlax|Curse|p2a: Snorlax
|-unboost|p2a: Snorlax|spe|1
|-boost|p2a: Snorlax|atk|1
|-boost|p2a: Snorlax|def|1
|
|-weather|Sandstorm|[upkeep]
|-damage|p2a: Snorlax|94/100|[from] Sandstorm
|-heal|p2a: Snorlax|100/100|[from] item: Leftovers
|upkeep
|turn|16
|
|t:|1728851729
|move|p1a: heaven knows|Spikes|p2a: Snorlax
|-sidestart|p2: muk fan|Spikes
|move|p2a: Snorlax|Curse|p2a: Snorlax
|-unboost|p2a: Snorlax|spe|1
|-boost|p2a: Snorlax|atk|1
|-boost|p2a: Snorlax|def|1
|
|-weather|Sandstorm|[upkeep]
|-damage|p2a: Snorlax|94/100|[from] Sandstorm
|-heal|p2a: Snorlax|100/100|[from] item: Leftovers
|upkeep
|turn|17
|
|t:|1728851730
|move|p1a: heaven knows|Zap Cannon|p2a: Snorlax|[miss]
|-miss|p1a: heaven knows|p2a: Snorlax
|move|p2a: Snorlax|Curse|p2a: Snorlax
|-unboost|p2a: Snorlax|spe|1
|-boost|p2a: Snorlax|atk|1
|-boost|p2a: Snorlax|def|1
|
|-weather|Sandstorm|[upkeep]
|-damage|p2a: Snorlax|94/100|[from] Sandstorm
|-heal|p2a: Snorlax|100/100|[from] item: Leftovers
|upkeep
|turn|18
|
|t:|1728851734
|move|p1a: heaven knows|Zap Cannon|p2a: Snorlax
|-damage|p2a: Snorlax|93/100
|-status|p2a: Snorlax|par
|move|p2a: Snorlax|Earthquake|p1a: heaven knows
|-damage|p1a: heaven knows|49/100
|
|-weather|Sandstorm|[upkeep]
|-damage|p2a: Snorlax|87/100 par|[from] Sandstorm
|-heal|p1a: heaven knows|55/100|[from] item: Leftovers
|-heal|p2a: Snorlax|93/100 par|[from] item: Leftovers
|upkeep
|turn|19
|
|t:|1728851748
|switch|p1a: pls pls pls|Swampert, M|100/100
|cant|p2a: Snorlax|par
|
|-weather|Sandstorm|[upkeep]
|-damage|p2a: Snorlax|87/100 par|[from] Sandstorm
|-heal|p2a: Snorlax|93/100 par|[from] item: Leftovers
|upkeep
|turn|20
|
|t:|1728851752
|move|p1a: pls pls pls|Curse|p1a: pls pls pls
|-unboost|p1a: pls pls pls|spe|1
|-boost|p1a: pls pls pls|atk|1
|-boost|p1a: pls pls pls|def|1
|move|p2a: Snorlax|Body Slam|p1a: pls pls pls
|-damage|p1a: pls pls pls|51/100
|
|-weather|Sandstorm|[upkeep]
|-damage|p2a: Snorlax|87/100 par|[from] Sandstorm
|-heal|p1a: pls pls pls|57/100|[from] item: Leftovers
|-heal|p2a: Snorlax|93/100 par|[from] item: Leftovers
|upkeep
|turn|21
|
|t:|1728851754
|move|p1a: pls pls pls|Curse|p1a: pls pls pls
|-unboost|p1a: pls pls pls|spe|1
|-boost|p1a: pls pls pls|atk|1
|-boost|p1a: pls pls pls|def|1
|move|p2a: Snorlax|Body Slam|p1a: pls pls pls
|-damage|p1a: pls pls pls|14/100
|-status|p1a: pls pls pls|par
|
|-weather|Sandstorm|[upkeep]
|-damage|p2a: Snorlax|87/100 par|[from] Sandstorm
|-heal|p1a: pls pls pls|20/100 par|[from] item: Leftovers
|-heal|p2a: Snorlax|93/100 par|[from] item: Leftovers
|upkeep
|turn|22
|
|t:|1728851756
|move|p1a: pls pls pls|Rest|p1a: pls pls pls
|-status|p1a: pls pls pls|slp|[from] move: Rest
|-heal|p1a: pls pls pls|100/100 slp|[silent]
|move|p2a: Snorlax|Earthquake|p1a: pls pls pls
|-damage|p1a: pls pls pls|72/100 slp
|
|-weather|Sandstorm|[upkeep]
|-damage|p2a: Snorlax|87/100 par|[from] Sandstorm
|-heal|p1a: pls pls pls|78/100 slp|[from] item: Leftovers
|-heal|p2a: Snorlax|93/100 par|[from] item: Leftovers
|upkeep
|turn|23
|
|t:|1728851759
|cant|p1a: pls pls pls|slp
|move|p2a: Snorlax|Curse|p2a: Snorlax
|-unboost|p2a: Snorlax|spe|1
|-boost|p2a: Snorlax|atk|1
|-boost|p2a: Snorlax|def|1
|
|-weather|Sandstorm|[upkeep]
|-damage|p2a: Snorlax|87/100 par|[from] Sandstorm
|-heal|p1a: pls pls pls|84/100 slp|[from] item: Leftovers
|-heal|p2a: Snorlax|93/100 par|[from] item: Leftovers
|upkeep
|turn|24
|
|t:|1728851761
|cant|p1a: pls pls pls|slp
|move|p2a: Snorlax|Curse|p2a: Snorlax
|-unboost|p2a: Snorlax|spe|1
|-boost|p2a: Snorlax|atk|1
|-boost|p2a: Snorlax|def|1
|
|-weather|Sandstorm|[upkeep]
|-damage|p2a: Snorlax|87/100 par|[from] Sandstorm
|-heal|p1a: pls pls pls|90/100 slp|[from] item: Leftovers
|-heal|p2a: Snorlax|93/100 par|[from] item: Leftovers
|upkeep
|turn|25
|
|t:|1728851764
|-curestatus|p1a: pls pls pls|slp|[msg]
|move|p1a: pls pls pls|Curse|p1a: pls pls pls
|-unboost|p1a: pls pls pls|spe|1
|-boost|p1a: pls pls pls|atk|1
|-boost|p1a: pls pls pls|def|1
|move|p2a: Snorlax|Curse|p2a: Snorlax
|-unboost|p2a: Snorlax|spe|1
|-boost|p2a: Snorlax|atk|1
|-boost|p2a: Snorlax|def|1
|
|-weather|Sandstorm|[upkeep]
|-damage|p2a: Snorlax|87/100 par|[from] Sandstorm
|-heal|p1a: pls pls pls|96/100|[from] item: Leftovers
|-heal|p2a: Snorlax|93/100 par|[from] item: Leftovers
|upkeep
|turn|26
|
|t:|1728851766
|move|p1a: pls pls pls|Curse|p1a: pls pls pls
|-unboost|p1a: pls pls pls|spe|1
|-boost|p1a: pls pls pls|atk|1
|-boost|p1a: pls pls pls|def|1
|cant|p2a: Snorlax|par
|
|-weather|Sandstorm|[upkeep]
|-damage|p2a: Snorlax|87/100 par|[from] Sandstorm
|-heal|p1a: pls pls pls|100/100|[from] item: Leftovers
|-heal|p2a: Snorlax|93/100 par|[from] item: Leftovers
|upkeep
|turn|27
|
|t:|1728851767
|move|p1a: pls pls pls|Curse|p1a: pls pls pls
|-unboost|p1a: pls pls pls|spe|1
|-boost|p1a: pls pls pls|atk|1
|-boost|p1a: pls pls pls|def|1
|move|p2a: Snorlax|Body Slam|p1a: pls pls pls
|-damage|p1a: pls pls pls|61/100
|
|-weather|Sandstorm|[upkeep]
|-damage|p2a: Snorlax|87/100 par|[from] Sandstorm
|-heal|p1a: pls pls pls|67/100|[from] item: Leftovers
|-heal|p2a: Snorlax|93/100 par|[from] item: Leftovers
|upkeep
|turn|28
|
|t:|1728851769
|move|p1a: pls pls pls|Curse|p1a: pls pls pls
|-unboost|p1a: pls pls pls|spe|1
|-boost|p1a: pls pls pls|atk|1
|-boost|p1a: pls pls pls|def|1
|move|p2a: Snorlax|Body Slam|p1a: pls pls pls
|-damage|p1a: pls pls pls|35/100
|
|-weather|Sandstorm|[upkeep]
|-damage|p2a: Snorlax|87/100 par|[from] Sandstorm
|-heal|p1a: pls pls pls|41/100|[from] item: Leftovers
|-heal|p2a: Snorlax|93/100 par|[from] item: Leftovers
|upkeep
|turn|29
|
|t:|1728851772
|move|p1a: pls pls pls|Earthquake|p2a: Snorlax
|-damage|p2a: Snorlax|59/100 par
|move|p2a: Snorlax|Body Slam|p1a: pls pls pls
|-damage|p1a: pls pls pls|11/100
|
|-weather|Sandstorm|[upkeep]
|-damage|p2a: Snorlax|53/100 par|[from] Sandstorm
|-heal|p1a: pls pls pls|17/100|[from] item: Leftovers
|-heal|p2a: Snorlax|59/100 par|[from] item: Leftovers
|upkeep
|turn|30
|
|t:|1728851776
|move|p1a: pls pls pls|Rest|p1a: pls pls pls
|-status|p1a: pls pls pls|slp|[from] move: Rest
|-heal|p1a: pls pls pls|100/100 slp|[silent]
|move|p2a: Snorlax|Body Slam|p1a: pls pls pls
|-damage|p1a: pls pls pls|69/100 slp
|
|-weather|Sandstorm|[upkeep]
|-damage|p2a: Snorlax|53/100 par|[from] Sandstorm
|-heal|p1a: pls pls pls|75/100 slp|[from] item: Leftovers
|-heal|p2a: Snorlax|59/100 par|[from] item: Leftovers
|upkeep
|turn|31
|
|t:|1728851779
|cant|p1a: pls pls pls|slp
|cant|p2a: Snorlax|par
|
|-weather|Sandstorm|[upkeep]
|-damage|p2a: Snorlax|53/100 par|[from] Sandstorm
|-heal|p1a: pls pls pls|81/100 slp|[from] item: Leftovers
|-heal|p2a: Snorlax|59/100 par|[from] item: Leftovers
|upkeep
|turn|32
|
|t:|1728851780
|cant|p1a: pls pls pls|slp
|move|p2a: Snorlax|Body Slam|p1a: pls pls pls
|-damage|p1a: pls pls pls|47/100 slp
|
|-weather|Sandstorm|[upkeep]
|-damage|p2a: Snorlax|53/100 par|[from] Sandstorm
|-heal|p1a: pls pls pls|53/100 slp|[from] item: Leftovers
|-heal|p2a: Snorlax|59/100 par|[from] item: Leftovers
|upkeep
|turn|33
|
|t:|1728851783
|-curestatus|p1a: pls pls pls|slp|[msg]
|move|p1a: pls pls pls|Earthquake|p2a: Snorlax
|-damage|p2a: Snorlax|22/100 par
|move|p2a: Snorlax|Body Slam|p1a: pls pls pls
|-damage|p1a: pls pls pls|22/100
|
|-weather|Sandstorm|[upkeep]
|-damage|p2a: Snorlax|15/100 par|[from] Sandstorm
|-heal|p1a: pls pls pls|28/100|[from] item: Leftovers
|-heal|p2a: Snorlax|22/100 par|[from] item: Leftovers
|upkeep
|turn|34
|
|t:|1728851785
|move|p1a: pls pls pls|Earthquake|p2a: Snorlax
|-damage|p2a: Snorlax|0 fnt
|faint|p2a: Snorlax
|
|t:|1728851797
|switch|p2a: Swampert|Swampert, F|100/100
|-damage|p2a: Swampert|88/100|[from] Spikes
|
|-weather|Sandstorm|[upkeep]
|-heal|p2a: Swampert|94/100|[from] item: Leftovers
|-heal|p1a: pls pls pls|34/100|[from] item: Leftovers
|upkeep
|turn|35
|
|t:|1728851802
|move|p2a: Swampert|Ice Beam|p1a: pls pls pls
|-damage|p1a: pls pls pls|20/100
|-status|p1a: pls pls pls|frz
|cant|p1a: pls pls pls|frz
|
|-weather|Sandstorm|[upkeep]
|-heal|p2a: Swampert|100/100|[from] item: Leftovers
|-heal|p1a: pls pls pls|26/100 frz|[from] item: Leftovers
|upkeep
|turn|36
|c|☆AirPan|oh no 😭
|
|t:|1728851822
|switch|p1a: hand in glove|Milotic, F|100/100
|move|p2a: Swampert|Roar|p1a: hand in glove
|drag|p1a: pls pls pls|Swampert, M|26/100 frz
|
|-weather|Sandstorm|[upkeep]
|-heal|p1a: pls pls pls|32/100 frz|[from] item: Leftovers
|upkeep
|turn|37
|
|t:|1728851826
|switch|p1a: hand in glove|Milotic, F|100/100
|move|p2a: Swampert|Earthquake|p1a: hand in glove
|-damage|p1a: hand in glove|75/100
|
|-weather|Sandstorm|[upkeep]
|-damage|p1a: hand in glove|69/100|[from] Sandstorm
|-heal|p1a: hand in glove|75/100|[from] item: Leftovers
|upkeep
|turn|38
|
|t:|1728851829
|switch|p2a: Jirachi|Jirachi|68/100
|-damage|p2a: Jirachi|55/100|[from] Spikes
|move|p1a: hand in glove|Surf|p2a: Jirachi
|-damage|p2a: Jirachi|34/100
|
|-weather|Sandstorm|[upkeep]
|-damage|p1a: hand in glove|69/100|[from] Sandstorm
|-heal|p2a: Jirachi|40/100|[from] item: Leftovers
|-heal|p1a: hand in glove|75/100|[from] item: Leftovers
|upkeep
|turn|39
|
|t:|1728851833
|switch|p1a: girl afraid|Blissey, F|100/100
|move|p2a: Jirachi|Wish|p2a: Jirachi
|
|-weather|Sandstorm|[upkeep]
|-damage|p1a: girl afraid|94/100|[from] Sandstorm
|-heal|p2a: Jirachi|47/100|[from] item: Leftovers
|-heal|p1a: girl afraid|100/100|[from] item: Leftovers
|upkeep
|turn|40
|
|t:|1728851838
|move|p2a: Jirachi|Protect|p2a: Jirachi
|-singleturn|p2a: Jirachi|Protect
|move|p1a: girl afraid|Aromatherapy|p1a: girl afraid
|-cureteam|p1a: girl afraid|[from] move: Aromatherapy
|
|-heal|p2a: Jirachi|97/100|[from] move: Wish|[wisher] Jirachi
|-weather|Sandstorm|[upkeep]
|-damage|p1a: girl afraid|94/100|[from] Sandstorm
|-heal|p2a: Jirachi|100/100|[from] item: Leftovers
|-heal|p1a: girl afraid|100/100|[from] item: Leftovers
|upkeep
|turn|41
|
|t:|1728851845
|switch|p1a: ask|Tyranitar, M|100/100
|move|p2a: Jirachi|Fire Punch|p1a: ask
|-resisted|p1a: ask
|-damage|p1a: ask|94/100
|
|-weather|Sandstorm|[upkeep]
|-heal|p1a: ask|99/100|[from] item: Leftovers
|upkeep
|turn|42
|
|t:|1728851850
|move|p2a: Jirachi|Hidden Power|p1a: ask
|-supereffective|p1a: ask
|-damage|p1a: ask|72/100
|move|p1a: ask|Fire Blast|p2a: Jirachi|[miss]
|-miss|p1a: ask|p2a: Jirachi
|
|-weather|Sandstorm|[upkeep]
|-heal|p1a: ask|78/100|[from] item: Leftovers
|upkeep
|turn|43
|
|t:|1728851857
|move|p2a: Jirachi|Protect|p2a: Jirachi
|-singleturn|p2a: Jirachi|Protect
|move|p1a: ask|Crunch|p2a: Jirachi
|-activate|p2a: Jirachi|Protect
|
|-weather|Sandstorm|[upkeep]
|-heal|p1a: ask|84/100|[from] item: Leftovers
|upkeep
|turn|44
|
|t:|1728851860
|move|p2a: Jirachi|Hidden Power|p1a: ask
|-supereffective|p1a: ask
|-damage|p1a: ask|57/100
|move|p1a: ask|Fire Blast|p2a: Jirachi
|-supereffective|p2a: Jirachi
|-crit|p2a: Jirachi
|-damage|p2a: Jirachi|3/100
|
|-weather|Sandstorm|[upkeep]
|-heal|p2a: Jirachi|9/100|[from] item: Leftovers
|-heal|p1a: ask|63/100|[from] item: Leftovers
|upkeep
|turn|45
|
|t:|1728851865
|move|p2a: Jirachi|Protect|p2a: Jirachi
|-singleturn|p2a: Jirachi|Protect
|move|p1a: ask|Crunch|p2a: Jirachi
|-activate|p2a: Jirachi|Protect
|
|-weather|Sandstorm|[upkeep]
|-heal|p2a: Jirachi|15/100|[from] item: Leftovers
|-heal|p1a: ask|69/100|[from] item: Leftovers
|upkeep
|turn|46
|
|t:|1728851869
|move|p2a: Jirachi|Wish|p2a: Jirachi
|move|p1a: ask|Crunch|p2a: Jirachi
|-damage|p2a: Jirachi|0 fnt
|faint|p2a: Jirachi
|
|t:|1728851871
|switch|p2a: Machamp|Machamp, F|53/100 par
|-damage|p2a: Machamp|40/100 par|[from] Spikes
|
|-weather|Sandstorm|[upkeep]
|-damage|p2a: Machamp|34/100 par|[from] Sandstorm
|-heal|p1a: ask|75/100|[from] item: Leftovers
|-heal|p2a: Machamp|40/100 par|[from] item: Leftovers
|upkeep
|turn|47
|
|t:|1728851876
|move|p2a: Machamp|Rock Slide|p1a: ask
|-damage|p1a: ask|40/100
|move|p1a: ask|Roar|p2a: Machamp
|drag|p2a: Zapdos|Zapdos|76/100
|
|-heal|p2a: Zapdos|100/100|[from] move: Wish|[wisher] Jirachi
|-weather|Sandstorm|[upkeep]
|-damage|p2a: Zapdos|94/100|[from] Sandstorm
|-heal|p2a: Zapdos|100/100|[from] item: Leftovers
|-heal|p1a: ask|47/100|[from] item: Leftovers
|upkeep
|turn|48
|
|t:|1728851880
|move|p2a: Zapdos|Thunderbolt|p1a: ask
|-damage|p1a: ask|2/100
|move|p1a: ask|Crunch|p2a: Zapdos
|-damage|p2a: Zapdos|55/100
|-unboost|p2a: Zapdos|spd|1
|
|-weather|Sandstorm|[upkeep]
|-damage|p2a: Zapdos|48/100|[from] Sandstorm
|-heal|p2a: Zapdos|55/100|[from] item: Leftovers
|-heal|p1a: ask|9/100|[from] item: Leftovers
|upkeep
|turn|49
|
|t:|1728851883
|move|p2a: Zapdos|Thunderbolt|p1a: ask
|-damage|p1a: ask|0 fnt
|faint|p1a: ask
|c|☆muk fan|100% crunch spdef drop chance 
|
|t:|1728851893
|switch|p1a: pls pls pls|Swampert, M|32/100
|
|-weather|Sandstorm|[upkeep]
|-damage|p2a: Zapdos|48/100|[from] Sandstorm
|-heal|p2a: Zapdos|55/100|[from] item: Leftovers
|-heal|p1a: pls pls pls|38/100|[from] item: Leftovers
|upkeep
|turn|50
|
|t:|1728851903
|move|p2a: Zapdos|Toxic|p1a: pls pls pls
|-status|p1a: pls pls pls|tox
|move|p1a: pls pls pls|Rest|p1a: pls pls pls
|-status|p1a: pls pls pls|slp|[from] move: Rest
|-heal|p1a: pls pls pls|100/100 slp|[silent]
|
|-weather|Sandstorm|[upkeep]
|-damage|p2a: Zapdos|48/100|[from] Sandstorm
|-heal|p2a: Zapdos|55/100|[from] item: Leftovers
|upkeep
|turn|51
|
|t:|1728851906
|switch|p1a: heaven knows|Forretress, M|55/100
|move|p2a: Zapdos|Baton Pass|p2a: Zapdos
|
|t:|1728851908
|switch|p2a: Magneton|Magneton|100/100|[from] Baton Pass
|-damage|p2a: Magneton|88/100|[from] Spikes
|
|-weather|Sandstorm|[upkeep]
|-heal|p1a: heaven knows|62/100|[from] item: Leftovers
|upkeep
|turn|52
|
|t:|1728851914
|move|p2a: Magneton|Hidden Power|p1a: heaven knows
|-supereffective|p1a: heaven knows
|-damage|p1a: heaven knows|0 fnt
|faint|p1a: heaven knows
|
|t:|1728851920
|switch|p1a: girl afraid|Blissey, F|100/100
|
|-weather|Sandstorm|[upkeep]
|-damage|p1a: girl afraid|94/100|[from] Sandstorm
|-heal|p1a: girl afraid|100/100|[from] item: Leftovers
|upkeep
|turn|53
|
|t:|1728851923
|move|p2a: Magneton|Toxic|p1a: girl afraid
|-status|p1a: girl afraid|tox
|move|p1a: girl afraid|Aromatherapy|p1a: girl afraid
|-cureteam|p1a: girl afraid|[from] move: Aromatherapy
|
|-weather|Sandstorm|[upkeep]
|-damage|p1a: girl afraid|94/100|[from] Sandstorm
|-heal|p1a: girl afraid|100/100|[from] item: Leftovers
|upkeep
|turn|54
|
|t:|1728851925
|move|p2a: Magneton|Rain Dance|p2a: Magneton
|-weather|RainDance
|move|p1a: girl afraid|Thunder Wave|p2a: Magneton
|-status|p2a: Magneton|par
|
|-weather|RainDance|[upkeep]
|upkeep
|turn|55
|
|t:|1728851933
|move|p1a: girl afraid|Ice Beam|p2a: Magneton
|-resisted|p2a: Magneton
|-damage|p2a: Magneton|56/100 par
|move|p2a: Magneton|Toxic|p1a: girl afraid
|-status|p1a: girl afraid|tox
|
|-weather|RainDance|[upkeep]
|-damage|p1a: girl afraid|94/100 tox|[from] psn
|upkeep
|turn|56
|
|t:|1728851935
|move|p1a: girl afraid|Aromatherapy|p1a: girl afraid
|-cureteam|p1a: girl afraid|[from] move: Aromatherapy
|cant|p2a: Magneton|par
|
|-weather|RainDance|[upkeep]
|-heal|p1a: girl afraid|100/100|[from] item: Leftovers
|upkeep
|turn|57
|
|t:|1728851941
|move|p1a: girl afraid|Ice Beam|p2a: Magneton
|-resisted|p2a: Magneton
|-damage|p2a: Magneton|20/100 par
|cant|p2a: Magneton|par
|
|-weather|RainDance|[upkeep]
|upkeep
|turn|58
|
|t:|1728851943
|move|p1a: girl afraid|Ice Beam|p2a: Magneton
|-resisted|p2a: Magneton
|-damage|p2a: Magneton|0 fnt
|faint|p2a: Magneton
|
|t:|1728851949
|switch|p2a: Zapdos|Zapdos|55/100
|
|-weather|none
|-heal|p2a: Zapdos|61/100|[from] item: Leftovers
|upkeep
|turn|59
|
|t:|1728851951
|move|p2a: Zapdos|Substitute|p2a: Zapdos
|-start|p2a: Zapdos|Substitute
|-damage|p2a: Zapdos|36/100
|move|p1a: girl afraid|Thunder Wave||[still]
|-fail|p1a: girl afraid
|
|-heal|p2a: Zapdos|42/100|[from] item: Leftovers
|upkeep
|turn|60
|
|t:|1728851954
|move|p2a: Zapdos|Baton Pass|p2a: Zapdos
|
|t:|1728851956
|switch|p2a: Machamp|Machamp, F|40/100 par|[from] Baton Pass
|-damage|p2a: Machamp|28/100 par|[from] Spikes
|move|p1a: girl afraid|Ice Beam|p2a: Machamp
|-end|p2a: Machamp|Substitute
|
|-heal|p2a: Machamp|34/100 par|[from] item: Leftovers
|upkeep
|turn|61
|
|t:|1728851965
|switch|p1a: panic|Dusclops, M|100/100
|cant|p2a: Machamp|par
|
|-heal|p2a: Machamp|40/100 par|[from] item: Leftovers
|upkeep
|turn|62
|
|t:|1728851978
|move|p1a: panic|Shadow Ball|p2a: Machamp
|-damage|p2a: Machamp|14/100 par
|move|p2a: Machamp|Rock Slide|p1a: panic
|-damage|p1a: panic|60/100
|
|-heal|p1a: panic|66/100|[from] item: Leftovers
|-heal|p2a: Machamp|20/100 par|[from] item: Leftovers
|upkeep
|turn|63
|
|t:|1728851982
|move|p1a: panic|Shadow Ball|p2a: Machamp
|-damage|p2a: Machamp|0 fnt
|faint|p2a: Machamp
|
|t:|1728851984
|switch|p2a: Zapdos|Zapdos|42/100
|
|-heal|p2a: Zapdos|48/100|[from] item: Leftovers
|-heal|p1a: panic|72/100|[from] item: Leftovers
|upkeep
|turn|64
|
|t:|1728851987
|move|p2a: Zapdos|Substitute|p2a: Zapdos
|-start|p2a: Zapdos|Substitute
|-damage|p2a: Zapdos|24/100
|move|p1a: panic|Shadow Ball|p2a: Zapdos
|-end|p2a: Zapdos|Substitute
|
|-heal|p2a: Zapdos|30/100|[from] item: Leftovers
|-heal|p1a: panic|78/100|[from] item: Leftovers
|upkeep
|turn|65
|
|t:|1728851989
|move|p2a: Zapdos|Thunderbolt|p1a: panic
|-damage|p1a: panic|38/100
|move|p1a: panic|Shadow Ball|p2a: Zapdos
|-crit|p2a: Zapdos
|-damage|p2a: Zapdos|0 fnt
|faint|p2a: Zapdos
|
|t:|1728851992
|switch|p2a: Swampert|Swampert, F|100/100
|-damage|p2a: Swampert|88/100|[from] Spikes
|
|-heal|p2a: Swampert|94/100|[from] item: Leftovers
|-heal|p1a: panic|44/100|[from] item: Leftovers
|upkeep
|turn|66
|
|t:|1728851996
|move|p2a: Swampert|Earthquake|p1a: panic
|-damage|p1a: panic|10/100
|move|p1a: panic|Will-O-Wisp|p2a: Swampert
|-status|p2a: Swampert|brn
|
|-heal|p2a: Swampert|100/100 brn|[from] item: Leftovers
|-damage|p2a: Swampert|88/100 brn|[from] brn
|-heal|p1a: panic|16/100|[from] item: Leftovers
|upkeep
|turn|67
|
|t:|1728852004
|switch|p1a: hand in glove|Milotic, F|75/100
|move|p2a: Swampert|Ice Beam|p1a: hand in glove
|-resisted|p1a: hand in glove
|-damage|p1a: hand in glove|69/100
|
|-heal|p1a: hand in glove|75/100|[from] item: Leftovers
|-heal|p2a: Swampert|94/100 brn|[from] item: Leftovers
|-damage|p2a: Swampert|82/100 brn|[from] brn
|upkeep
|turn|68
|
|t:|1728852006
|move|p1a: hand in glove|Recover|p1a: hand in glove
|-heal|p1a: hand in glove|100/100
|move|p2a: Swampert|Roar|p1a: hand in glove
|drag|p1a: panic|Dusclops, M|16/100
|
|-heal|p2a: Swampert|88/100 brn|[from] item: Leftovers
|-damage|p2a: Swampert|76/100 brn|[from] brn
|-heal|p1a: panic|22/100|[from] item: Leftovers
|upkeep
|turn|69
|
|t:|1728852009
|move|p1a: panic|Rest|p1a: panic
|-status|p1a: panic|slp|[from] move: Rest
|-heal|p1a: panic|100/100 slp|[silent]
|move|p2a: Swampert|Roar|p1a: panic
|drag|p1a: girl afraid|Blissey, F|100/100
|
|-heal|p2a: Swampert|82/100 brn|[from] item: Leftovers
|-damage|p2a: Swampert|69/100 brn|[from] brn
|upkeep
|turn|70
|
|t:|1728852012
|switch|p1a: panic|Dusclops, M|100/100 slp
|move|p2a: Swampert|Roar|p1a: panic
|drag|p1a: pls pls pls|Swampert, M|100/100
|
|-heal|p2a: Swampert|76/100 brn|[from] item: Leftovers
|-damage|p2a: Swampert|63/100 brn|[from] brn
|upkeep
|turn|71
|
|t:|1728852016
|switch|p1a: panic|Dusclops, M|100/100 slp
|move|p2a: Swampert|Roar|p1a: panic
|drag|p1a: pls pls pls|Swampert, M|100/100
|
|-heal|p2a: Swampert|69/100 brn|[from] item: Leftovers
|-damage|p2a: Swampert|57/100 brn|[from] brn
|upkeep
|turn|72
|
|t:|1728852018
|switch|p1a: panic|Dusclops, M|100/100 slp
|move|p2a: Swampert|Roar|p1a: panic
|drag|p1a: girl afraid|Blissey, F|100/100
|
|-heal|p2a: Swampert|63/100 brn|[from] item: Leftovers
|-damage|p2a: Swampert|51/100 brn|[from] brn
|upkeep
|turn|73
|
|t:|1728852020
|switch|p1a: panic|Dusclops, M|100/100 slp
|move|p2a: Swampert|Roar|p1a: panic
|drag|p1a: pls pls pls|Swampert, M|100/100
|
|-heal|p2a: Swampert|57/100 brn|[from] item: Leftovers
|-damage|p2a: Swampert|45/100 brn|[from] brn
|upkeep
|turn|74
|
|t:|1728852022
|switch|p1a: panic|Dusclops, M|100/100 slp
|move|p2a: Swampert|Roar|p1a: panic
|drag|p1a: hand in glove|Milotic, F|100/100
|
|-heal|p2a: Swampert|51/100 brn|[from] item: Leftovers
|-damage|p2a: Swampert|38/100 brn|[from] brn
|upkeep
|turn|75
|c|☆muk fan|aight thanks 
|
|t:|1728852027
|switch|p1a: panic|Dusclops, M|100/100 slp
|move|p2a: Swampert|Roar|p1a: panic
|drag|p1a: hand in glove|Milotic, F|100/100
|
|-heal|p2a: Swampert|45/100 brn|[from] item: Leftovers
|-damage|p2a: Swampert|32/100 brn|[from] brn
|upkeep
|turn|76
|
|t:|1728852031
|switch|p1a: panic|Dusclops, M|100/100 slp
|move|p2a: Swampert|Roar|p1a: panic
|drag|p1a: hand in glove|Milotic, F|100/100
|
|-heal|p2a: Swampert|38/100 brn|[from] item: Leftovers
|-damage|p2a: Swampert|26/100 brn|[from] brn
|upkeep
|turn|77
|
|t:|1728852032
|switch|p1a: panic|Dusclops, M|100/100 slp
|move|p2a: Swampert|Roar|p1a: panic
|drag|p1a: girl afraid|Blissey, F|100/100
|
|-heal|p2a: Swampert|32/100 brn|[from] item: Leftovers
|-damage|p2a: Swampert|20/100 brn|[from] brn
|upkeep
|turn|78
|
|t:|1728852034
|switch|p1a: panic|Dusclops, M|100/100 slp
|move|p2a: Swampert|Roar|p1a: panic
|drag|p1a: girl afraid|Blissey, F|100/100
|
|-heal|p2a: Swampert|26/100 brn|[from] item: Leftovers
|-damage|p2a: Swampert|14/100 brn|[from] brn
|upkeep
|turn|79
|
|t:|1728852036
|switch|p1a: panic|Dusclops, M|100/100 slp
|move|p2a: Swampert|Roar|p1a: panic
|drag|p1a: girl afraid|Blissey, F|100/100
|
|-heal|p2a: Swampert|20/100 brn|[from] item: Leftovers
|-damage|p2a: Swampert|7/100 brn|[from] brn
|upkeep
|turn|80
|
|t:|1728852037
|switch|p1a: panic|Dusclops, M|100/100 slp
|move|p2a: Swampert|Roar|p1a: panic
|drag|p1a: girl afraid|Blissey, F|100/100
|
|-heal|p2a: Swampert|14/100 brn|[from] item: Leftovers
|-damage|p2a: Swampert|1/100 brn|[from] brn
|upkeep
|turn|81
|
|t:|1728852040
|switch|p1a: panic|Dusclops, M|100/100 slp
|move|p2a: Swampert|Roar|p1a: panic
|drag|p1a: girl afraid|Blissey, F|100/100
|
|-heal|p2a: Swampert|7/100 brn|[from] item: Leftovers
|-damage|p2a: Swampert|0 fnt|[from] brn
|faint|p2a: Swampert
|
|win|AirPan
|upkeep
|player|p2|

</script>
<script type="application/json" class="data" id="replaydata-smogtours-gen3ou-798395">
{"id":"smogtours-gen3ou-798395","format":"[Gen 3] OU","players":["AirPan","muk fan"],"uploadtime":1728852040,"views":118,"formatid":"gen3ou","rating":null,"private":0,"password":null}
</script>

<script defer src="js/replays.js?9d40a366"></script>
