<!DOCTYPE html>
<meta charset="utf-8" />
<meta name="viewport" content="width=device-width" />

<title>[Gen 3] OU: no more bad dreams vs. Xamvius - Replays - Pok&eacute;mon Showdown!</title>

<meta name="description" content="Watch a replay of a Pok&eacute;mon battle between no more bad dreams and Xamvius! Format: [Gen 3] OU; Date: Oct 4, 2024" />
<!--

Hey, you! Looking in the source for the replay log?

You can find them in JSON format, just add `.json` at the end of a replay URL.

https://replay.pokemonshowdown.com/gen7randomdoublesbattle-865046831.json

Or, if you only need the log itself, add `.log` instead:

https://replay.pokemonshowdown.com/gen7randomdoublesbattle-865046831.log

-->

<link rel="stylesheet" href="//pokemonshowdown.com/style/global.css?0.767286132409787" />
<link rel="stylesheet" href="//play.pokemonshowdown.com/style/font-awesome.css?0.9266228007934947" />
<link rel="stylesheet" href="//play.pokemonshowdown.com/style/battle.css?0.7924700842790926" />
<link rel="stylesheet" href="//play.pokemonshowdown.com/style/utilichart.css?0.8777417872839479" />

<!-- Global site tag (gtag.js) - Google Analytics -->
<script async src="https://www.googletagmanager.com/gtag/js?id=UA-26211653-1"></script>
<script>
  window.dataLayer = window.dataLayer || [];
  function gtag(){dataLayer.push(arguments);}
  gtag('js', new Date());

  gtag('config', 'UA-26211653-1');
</script>
<!-- End Google Analytics -->
<!-- Venatus Ad Manager - Install in <HEAD> of page -->
	<script src="https://hb.vntsm.com/v3/live/ad-manager.min.js" type="text/javascript" data-site-id="642aba63ec9a7b11c3c9c1be" data-mode="scan" async></script>
<!-- / Venatus Ad Manager -->

<style>
	@media (max-width:820px) {
		.battle {
			margin: 0 auto;
		}
		.battle-log {
			margin: 7px auto 0;
			max-width: 640px;
			height: 300px;
			position: static;
		}
	}
	.optgroup {
		display: inline-block;
		line-height: 22px;
		font-size: 10pt;
	}
	.optgroup .button {
		height: 25px;
		padding-top: 0;
		padding-bottom: 0;
	}
	.optgroup button.button {
		padding-left: 12px;
		padding-right: 12px;
	}
	.linklist {
		list-style: none;
		margin: 0.5em 0;
		padding: 0;
	}
	.linklist li {
		padding: 2px 0;
	}
	.sidebar {
		float: left;
		width: 320px;
	}
	.bar-wrapper {
		max-width: 1100px;
		margin: 0 auto;
	}
	.bar-wrapper.has-sidebar {
		max-width: 1430px;
	}
	.mainbar {
		margin: 0;
		padding-right: 1px;
	}
	.mainbar.has-sidebar {
		margin-left: 330px;
	}
	@media (min-width: 1511px) {
		.sidebar {
			width: 400px;
		}
		.bar-wrapper.has-sidebar {
			max-width: 1510px;
		}
		.mainbar.has-sidebar {
			margin-left: 410px;
		}
	}
	.section.first-section {
		margin-top: 9px;
	}
	.blocklink small {
		white-space: normal;
	}
	.button {
		vertical-align: middle;
	}
	.replay-controls {
		padding-top: 10px;
	}
	.replay-controls h1 {
		font-size: 16pt;
		font-weight: normal;
		color: #CCC;
	}
	.pagelink {
		text-align: center;
	}
	.pagelink a {
		width: 150px;
	}
	.textbox, .button {
		font-size: 11pt;
		vertical-align: middle;
	}
	@media (max-width: 450px) {
		.button {
			font-size: 9pt;
		}
	}
</style>

<div>

	<header>
		<div class="nav-wrapper"><ul class="nav">
			<li><a class="button nav-first" href="//pokemonshowdown.com/"><img src="//pokemonshowdown.com/images/pokemonshowdownbeta.png" srcset="//pokemonshowdown.com/images/pokemonshowdownbeta.png 1x, //pokemonshowdown.com/images/pokemonshowdownbeta@2x.png 2x" alt="Pok&eacute;mon Showdown" width="146" height="44" /> Home</a></li>
			<li><a class="button" href="//pokemonshowdown.com/dex/">Pok&eacute;dex</a></li>
			<li><a class="button cur" href="/">Replays</a></li>
			<li><a class="button" href="//pokemonshowdown.com/ladder/">Ladder</a></li>
			<li><a class="button nav-last" href="//pokemonshowdown.com/forums/">Forum</a></li>
			<li><a class="button greenbutton nav-first nav-last" href="//play.pokemonshowdown.com/">Play</a></li>
		</ul></div>
	</header>

	<div class="main" id="main">

		<noscript><section class="section">You need to enable JavaScript to use this page; sorry!</section></noscript>

	</div>

</div>

<script defer nomodule src="//play.pokemonshowdown.com/js/lib/ps-polyfill.js"></script>
<script defer src="//play.pokemonshowdown.com/js/lib/preact.min.js"></script>

<script defer src="//play.pokemonshowdown.com/config/config.js?6dec07f6"></script>
<script defer src="//play.pokemonshowdown.com/js/lib/jquery-1.11.0.min.js"></script>
<script defer src="//play.pokemonshowdown.com/js/lib/html-sanitizer-minified.js"></script>
<script defer src="//play.pokemonshowdown.com/js/battle-sound.js"></script>
<script defer src="//play.pokemonshowdown.com/js/battledata.js?0.6315294753075389"></script>
<script defer src="//play.pokemonshowdown.com/data/pokedex-mini.js?0.7603743185311358"></script>
<script defer src="//play.pokemonshowdown.com/data/pokedex-mini-bw.js?0.030888842834281283"></script>
<script defer src="//play.pokemonshowdown.com/data/graphics.js?0.05593094747507488"></script>
<script defer src="//play.pokemonshowdown.com/data/pokedex.js?0.47064822249611904"></script>
<script defer src="//play.pokemonshowdown.com/data/moves.js?0.8583693120512459"></script>
<script defer src="//play.pokemonshowdown.com/data/abilities.js?0.16017181182386842"></script>
<script defer src="//play.pokemonshowdown.com/data/items.js?0.4163379185673943"></script>
<script defer src="//play.pokemonshowdown.com/data/teambuilder-tables.js?0.31075597372830477"></script>
<script defer src="//play.pokemonshowdown.com/js/battle-tooltips.js?0.6536193500708172"></script>
<script defer src="//play.pokemonshowdown.com/js/battle.js?0.1916591943277901"></script>

<script defer src="js/utils.js?e31f9a17"></script>
<script defer src="js/replays-battle.js?7008c182"></script>

<!-- don't scrape this data! just add .json or .log after the URL!
Full API docs: https://github.com/smogon/pokemon-showdown-client/blob/master/WEB-API.md -->
<script type="text/plain" class="log" id="replaylog-smogtours-gen3ou-794534">
|inactive|Battle timer is ON: inactive players will automatically lose when time's up.
|t:|1728046845
|gametype|singles
|player|p1|no more bad dreams|265|
|player|p2|Xamvius|265|
|teamsize|p1|6
|teamsize|p2|6
|gen|3
|tier|[Gen 3] OU
|rule|Sleep Clause Mod: Limit one foe put to sleep
|rule|Switch Priority Clause Mod: Faster Pokémon switch first
|rule|Species Clause: Limit one of each Pokémon
|rule|OHKO Clause: OHKO moves are banned
|rule|Evasion Items Clause: Evasion items are banned
|rule|Evasion Moves Clause: Evasion moves are banned
|rule|Endless Battle Clause: Forcing endless battles is banned
|rule|HP Percentage Mod: HP is shown in percentages
|rule|One Boost Passer Clause: Limit one Baton Passer that has a way to boost its stats
|rule|Freeze Clause Mod: Limit one foe frozen
|
|t:|1728046845
|start
|switch|p1a: Airmure|Skarmory, F|100/100
|switch|p2a: Tyranitar|Tyranitar, F|100/100
|-weather|Sandstorm|[from] ability: Sand Stream|[of] p2a: Tyranitar
|turn|1
|c|☆no more bad dreams|glhf
|
|t:|1728046862
|move|p2a: Tyranitar|Fire Blast|p1a: Airmure|[miss]
|-miss|p2a: Tyranitar|p1a: Airmure
|move|p1a: Airmure|Spikes|p2a: Tyranitar
|-sidestart|p2: Xamvius|Spikes
|
|-weather|Sandstorm|[upkeep]
|upkeep
|turn|2
|
|t:|1728046868
|switch|p2a: Blissey|Blissey, F|100/100
|-damage|p2a: Blissey|88/100|[from] Spikes
|switch|p1a: Laggron|Swampert, F|100/100
|
|-weather|Sandstorm|[upkeep]
|-damage|p2a: Blissey|82/100|[from] Sandstorm
|-heal|p2a: Blissey|88/100|[from] item: Leftovers
|upkeep
|turn|3
|
|t:|1728046873
|move|p1a: Laggron|Toxic|p2a: Blissey
|-status|p2a: Blissey|tox
|move|p2a: Blissey|Toxic|p1a: Laggron
|-status|p1a: Laggron|tox
|
|-weather|Sandstorm|[upkeep]
|-damage|p2a: Blissey|82/100 tox|[from] Sandstorm
|-damage|p1a: Laggron|94/100 tox|[from] psn
|-heal|p2a: Blissey|88/100 tox|[from] item: Leftovers
|-damage|p2a: Blissey|82/100 tox|[from] psn
|upkeep
|turn|4
|
|t:|1728046889
|move|p1a: Laggron|Refresh|p1a: Laggron
|-curestatus|p1a: Laggron|tox|[msg]
|move|p2a: Blissey|Soft-Boiled|p2a: Blissey
|-heal|p2a: Blissey|100/100 tox
|
|-weather|Sandstorm|[upkeep]
|-damage|p2a: Blissey|94/100 tox|[from] Sandstorm
|-heal|p1a: Laggron|100/100|[from] item: Leftovers
|-heal|p2a: Blissey|100/100 tox|[from] item: Leftovers
|-damage|p2a: Blissey|88/100 tox|[from] psn
|upkeep
|turn|5
|
|t:|1728046895
|switch|p1a: Airmure|Skarmory, F|100/100
|-curestatus|p2a: Blissey|tox|[from] ability: Natural Cure
|switch|p2a: Skarmory|Skarmory, F|100/100
|
|-weather|Sandstorm|[upkeep]
|upkeep
|turn|6
|
|t:|1728046898
|move|p2a: Skarmory|Spikes|p1a: Airmure
|-sidestart|p1: no more bad dreams|Spikes
|move|p1a: Airmure|Spikes|p2a: Skarmory
|-sidestart|p2: Xamvius|Spikes
|
|-weather|Sandstorm|[upkeep]
|upkeep
|turn|7
|
|t:|1728046903
|switch|p2a: Charizard|Charizard, F|100/100
|move|p1a: Airmure|Spikes|p2a: Charizard
|-sidestart|p2: Xamvius|Spikes
|
|-weather|Sandstorm|[upkeep]
|-damage|p2a: Charizard|94/100|[from] Sandstorm
|-heal|p2a: Charizard|100/100|[from] item: Leftovers
|upkeep
|turn|8
|
|t:|1728046907
|move|p2a: Charizard|Dragon Claw|p1a: Airmure
|-resisted|p1a: Airmure
|-damage|p1a: Airmure|90/100
|move|p1a: Airmure|Roar|p2a: Charizard
|drag|p2a: Swampert|Swampert, M|100/100
|-damage|p2a: Swampert|76/100|[from] Spikes
|
|-weather|Sandstorm|[upkeep]
|-heal|p1a: Airmure|96/100|[from] item: Leftovers
|-heal|p2a: Swampert|82/100|[from] item: Leftovers
|upkeep
|turn|9
|
|t:|1728046914
|move|p1a: Airmure|Toxic|p2a: Swampert
|-status|p2a: Swampert|tox
|move|p2a: Swampert|Hydro Pump|p1a: Airmure
|-damage|p1a: Airmure|64/100
|
|-weather|Sandstorm|[upkeep]
|-heal|p1a: Airmure|70/100|[from] item: Leftovers
|-heal|p2a: Swampert|88/100 tox|[from] item: Leftovers
|-damage|p2a: Swampert|82/100 tox|[from] psn
|upkeep
|turn|10
|
|t:|1728046918
|switch|p1a: Leuphorie|Blissey, F|100/100
|-damage|p1a: Leuphorie|88/100|[from] Spikes
|switch|p2a: Blissey|Blissey, F|88/100
|-damage|p2a: Blissey|63/100|[from] Spikes
|
|-weather|Sandstorm|[upkeep]
|-damage|p1a: Leuphorie|82/100|[from] Sandstorm
|-damage|p2a: Blissey|57/100|[from] Sandstorm
|-heal|p1a: Leuphorie|88/100|[from] item: Leftovers
|-heal|p2a: Blissey|63/100|[from] item: Leftovers
|upkeep
|turn|11
|
|t:|1728046924
|move|p2a: Blissey|Soft-Boiled|p2a: Blissey
|-heal|p2a: Blissey|100/100
|move|p1a: Leuphorie|Ice Beam|p2a: Blissey
|-damage|p2a: Blissey|91/100
|
|-weather|Sandstorm|[upkeep]
|-damage|p1a: Leuphorie|82/100|[from] Sandstorm
|-damage|p2a: Blissey|85/100|[from] Sandstorm
|-heal|p2a: Blissey|91/100|[from] item: Leftovers
|-heal|p1a: Leuphorie|88/100|[from] item: Leftovers
|upkeep
|turn|12
|
|t:|1728046934
|switch|p1a: Airmure|Skarmory, F|70/100
|switch|p2a: Charizard|Charizard, F|100/100
|
|-weather|Sandstorm|[upkeep]
|-damage|p2a: Charizard|94/100|[from] Sandstorm
|-heal|p2a: Charizard|100/100|[from] item: Leftovers
|-heal|p1a: Airmure|76/100|[from] item: Leftovers
|upkeep
|turn|13
|
|t:|1728046945
|switch|p1a: Tyranocif|Tyranitar, F|100/100
|-damage|p1a: Tyranocif|88/100|[from] Spikes
|move|p2a: Charizard|Hidden Power|p1a: Tyranocif
|-supereffective|p1a: Tyranocif
|-damage|p1a: Tyranocif|54/100
|
|-weather|Sandstorm|[upkeep]
|-damage|p2a: Charizard|94/100|[from] Sandstorm
|-heal|p2a: Charizard|100/100|[from] item: Leftovers
|-heal|p1a: Tyranocif|61/100|[from] item: Leftovers
|upkeep
|turn|14
|
|t:|1728046956
|switch|p2a: Skarmory|Skarmory, F|100/100
|move|p1a: Tyranocif|Rock Slide|p2a: Skarmory
|-damage|p2a: Skarmory|66/100
|
|-weather|Sandstorm|[upkeep]
|-heal|p2a: Skarmory|72/100|[from] item: Leftovers
|-heal|p1a: Tyranocif|67/100|[from] item: Leftovers
|upkeep
|turn|15
|
|t:|1728046962
|switch|p1a: Ectoplasma|Gengar, M|100/100
|move|p2a: Skarmory|Protect||[still]
|-fail|p2a: Skarmory
|
|-weather|Sandstorm|[upkeep]
|-damage|p1a: Ectoplasma|95/100|[from] Sandstorm
|-heal|p1a: Ectoplasma|100/100|[from] item: Leftovers
|-heal|p2a: Skarmory|78/100|[from] item: Leftovers
|upkeep
|turn|16
|
|t:|1728046976
|switch|p1a: Kaorine|Claydol|100/100
|move|p2a: Skarmory|Protect||[still]
|-fail|p2a: Skarmory
|
|-weather|Sandstorm|[upkeep]
|-heal|p2a: Skarmory|84/100|[from] item: Leftovers
|upkeep
|turn|17
|
|t:|1728046979
|switch|p1a: Ectoplasma|Gengar, M|100/100
|move|p2a: Skarmory|Toxic|p1a: Ectoplasma
|-immune|p1a: Ectoplasma
|
|-weather|Sandstorm|[upkeep]
|-damage|p1a: Ectoplasma|95/100|[from] Sandstorm
|-heal|p1a: Ectoplasma|100/100|[from] item: Leftovers
|-heal|p2a: Skarmory|90/100|[from] item: Leftovers
|upkeep
|turn|18
|
|t:|1728046984
|move|p1a: Ectoplasma|Thunderbolt|p2a: Skarmory
|-supereffective|p2a: Skarmory
|-damage|p2a: Skarmory|41/100
|move|p2a: Skarmory|Spikes|p1a: Ectoplasma
|-sidestart|p1: no more bad dreams|Spikes
|
|-weather|Sandstorm|[upkeep]
|-damage|p1a: Ectoplasma|95/100|[from] Sandstorm
|-heal|p1a: Ectoplasma|100/100|[from] item: Leftovers
|-heal|p2a: Skarmory|47/100|[from] item: Leftovers
|upkeep
|turn|19
|
|t:|1728046992
|move|p2a: Skarmory|Protect|p2a: Skarmory
|-singleturn|p2a: Skarmory|Protect
|move|p1a: Ectoplasma|Thunderbolt|p2a: Skarmory
|-activate|p2a: Skarmory|Protect
|
|-weather|Sandstorm|[upkeep]
|-damage|p1a: Ectoplasma|95/100|[from] Sandstorm
|-heal|p1a: Ectoplasma|100/100|[from] item: Leftovers
|-heal|p2a: Skarmory|53/100|[from] item: Leftovers
|upkeep
|turn|20
|
|t:|1728047000
|switch|p2a: Blissey|Blissey, F|91/100
|-damage|p2a: Blissey|66/100|[from] Spikes
|move|p1a: Ectoplasma|Will-O-Wisp|p2a: Blissey
|-status|p2a: Blissey|brn
|
|-weather|Sandstorm|[upkeep]
|-damage|p1a: Ectoplasma|95/100|[from] Sandstorm
|-damage|p2a: Blissey|60/100 brn|[from] Sandstorm
|-heal|p1a: Ectoplasma|100/100|[from] item: Leftovers
|-heal|p2a: Blissey|66/100 brn|[from] item: Leftovers
|-damage|p2a: Blissey|54/100 brn|[from] brn
|upkeep
|turn|21
|
|t:|1728047007
|move|p1a: Ectoplasma|Thunderbolt|p2a: Blissey
|-damage|p2a: Blissey|42/100 brn
|move|p2a: Blissey|Soft-Boiled|p2a: Blissey
|-heal|p2a: Blissey|92/100 brn
|
|-weather|Sandstorm|[upkeep]
|-damage|p1a: Ectoplasma|95/100|[from] Sandstorm
|-damage|p2a: Blissey|86/100 brn|[from] Sandstorm
|-heal|p1a: Ectoplasma|100/100|[from] item: Leftovers
|-heal|p2a: Blissey|92/100 brn|[from] item: Leftovers
|-damage|p2a: Blissey|79/100 brn|[from] brn
|upkeep
|turn|22
|
|t:|1728047012
|switch|p1a: Kaorine|Claydol|100/100
|move|p2a: Blissey|Thunderbolt|p1a: Kaorine
|-immune|p1a: Kaorine
|
|-weather|Sandstorm|[upkeep]
|-damage|p2a: Blissey|73/100 brn|[from] Sandstorm
|-heal|p2a: Blissey|79/100 brn|[from] item: Leftovers
|-damage|p2a: Blissey|67/100 brn|[from] brn
|upkeep
|turn|23
|
|t:|1728047017
|switch|p1a: Airmure|Skarmory, F|76/100
|-curestatus|p2a: Blissey|brn|[from] ability: Natural Cure
|switch|p2a: Gengar|Gengar, F|100/100
|
|-weather|Sandstorm|[upkeep]
|-damage|p2a: Gengar|94/100|[from] Sandstorm
|-heal|p2a: Gengar|100/100|[from] item: Leftovers
|-heal|p1a: Airmure|82/100|[from] item: Leftovers
|upkeep
|turn|24
|
|t:|1728047023
|move|p1a: Airmure|Protect|p1a: Airmure
|-singleturn|p1a: Airmure|Protect
|move|p2a: Gengar|Fire Punch|p1a: Airmure
|-activate|p1a: Airmure|Protect
|
|-weather|Sandstorm|[upkeep]
|-damage|p2a: Gengar|94/100|[from] Sandstorm
|-heal|p2a: Gengar|100/100|[from] item: Leftovers
|-heal|p1a: Airmure|88/100|[from] item: Leftovers
|upkeep
|turn|25
|
|t:|1728047028
|switch|p1a: Leuphorie|Blissey, F|88/100
|-damage|p1a: Leuphorie|71/100|[from] Spikes
|move|p2a: Gengar|Thunderbolt|p1a: Leuphorie
|-crit|p1a: Leuphorie
|-damage|p1a: Leuphorie|45/100
|
|-weather|Sandstorm|[upkeep]
|-damage|p2a: Gengar|94/100|[from] Sandstorm
|-damage|p1a: Leuphorie|39/100|[from] Sandstorm
|-heal|p2a: Gengar|100/100|[from] item: Leftovers
|-heal|p1a: Leuphorie|45/100|[from] item: Leftovers
|upkeep
|turn|26
|
|t:|1728047034
|move|p2a: Gengar|Explosion|p1a: Leuphorie
|-damage|p1a: Leuphorie|0 fnt
|faint|p2a: Gengar
|faint|p1a: Leuphorie
|
|t:|1728047041
|switch|p2a: Charizard|Charizard, F|100/100
|switch|p1a: Ectoplasma|Gengar, M|100/100
|
|-weather|Sandstorm|[upkeep]
|-damage|p1a: Ectoplasma|95/100|[from] Sandstorm
|-damage|p2a: Charizard|94/100|[from] Sandstorm
|-heal|p1a: Ectoplasma|100/100|[from] item: Leftovers
|-heal|p2a: Charizard|100/100|[from] item: Leftovers
|upkeep
|turn|27
|
|t:|1728047049
|move|p1a: Ectoplasma|Ice Punch|p2a: Charizard
|-damage|p2a: Charizard|72/100
|move|p2a: Charizard|Fire Blast|p1a: Ectoplasma
|-damage|p1a: Ectoplasma|31/100
|-status|p1a: Ectoplasma|brn
|
|-weather|Sandstorm|[upkeep]
|-damage|p1a: Ectoplasma|25/100 brn|[from] Sandstorm
|-damage|p2a: Charizard|66/100|[from] Sandstorm
|-heal|p1a: Ectoplasma|31/100 brn|[from] item: Leftovers
|-damage|p1a: Ectoplasma|19/100 brn|[from] brn
|-heal|p2a: Charizard|72/100|[from] item: Leftovers
|upkeep
|turn|28
|
|t:|1728047053
|switch|p2a: Skarmory|Skarmory, F|53/100
|move|p1a: Ectoplasma|Thunderbolt|p2a: Skarmory
|-supereffective|p2a: Skarmory
|-damage|p2a: Skarmory|6/100
|
|-weather|Sandstorm|[upkeep]
|-damage|p1a: Ectoplasma|13/100 brn|[from] Sandstorm
|-heal|p1a: Ectoplasma|19/100 brn|[from] item: Leftovers
|-damage|p1a: Ectoplasma|7/100 brn|[from] brn
|-heal|p2a: Skarmory|12/100|[from] item: Leftovers
|upkeep
|turn|29
|
|t:|1728047058
|switch|p1a: Laggron|Swampert, F|100/100
|-damage|p1a: Laggron|84/100|[from] Spikes
|move|p2a: Skarmory|Protect||[still]
|-fail|p2a: Skarmory
|
|-weather|Sandstorm|[upkeep]
|-heal|p2a: Skarmory|18/100|[from] item: Leftovers
|-heal|p1a: Laggron|90/100|[from] item: Leftovers
|upkeep
|turn|30
|
|t:|1728047067
|switch|p2a: Blissey|Blissey, F|67/100
|-damage|p2a: Blissey|42/100|[from] Spikes
|move|p1a: Laggron|Surf|p2a: Blissey
|-crit|p2a: Blissey
|-damage|p2a: Blissey|18/100
|
|-weather|Sandstorm|[upkeep]
|-damage|p2a: Blissey|12/100|[from] Sandstorm
|-heal|p1a: Laggron|96/100|[from] item: Leftovers
|-heal|p2a: Blissey|18/100|[from] item: Leftovers
|upkeep
|turn|31
|
|t:|1728047073
|move|p1a: Laggron|Toxic|p2a: Blissey
|-status|p2a: Blissey|tox
|move|p2a: Blissey|Soft-Boiled|p2a: Blissey
|-heal|p2a: Blissey|68/100 tox
|
|-weather|Sandstorm|[upkeep]
|-damage|p2a: Blissey|62/100 tox|[from] Sandstorm
|-heal|p1a: Laggron|100/100|[from] item: Leftovers
|-heal|p2a: Blissey|68/100 tox|[from] item: Leftovers
|-damage|p2a: Blissey|62/100 tox|[from] psn
|upkeep
|turn|32
|
|t:|1728047080
|-curestatus|p2a: Blissey|tox|[from] ability: Natural Cure
|switch|p2a: Skarmory|Skarmory, F|18/100
|move|p1a: Laggron|Protect||[still]
|-fail|p1a: Laggron
|
|-weather|Sandstorm|[upkeep]
|-heal|p2a: Skarmory|24/100|[from] item: Leftovers
|upkeep
|turn|33
|
|t:|1728047088
|move|p2a: Skarmory|Spikes|p1a: Laggron
|-sidestart|p1: no more bad dreams|Spikes
|move|p1a: Laggron|Surf|p2a: Skarmory
|-damage|p2a: Skarmory|0 fnt
|faint|p2a: Skarmory
|
|t:|1728047113
|switch|p2a: Tyranitar|Tyranitar, F|100/100
|-damage|p2a: Tyranitar|75/100|[from] Spikes
|
|-weather|Sandstorm|[upkeep]
|upkeep
|turn|34
|
|t:|1728047119
|switch|p1a: Ectoplasma|Gengar, M|7/100 brn
|move|p2a: Tyranitar|Hidden Power|p1a: Ectoplasma
|-resisted|p1a: Ectoplasma
|-crit|p1a: Ectoplasma
|-damage|p1a: Ectoplasma|0 fnt
|faint|p1a: Ectoplasma
|
|t:|1728047123
|switch|p1a: Kaorine|Claydol|100/100
|
|-weather|Sandstorm|[upkeep]
|upkeep
|turn|35
|
|t:|1728047144
|switch|p2a: Charizard|Charizard, F|72/100
|move|p1a: Kaorine|Rapid Spin|p2a: Charizard
|-damage|p2a: Charizard|64/100
|-sideend|p1: no more bad dreams|Spikes|[from] move: Rapid Spin|[of] p1a: Kaorine
|
|-weather|Sandstorm|[upkeep]
|-damage|p2a: Charizard|58/100|[from] Sandstorm
|-heal|p2a: Charizard|64/100|[from] item: Leftovers
|upkeep
|turn|36
|
|t:|1728047153
|move|p2a: Charizard|Fire Blast|p1a: Kaorine
|-damage|p1a: Kaorine|50/100
|move|p1a: Kaorine|Explosion|p2a: Charizard
|-damage|p2a: Charizard|0 fnt
|faint|p1a: Kaorine
|faint|p2a: Charizard
|
|t:|1728047160
|switch|p2a: Tyranitar|Tyranitar, F|75/100
|switch|p1a: Airmure|Skarmory, F|88/100
|-damage|p2a: Tyranitar|50/100|[from] Spikes
|
|-weather|Sandstorm|[upkeep]
|-heal|p1a: Airmure|94/100|[from] item: Leftovers
|upkeep
|turn|37
|
|t:|1728047166
|move|p1a: Airmure|Protect|p1a: Airmure
|-singleturn|p1a: Airmure|Protect
|move|p2a: Tyranitar|Fire Blast|p1a: Airmure
|-activate|p1a: Airmure|Protect
|
|-weather|Sandstorm|[upkeep]
|-heal|p1a: Airmure|99/100|[from] item: Leftovers
|upkeep
|turn|38
|
|t:|1728047171
|move|p2a: Tyranitar|Fire Blast|p1a: Airmure
|-supereffective|p1a: Airmure
|-damage|p1a: Airmure|41/100
|move|p1a: Airmure|Roar|p2a: Tyranitar
|drag|p2a: Swampert|Swampert, M|82/100 tox
|-damage|p2a: Swampert|57/100 tox|[from] Spikes
|
|-weather|Sandstorm|[upkeep]
|-heal|p1a: Airmure|47/100|[from] item: Leftovers
|-heal|p2a: Swampert|63/100 tox|[from] item: Leftovers
|-damage|p2a: Swampert|57/100 tox|[from] psn
|upkeep
|turn|39
|
|t:|1728047183
|move|p1a: Airmure|Protect|p1a: Airmure
|-singleturn|p1a: Airmure|Protect
|move|p2a: Swampert|Hydro Pump|p1a: Airmure
|-activate|p1a: Airmure|Protect
|
|-weather|Sandstorm|[upkeep]
|-heal|p1a: Airmure|53/100|[from] item: Leftovers
|-heal|p2a: Swampert|63/100 tox|[from] item: Leftovers
|-damage|p2a: Swampert|51/100 tox|[from] psn
|upkeep
|turn|40
|
|t:|1728047188
|switch|p1a: Tyranocif|Tyranitar, F|67/100
|move|p2a: Swampert|Hydro Pump|p1a: Tyranocif
|-supereffective|p1a: Tyranocif
|-damage|p1a: Tyranocif|4/100
|
|-weather|Sandstorm|[upkeep]
|-heal|p1a: Tyranocif|10/100|[from] item: Leftovers
|-heal|p2a: Swampert|57/100 tox|[from] item: Leftovers
|-damage|p2a: Swampert|38/100 tox|[from] psn
|upkeep
|turn|41
|
|t:|1728047194
|move|p1a: Tyranocif|Earthquake|p2a: Swampert
|-damage|p2a: Swampert|10/100 tox
|move|p2a: Swampert|Ice Beam|p1a: Tyranocif
|-damage|p1a: Tyranocif|0 fnt
|faint|p1a: Tyranocif
|
|t:|1728047199
|switch|p1a: Laggron|Swampert, F|100/100
|
|-weather|Sandstorm|[upkeep]
|-heal|p2a: Swampert|16/100 tox|[from] item: Leftovers
|-damage|p2a: Swampert|0 fnt|[from] psn
|faint|p2a: Swampert
|upkeep
|
|t:|1728047204
|switch|p2a: Blissey|Blissey, F|62/100
|-damage|p2a: Blissey|37/100|[from] Spikes
|turn|42
|
|t:|1728047207
|move|p1a: Laggron|Toxic|p2a: Blissey
|-status|p2a: Blissey|tox
|move|p2a: Blissey|Soft-Boiled|p2a: Blissey
|-heal|p2a: Blissey|87/100 tox
|
|-weather|Sandstorm|[upkeep]
|-damage|p2a: Blissey|81/100 tox|[from] Sandstorm
|-heal|p2a: Blissey|87/100 tox|[from] item: Leftovers
|-damage|p2a: Blissey|81/100 tox|[from] psn
|upkeep
|turn|43
|
|t:|1728047209
|switch|p1a: Airmure|Skarmory, F|53/100
|move|p2a: Blissey|Ice Beam|p1a: Airmure
|-damage|p1a: Airmure|29/100
|-status|p1a: Airmure|frz
|
|-weather|Sandstorm|[upkeep]
|-damage|p2a: Blissey|75/100 tox|[from] Sandstorm
|-heal|p1a: Airmure|35/100 frz|[from] item: Leftovers
|-heal|p2a: Blissey|81/100 tox|[from] item: Leftovers
|-damage|p2a: Blissey|68/100 tox|[from] psn
|upkeep
|turn|44
|
|t:|1728047216
|switch|p1a: Laggron|Swampert, F|100/100
|move|p2a: Blissey|Thunderbolt|p1a: Laggron
|-immune|p1a: Laggron
|
|-weather|Sandstorm|[upkeep]
|-damage|p2a: Blissey|62/100 tox|[from] Sandstorm
|-heal|p2a: Blissey|68/100 tox|[from] item: Leftovers
|-damage|p2a: Blissey|50/100 tox|[from] psn
|upkeep
|turn|45
|
|t:|1728047220
|move|p1a: Laggron|Protect|p1a: Laggron
|-singleturn|p1a: Laggron|Protect
|move|p2a: Blissey|Ice Beam|p1a: Laggron
|-activate|p1a: Laggron|Protect
|
|-weather|Sandstorm|[upkeep]
|-damage|p2a: Blissey|44/100 tox|[from] Sandstorm
|-heal|p2a: Blissey|50/100 tox|[from] item: Leftovers
|-damage|p2a: Blissey|25/100 tox|[from] psn
|upkeep
|turn|46
|
|t:|1728047225
|move|p1a: Laggron|Surf|p2a: Blissey
|-damage|p2a: Blissey|13/100 tox
|move|p2a: Blissey|Soft-Boiled|p2a: Blissey
|-heal|p2a: Blissey|63/100 tox
|
|-weather|Sandstorm|[upkeep]
|-damage|p2a: Blissey|57/100 tox|[from] Sandstorm
|-heal|p2a: Blissey|63/100 tox|[from] item: Leftovers
|-damage|p2a: Blissey|32/100 tox|[from] psn
|upkeep
|turn|47
|
|t:|1728047230
|-curestatus|p2a: Blissey|tox|[from] ability: Natural Cure
|switch|p2a: Tyranitar|Tyranitar, F|50/100
|-damage|p2a: Tyranitar|25/100|[from] Spikes
|move|p1a: Laggron|Surf|p2a: Tyranitar
|-supereffective|p2a: Tyranitar
|-damage|p2a: Tyranitar|0 fnt
|faint|p2a: Tyranitar
|
|t:|1728047231
|switch|p2a: Blissey|Blissey, F|32/100
|-damage|p2a: Blissey|8/100|[from] Spikes
|
|-weather|Sandstorm|[upkeep]
|-damage|p2a: Blissey|1/100|[from] Sandstorm
|-heal|p2a: Blissey|8/100|[from] item: Leftovers
|upkeep
|turn|48
|
|t:|1728047233
|move|p1a: Laggron|Surf|p2a: Blissey
|-damage|p2a: Blissey|0 fnt
|faint|p2a: Blissey
|
|win|no more bad dreams
|c|☆no more bad dreams|gg
|c|☆Xamvius|GG!

</script>
<script type="application/json" class="data" id="replaydata-smogtours-gen3ou-794534">
{"id":"smogtours-gen3ou-794534","format":"[Gen 3] OU","players":["no more bad dreams","Xamvius"],"uploadtime":1728047233,"views":102,"formatid":"gen3ou","rating":null,"private":0,"password":null}
</script>

<script defer src="js/replays.js?9d40a366"></script>
