<!DOCTYPE html>
<meta charset="utf-8" />
<meta name="viewport" content="width=device-width" />

<title>[Gen 3] OU: SKITZ_MONEY vs. temrane - Replays - Pok&eacute;mon Showdown!</title>

<meta name="description" content="Watch a replay of a Pok&eacute;mon battle between SKITZ_MONEY and temrane! Format: [Gen 3] OU; Date: Oct 9, 2024" />
<!--

Hey, you! Looking in the source for the replay log?

You can find them in JSON format, just add `.json` at the end of a replay URL.

https://replay.pokemonshowdown.com/gen7randomdoublesbattle-865046831.json

Or, if you only need the log itself, add `.log` instead:

https://replay.pokemonshowdown.com/gen7randomdoublesbattle-865046831.log

-->

<link rel="stylesheet" href="//pokemonshowdown.com/style/global.css?0.023195364461161105" />
<link rel="stylesheet" href="//play.pokemonshowdown.com/style/font-awesome.css?0.13261647063804238" />
<link rel="stylesheet" href="//play.pokemonshowdown.com/style/battle.css?0.8753245789963631" />
<link rel="stylesheet" href="//play.pokemonshowdown.com/style/utilichart.css?0.8627959624976733" />

<!-- Global site tag (gtag.js) - Google Analytics -->
<script async src="https://www.googletagmanager.com/gtag/js?id=UA-26211653-1"></script>
<script>
  window.dataLayer = window.dataLayer || [];
  function gtag(){dataLayer.push(arguments);}
  gtag('js', new Date());

  gtag('config', 'UA-26211653-1');
</script>
<!-- End Google Analytics -->
<!-- Venatus Ad Manager - Install in <HEAD> of page -->
	<script src="https://hb.vntsm.com/v3/live/ad-manager.min.js" type="text/javascript" data-site-id="642aba63ec9a7b11c3c9c1be" data-mode="scan" async></script>
<!-- / Venatus Ad Manager -->

<style>
	@media (max-width:820px) {
		.battle {
			margin: 0 auto;
		}
		.battle-log {
			margin: 7px auto 0;
			max-width: 640px;
			height: 300px;
			position: static;
		}
	}
	.optgroup {
		display: inline-block;
		line-height: 22px;
		font-size: 10pt;
	}
	.optgroup .button {
		height: 25px;
		padding-top: 0;
		padding-bottom: 0;
	}
	.optgroup button.button {
		padding-left: 12px;
		padding-right: 12px;
	}
	.linklist {
		list-style: none;
		margin: 0.5em 0;
		padding: 0;
	}
	.linklist li {
		padding: 2px 0;
	}
	.sidebar {
		float: left;
		width: 320px;
	}
	.bar-wrapper {
		max-width: 1100px;
		margin: 0 auto;
	}
	.bar-wrapper.has-sidebar {
		max-width: 1430px;
	}
	.mainbar {
		margin: 0;
		padding-right: 1px;
	}
	.mainbar.has-sidebar {
		margin-left: 330px;
	}
	@media (min-width: 1511px) {
		.sidebar {
			width: 400px;
		}
		.bar-wrapper.has-sidebar {
			max-width: 1510px;
		}
		.mainbar.has-sidebar {
			margin-left: 410px;
		}
	}
	.section.first-section {
		margin-top: 9px;
	}
	.blocklink small {
		white-space: normal;
	}
	.button {
		vertical-align: middle;
	}
	.replay-controls {
		padding-top: 10px;
	}
	.replay-controls h1 {
		font-size: 16pt;
		font-weight: normal;
		color: #CCC;
	}
	.pagelink {
		text-align: center;
	}
	.pagelink a {
		width: 150px;
	}
	.textbox, .button {
		font-size: 11pt;
		vertical-align: middle;
	}
	@media (max-width: 450px) {
		.button {
			font-size: 9pt;
		}
	}
</style>

<div>

	<header>
		<div class="nav-wrapper"><ul class="nav">
			<li><a class="button nav-first" href="//pokemonshowdown.com/"><img src="//pokemonshowdown.com/images/pokemonshowdownbeta.png" srcset="//pokemonshowdown.com/images/pokemonshowdownbeta.png 1x, //pokemonshowdown.com/images/pokemonshowdownbeta@2x.png 2x" alt="Pok&eacute;mon Showdown" width="146" height="44" /> Home</a></li>
			<li><a class="button" href="//pokemonshowdown.com/dex/">Pok&eacute;dex</a></li>
			<li><a class="button cur" href="/">Replays</a></li>
			<li><a class="button" href="//pokemonshowdown.com/ladder/">Ladder</a></li>
			<li><a class="button nav-last" href="//pokemonshowdown.com/forums/">Forum</a></li>
			<li><a class="button greenbutton nav-first nav-last" href="//play.pokemonshowdown.com/">Play</a></li>
		</ul></div>
	</header>

	<div class="main" id="main">

		<noscript><section class="section">You need to enable JavaScript to use this page; sorry!</section></noscript>

	</div>

</div>

<script defer nomodule src="//play.pokemonshowdown.com/js/lib/ps-polyfill.js"></script>
<script defer src="//play.pokemonshowdown.com/js/lib/preact.min.js"></script>

<script defer src="//play.pokemonshowdown.com/config/config.js?2bddbc15"></script>
<script defer src="//play.pokemonshowdown.com/js/lib/jquery-1.11.0.min.js"></script>
<script defer src="//play.pokemonshowdown.com/js/lib/html-sanitizer-minified.js"></script>
<script defer src="//play.pokemonshowdown.com/js/battle-sound.js"></script>
<script defer src="//play.pokemonshowdown.com/js/battledata.js?0.7209276989879541"></script>
<script defer src="//play.pokemonshowdown.com/data/pokedex-mini.js?0.6111056340867951"></script>
<script defer src="//play.pokemonshowdown.com/data/pokedex-mini-bw.js?0.3532142036491459"></script>
<script defer src="//play.pokemonshowdown.com/data/graphics.js?0.24223875632456182"></script>
<script defer src="//play.pokemonshowdown.com/data/pokedex.js?0.38839984266356864"></script>
<script defer src="//play.pokemonshowdown.com/data/moves.js?0.21866028504024015"></script>
<script defer src="//play.pokemonshowdown.com/data/abilities.js?0.2005157953846628"></script>
<script defer src="//play.pokemonshowdown.com/data/items.js?0.9894211263848525"></script>
<script defer src="//play.pokemonshowdown.com/data/teambuilder-tables.js?0.6008791140282215"></script>
<script defer src="//play.pokemonshowdown.com/js/battle-tooltips.js?0.7580118955022959"></script>
<script defer src="//play.pokemonshowdown.com/js/battle.js?0.6057722274234274"></script>

<script defer src="js/utils.js?e31f9a17"></script>
<script defer src="js/replays-battle.js?7008c182"></script>

<!-- don't scrape this data! just add .json or .log after the URL!
Full API docs: https://github.com/smogon/pokemon-showdown-client/blob/master/WEB-API.md -->
<script type="text/plain" class="log" id="replaylog-smogtours-gen3ou-796663">
|inactive|Battle timer is ON: inactive players will automatically lose when time's up.
|t:|1728493437
|gametype|singles
|player|p1|SKITZ_MONEY|266|
|player|p2|temrane|265|
|teamsize|p1|6
|teamsize|p2|6
|gen|3
|tier|[Gen 3] OU
|rule|Sleep Clause Mod: Limit one foe put to sleep
|rule|Switch Priority Clause Mod: Faster Pokémon switch first
|rule|Species Clause: Limit one of each Pokémon
|rule|OHKO Clause: OHKO moves are banned
|rule|Evasion Items Clause: Evasion items are banned
|rule|Evasion Moves Clause: Evasion moves are banned
|rule|Endless Battle Clause: Forcing endless battles is banned
|rule|HP Percentage Mod: HP is shown in percentages
|rule|One Boost Passer Clause: Limit one Baton Passer that has a way to boost its stats
|rule|Freeze Clause Mod: Limit one foe frozen
|
|t:|1728493437
|start
|switch|p1a: Aerodactyl|Aerodactyl, M|100/100
|switch|p2a: Zapdos|Zapdos|100/100
|turn|1
|
|t:|1728493455
|switch|p1a: Forretress|Forretress, M|100/100
|switch|p2a: Flygon|Flygon, M|100/100
|
|upkeep
|turn|2
|
|t:|1728493458
|switch|p2a: Jirachi|Jirachi|100/100
|move|p1a: Forretress|Spikes|p2a: Jirachi
|-sidestart|p2: temrane|Spikes
|
|upkeep
|turn|3
|
|t:|1728493469
|switch|p1a: Blissey|Blissey, F|100/100
|move|p2a: Jirachi|Fire Punch|p1a: Blissey
|-damage|p1a: Blissey|94/100
|
|-heal|p1a: Blissey|99/100|[from] item: Leftovers
|upkeep
|turn|4
|
|t:|1728493480
|switch|p2a: Zapdos|Zapdos|100/100
|move|p1a: Blissey|Thunderbolt|p2a: Zapdos
|-crit|p2a: Zapdos
|-damage|p2a: Zapdos|66/100
|
|-heal|p2a: Zapdos|72/100|[from] item: Leftovers
|-heal|p1a: Blissey|100/100|[from] item: Leftovers
|upkeep
|turn|5
|
|t:|1728493485
|move|p2a: Zapdos|Toxic|p1a: Blissey|[miss]
|-miss|p2a: Zapdos|p1a: Blissey
|move|p1a: Blissey|Ice Beam|p2a: Zapdos
|-supereffective|p2a: Zapdos
|-damage|p2a: Zapdos|35/100
|
|-heal|p2a: Zapdos|41/100|[from] item: Leftovers
|upkeep
|turn|6
|
|t:|1728493492
|move|p2a: Zapdos|Toxic|p1a: Blissey
|-status|p1a: Blissey|tox
|move|p1a: Blissey|Ice Beam|p2a: Zapdos
|-supereffective|p2a: Zapdos
|-damage|p2a: Zapdos|2/100
|
|-heal|p2a: Zapdos|8/100|[from] item: Leftovers
|-damage|p1a: Blissey|94/100 tox|[from] psn
|upkeep
|turn|7
|
|t:|1728493498
|-curestatus|p1a: Blissey|tox|[from] ability: Natural Cure
|switch|p1a: Forretress|Forretress, M|100/100
|move|p2a: Zapdos|Rest|p2a: Zapdos
|-status|p2a: Zapdos|slp|[from] move: Rest
|-heal|p2a: Zapdos|100/100 slp|[silent]
|
|upkeep
|turn|8
|
|t:|1728493515
|switch|p2a: Gengar|Gengar, M|100/100
|move|p1a: Forretress|Spikes|p2a: Gengar
|-sidestart|p2: temrane|Spikes
|
|upkeep
|turn|9
|
|t:|1728493522
|switch|p1a: Blissey|Blissey, F|94/100
|move|p2a: Gengar|Will-O-Wisp|p1a: Blissey
|-status|p1a: Blissey|brn
|
|-heal|p1a: Blissey|100/100 brn|[from] item: Leftovers
|-damage|p1a: Blissey|88/100 brn|[from] brn
|upkeep
|turn|10
|
|t:|1728493535
|switch|p2a: Zapdos|Zapdos|100/100 slp
|move|p1a: Blissey|Thunderbolt|p2a: Zapdos
|-damage|p2a: Zapdos|83/100 slp
|
|-heal|p2a: Zapdos|89/100 slp|[from] item: Leftovers
|-heal|p1a: Blissey|94/100 brn|[from] item: Leftovers
|-damage|p1a: Blissey|82/100 brn|[from] brn
|upkeep
|turn|11
|
|t:|1728493544
|-curestatus|p1a: Blissey|brn|[from] ability: Natural Cure
|switch|p1a: Aerodactyl|Aerodactyl, M|100/100
|cant|p2a: Zapdos|slp
|
|-heal|p2a: Zapdos|95/100 slp|[from] item: Leftovers
|upkeep
|turn|12
|
|t:|1728493555
|move|p1a: Aerodactyl|Rock Slide|p2a: Zapdos
|-supereffective|p2a: Zapdos
|-damage|p2a: Zapdos|0 fnt
|faint|p2a: Zapdos
|
|t:|1728493559
|switch|p2a: Flygon|Flygon, M|100/100
|
|upkeep
|turn|13
|
|t:|1728493569
|switch|p1a: Swampert|Swampert, F|100/100
|switch|p2a: Gengar|Gengar, M|100/100
|
|upkeep
|turn|14
|
|t:|1728493575
|switch|p1a: Blissey|Blissey, F|82/100
|move|p2a: Gengar|Ice Punch|p1a: Blissey
|-damage|p1a: Blissey|72/100
|
|-heal|p1a: Blissey|79/100|[from] item: Leftovers
|upkeep
|turn|15
|
|t:|1728493584
|move|p2a: Gengar|Explosion|p1a: Blissey
|-damage|p1a: Blissey|0 fnt
|faint|p2a: Gengar
|faint|p1a: Blissey
|
|t:|1728493594
|switch|p2a: Jirachi|Jirachi|100/100
|switch|p1a: Tyranitar|Tyranitar, F|100/100
|-damage|p2a: Jirachi|84/100|[from] Spikes
|-weather|Sandstorm|[from] ability: Sand Stream|[of] p1a: Tyranitar
|
|-weather|Sandstorm|[upkeep]
|-heal|p2a: Jirachi|90/100|[from] item: Leftovers
|upkeep
|turn|16
|
|t:|1728493598
|switch|p2a: Skarmory|Skarmory, F|100/100
|move|p1a: Tyranitar|Earthquake|p2a: Skarmory
|-immune|p2a: Skarmory
|
|-weather|Sandstorm|[upkeep]
|upkeep
|turn|17
|
|t:|1728493607
|switch|p1a: Forretress|Forretress, M|100/100
|move|p2a: Skarmory|Toxic|p1a: Forretress
|-immune|p1a: Forretress
|
|-weather|Sandstorm|[upkeep]
|upkeep
|turn|18
|
|t:|1728493612
|move|p2a: Skarmory|Spikes|p1a: Forretress
|-sidestart|p1: SKITZ_MONEY|Spikes
|move|p1a: Forretress|Spikes|p2a: Skarmory
|-sidestart|p2: temrane|Spikes
|
|-weather|Sandstorm|[upkeep]
|upkeep
|turn|19
|
|t:|1728493615
|switch|p2a: Flygon|Flygon, M|100/100
|move|p1a: Forretress|Rapid Spin|p2a: Flygon
|-damage|p2a: Flygon|97/100
|-sideend|p1: SKITZ_MONEY|Spikes|[from] move: Rapid Spin|[of] p1a: Forretress
|
|-weather|Sandstorm|[upkeep]
|-heal|p2a: Flygon|100/100|[from] item: Leftovers
|upkeep
|turn|20
|
|t:|1728493629
|switch|p1a: Swampert|Swampert, F|100/100
|move|p2a: Flygon|Protect||[still]
|-fail|p2a: Flygon
|
|-weather|Sandstorm|[upkeep]
|upkeep
|turn|21
|
|t:|1728493633
|move|p2a: Flygon|Toxic|p1a: Swampert
|-status|p1a: Swampert|tox
|move|p1a: Swampert|Surf|p2a: Flygon
|-damage|p2a: Flygon|69/100
|
|-weather|Sandstorm|[upkeep]
|-heal|p2a: Flygon|75/100|[from] item: Leftovers
|-damage|p1a: Swampert|94/100 tox|[from] psn
|upkeep
|turn|22
|
|t:|1728493638
|move|p2a: Flygon|Earthquake|p1a: Swampert
|-damage|p1a: Swampert|73/100 tox
|move|p1a: Swampert|Refresh|p1a: Swampert
|-curestatus|p1a: Swampert|tox|[msg]
|
|-weather|Sandstorm|[upkeep]
|-heal|p2a: Flygon|81/100|[from] item: Leftovers
|-heal|p1a: Swampert|79/100|[from] item: Leftovers
|upkeep
|turn|23
|
|t:|1728493645
|move|p2a: Flygon|Earthquake|p1a: Swampert
|-damage|p1a: Swampert|54/100
|move|p1a: Swampert|Surf|p2a: Flygon
|-damage|p2a: Flygon|50/100
|
|-weather|Sandstorm|[upkeep]
|-heal|p2a: Flygon|56/100|[from] item: Leftovers
|-heal|p1a: Swampert|60/100|[from] item: Leftovers
|upkeep
|turn|24
|
|t:|1728493650
|move|p2a: Flygon|Earthquake|p1a: Swampert
|-damage|p1a: Swampert|38/100
|move|p1a: Swampert|Toxic|p2a: Flygon
|-status|p2a: Flygon|tox
|
|-weather|Sandstorm|[upkeep]
|-heal|p2a: Flygon|62/100 tox|[from] item: Leftovers
|-damage|p2a: Flygon|56/100 tox|[from] psn
|-heal|p1a: Swampert|44/100|[from] item: Leftovers
|upkeep
|turn|25
|
|t:|1728493658
|move|p1a: Swampert|Protect|p1a: Swampert
|-singleturn|p1a: Swampert|Protect
|move|p2a: Flygon|Rock Slide|p1a: Swampert
|-activate|p1a: Swampert|Protect
|
|-weather|Sandstorm|[upkeep]
|-heal|p2a: Flygon|62/100 tox|[from] item: Leftovers
|-damage|p2a: Flygon|50/100 tox|[from] psn
|-heal|p1a: Swampert|50/100|[from] item: Leftovers
|upkeep
|turn|26
|
|t:|1728493673
|switch|p2a: Jirachi|Jirachi|90/100
|-damage|p2a: Jirachi|65/100|[from] Spikes
|switch|p1a: Forretress|Forretress, M|100/100
|
|-weather|Sandstorm|[upkeep]
|-heal|p2a: Jirachi|71/100|[from] item: Leftovers
|upkeep
|turn|27
|
|t:|1728493690
|switch|p1a: Zapdos|Zapdos|100/100
|move|p2a: Jirachi|Body Slam|p1a: Zapdos
|-damage|p1a: Zapdos|80/100
|-status|p1a: Zapdos|par
|
|-weather|Sandstorm|[upkeep]
|-damage|p1a: Zapdos|74/100 par|[from] Sandstorm
|-heal|p2a: Jirachi|77/100|[from] item: Leftovers
|-heal|p1a: Zapdos|80/100 par|[from] item: Leftovers
|upkeep
|turn|28
|
|t:|1728493698
|move|p2a: Jirachi|Wish|p2a: Jirachi
|move|p1a: Zapdos|Rest|p1a: Zapdos
|-status|p1a: Zapdos|slp|[from] move: Rest
|-heal|p1a: Zapdos|100/100 slp|[silent]
|
|-weather|Sandstorm|[upkeep]
|-damage|p1a: Zapdos|94/100 slp|[from] Sandstorm
|-heal|p1a: Zapdos|100/100 slp|[from] item: Leftovers
|-heal|p2a: Jirachi|84/100|[from] item: Leftovers
|upkeep
|turn|29
|
|t:|1728493703
|switch|p2a: Aerodactyl|Aerodactyl, F|100/100
|cant|p1a: Zapdos|slp
|
|-weather|Sandstorm|[upkeep]
|-damage|p1a: Zapdos|94/100 slp|[from] Sandstorm
|-heal|p1a: Zapdos|100/100 slp|[from] item: Leftovers
|upkeep
|turn|30
|
|t:|1728493710
|switch|p1a: Forretress|Forretress, M|100/100
|move|p2a: Aerodactyl|Double-Edge|p1a: Forretress
|-resisted|p1a: Forretress
|-damage|p1a: Forretress|83/100
|
|-weather|Sandstorm|[upkeep]
|-heal|p1a: Forretress|89/100|[from] item: Leftovers
|upkeep
|turn|31
|
|t:|1728493726
|switch|p2a: Jirachi|Jirachi|84/100
|-damage|p2a: Jirachi|59/100|[from] Spikes
|move|p1a: Forretress|Explosion|p2a: Jirachi
|-resisted|p2a: Jirachi
|-damage|p2a: Jirachi|18/100
|faint|p1a: Forretress
|
|t:|1728493731
|switch|p1a: Aerodactyl|Aerodactyl, M|100/100
|
|-weather|Sandstorm|[upkeep]
|-heal|p2a: Jirachi|24/100|[from] item: Leftovers
|upkeep
|turn|32
|
|t:|1728493741
|switch|p1a: Swampert|Swampert, F|50/100
|move|p2a: Jirachi|Protect||[still]
|-fail|p2a: Jirachi
|
|-weather|Sandstorm|[upkeep]
|-heal|p2a: Jirachi|30/100|[from] item: Leftovers
|-heal|p1a: Swampert|57/100|[from] item: Leftovers
|upkeep
|turn|33
|
|t:|1728493750
|move|p2a: Jirachi|Wish|p2a: Jirachi
|move|p1a: Swampert|Surf|p2a: Jirachi
|-damage|p2a: Jirachi|11/100
|
|-weather|Sandstorm|[upkeep]
|-heal|p2a: Jirachi|17/100|[from] item: Leftovers
|-heal|p1a: Swampert|63/100|[from] item: Leftovers
|upkeep
|turn|34
|
|t:|1728493762
|move|p2a: Jirachi|Protect|p2a: Jirachi
|-singleturn|p2a: Jirachi|Protect
|move|p1a: Swampert|Protect||[still]
|-fail|p1a: Swampert
|
|-heal|p2a: Jirachi|67/100|[from] move: Wish|[wisher] Jirachi
|-weather|Sandstorm|[upkeep]
|-heal|p2a: Jirachi|73/100|[from] item: Leftovers
|-heal|p1a: Swampert|69/100|[from] item: Leftovers
|upkeep
|turn|35
|
|t:|1728493768
|move|p1a: Swampert|Protect|p1a: Swampert
|-singleturn|p1a: Swampert|Protect
|move|p2a: Jirachi|Body Slam|p1a: Swampert
|-activate|p1a: Swampert|Protect
|
|-weather|Sandstorm|[upkeep]
|-heal|p2a: Jirachi|79/100|[from] item: Leftovers
|-heal|p1a: Swampert|75/100|[from] item: Leftovers
|upkeep
|turn|36
|
|t:|1728493777
|switch|p1a: Tyranitar|Tyranitar, F|100/100
|move|p2a: Jirachi|Wish|p2a: Jirachi
|
|-weather|Sandstorm|[upkeep]
|-heal|p2a: Jirachi|86/100|[from] item: Leftovers
|upkeep
|turn|37
|
|t:|1728493785
|switch|p2a: Flygon|Flygon, M|50/100 tox
|move|p1a: Tyranitar|Crunch|p2a: Flygon
|-damage|p2a: Flygon|7/100 tox
|
|-heal|p2a: Flygon|57/100 tox|[from] move: Wish|[wisher] Jirachi
|-weather|Sandstorm|[upkeep]
|-heal|p2a: Flygon|63/100 tox|[from] item: Leftovers
|-damage|p2a: Flygon|57/100 tox|[from] psn
|upkeep
|turn|38
|
|t:|1728493798
|switch|p1a: Swampert|Swampert, F|75/100
|move|p2a: Flygon|Earthquake|p1a: Swampert
|-damage|p1a: Swampert|52/100
|
|-weather|Sandstorm|[upkeep]
|-heal|p2a: Flygon|63/100 tox|[from] item: Leftovers
|-damage|p2a: Flygon|51/100 tox|[from] psn
|-heal|p1a: Swampert|58/100|[from] item: Leftovers
|upkeep
|turn|39
|
|t:|1728493812
|switch|p1a: Zapdos|Zapdos|100/100 slp
|move|p2a: Flygon|Earthquake|p1a: Zapdos
|-immune|p1a: Zapdos
|
|-weather|Sandstorm|[upkeep]
|-damage|p1a: Zapdos|94/100 slp|[from] Sandstorm
|-heal|p2a: Flygon|57/100 tox|[from] item: Leftovers
|-damage|p2a: Flygon|39/100 tox|[from] psn
|-heal|p1a: Zapdos|100/100 slp|[from] item: Leftovers
|upkeep
|turn|40
|
|t:|1728493817
|move|p2a: Flygon|Earthquake|p1a: Zapdos
|-immune|p1a: Zapdos
|cant|p1a: Zapdos|slp
|
|-weather|Sandstorm|[upkeep]
|-damage|p1a: Zapdos|94/100 slp|[from] Sandstorm
|-heal|p2a: Flygon|45/100 tox|[from] item: Leftovers
|-damage|p2a: Flygon|21/100 tox|[from] psn
|-heal|p1a: Zapdos|100/100 slp|[from] item: Leftovers
|upkeep
|turn|41
|
|t:|1728493827
|switch|p1a: Swampert|Swampert, F|58/100
|move|p2a: Flygon|Rock Slide|p1a: Swampert
|-resisted|p1a: Swampert
|-damage|p1a: Swampert|52/100
|
|-weather|Sandstorm|[upkeep]
|-heal|p2a: Flygon|27/100 tox|[from] item: Leftovers
|-damage|p2a: Flygon|0 fnt|[from] psn
|faint|p2a: Flygon
|-heal|p1a: Swampert|58/100|[from] item: Leftovers
|upkeep
|
|t:|1728493831
|switch|p2a: Aerodactyl|Aerodactyl, F|100/100
|turn|42
|
|t:|1728493835
|move|p1a: Swampert|Protect|p1a: Swampert
|-singleturn|p1a: Swampert|Protect
|move|p2a: Aerodactyl|Double-Edge|p1a: Swampert
|-activate|p1a: Swampert|Protect
|
|-weather|Sandstorm|[upkeep]
|-heal|p1a: Swampert|64/100|[from] item: Leftovers
|upkeep
|turn|43
|
|t:|1728493843
|switch|p1a: Tyranitar|Tyranitar, F|100/100
|move|p2a: Aerodactyl|Double-Edge|p1a: Tyranitar
|-resisted|p1a: Tyranitar
|-damage|p1a: Tyranitar|80/100
|
|-weather|Sandstorm|[upkeep]
|-heal|p1a: Tyranitar|86/100|[from] item: Leftovers
|upkeep
|turn|44
|
|t:|1728493850
|-activate|p2a: Aerodactyl|move: Pursuit
|move|p1a: Tyranitar|Pursuit|p2a: Aerodactyl|[from]Pursuit
|-damage|p2a: Aerodactyl|50/100
|switch|p2a: Skarmory|Skarmory, F|100/100
|
|-weather|Sandstorm|[upkeep]
|-heal|p1a: Tyranitar|92/100|[from] item: Leftovers
|upkeep
|turn|45
|
|t:|1728493869
|switch|p1a: Swampert|Swampert, F|64/100
|move|p2a: Skarmory|Roar|p1a: Swampert
|drag|p1a: Aerodactyl|Aerodactyl, M|100/100
|
|-weather|Sandstorm|[upkeep]
|upkeep
|turn|46
|
|t:|1728493872
|switch|p1a: Swampert|Swampert, F|64/100
|move|p2a: Skarmory|Toxic|p1a: Swampert
|-status|p1a: Swampert|tox
|
|-weather|Sandstorm|[upkeep]
|-heal|p1a: Swampert|70/100 tox|[from] item: Leftovers
|-damage|p1a: Swampert|64/100 tox|[from] psn
|upkeep
|turn|47
|
|t:|1728493876
|move|p2a: Skarmory|Spikes|p1a: Swampert
|-sidestart|p1: SKITZ_MONEY|Spikes
|move|p1a: Swampert|Refresh|p1a: Swampert
|-curestatus|p1a: Swampert|tox|[msg]
|
|-weather|Sandstorm|[upkeep]
|-heal|p1a: Swampert|70/100|[from] item: Leftovers
|upkeep
|turn|48
|
|t:|1728493878
|move|p2a: Skarmory|Spikes|p1a: Swampert
|-sidestart|p1: SKITZ_MONEY|Spikes
|move|p1a: Swampert|Surf|p2a: Skarmory
|-damage|p2a: Skarmory|73/100
|
|-weather|Sandstorm|[upkeep]
|-heal|p2a: Skarmory|79/100|[from] item: Leftovers
|-heal|p1a: Swampert|76/100|[from] item: Leftovers
|upkeep
|turn|49
|
|t:|1728493884
|move|p2a: Skarmory|Toxic|p1a: Swampert
|-status|p1a: Swampert|tox
|move|p1a: Swampert|Surf|p2a: Skarmory
|-damage|p2a: Skarmory|50/100
|
|-weather|Sandstorm|[upkeep]
|-heal|p2a: Skarmory|56/100|[from] item: Leftovers
|-heal|p1a: Swampert|83/100 tox|[from] item: Leftovers
|-damage|p1a: Swampert|76/100 tox|[from] psn
|upkeep
|turn|50
|
|t:|1728493888
|move|p2a: Skarmory|Spikes|p1a: Swampert
|-sidestart|p1: SKITZ_MONEY|Spikes
|move|p1a: Swampert|Refresh|p1a: Swampert
|-curestatus|p1a: Swampert|tox|[msg]
|
|-weather|Sandstorm|[upkeep]
|-heal|p2a: Skarmory|62/100|[from] item: Leftovers
|-heal|p1a: Swampert|83/100|[from] item: Leftovers
|upkeep
|turn|51
|
|t:|1728493890
|move|p2a: Skarmory|Protect|p2a: Skarmory
|-singleturn|p2a: Skarmory|Protect
|move|p1a: Swampert|Protect||[still]
|-fail|p1a: Swampert
|
|-weather|Sandstorm|[upkeep]
|-heal|p2a: Skarmory|68/100|[from] item: Leftovers
|-heal|p1a: Swampert|89/100|[from] item: Leftovers
|upkeep
|turn|52
|
|t:|1728493892
|move|p1a: Swampert|Protect|p1a: Swampert
|-singleturn|p1a: Swampert|Protect
|move|p2a: Skarmory|Roar|p1a: Swampert
|-activate|p1a: Swampert|Protect
|
|-weather|Sandstorm|[upkeep]
|-heal|p2a: Skarmory|74/100|[from] item: Leftovers
|-heal|p1a: Swampert|95/100|[from] item: Leftovers
|upkeep
|turn|53
|
|t:|1728493894
|move|p1a: Swampert|Surf|p2a: Skarmory
|-damage|p2a: Skarmory|46/100
|move|p2a: Skarmory|Roar|p1a: Swampert
|drag|p1a: Aerodactyl|Aerodactyl, M|100/100
|
|-weather|Sandstorm|[upkeep]
|-heal|p2a: Skarmory|52/100|[from] item: Leftovers
|upkeep
|turn|54
|
|t:|1728493903
|switch|p1a: Zapdos|Zapdos|100/100 slp
|move|p2a: Skarmory|Toxic||[still]
|-fail|p2a: Skarmory
|
|-weather|Sandstorm|[upkeep]
|-damage|p1a: Zapdos|94/100 slp|[from] Sandstorm
|-heal|p1a: Zapdos|100/100 slp|[from] item: Leftovers
|-heal|p2a: Skarmory|58/100|[from] item: Leftovers
|upkeep
|turn|55
|
|t:|1728493907
|switch|p2a: Jirachi|Jirachi|86/100
|-damage|p2a: Jirachi|61/100|[from] Spikes
|-curestatus|p1a: Zapdos|slp|[msg]
|move|p1a: Zapdos|Roar|p2a: Jirachi
|drag|p2a: Aerodactyl|Aerodactyl, F|50/100
|
|-weather|Sandstorm|[upkeep]
|-damage|p1a: Zapdos|94/100|[from] Sandstorm
|-heal|p1a: Zapdos|100/100|[from] item: Leftovers
|upkeep
|turn|56
|
|t:|1728493924
|move|p2a: Aerodactyl|Rock Slide|p1a: Zapdos
|-supereffective|p1a: Zapdos
|-damage|p1a: Zapdos|2/100
|move|p1a: Zapdos|Thunderbolt|p2a: Aerodactyl
|-supereffective|p2a: Aerodactyl
|-damage|p2a: Aerodactyl|0 fnt
|faint|p2a: Aerodactyl
|
|t:|1728493931
|switch|p2a: Jirachi|Jirachi|61/100
|-damage|p2a: Jirachi|36/100|[from] Spikes
|
|-weather|Sandstorm|[upkeep]
|-damage|p1a: Zapdos|0 fnt|[from] Sandstorm
|faint|p1a: Zapdos
|-heal|p2a: Jirachi|42/100|[from] item: Leftovers
|upkeep
|
|t:|1728493935
|switch|p1a: Aerodactyl|Aerodactyl, M|100/100
|turn|57
|
|t:|1728493939
|move|p2a: Jirachi|Protect|p2a: Jirachi
|-singleturn|p2a: Jirachi|Protect
|move|p1a: Aerodactyl|Earthquake|p2a: Jirachi
|-activate|p2a: Jirachi|Protect
|
|-weather|Sandstorm|[upkeep]
|-heal|p2a: Jirachi|48/100|[from] item: Leftovers
|upkeep
|turn|58
|
|t:|1728493942
|switch|p2a: Skarmory|Skarmory, F|58/100
|move|p1a: Aerodactyl|Earthquake|p2a: Skarmory
|-immune|p2a: Skarmory
|
|-weather|Sandstorm|[upkeep]
|-heal|p2a: Skarmory|64/100|[from] item: Leftovers
|upkeep
|turn|59
|
|t:|1728493945
|switch|p1a: Tyranitar|Tyranitar, F|92/100
|-damage|p1a: Tyranitar|67/100|[from] Spikes
|move|p2a: Skarmory|Toxic|p1a: Tyranitar
|-status|p1a: Tyranitar|tox
|
|-weather|Sandstorm|[upkeep]
|-heal|p2a: Skarmory|70/100|[from] item: Leftovers
|-heal|p1a: Tyranitar|73/100 tox|[from] item: Leftovers
|-damage|p1a: Tyranitar|67/100 tox|[from] psn
|upkeep
|turn|60
|
|t:|1728493950
|move|p2a: Skarmory|Protect|p2a: Skarmory
|-singleturn|p2a: Skarmory|Protect
|move|p1a: Tyranitar|Flamethrower|p2a: Skarmory
|-activate|p2a: Skarmory|Protect
|
|-weather|Sandstorm|[upkeep]
|-heal|p2a: Skarmory|76/100|[from] item: Leftovers
|-heal|p1a: Tyranitar|73/100 tox|[from] item: Leftovers
|-damage|p1a: Tyranitar|61/100 tox|[from] psn
|upkeep
|turn|61
|
|t:|1728493957
|move|p1a: Tyranitar|Flamethrower|p2a: Skarmory
|-supereffective|p2a: Skarmory
|-damage|p2a: Skarmory|18/100
|move|p2a: Skarmory|Roar|p1a: Tyranitar
|drag|p1a: Aerodactyl|Aerodactyl, M|100/100
|
|-weather|Sandstorm|[upkeep]
|-heal|p2a: Skarmory|24/100|[from] item: Leftovers
|upkeep
|turn|62
|
|t:|1728493965
|move|p2a: Skarmory|Protect|p2a: Skarmory
|-singleturn|p2a: Skarmory|Protect
|move|p1a: Aerodactyl|Rock Slide|p2a: Skarmory|[miss]
|-miss|p1a: Aerodactyl|p2a: Skarmory
|
|-weather|Sandstorm|[upkeep]
|-heal|p2a: Skarmory|30/100|[from] item: Leftovers
|upkeep
|turn|63
|
|t:|1728493967
|switch|p2a: Jirachi|Jirachi|48/100
|-damage|p2a: Jirachi|23/100|[from] Spikes
|move|p1a: Aerodactyl|Rock Slide|p2a: Jirachi
|-resisted|p2a: Jirachi
|-damage|p2a: Jirachi|2/100
|
|-weather|Sandstorm|[upkeep]
|-heal|p2a: Jirachi|8/100|[from] item: Leftovers
|upkeep
|turn|64
|
|t:|1728493973
|move|p2a: Jirachi|Protect|p2a: Jirachi
|-singleturn|p2a: Jirachi|Protect
|move|p1a: Aerodactyl|Rock Slide|p2a: Jirachi|[miss]
|-miss|p1a: Aerodactyl|p2a: Jirachi
|
|-weather|Sandstorm|[upkeep]
|-heal|p2a: Jirachi|14/100|[from] item: Leftovers
|upkeep
|turn|65
|
|t:|1728493974
|move|p1a: Aerodactyl|Rock Slide|p2a: Jirachi
|-resisted|p2a: Jirachi
|-damage|p2a: Jirachi|0 fnt
|faint|p2a: Jirachi
|
|t:|1728493976
|switch|p2a: Skarmory|Skarmory, F|30/100
|
|-weather|Sandstorm|[upkeep]
|-heal|p2a: Skarmory|36/100|[from] item: Leftovers
|upkeep
|turn|66
|
|t:|1728493978
|move|p2a: Skarmory|Protect|p2a: Skarmory
|-singleturn|p2a: Skarmory|Protect
|move|p1a: Aerodactyl|Rock Slide|p2a: Skarmory|[miss]
|-miss|p1a: Aerodactyl|p2a: Skarmory
|
|-weather|Sandstorm|[upkeep]
|-heal|p2a: Skarmory|42/100|[from] item: Leftovers
|upkeep
|turn|67
|
|t:|1728493980
|move|p1a: Aerodactyl|Rock Slide|p2a: Skarmory
|-damage|p2a: Skarmory|0 fnt
|faint|p2a: Skarmory
|
|win|SKITZ_MONEY
|c|☆temrane|   gg
|c|☆SKITZ_MONEY|gg

</script>
<script type="application/json" class="data" id="replaydata-smogtours-gen3ou-796663">
{"id":"smogtours-gen3ou-796663","format":"[Gen 3] OU","players":["SKITZ_MONEY","temrane"],"uploadtime":1728493980,"views":95,"formatid":"gen3ou","rating":null,"private":0,"password":null}
</script>

<script defer src="js/replays.js?9d40a366"></script>
