<!DOCTYPE html>
<meta charset="utf-8" />
<meta name="viewport" content="width=device-width" />

<title>[Gen 3] OU: ojr vs. Key to Life - Replays - Pok&eacute;mon Showdown!</title>

<meta name="description" content="Watch a replay of a Pok&eacute;mon battle between ojr and Key to Life! Format: [Gen 3] OU; Date: Oct 25, 2024" />
<!--

Hey, you! Looking in the source for the replay log?

You can find them in JSON format, just add `.json` at the end of a replay URL.

https://replay.pokemonshowdown.com/gen7randomdoublesbattle-865046831.json

Or, if you only need the log itself, add `.log` instead:

https://replay.pokemonshowdown.com/gen7randomdoublesbattle-865046831.log

-->

<link rel="stylesheet" href="//pokemonshowdown.com/style/global.css?0.023195364461161105" />
<link rel="stylesheet" href="//play.pokemonshowdown.com/style/font-awesome.css?0.13261647063804238" />
<link rel="stylesheet" href="//play.pokemonshowdown.com/style/battle.css?0.8753245789963631" />
<link rel="stylesheet" href="//play.pokemonshowdown.com/style/utilichart.css?0.8627959624976733" />

<!-- Global site tag (gtag.js) - Google Analytics -->
<script async src="https://www.googletagmanager.com/gtag/js?id=UA-26211653-1"></script>
<script>
  window.dataLayer = window.dataLayer || [];
  function gtag(){dataLayer.push(arguments);}
  gtag('js', new Date());

  gtag('config', 'UA-26211653-1');
</script>
<!-- End Google Analytics -->
<!-- Venatus Ad Manager - Install in <HEAD> of page -->
	<script src="https://hb.vntsm.com/v3/live/ad-manager.min.js" type="text/javascript" data-site-id="642aba63ec9a7b11c3c9c1be" data-mode="scan" async></script>
<!-- / Venatus Ad Manager -->

<style>
	@media (max-width:820px) {
		.battle {
			margin: 0 auto;
		}
		.battle-log {
			margin: 7px auto 0;
			max-width: 640px;
			height: 300px;
			position: static;
		}
	}
	.optgroup {
		display: inline-block;
		line-height: 22px;
		font-size: 10pt;
	}
	.optgroup .button {
		height: 25px;
		padding-top: 0;
		padding-bottom: 0;
	}
	.optgroup button.button {
		padding-left: 12px;
		padding-right: 12px;
	}
	.linklist {
		list-style: none;
		margin: 0.5em 0;
		padding: 0;
	}
	.linklist li {
		padding: 2px 0;
	}
	.sidebar {
		float: left;
		width: 320px;
	}
	.bar-wrapper {
		max-width: 1100px;
		margin: 0 auto;
	}
	.bar-wrapper.has-sidebar {
		max-width: 1430px;
	}
	.mainbar {
		margin: 0;
		padding-right: 1px;
	}
	.mainbar.has-sidebar {
		margin-left: 330px;
	}
	@media (min-width: 1511px) {
		.sidebar {
			width: 400px;
		}
		.bar-wrapper.has-sidebar {
			max-width: 1510px;
		}
		.mainbar.has-sidebar {
			margin-left: 410px;
		}
	}
	.section.first-section {
		margin-top: 9px;
	}
	.blocklink small {
		white-space: normal;
	}
	.button {
		vertical-align: middle;
	}
	.replay-controls {
		padding-top: 10px;
	}
	.replay-controls h1 {
		font-size: 16pt;
		font-weight: normal;
		color: #CCC;
	}
	.pagelink {
		text-align: center;
	}
	.pagelink a {
		width: 150px;
	}
	.textbox, .button {
		font-size: 11pt;
		vertical-align: middle;
	}
	@media (max-width: 450px) {
		.button {
			font-size: 9pt;
		}
	}
</style>

<div>

	<header>
		<div class="nav-wrapper"><ul class="nav">
			<li><a class="button nav-first" href="//pokemonshowdown.com/"><img src="//pokemonshowdown.com/images/pokemonshowdownbeta.png" srcset="//pokemonshowdown.com/images/pokemonshowdownbeta.png 1x, //pokemonshowdown.com/images/pokemonshowdownbeta@2x.png 2x" alt="Pok&eacute;mon Showdown" width="146" height="44" /> Home</a></li>
			<li><a class="button" href="//pokemonshowdown.com/dex/">Pok&eacute;dex</a></li>
			<li><a class="button cur" href="/">Replays</a></li>
			<li><a class="button" href="//pokemonshowdown.com/ladder/">Ladder</a></li>
			<li><a class="button nav-last" href="//pokemonshowdown.com/forums/">Forum</a></li>
			<li><a class="button greenbutton nav-first nav-last" href="//play.pokemonshowdown.com/">Play</a></li>
		</ul></div>
	</header>

	<div class="main" id="main">

		<noscript><section class="section">You need to enable JavaScript to use this page; sorry!</section></noscript>

	</div>

</div>

<script defer nomodule src="//play.pokemonshowdown.com/js/lib/ps-polyfill.js"></script>
<script defer src="//play.pokemonshowdown.com/js/lib/preact.min.js"></script>

<script defer src="//play.pokemonshowdown.com/config/config.js?2bddbc15"></script>
<script defer src="//play.pokemonshowdown.com/js/lib/jquery-1.11.0.min.js"></script>
<script defer src="//play.pokemonshowdown.com/js/lib/html-sanitizer-minified.js"></script>
<script defer src="//play.pokemonshowdown.com/js/battle-sound.js"></script>
<script defer src="//play.pokemonshowdown.com/js/battledata.js?0.7209276989879541"></script>
<script defer src="//play.pokemonshowdown.com/data/pokedex-mini.js?0.6111056340867951"></script>
<script defer src="//play.pokemonshowdown.com/data/pokedex-mini-bw.js?0.3532142036491459"></script>
<script defer src="//play.pokemonshowdown.com/data/graphics.js?0.24223875632456182"></script>
<script defer src="//play.pokemonshowdown.com/data/pokedex.js?0.38839984266356864"></script>
<script defer src="//play.pokemonshowdown.com/data/moves.js?0.21866028504024015"></script>
<script defer src="//play.pokemonshowdown.com/data/abilities.js?0.2005157953846628"></script>
<script defer src="//play.pokemonshowdown.com/data/items.js?0.9894211263848525"></script>
<script defer src="//play.pokemonshowdown.com/data/teambuilder-tables.js?0.6008791140282215"></script>
<script defer src="//play.pokemonshowdown.com/js/battle-tooltips.js?0.7580118955022959"></script>
<script defer src="//play.pokemonshowdown.com/js/battle.js?0.6057722274234274"></script>

<script defer src="js/utils.js?e31f9a17"></script>
<script defer src="js/replays-battle.js?7008c182"></script>

<!-- don't scrape this data! just add .json or .log after the URL!
Full API docs: https://github.com/smogon/pokemon-showdown-client/blob/master/WEB-API.md -->
<script type="text/plain" class="log" id="replaylog-smogtours-gen3ou-801921">
|inactive|Battle timer is ON: inactive players will automatically lose when time's up.
|t:|1729888130
|gametype|singles
|player|p1|ojr|#ptplvjirachis|
|player|p2|Key to Life|caitlin|
|teamsize|p1|6
|teamsize|p2|6
|gen|3
|tier|[Gen 3] OU
|rule|Sleep Clause Mod: Limit one foe put to sleep
|rule|Switch Priority Clause Mod: Faster Pokémon switch first
|rule|Species Clause: Limit one of each Pokémon
|rule|OHKO Clause: OHKO moves are banned
|rule|Evasion Items Clause: Evasion items are banned
|rule|Evasion Moves Clause: Evasion moves are banned
|rule|Endless Battle Clause: Forcing endless battles is banned
|rule|HP Percentage Mod: HP is shown in percentages
|rule|One Boost Passer Clause: Limit one Baton Passer that has a way to boost its stats
|rule|Freeze Clause Mod: Limit one foe frozen
|
|t:|1729888130
|start
|switch|p1a: Gengar|Gengar, F|100/100
|switch|p2a: The Slyscraper|Tyranitar, F, shiny|100/100
|-weather|Sandstorm|[from] ability: Sand Stream|[of] p2a: The Slyscraper
|turn|1
|c|☆Key to Life|hf
|c|☆ojr|hf
|
|t:|1729888150
|move|p1a: Gengar|Brick Break|p2a: The Slyscraper
|-supereffective|p2a: The Slyscraper
|-damage|p2a: The Slyscraper|18/100
|move|p2a: The Slyscraper|Crunch|p1a: Gengar
|-supereffective|p1a: Gengar
|-damage|p1a: Gengar|0 fnt
|faint|p1a: Gengar
|
|t:|1729888165
|switch|p1a: Dugtrio|Dugtrio, M|100/100
|
|-weather|Sandstorm|[upkeep]
|upkeep
|turn|2
|
|t:|1729888168
|move|p1a: Dugtrio|Earthquake|p2a: The Slyscraper
|-supereffective|p2a: The Slyscraper
|-damage|p2a: The Slyscraper|0 fnt
|faint|p2a: The Slyscraper
|
|t:|1729888169
|switch|p2a: Traffic Jam|Skarmory, F|100/100
|
|-weather|Sandstorm|[upkeep]
|upkeep
|turn|3
|
|t:|1729888173
|switch|p1a: Zapdos|Zapdos|100/100
|move|p2a: Traffic Jam|Spikes|p1a: Zapdos
|-sidestart|p1: ojr|Spikes
|
|-weather|Sandstorm|[upkeep]
|-damage|p1a: Zapdos|94/100|[from] Sandstorm
|-heal|p1a: Zapdos|100/100|[from] item: Leftovers
|upkeep
|turn|4
|
|t:|1729888178
|switch|p2a: For dear life|Blissey, F|100/100
|move|p1a: Zapdos|Rain Dance|p1a: Zapdos
|-weather|RainDance
|
|-weather|RainDance|[upkeep]
|upkeep
|turn|5
|
|t:|1729888193
|move|p1a: Zapdos|Thunder Wave|p2a: For dear life
|-status|p2a: For dear life|par
|move|p2a: For dear life|Thunder Wave|p1a: Zapdos
|-status|p1a: Zapdos|par
|
|-weather|RainDance|[upkeep]
|upkeep
|turn|6
|inactive|ojr has 270 seconds left.
|inactive|Key to Life has 270 seconds left.
|
|t:|1729888244
|move|p1a: Zapdos|Thunderbolt|p2a: For dear life
|-damage|p2a: For dear life|84/100 par
|move|p2a: For dear life|Ice Beam|p1a: Zapdos
|-supereffective|p1a: Zapdos
|-damage|p1a: Zapdos|67/100 par
|
|-weather|RainDance|[upkeep]
|-heal|p1a: Zapdos|73/100 par|[from] item: Leftovers
|-heal|p2a: For dear life|90/100 par|[from] item: Leftovers
|upkeep
|turn|7
|inactive|ojr has 240 seconds left.
|inactive|Key to Life has 240 seconds left.
|
|t:|1729888297
|switch|p1a: Medicham|Medicham, M|100/100
|-damage|p1a: Medicham|88/100|[from] Spikes
|move|p2a: For dear life|Thunder Wave|p1a: Medicham
|-status|p1a: Medicham|par
|
|-weather|RainDance|[upkeep]
|-heal|p2a: For dear life|96/100 par|[from] item: Leftovers
|upkeep
|turn|8
|inactive|ojr has 240 seconds left.
|
|t:|1729888326
|switch|p1a: Zapdos|Zapdos|73/100 par
|-curestatus|p2a: For dear life|par|[from] ability: Natural Cure
|switch|p2a: Traffic Jam|Skarmory, F|100/100
|
|-weather|none
|-heal|p1a: Zapdos|80/100 par|[from] item: Leftovers
|upkeep
|turn|9
|
|t:|1729888337
|switch|p2a: YESMAN|Swampert, M|100/100
|switch|p1a: Suicune|Suicune|100/100
|-damage|p1a: Suicune|88/100|[from] Spikes
|
|-heal|p1a: Suicune|94/100|[from] item: Leftovers
|upkeep
|turn|10
|
|t:|1729888342
|switch|p2a: HeavenDope|Zapdos|100/100
|move|p1a: Suicune|Substitute|p1a: Suicune
|-start|p1a: Suicune|Substitute
|-damage|p1a: Suicune|69/100
|
|-heal|p1a: Suicune|75/100|[from] item: Leftovers
|upkeep
|turn|11
|
|t:|1729888348
|move|p2a: HeavenDope|Thunderbolt|p1a: Suicune
|-supereffective|p1a: Suicune
|-end|p1a: Suicune|Substitute
|move|p1a: Suicune|Ice Beam|p2a: HeavenDope
|-supereffective|p2a: HeavenDope
|-damage|p2a: HeavenDope|53/100
|
|-heal|p2a: HeavenDope|59/100|[from] item: Leftovers
|-heal|p1a: Suicune|82/100|[from] item: Leftovers
|upkeep
|turn|12
|inactive|ojr has 240 seconds left.
|
|t:|1729888362
|switch|p1a: Jirachi|Jirachi|100/100
|-damage|p1a: Jirachi|88/100|[from] Spikes
|move|p2a: HeavenDope|Thunderbolt|p1a: Jirachi
|-damage|p1a: Jirachi|47/100
|
|-heal|p1a: Jirachi|53/100|[from] item: Leftovers
|-heal|p2a: HeavenDope|65/100|[from] item: Leftovers
|upkeep
|turn|13
|inactive|ojr has 240 seconds left.
|
|t:|1729888374
|switch|p2a: YESMAN|Swampert, M|100/100
|move|p1a: Jirachi|Psychic|p2a: YESMAN
|-damage|p2a: YESMAN|68/100
|-unboost|p2a: YESMAN|spd|1
|
|-heal|p1a: Jirachi|59/100|[from] item: Leftovers
|-heal|p2a: YESMAN|74/100|[from] item: Leftovers
|upkeep
|turn|14
|inactive|ojr has 240 seconds left.
|
|t:|1729888404
|switch|p1a: Zapdos|Zapdos|80/100 par
|move|p2a: YESMAN|Earthquake|p1a: Zapdos
|-immune|p1a: Zapdos
|
|-heal|p2a: YESMAN|81/100|[from] item: Leftovers
|-heal|p1a: Zapdos|86/100 par|[from] item: Leftovers
|upkeep
|turn|15
|
|t:|1729888420
|switch|p2a: For dear life|Blissey, F|96/100
|switch|p1a: Jirachi|Jirachi|59/100
|-damage|p1a: Jirachi|47/100|[from] Spikes
|
|-heal|p1a: Jirachi|53/100|[from] item: Leftovers
|-heal|p2a: For dear life|100/100|[from] item: Leftovers
|upkeep
|turn|16
|
|t:|1729888438
|switch|p1a: Medicham|Medicham, M|88/100 par
|-damage|p1a: Medicham|76/100 par|[from] Spikes
|move|p2a: For dear life|Thunder Wave|p1a: Medicham
|-fail|p1a: Medicham|par
|
|upkeep
|turn|17
|inactive|ojr has 210 seconds left.
|
|t:|1729888463
|switch|p2a: Traffic Jam|Skarmory, F|100/100
|switch|p1a: Zapdos|Zapdos|86/100 par
|
|-heal|p1a: Zapdos|92/100 par|[from] item: Leftovers
|upkeep
|turn|18
|inactive|ojr has 210 seconds left.
|inactive|Key to Life has 270 seconds left.
|
|t:|1729888480
|switch|p2a: For dear life|Blissey, F|100/100
|switch|p1a: Suicune|Suicune|82/100
|-damage|p1a: Suicune|69/100|[from] Spikes
|
|-heal|p1a: Suicune|75/100|[from] item: Leftovers
|upkeep
|turn|19
|
|t:|1729888494
|switch|p2a: Traffic Jam|Skarmory, F|100/100
|move|p1a: Suicune|Calm Mind|p1a: Suicune
|-boost|p1a: Suicune|spa|1
|-boost|p1a: Suicune|spd|1
|
|-heal|p1a: Suicune|82/100|[from] item: Leftovers
|upkeep
|turn|20
|
|t:|1729888501
|move|p1a: Suicune|Surf|p2a: Traffic Jam
|-damage|p2a: Traffic Jam|43/100
|move|p2a: Traffic Jam|Roar|p1a: Suicune
|drag|p1a: Medicham|Medicham, M|76/100 par
|-damage|p1a: Medicham|63/100 par|[from] Spikes
|
|-heal|p2a: Traffic Jam|49/100|[from] item: Leftovers
|upkeep
|turn|21
|inactive|ojr has 210 seconds left.
|
|t:|1729888527
|switch|p1a: Zapdos|Zapdos|92/100 par
|move|p2a: Traffic Jam|Spikes|p1a: Zapdos
|-sidestart|p1: ojr|Spikes
|
|-heal|p2a: Traffic Jam|55/100|[from] item: Leftovers
|-heal|p1a: Zapdos|98/100 par|[from] item: Leftovers
|upkeep
|turn|22
|inactive|Key to Life has 270 seconds left.
|inactive|Key to Life has 240 seconds left.
|inactive|Key to Life has 210 seconds left.
|c|☆ojr|why i got both fj2k and fj3k in this game
|inactive|Key to Life has 180 seconds left.
|
|t:|1729888653
|switch|p1a: Medicham|Medicham, M|63/100 par
|-damage|p1a: Medicham|47/100 par|[from] Spikes
|move|p2a: Traffic Jam|Spikes|p1a: Medicham
|-sidestart|p1: ojr|Spikes
|
|-heal|p2a: Traffic Jam|61/100|[from] item: Leftovers
|upkeep
|turn|23
|
|t:|1729888666
|move|p1a: Medicham|Bulk Up|p1a: Medicham
|-boost|p1a: Medicham|atk|1
|-boost|p1a: Medicham|def|1
|move|p2a: Traffic Jam|Roar|p1a: Medicham
|drag|p1a: Suicune|Suicune|82/100
|-damage|p1a: Suicune|57/100|[from] Spikes
|
|-heal|p1a: Suicune|63/100|[from] item: Leftovers
|-heal|p2a: Traffic Jam|67/100|[from] item: Leftovers
|upkeep
|turn|24
|inactive|Key to Life has 180 seconds left.
|
|t:|1729888672
|move|p1a: Suicune|Surf|p2a: Traffic Jam
|-damage|p2a: Traffic Jam|26/100
|move|p2a: Traffic Jam|Roar|p1a: Suicune
|drag|p1a: Zapdos|Zapdos|98/100 par
|
|-heal|p2a: Traffic Jam|32/100|[from] item: Leftovers
|-heal|p1a: Zapdos|100/100 par|[from] item: Leftovers
|upkeep
|turn|25
|
|t:|1729888691
|switch|p2a: For dear life|Blissey, F|100/100
|cant|p1a: Zapdos|par
|
|upkeep
|turn|26
|
|t:|1729888698
|move|p2a: For dear life|Seismic Toss|p1a: Zapdos
|-damage|p1a: Zapdos|74/100 par
|cant|p1a: Zapdos|par
|
|-heal|p1a: Zapdos|81/100 par|[from] item: Leftovers
|upkeep
|turn|27
|
|t:|1729888702
|move|p2a: For dear life|Ice Beam|p1a: Zapdos
|-supereffective|p1a: Zapdos
|-damage|p1a: Zapdos|44/100 par
|cant|p1a: Zapdos|par
|
|-heal|p1a: Zapdos|50/100 par|[from] item: Leftovers
|upkeep
|turn|28
|
|t:|1729888714
|move|p2a: For dear life|Ice Beam|p1a: Zapdos
|-supereffective|p1a: Zapdos
|-damage|p1a: Zapdos|16/100 par
|move|p1a: Zapdos|Thunder Wave|p2a: For dear life
|-status|p2a: For dear life|par
|
|-heal|p1a: Zapdos|22/100 par|[from] item: Leftovers
|upkeep
|turn|29
|inactive|ojr has 210 seconds left.
|
|t:|1729888745
|switch|p1a: Dugtrio|Dugtrio, M|100/100
|-damage|p1a: Dugtrio|76/100|[from] Spikes
|-curestatus|p2a: For dear life|par|[from] ability: Natural Cure
|switch|p2a: Traffic Jam|Skarmory, F|32/100
|
|-heal|p2a: Traffic Jam|38/100|[from] item: Leftovers
|upkeep
|turn|30
|
|t:|1729888760
|move|p1a: Dugtrio|Rock Slide|p2a: Traffic Jam
|-crit|p2a: Traffic Jam
|-damage|p2a: Traffic Jam|0 fnt
|faint|p2a: Traffic Jam
|
|t:|1729888763
|switch|p2a: YESMAN|Swampert, M|81/100
|
|-heal|p2a: YESMAN|87/100|[from] item: Leftovers
|upkeep
|turn|31
|inactive|ojr has 210 seconds left.
|
|t:|1729888799
|switch|p1a: Zapdos|Zapdos|22/100 par
|move|p2a: YESMAN|Hydro Pump|p1a: Zapdos|[miss]
|-miss|p2a: YESMAN|p1a: Zapdos
|
|-heal|p2a: YESMAN|93/100|[from] item: Leftovers
|-heal|p1a: Zapdos|28/100 par|[from] item: Leftovers
|upkeep
|turn|32
|inactive|ojr has 180 seconds left.
|
|t:|1729888840
|move|p2a: YESMAN|Ice Beam|p1a: Zapdos
|-supereffective|p1a: Zapdos
|-damage|p1a: Zapdos|0 fnt
|faint|p1a: Zapdos
|
|t:|1729888847
|switch|p1a: Jirachi|Jirachi|53/100
|-damage|p1a: Jirachi|28/100|[from] Spikes
|
|-heal|p1a: Jirachi|34/100|[from] item: Leftovers
|-heal|p2a: YESMAN|99/100|[from] item: Leftovers
|upkeep
|turn|33
|
|t:|1729888851
|move|p1a: Jirachi|Wish|p1a: Jirachi
|move|p2a: YESMAN|Earthquake|p1a: Jirachi
|-supereffective|p1a: Jirachi
|-damage|p1a: Jirachi|0 fnt
|faint|p1a: Jirachi
|
|t:|1729888857
|switch|p1a: Suicune|Suicune|63/100
|-damage|p1a: Suicune|38/100|[from] Spikes
|
|-heal|p1a: Suicune|44/100|[from] item: Leftovers
|-heal|p2a: YESMAN|100/100|[from] item: Leftovers
|upkeep
|turn|34
|
|t:|1729888861
|switch|p2a: For dear life|Blissey, F|100/100
|move|p1a: Suicune|Calm Mind|p1a: Suicune
|-boost|p1a: Suicune|spa|1
|-boost|p1a: Suicune|spd|1
|
|-heal|p1a: Suicune|94/100|[from] move: Wish|[wisher] Jirachi
|-heal|p1a: Suicune|99/100|[from] item: Leftovers
|upkeep
|turn|35
|inactive|ojr has 180 seconds left.
|c|☆Key to Life|uhoh\
|inactive|Key to Life has 240 seconds left.
|
|t:|1729888877
|switch|p2a: Ameri|Jirachi|100/100
|move|p1a: Suicune|Substitute|p1a: Suicune
|-start|p1a: Suicune|Substitute
|-damage|p1a: Suicune|75/100
|
|-heal|p1a: Suicune|81/100|[from] item: Leftovers
|upkeep
|turn|36
|inactive|ojr has 180 seconds left.
|
|t:|1729888893
|move|p2a: Ameri|Calm Mind|p2a: Ameri
|-boost|p2a: Ameri|spa|1
|-boost|p2a: Ameri|spd|1
|move|p1a: Suicune|Calm Mind|p1a: Suicune
|-boost|p1a: Suicune|spa|1
|-boost|p1a: Suicune|spd|1
|
|-heal|p1a: Suicune|88/100|[from] item: Leftovers
|upkeep
|turn|37
|inactive|ojr has 180 seconds left.
|
|t:|1729888902
|move|p2a: Ameri|Calm Mind|p2a: Ameri
|-boost|p2a: Ameri|spa|1
|-boost|p2a: Ameri|spd|1
|move|p1a: Suicune|Calm Mind|p1a: Suicune
|-boost|p1a: Suicune|spa|1
|-boost|p1a: Suicune|spd|1
|
|-heal|p1a: Suicune|94/100|[from] item: Leftovers
|upkeep
|turn|38
|inactive|ojr has 180 seconds left.
|
|t:|1729888913
|move|p2a: Ameri|Calm Mind|p2a: Ameri
|-boost|p2a: Ameri|spa|1
|-boost|p2a: Ameri|spd|1
|move|p1a: Suicune|Calm Mind|p1a: Suicune
|-boost|p1a: Suicune|spa|1
|-boost|p1a: Suicune|spd|1
|
|-heal|p1a: Suicune|99/100|[from] item: Leftovers
|upkeep
|turn|39
|inactive|ojr has 180 seconds left.
|
|t:|1729888925
|move|p2a: Ameri|Calm Mind|p2a: Ameri
|-boost|p2a: Ameri|spa|1
|-boost|p2a: Ameri|spd|1
|move|p1a: Suicune|Calm Mind|p1a: Suicune
|-boost|p1a: Suicune|spa|1
|-boost|p1a: Suicune|spd|1
|
|-heal|p1a: Suicune|100/100|[from] item: Leftovers
|upkeep
|turn|40
|
|t:|1729888928
|move|p2a: Ameri|Calm Mind|p2a: Ameri
|-boost|p2a: Ameri|spa|1
|-boost|p2a: Ameri|spd|1
|move|p1a: Suicune|Calm Mind|p1a: Suicune
|-boost|p1a: Suicune|spa|1
|-boost|p1a: Suicune|spd|1
|
|upkeep
|turn|41
|
|t:|1729888931
|move|p2a: Ameri|Calm Mind|p2a: Ameri
|-boost|p2a: Ameri|spa|1
|-boost|p2a: Ameri|spd|1
|move|p1a: Suicune|Surf|p2a: Ameri
|-damage|p2a: Ameri|61/100
|
|-heal|p2a: Ameri|67/100|[from] item: Leftovers
|upkeep
|turn|42
|
|t:|1729888936
|move|p2a: Ameri|Hidden Power|p1a: Suicune
|-supereffective|p1a: Suicune
|-end|p1a: Suicune|Substitute
|move|p1a: Suicune|Surf|p2a: Ameri
|-damage|p2a: Ameri|33/100
|
|-heal|p2a: Ameri|39/100|[from] item: Leftovers
|upkeep
|turn|43
|
|t:|1729888941
|move|p2a: Ameri|Hidden Power|p1a: Suicune
|-supereffective|p1a: Suicune
|-damage|p1a: Suicune|72/100
|move|p1a: Suicune|Surf|p2a: Ameri
|-damage|p2a: Ameri|0 fnt
|faint|p2a: Ameri
|
|t:|1729888946
|switch|p2a: HeavenDope|Zapdos|65/100
|
|-heal|p2a: HeavenDope|71/100|[from] item: Leftovers
|-heal|p1a: Suicune|78/100|[from] item: Leftovers
|upkeep
|turn|44
|c|☆Key to Life|that was a super choke
|
|t:|1729888951
|move|p2a: HeavenDope|Thunderbolt|p1a: Suicune
|-supereffective|p1a: Suicune
|-damage|p1a: Suicune|58/100
|move|p1a: Suicune|Surf|p2a: HeavenDope
|-damage|p2a: HeavenDope|0 fnt
|faint|p2a: HeavenDope
|c|☆Key to Life|woops
|
|t:|1729888955
|switch|p2a: For dear life|Blissey, F|100/100
|
|-heal|p1a: Suicune|64/100|[from] item: Leftovers
|upkeep
|turn|45
|c|☆Key to Life|ggs
|c|☆ojr|jr effect
|-message|Key to Life forfeited.
|
|win|ojr
|c|☆ojr|gg
|player|p1|
|player|p2|
|player|p2|Key to Life|caitlin|

</script>
<script type="application/json" class="data" id="replaydata-smogtours-gen3ou-801921">
{"id":"smogtours-gen3ou-801921","format":"[Gen 3] OU","players":["ojr","Key to Life"],"uploadtime":1729888959,"views":108,"formatid":"gen3ou","rating":null,"private":0,"password":null}
</script>

<script defer src="js/replays.js?9d40a366"></script>
