<!DOCTYPE html>
<meta charset="utf-8" />
<meta name="viewport" content="width=device-width" />

<title>[Gen 3] OU: Dridri457 vs. Schmohg - Replays - Pok&eacute;mon Showdown!</title>

<meta name="description" content="Watch a replay of a Pok&eacute;mon battle between Dridri457 and Schmohg! Format: [Gen 3] OU; Date: Oct 29, 2024" />
<!--

Hey, you! Looking in the source for the replay log?

You can find them in JSON format, just add `.json` at the end of a replay URL.

https://replay.pokemonshowdown.com/gen7randomdoublesbattle-865046831.json

Or, if you only need the log itself, add `.log` instead:

https://replay.pokemonshowdown.com/gen7randomdoublesbattle-865046831.log

-->

<link rel="stylesheet" href="//pokemonshowdown.com/style/global.css?0.023195364461161105" />
<link rel="stylesheet" href="//play.pokemonshowdown.com/style/font-awesome.css?0.13261647063804238" />
<link rel="stylesheet" href="//play.pokemonshowdown.com/style/battle.css?0.8753245789963631" />
<link rel="stylesheet" href="//play.pokemonshowdown.com/style/utilichart.css?0.8627959624976733" />

<!-- Global site tag (gtag.js) - Google Analytics -->
<script async src="https://www.googletagmanager.com/gtag/js?id=UA-26211653-1"></script>
<script>
  window.dataLayer = window.dataLayer || [];
  function gtag(){dataLayer.push(arguments);}
  gtag('js', new Date());

  gtag('config', 'UA-26211653-1');
</script>
<!-- End Google Analytics -->
<!-- Venatus Ad Manager - Install in <HEAD> of page -->
	<script src="https://hb.vntsm.com/v3/live/ad-manager.min.js" type="text/javascript" data-site-id="642aba63ec9a7b11c3c9c1be" data-mode="scan" async></script>
<!-- / Venatus Ad Manager -->

<style>
	@media (max-width:820px) {
		.battle {
			margin: 0 auto;
		}
		.battle-log {
			margin: 7px auto 0;
			max-width: 640px;
			height: 300px;
			position: static;
		}
	}
	.optgroup {
		display: inline-block;
		line-height: 22px;
		font-size: 10pt;
	}
	.optgroup .button {
		height: 25px;
		padding-top: 0;
		padding-bottom: 0;
	}
	.optgroup button.button {
		padding-left: 12px;
		padding-right: 12px;
	}
	.linklist {
		list-style: none;
		margin: 0.5em 0;
		padding: 0;
	}
	.linklist li {
		padding: 2px 0;
	}
	.sidebar {
		float: left;
		width: 320px;
	}
	.bar-wrapper {
		max-width: 1100px;
		margin: 0 auto;
	}
	.bar-wrapper.has-sidebar {
		max-width: 1430px;
	}
	.mainbar {
		margin: 0;
		padding-right: 1px;
	}
	.mainbar.has-sidebar {
		margin-left: 330px;
	}
	@media (min-width: 1511px) {
		.sidebar {
			width: 400px;
		}
		.bar-wrapper.has-sidebar {
			max-width: 1510px;
		}
		.mainbar.has-sidebar {
			margin-left: 410px;
		}
	}
	.section.first-section {
		margin-top: 9px;
	}
	.blocklink small {
		white-space: normal;
	}
	.button {
		vertical-align: middle;
	}
	.replay-controls {
		padding-top: 10px;
	}
	.replay-controls h1 {
		font-size: 16pt;
		font-weight: normal;
		color: #CCC;
	}
	.pagelink {
		text-align: center;
	}
	.pagelink a {
		width: 150px;
	}
	.textbox, .button {
		font-size: 11pt;
		vertical-align: middle;
	}
	@media (max-width: 450px) {
		.button {
			font-size: 9pt;
		}
	}
</style>

<div>

	<header>
		<div class="nav-wrapper"><ul class="nav">
			<li><a class="button nav-first" href="//pokemonshowdown.com/"><img src="//pokemonshowdown.com/images/pokemonshowdownbeta.png" srcset="//pokemonshowdown.com/images/pokemonshowdownbeta.png 1x, //pokemonshowdown.com/images/pokemonshowdownbeta@2x.png 2x" alt="Pok&eacute;mon Showdown" width="146" height="44" /> Home</a></li>
			<li><a class="button" href="//pokemonshowdown.com/dex/">Pok&eacute;dex</a></li>
			<li><a class="button cur" href="/">Replays</a></li>
			<li><a class="button" href="//pokemonshowdown.com/ladder/">Ladder</a></li>
			<li><a class="button nav-last" href="//pokemonshowdown.com/forums/">Forum</a></li>
			<li><a class="button greenbutton nav-first nav-last" href="//play.pokemonshowdown.com/">Play</a></li>
		</ul></div>
	</header>

	<div class="main" id="main">

		<noscript><section class="section">You need to enable JavaScript to use this page; sorry!</section></noscript>

	</div>

</div>

<script defer nomodule src="//play.pokemonshowdown.com/js/lib/ps-polyfill.js"></script>
<script defer src="//play.pokemonshowdown.com/js/lib/preact.min.js"></script>

<script defer src="//play.pokemonshowdown.com/config/config.js?2bddbc15"></script>
<script defer src="//play.pokemonshowdown.com/js/lib/jquery-1.11.0.min.js"></script>
<script defer src="//play.pokemonshowdown.com/js/lib/html-sanitizer-minified.js"></script>
<script defer src="//play.pokemonshowdown.com/js/battle-sound.js"></script>
<script defer src="//play.pokemonshowdown.com/js/battledata.js?0.7209276989879541"></script>
<script defer src="//play.pokemonshowdown.com/data/pokedex-mini.js?0.6111056340867951"></script>
<script defer src="//play.pokemonshowdown.com/data/pokedex-mini-bw.js?0.3532142036491459"></script>
<script defer src="//play.pokemonshowdown.com/data/graphics.js?0.24223875632456182"></script>
<script defer src="//play.pokemonshowdown.com/data/pokedex.js?0.38839984266356864"></script>
<script defer src="//play.pokemonshowdown.com/data/moves.js?0.21866028504024015"></script>
<script defer src="//play.pokemonshowdown.com/data/abilities.js?0.2005157953846628"></script>
<script defer src="//play.pokemonshowdown.com/data/items.js?0.9894211263848525"></script>
<script defer src="//play.pokemonshowdown.com/data/teambuilder-tables.js?0.6008791140282215"></script>
<script defer src="//play.pokemonshowdown.com/js/battle-tooltips.js?0.7580118955022959"></script>
<script defer src="//play.pokemonshowdown.com/js/battle.js?0.6057722274234274"></script>

<script defer src="js/utils.js?e31f9a17"></script>
<script defer src="js/replays-battle.js?7008c182"></script>

<!-- don't scrape this data! just add .json or .log after the URL!
Full API docs: https://github.com/smogon/pokemon-showdown-client/blob/master/WEB-API.md -->
<script type="text/plain" class="log" id="replaylog-smogtours-gen3ou-803376">
|inactive|Battle timer is ON: inactive players will automatically lose when time's up.
|t:|1730242983
|gametype|singles
|player|p1|Dridri457|#dridri457|
|player|p2|Schmohg|acetrainerf|
|teamsize|p1|6
|teamsize|p2|6
|gen|3
|tier|[Gen 3] OU
|rule|Sleep Clause Mod: Limit one foe put to sleep
|rule|Switch Priority Clause Mod: Faster Pokémon switch first
|rule|Species Clause: Limit one of each Pokémon
|rule|OHKO Clause: OHKO moves are banned
|rule|Evasion Items Clause: Evasion items are banned
|rule|Evasion Moves Clause: Evasion moves are banned
|rule|Endless Battle Clause: Forcing endless battles is banned
|rule|HP Percentage Mod: HP is shown in percentages
|rule|One Boost Passer Clause: Limit one Baton Passer that has a way to boost its stats
|rule|Freeze Clause Mod: Limit one foe frozen
|
|t:|1730242983
|start
|switch|p1a: Aerodactyl|Aerodactyl, M|100/100
|switch|p2a: Skarmory|Skarmory, M|100/100
|turn|1
|c|☆Schmohg|hf
|c|☆Dridri457|u2
|inactive|Dridri457 has 270 seconds left.
|inactive|Schmohg has 270 seconds left.
|c|☆Schmohg|sorry again for last night
|inactive|Dridri457 has 240 seconds left.
|c|☆Dridri457|np
|
|t:|1730243047
|move|p2a: Skarmory|Protect|p2a: Skarmory
|-singleturn|p2a: Skarmory|Protect
|move|p1a: Aerodactyl|Rock Slide|p2a: Skarmory
|-activate|p2a: Skarmory|Protect
|
|upkeep
|turn|2
|
|t:|1730243062
|move|p1a: Aerodactyl|Rock Slide|p2a: Skarmory
|-damage|p2a: Skarmory|63/100
|move|p2a: Skarmory|Spikes|p1a: Aerodactyl
|-sidestart|p1: Dridri457|Spikes
|
|-heal|p2a: Skarmory|69/100|[from] item: Leftovers
|upkeep
|turn|3
|
|t:|1730243067
|move|p2a: Skarmory|Protect|p2a: Skarmory
|-singleturn|p2a: Skarmory|Protect
|move|p1a: Aerodactyl|Rock Slide|p2a: Skarmory
|-activate|p2a: Skarmory|Protect
|
|-heal|p2a: Skarmory|75/100|[from] item: Leftovers
|upkeep
|turn|4
|
|t:|1730243074
|move|p1a: Aerodactyl|Rock Slide|p2a: Skarmory
|-damage|p2a: Skarmory|36/100
|move|p2a: Skarmory|Spikes|p1a: Aerodactyl
|-sidestart|p1: Dridri457|Spikes
|
|-heal|p2a: Skarmory|42/100|[from] item: Leftovers
|upkeep
|turn|5
|
|t:|1730243079
|move|p2a: Skarmory|Protect|p2a: Skarmory
|-singleturn|p2a: Skarmory|Protect
|move|p1a: Aerodactyl|Rock Slide|p2a: Skarmory
|-activate|p2a: Skarmory|Protect
|
|-heal|p2a: Skarmory|48/100|[from] item: Leftovers
|upkeep
|turn|6
|
|t:|1730243083
|switch|p2a: Flygon|Flygon, M|100/100
|move|p1a: Aerodactyl|Rock Slide|p2a: Flygon
|-resisted|p2a: Flygon
|-damage|p2a: Flygon|80/100
|
|-heal|p2a: Flygon|86/100|[from] item: Leftovers
|upkeep
|turn|7
|
|t:|1730243098
|switch|p1a: Skarmory|Skarmory, M|100/100
|move|p2a: Flygon|Toxic|p1a: Skarmory
|-immune|p1a: Skarmory
|
|-heal|p2a: Flygon|92/100|[from] item: Leftovers
|upkeep
|turn|8
|
|t:|1730243115
|switch|p2a: Moltres|Moltres|100/100
|move|p1a: Skarmory|Spikes|p2a: Moltres
|-sidestart|p2: Schmohg|Spikes
|
|upkeep
|turn|9
|
|t:|1730243125
|switch|p1a: Zapdos|Zapdos|100/100
|move|p2a: Moltres|Flamethrower|p1a: Zapdos
|-damage|p1a: Zapdos|63/100
|
|-heal|p1a: Zapdos|69/100|[from] item: Leftovers
|upkeep
|turn|10
|
|t:|1730243147
|switch|p2a: Flygon|Flygon, M|92/100
|switch|p1a: Tyranitar|Tyranitar, M|100/100
|-damage|p1a: Tyranitar|84/100|[from] Spikes
|-weather|Sandstorm|[from] ability: Sand Stream|[of] p1a: Tyranitar
|
|-weather|Sandstorm|[upkeep]
|-heal|p2a: Flygon|98/100|[from] item: Leftovers
|-heal|p1a: Tyranitar|90/100|[from] item: Leftovers
|upkeep
|turn|11
|
|t:|1730243165
|switch|p1a: Skarmory|Skarmory, M|100/100
|move|p2a: Flygon|Earthquake|p1a: Skarmory
|-immune|p1a: Skarmory
|
|-weather|Sandstorm|[upkeep]
|-heal|p2a: Flygon|100/100|[from] item: Leftovers
|upkeep
|turn|12
|
|t:|1730243177
|switch|p2a: Misdreavus|Misdreavus, F|100/100
|move|p1a: Skarmory|Toxic|p2a: Misdreavus
|-status|p2a: Misdreavus|tox
|
|-weather|Sandstorm|[upkeep]
|-damage|p2a: Misdreavus|94/100 tox|[from] Sandstorm
|-heal|p2a: Misdreavus|100/100 tox|[from] item: Leftovers
|-damage|p2a: Misdreavus|94/100 tox|[from] psn
|upkeep
|turn|13
|inactive|Dridri457 has 270 seconds left.
|
|t:|1730243216
|move|p2a: Misdreavus|Mean Look|p1a: Skarmory
|-activate|p1a: Skarmory|trapped
|move|p1a: Skarmory|Whirlwind|p2a: Misdreavus
|drag|p2a: Blissey|Blissey, F|100/100
|-damage|p2a: Blissey|88/100|[from] Spikes
|
|-weather|Sandstorm|[upkeep]
|-damage|p2a: Blissey|82/100|[from] Sandstorm
|-heal|p2a: Blissey|88/100|[from] item: Leftovers
|upkeep
|turn|14
|inactive|Dridri457 has 270 seconds left.
|
|t:|1730243241
|switch|p1a: Tyranitar|Tyranitar, M|90/100
|-damage|p1a: Tyranitar|74/100|[from] Spikes
|switch|p2a: Moltres|Moltres|100/100
|
|-weather|Sandstorm|[upkeep]
|-damage|p2a: Moltres|94/100|[from] Sandstorm
|-heal|p2a: Moltres|100/100|[from] item: Leftovers
|-heal|p1a: Tyranitar|80/100|[from] item: Leftovers
|upkeep
|turn|15
|
|t:|1730243251
|switch|p2a: Flygon|Flygon, M|100/100
|move|p1a: Tyranitar|Rock Slide|p2a: Flygon
|-resisted|p2a: Flygon
|-damage|p2a: Flygon|81/100
|
|-weather|Sandstorm|[upkeep]
|-heal|p2a: Flygon|88/100|[from] item: Leftovers
|-heal|p1a: Tyranitar|86/100|[from] item: Leftovers
|upkeep
|turn|16
|
|t:|1730243261
|switch|p2a: Zapdos|Zapdos|100/100
|switch|p1a: Skarmory|Skarmory, M|100/100
|
|-weather|Sandstorm|[upkeep]
|-damage|p2a: Zapdos|94/100|[from] Sandstorm
|-heal|p2a: Zapdos|100/100|[from] item: Leftovers
|upkeep
|turn|17
|
|t:|1730243276
|switch|p1a: Swampert|Swampert, M|100/100
|-damage|p1a: Swampert|84/100|[from] Spikes
|move|p2a: Zapdos|Thunderbolt|p1a: Swampert
|-immune|p1a: Swampert
|
|-weather|Sandstorm|[upkeep]
|-damage|p2a: Zapdos|94/100|[from] Sandstorm
|-heal|p2a: Zapdos|100/100|[from] item: Leftovers
|-heal|p1a: Swampert|90/100|[from] item: Leftovers
|upkeep
|turn|18
|
|t:|1730243284
|move|p1a: Swampert|Ice Beam|p2a: Zapdos
|-supereffective|p2a: Zapdos
|-damage|p2a: Zapdos|68/100
|move|p2a: Zapdos|Roar|p1a: Swampert
|drag|p1a: Flygon|Flygon, M|100/100
|
|-weather|Sandstorm|[upkeep]
|-damage|p2a: Zapdos|62/100|[from] Sandstorm
|-heal|p2a: Zapdos|68/100|[from] item: Leftovers
|upkeep
|turn|19
|inactive|Dridri457 has 270 seconds left.
|
|t:|1730243304
|move|p1a: Flygon|Fire Blast|p2a: Zapdos
|-damage|p2a: Zapdos|53/100
|move|p2a: Zapdos|Rest|p2a: Zapdos
|-status|p2a: Zapdos|slp|[from] move: Rest
|-heal|p2a: Zapdos|100/100 slp|[silent]
|
|-weather|Sandstorm|[upkeep]
|-damage|p2a: Zapdos|94/100 slp|[from] Sandstorm
|-heal|p2a: Zapdos|100/100 slp|[from] item: Leftovers
|upkeep
|turn|20
|inactive|Dridri457 has 270 seconds left.
|
|t:|1730243311
|move|p1a: Flygon|Rock Slide|p2a: Zapdos
|-supereffective|p2a: Zapdos
|-damage|p2a: Zapdos|52/100 slp
|cant|p2a: Zapdos|slp
|move|p2a: Zapdos|Sleep Talk|p2a: Zapdos
|move|p2a: Zapdos|Rest|p2a: Zapdos|[from]Sleep Talk
|
|-weather|Sandstorm|[upkeep]
|-damage|p2a: Zapdos|46/100 slp|[from] Sandstorm
|-heal|p2a: Zapdos|52/100 slp|[from] item: Leftovers
|upkeep
|turn|21
|inactive|Dridri457 has 270 seconds left.
|
|t:|1730243323
|switch|p2a: Flygon|Flygon, M|88/100
|move|p1a: Flygon|Rock Slide|p2a: Flygon
|-resisted|p2a: Flygon
|-damage|p2a: Flygon|79/100
|
|-weather|Sandstorm|[upkeep]
|-heal|p2a: Flygon|85/100|[from] item: Leftovers
|upkeep
|turn|22
|
|t:|1730243329
|switch|p1a: Skarmory|Skarmory, M|100/100
|move|p2a: Flygon|Rock Slide|p1a: Skarmory
|-damage|p1a: Skarmory|90/100
|
|-weather|Sandstorm|[upkeep]
|-heal|p2a: Flygon|91/100|[from] item: Leftovers
|-heal|p1a: Skarmory|96/100|[from] item: Leftovers
|upkeep
|turn|23
|
|t:|1730243341
|switch|p2a: Blissey|Blissey, F|88/100
|-damage|p2a: Blissey|76/100|[from] Spikes
|move|p1a: Skarmory|Spikes|p2a: Blissey
|-sidestart|p2: Schmohg|Spikes
|
|-weather|Sandstorm|[upkeep]
|-damage|p2a: Blissey|69/100|[from] Sandstorm
|-heal|p1a: Skarmory|100/100|[from] item: Leftovers
|-heal|p2a: Blissey|76/100|[from] item: Leftovers
|upkeep
|turn|24
|
|t:|1730243350
|switch|p1a: Tyranitar|Tyranitar, M|86/100
|-damage|p1a: Tyranitar|69/100|[from] Spikes
|move|p2a: Blissey|Aromatherapy|p2a: Blissey
|-cureteam|p2a: Blissey|[from] move: Aromatherapy
|
|-weather|Sandstorm|[upkeep]
|-damage|p2a: Blissey|69/100|[from] Sandstorm
|-heal|p1a: Tyranitar|75/100|[from] item: Leftovers
|-heal|p2a: Blissey|76/100|[from] item: Leftovers
|upkeep
|turn|25
|
|t:|1730243358
|switch|p2a: Flygon|Flygon, M|91/100
|move|p1a: Tyranitar|Substitute|p1a: Tyranitar
|-start|p1a: Tyranitar|Substitute
|-damage|p1a: Tyranitar|50/100
|
|-weather|Sandstorm|[upkeep]
|-heal|p2a: Flygon|97/100|[from] item: Leftovers
|-heal|p1a: Tyranitar|57/100|[from] item: Leftovers
|upkeep
|turn|26
|
|t:|1730243361
|-singleturn|p1a: Tyranitar|move: Focus Punch
|move|p2a: Flygon|Earthquake|p1a: Tyranitar
|-supereffective|p1a: Tyranitar
|-end|p1a: Tyranitar|Substitute
|move|p1a: Tyranitar|Focus Punch|p2a: Flygon
|-damage|p2a: Flygon|49/100
|
|-weather|Sandstorm|[upkeep]
|-heal|p2a: Flygon|55/100|[from] item: Leftovers
|-heal|p1a: Tyranitar|63/100|[from] item: Leftovers
|upkeep
|turn|27
|
|t:|1730243372
|switch|p1a: Skarmory|Skarmory, M|100/100
|move|p2a: Flygon|Earthquake|p1a: Skarmory
|-immune|p1a: Skarmory
|
|-weather|Sandstorm|[upkeep]
|-heal|p2a: Flygon|61/100|[from] item: Leftovers
|upkeep
|turn|28
|
|t:|1730243379
|move|p2a: Flygon|Protect|p2a: Flygon
|-singleturn|p2a: Flygon|Protect
|move|p1a: Skarmory|Spikes|p2a: Flygon
|-sidestart|p2: Schmohg|Spikes
|
|-weather|Sandstorm|[upkeep]
|-heal|p2a: Flygon|67/100|[from] item: Leftovers
|upkeep
|turn|29
|
|t:|1730243382
|move|p2a: Flygon|Rock Slide|p1a: Skarmory
|-damage|p1a: Skarmory|90/100
|move|p1a: Skarmory|Toxic|p2a: Flygon
|-status|p2a: Flygon|tox
|
|-weather|Sandstorm|[upkeep]
|-heal|p2a: Flygon|74/100 tox|[from] item: Leftovers
|-damage|p2a: Flygon|67/100 tox|[from] psn
|-heal|p1a: Skarmory|96/100|[from] item: Leftovers
|upkeep
|turn|30
|
|t:|1730243391
|switch|p2a: Zapdos|Zapdos|52/100
|move|p1a: Skarmory|Whirlwind|p2a: Zapdos
|drag|p2a: Misdreavus|Misdreavus, F|94/100
|
|-weather|Sandstorm|[upkeep]
|-damage|p2a: Misdreavus|88/100|[from] Sandstorm
|-heal|p2a: Misdreavus|94/100|[from] item: Leftovers
|-heal|p1a: Skarmory|100/100|[from] item: Leftovers
|upkeep
|turn|31
|
|t:|1730243415
|move|p2a: Misdreavus|Perish Song|p2a: Misdreavus
|-start|p1a: Skarmory|perish3|[silent]
|-start|p2a: Misdreavus|perish3|[silent]
|-fieldactivate|move: Perish Song
|move|p1a: Skarmory|Toxic|p2a: Misdreavus
|-status|p2a: Misdreavus|tox
|
|-weather|Sandstorm|[upkeep]
|-damage|p2a: Misdreavus|88/100 tox|[from] Sandstorm
|-heal|p2a: Misdreavus|94/100 tox|[from] item: Leftovers
|-damage|p2a: Misdreavus|88/100 tox|[from] psn
|-start|p2a: Misdreavus|perish3
|-start|p1a: Skarmory|perish3
|upkeep
|turn|32
|
|t:|1730243423
|switch|p1a: Flygon|Flygon, M|100/100
|move|p2a: Misdreavus|Mean Look|p1a: Flygon
|-activate|p1a: Flygon|trapped
|
|-weather|Sandstorm|[upkeep]
|-damage|p2a: Misdreavus|82/100 tox|[from] Sandstorm
|-heal|p2a: Misdreavus|88/100 tox|[from] item: Leftovers
|-damage|p2a: Misdreavus|76/100 tox|[from] psn
|-start|p2a: Misdreavus|perish2
|upkeep
|turn|33
|
|t:|1730243437
|switch|p2a: Flygon|Flygon, M|67/100 tox
|move|p1a: Flygon|Rock Slide|p2a: Flygon
|-resisted|p2a: Flygon
|-damage|p2a: Flygon|59/100 tox
|
|-weather|Sandstorm|[upkeep]
|-heal|p2a: Flygon|65/100 tox|[from] item: Leftovers
|-damage|p2a: Flygon|59/100 tox|[from] psn
|upkeep
|turn|34
|
|t:|1730243445
|switch|p1a: Skarmory|Skarmory, M|100/100
|move|p2a: Flygon|Toxic|p1a: Skarmory
|-immune|p1a: Skarmory
|
|-weather|Sandstorm|[upkeep]
|-heal|p2a: Flygon|65/100 tox|[from] item: Leftovers
|-damage|p2a: Flygon|53/100 tox|[from] psn
|upkeep
|turn|35
|
|t:|1730243451
|switch|p2a: Moltres|Moltres|100/100
|move|p1a: Skarmory|Whirlwind|p2a: Moltres
|drag|p2a: Zapdos|Zapdos|52/100
|
|-weather|Sandstorm|[upkeep]
|-damage|p2a: Zapdos|46/100|[from] Sandstorm
|-heal|p2a: Zapdos|52/100|[from] item: Leftovers
|upkeep
|turn|36
|
|t:|1730243459
|switch|p1a: Swampert|Swampert, M|90/100
|-damage|p1a: Swampert|74/100|[from] Spikes
|move|p2a: Zapdos|Rest|p2a: Zapdos
|-status|p2a: Zapdos|slp|[from] move: Rest
|-heal|p2a: Zapdos|100/100 slp|[silent]
|
|-weather|Sandstorm|[upkeep]
|-damage|p2a: Zapdos|94/100 slp|[from] Sandstorm
|-heal|p2a: Zapdos|100/100 slp|[from] item: Leftovers
|-heal|p1a: Swampert|80/100|[from] item: Leftovers
|upkeep
|turn|37
|
|t:|1730243480
|cant|p2a: Zapdos|slp
|move|p2a: Zapdos|Sleep Talk|p2a: Zapdos
|move|p2a: Zapdos|Rest|p2a: Zapdos|[from]Sleep Talk
|move|p1a: Swampert|Ice Beam|p2a: Zapdos
|-supereffective|p2a: Zapdos
|-damage|p2a: Zapdos|69/100 slp
|
|-weather|Sandstorm|[upkeep]
|-damage|p2a: Zapdos|63/100 slp|[from] Sandstorm
|-heal|p2a: Zapdos|69/100 slp|[from] item: Leftovers
|-heal|p1a: Swampert|86/100|[from] item: Leftovers
|upkeep
|turn|38
|
|t:|1730243486
|cant|p2a: Zapdos|slp
|move|p2a: Zapdos|Sleep Talk|p2a: Zapdos
|move|p2a: Zapdos|Rest|p2a: Zapdos|[from]Sleep Talk
|move|p1a: Swampert|Ice Beam|p2a: Zapdos
|-supereffective|p2a: Zapdos
|-damage|p2a: Zapdos|38/100 slp
|
|-weather|Sandstorm|[upkeep]
|-damage|p2a: Zapdos|32/100 slp|[from] Sandstorm
|-heal|p2a: Zapdos|38/100 slp|[from] item: Leftovers
|-heal|p1a: Swampert|92/100|[from] item: Leftovers
|upkeep
|turn|39
|
|t:|1730243502
|-curestatus|p2a: Zapdos|slp|[msg]
|move|p2a: Zapdos|Rest|p2a: Zapdos
|-status|p2a: Zapdos|slp|[from] move: Rest
|-heal|p2a: Zapdos|100/100 slp|[silent]
|move|p1a: Swampert|Ice Beam|p2a: Zapdos
|-supereffective|p2a: Zapdos
|-damage|p2a: Zapdos|67/100 slp
|
|-weather|Sandstorm|[upkeep]
|-damage|p2a: Zapdos|61/100 slp|[from] Sandstorm
|-heal|p2a: Zapdos|67/100 slp|[from] item: Leftovers
|-heal|p1a: Swampert|98/100|[from] item: Leftovers
|upkeep
|turn|40
|
|t:|1730243517
|switch|p2a: Skarmory|Skarmory, M|48/100
|move|p1a: Swampert|Sleep Talk|p1a: Swampert
|
|-weather|Sandstorm|[upkeep]
|-heal|p2a: Skarmory|54/100|[from] item: Leftovers
|-heal|p1a: Swampert|100/100|[from] item: Leftovers
|upkeep
|turn|41
|
|t:|1730243533
|switch|p1a: Aerodactyl|Aerodactyl, M|100/100
|move|p2a: Skarmory|Protect||[still]
|-fail|p2a: Skarmory
|
|-weather|Sandstorm|[upkeep]
|-heal|p2a: Skarmory|60/100|[from] item: Leftovers
|upkeep
|turn|42
|
|t:|1730243537
|move|p2a: Skarmory|Protect|p2a: Skarmory
|-singleturn|p2a: Skarmory|Protect
|move|p1a: Aerodactyl|Rock Slide|p2a: Skarmory
|-activate|p2a: Skarmory|Protect
|
|-weather|Sandstorm|[upkeep]
|-heal|p2a: Skarmory|66/100|[from] item: Leftovers
|upkeep
|turn|43
|
|t:|1730243540
|move|p1a: Aerodactyl|Rock Slide|p2a: Skarmory
|-damage|p2a: Skarmory|30/100
|cant|p2a: Skarmory|flinch
|
|-weather|Sandstorm|[upkeep]
|-heal|p2a: Skarmory|36/100|[from] item: Leftovers
|upkeep
|turn|44
|
|t:|1730243544
|move|p2a: Skarmory|Protect|p2a: Skarmory
|-singleturn|p2a: Skarmory|Protect
|move|p1a: Aerodactyl|Rock Slide|p2a: Skarmory
|-activate|p2a: Skarmory|Protect
|
|-weather|Sandstorm|[upkeep]
|-heal|p2a: Skarmory|42/100|[from] item: Leftovers
|upkeep
|turn|45
|
|t:|1730243553
|switch|p2a: Flygon|Flygon, M|53/100 tox
|move|p1a: Aerodactyl|Rock Slide|p2a: Flygon
|-resisted|p2a: Flygon
|-damage|p2a: Flygon|32/100 tox
|
|-weather|Sandstorm|[upkeep]
|-heal|p2a: Flygon|38/100 tox|[from] item: Leftovers
|-damage|p2a: Flygon|32/100 tox|[from] psn
|upkeep
|turn|46
|
|t:|1730243566
|move|p2a: Flygon|Protect|p2a: Flygon
|-singleturn|p2a: Flygon|Protect
|move|p1a: Aerodactyl|Rock Slide|p2a: Flygon
|-activate|p2a: Flygon|Protect
|
|-weather|Sandstorm|[upkeep]
|-heal|p2a: Flygon|38/100 tox|[from] item: Leftovers
|-damage|p2a: Flygon|26/100 tox|[from] psn
|upkeep
|turn|47
|
|t:|1730243572
|move|p1a: Aerodactyl|Rock Slide|p2a: Flygon
|-resisted|p2a: Flygon
|-damage|p2a: Flygon|4/100 tox
|cant|p2a: Flygon|flinch
|
|-weather|Sandstorm|[upkeep]
|-heal|p2a: Flygon|10/100 tox|[from] item: Leftovers
|-damage|p2a: Flygon|0 fnt|[from] psn
|faint|p2a: Flygon
|upkeep
|c|☆Dridri457|sry
|c|☆Schmohg|it happens
|
|t:|1730243591
|switch|p2a: Misdreavus|Misdreavus, F|76/100 tox
|turn|48
|
|t:|1730243616
|move|p1a: Aerodactyl|Rock Slide|p2a: Misdreavus
|-damage|p2a: Misdreavus|0 fnt
|faint|p2a: Misdreavus
|
|t:|1730243627
|switch|p2a: Skarmory|Skarmory, M|42/100
|
|-weather|Sandstorm|[upkeep]
|-heal|p2a: Skarmory|48/100|[from] item: Leftovers
|upkeep
|turn|49
|
|t:|1730243630
|switch|p1a: Zapdos|Zapdos|69/100
|move|p2a: Skarmory|Protect||[still]
|-fail|p2a: Skarmory
|
|-weather|Sandstorm|[upkeep]
|-damage|p1a: Zapdos|63/100|[from] Sandstorm
|-heal|p1a: Zapdos|69/100|[from] item: Leftovers
|-heal|p2a: Skarmory|54/100|[from] item: Leftovers
|upkeep
|turn|50
|
|t:|1730243636
|switch|p2a: Blissey|Blissey, F|76/100
|-damage|p2a: Blissey|51/100|[from] Spikes
|move|p1a: Zapdos|Thunderbolt|p2a: Blissey
|-damage|p2a: Blissey|34/100
|
|-weather|Sandstorm|[upkeep]
|-damage|p1a: Zapdos|63/100|[from] Sandstorm
|-damage|p2a: Blissey|28/100|[from] Sandstorm
|-heal|p1a: Zapdos|69/100|[from] item: Leftovers
|-heal|p2a: Blissey|34/100|[from] item: Leftovers
|upkeep
|turn|51
|
|t:|1730243641
|switch|p1a: Tyranitar|Tyranitar, M|63/100
|-damage|p1a: Tyranitar|46/100|[from] Spikes
|move|p2a: Blissey|Soft-Boiled|p2a: Blissey
|-heal|p2a: Blissey|84/100
|
|-weather|Sandstorm|[upkeep]
|-damage|p2a: Blissey|78/100|[from] Sandstorm
|-heal|p1a: Tyranitar|52/100|[from] item: Leftovers
|-heal|p2a: Blissey|84/100|[from] item: Leftovers
|upkeep
|turn|52
|
|t:|1730243652
|switch|p2a: Skarmory|Skarmory, M|54/100
|move|p1a: Tyranitar|Rock Slide|p2a: Skarmory|[miss]
|-miss|p1a: Tyranitar|p2a: Skarmory
|
|-weather|Sandstorm|[upkeep]
|-heal|p2a: Skarmory|60/100|[from] item: Leftovers
|-heal|p1a: Tyranitar|59/100|[from] item: Leftovers
|upkeep
|turn|53
|
|t:|1730243659
|-singleturn|p1a: Tyranitar|move: Focus Punch
|move|p2a: Skarmory|Drill Peck|p1a: Tyranitar
|-resisted|p1a: Tyranitar
|-damage|p1a: Tyranitar|50/100
|move|p1a: Tyranitar|Focus Punch||[still]
|cant|p1a: Tyranitar|Focus Punch|Focus Punch
|
|-weather|Sandstorm|[upkeep]
|-heal|p2a: Skarmory|66/100|[from] item: Leftovers
|-heal|p1a: Tyranitar|56/100|[from] item: Leftovers
|upkeep
|turn|54
|
|t:|1730243665
|move|p2a: Skarmory|Spikes|p1a: Tyranitar
|-sidestart|p1: Dridri457|Spikes
|move|p1a: Tyranitar|Rock Slide|p2a: Skarmory
|-damage|p2a: Skarmory|31/100
|
|-weather|Sandstorm|[upkeep]
|-heal|p2a: Skarmory|37/100|[from] item: Leftovers
|-heal|p1a: Tyranitar|62/100|[from] item: Leftovers
|upkeep
|turn|55
|
|t:|1730243670
|move|p2a: Skarmory|Protect|p2a: Skarmory
|-singleturn|p2a: Skarmory|Protect
|move|p1a: Tyranitar|Rock Slide|p2a: Skarmory
|-activate|p2a: Skarmory|Protect
|
|-weather|Sandstorm|[upkeep]
|-heal|p2a: Skarmory|43/100|[from] item: Leftovers
|-heal|p1a: Tyranitar|68/100|[from] item: Leftovers
|upkeep
|turn|56
|
|t:|1730243673
|move|p2a: Skarmory|Drill Peck|p1a: Tyranitar
|-resisted|p1a: Tyranitar
|-damage|p1a: Tyranitar|59/100
|move|p1a: Tyranitar|Rock Slide|p2a: Skarmory
|-damage|p2a: Skarmory|8/100
|
|-weather|Sandstorm|[upkeep]
|-heal|p2a: Skarmory|14/100|[from] item: Leftovers
|-heal|p1a: Tyranitar|66/100|[from] item: Leftovers
|upkeep
|turn|57
|
|t:|1730243679
|move|p2a: Skarmory|Protect|p2a: Skarmory
|-singleturn|p2a: Skarmory|Protect
|move|p1a: Tyranitar|Rock Slide|p2a: Skarmory
|-activate|p2a: Skarmory|Protect
|
|-weather|Sandstorm|[upkeep]
|-heal|p2a: Skarmory|20/100|[from] item: Leftovers
|-heal|p1a: Tyranitar|72/100|[from] item: Leftovers
|upkeep
|turn|58
|
|t:|1730243682
|move|p2a: Skarmory|Protect||[still]
|-fail|p2a: Skarmory
|move|p1a: Tyranitar|Rock Slide|p2a: Skarmory|[miss]
|-miss|p1a: Tyranitar|p2a: Skarmory
|
|-weather|Sandstorm|[upkeep]
|-heal|p2a: Skarmory|26/100|[from] item: Leftovers
|-heal|p1a: Tyranitar|78/100|[from] item: Leftovers
|upkeep
|turn|59
|
|t:|1730243686
|move|p2a: Skarmory|Protect|p2a: Skarmory
|-singleturn|p2a: Skarmory|Protect
|move|p1a: Tyranitar|Substitute|p1a: Tyranitar
|-start|p1a: Tyranitar|Substitute
|-damage|p1a: Tyranitar|53/100
|
|-weather|Sandstorm|[upkeep]
|-heal|p2a: Skarmory|32/100|[from] item: Leftovers
|-heal|p1a: Tyranitar|59/100|[from] item: Leftovers
|upkeep
|turn|60
|
|t:|1730243689
|move|p1a: Tyranitar|Rock Slide|p2a: Skarmory
|-damage|p2a: Skarmory|0 fnt
|faint|p2a: Skarmory
|c|☆Schmohg|yeah gg
|
|t:|1730243697
|switch|p2a: Moltres|Moltres|100/100
|
|-weather|Sandstorm|[upkeep]
|-damage|p2a: Moltres|94/100|[from] Sandstorm
|-heal|p2a: Moltres|100/100|[from] item: Leftovers
|-heal|p1a: Tyranitar|65/100|[from] item: Leftovers
|upkeep
|turn|61
|
|t:|1730243701
|move|p2a: Moltres|Hidden Power|p1a: Tyranitar
|-supereffective|p1a: Tyranitar
|-end|p1a: Tyranitar|Substitute
|move|p1a: Tyranitar|Rock Slide|p2a: Moltres
|-supereffective|p2a: Moltres
|-damage|p2a: Moltres|0 fnt
|faint|p2a: Moltres
|
|t:|1730243705
|switch|p2a: Zapdos|Zapdos|67/100 slp
|
|-weather|Sandstorm|[upkeep]
|-damage|p2a: Zapdos|61/100 slp|[from] Sandstorm
|-heal|p2a: Zapdos|67/100 slp|[from] item: Leftovers
|-heal|p1a: Tyranitar|72/100|[from] item: Leftovers
|upkeep
|turn|62
|
|t:|1730243710
|cant|p2a: Zapdos|slp
|move|p2a: Zapdos|Sleep Talk|p2a: Zapdos
|move|p2a: Zapdos|Thunderbolt|p1a: Tyranitar|[from]Sleep Talk
|-damage|p1a: Tyranitar|36/100
|move|p1a: Tyranitar|Rock Slide|p2a: Zapdos
|-supereffective|p2a: Zapdos
|-damage|p2a: Zapdos|0 fnt
|faint|p2a: Zapdos
|
|t:|1730243712
|switch|p2a: Blissey|Blissey, F|84/100
|-damage|p2a: Blissey|59/100|[from] Spikes
|
|-weather|Sandstorm|[upkeep]
|-damage|p2a: Blissey|53/100|[from] Sandstorm
|-heal|p1a: Tyranitar|42/100|[from] item: Leftovers
|-heal|p2a: Blissey|59/100|[from] item: Leftovers
|upkeep
|turn|63
|
|t:|1730243728
|-singleturn|p1a: Tyranitar|move: Focus Punch
|move|p2a: Blissey|Soft-Boiled|p2a: Blissey
|-heal|p2a: Blissey|100/100
|move|p1a: Tyranitar|Focus Punch|p2a: Blissey
|-supereffective|p2a: Blissey
|-damage|p2a: Blissey|0 fnt
|faint|p2a: Blissey
|
|win|Dridri457
|c|☆Dridri457|gg
|c|☆Schmohg|gg

</script>
<script type="application/json" class="data" id="replaydata-smogtours-gen3ou-803376">
{"id":"smogtours-gen3ou-803376","format":"[Gen 3] OU","players":["Dridri457","Schmohg"],"uploadtime":1730243728,"views":67,"formatid":"gen3ou","rating":null,"private":0,"password":null}
</script>

<script defer src="js/replays.js?9d40a366"></script>
