<!DOCTYPE html>
<meta charset="utf-8" />
<meta name="viewport" content="width=device-width" />

<title>[Gen 3] OU: TheLargestLad vs. Spreek - Replays - Pok&eacute;mon Showdown!</title>

<meta name="description" content="Watch a replay of a Pok&eacute;mon battle between TheLargestLad and Spreek! Format: [Gen 3] OU; Date: Oct 12, 2024" />
<!--

Hey, you! Looking in the source for the replay log?

You can find them in JSON format, just add `.json` at the end of a replay URL.

https://replay.pokemonshowdown.com/gen7randomdoublesbattle-865046831.json

Or, if you only need the log itself, add `.log` instead:

https://replay.pokemonshowdown.com/gen7randomdoublesbattle-865046831.log

-->

<link rel="stylesheet" href="//pokemonshowdown.com/style/global.css?0.023195364461161105" />
<link rel="stylesheet" href="//play.pokemonshowdown.com/style/font-awesome.css?0.13261647063804238" />
<link rel="stylesheet" href="//play.pokemonshowdown.com/style/battle.css?0.8753245789963631" />
<link rel="stylesheet" href="//play.pokemonshowdown.com/style/utilichart.css?0.8627959624976733" />

<!-- Global site tag (gtag.js) - Google Analytics -->
<script async src="https://www.googletagmanager.com/gtag/js?id=UA-26211653-1"></script>
<script>
  window.dataLayer = window.dataLayer || [];
  function gtag(){dataLayer.push(arguments);}
  gtag('js', new Date());

  gtag('config', 'UA-26211653-1');
</script>
<!-- End Google Analytics -->
<!-- Venatus Ad Manager - Install in <HEAD> of page -->
	<script src="https://hb.vntsm.com/v3/live/ad-manager.min.js" type="text/javascript" data-site-id="642aba63ec9a7b11c3c9c1be" data-mode="scan" async></script>
<!-- / Venatus Ad Manager -->

<style>
	@media (max-width:820px) {
		.battle {
			margin: 0 auto;
		}
		.battle-log {
			margin: 7px auto 0;
			max-width: 640px;
			height: 300px;
			position: static;
		}
	}
	.optgroup {
		display: inline-block;
		line-height: 22px;
		font-size: 10pt;
	}
	.optgroup .button {
		height: 25px;
		padding-top: 0;
		padding-bottom: 0;
	}
	.optgroup button.button {
		padding-left: 12px;
		padding-right: 12px;
	}
	.linklist {
		list-style: none;
		margin: 0.5em 0;
		padding: 0;
	}
	.linklist li {
		padding: 2px 0;
	}
	.sidebar {
		float: left;
		width: 320px;
	}
	.bar-wrapper {
		max-width: 1100px;
		margin: 0 auto;
	}
	.bar-wrapper.has-sidebar {
		max-width: 1430px;
	}
	.mainbar {
		margin: 0;
		padding-right: 1px;
	}
	.mainbar.has-sidebar {
		margin-left: 330px;
	}
	@media (min-width: 1511px) {
		.sidebar {
			width: 400px;
		}
		.bar-wrapper.has-sidebar {
			max-width: 1510px;
		}
		.mainbar.has-sidebar {
			margin-left: 410px;
		}
	}
	.section.first-section {
		margin-top: 9px;
	}
	.blocklink small {
		white-space: normal;
	}
	.button {
		vertical-align: middle;
	}
	.replay-controls {
		padding-top: 10px;
	}
	.replay-controls h1 {
		font-size: 16pt;
		font-weight: normal;
		color: #CCC;
	}
	.pagelink {
		text-align: center;
	}
	.pagelink a {
		width: 150px;
	}
	.textbox, .button {
		font-size: 11pt;
		vertical-align: middle;
	}
	@media (max-width: 450px) {
		.button {
			font-size: 9pt;
		}
	}
</style>

<div>

	<header>
		<div class="nav-wrapper"><ul class="nav">
			<li><a class="button nav-first" href="//pokemonshowdown.com/"><img src="//pokemonshowdown.com/images/pokemonshowdownbeta.png" srcset="//pokemonshowdown.com/images/pokemonshowdownbeta.png 1x, //pokemonshowdown.com/images/pokemonshowdownbeta@2x.png 2x" alt="Pok&eacute;mon Showdown" width="146" height="44" /> Home</a></li>
			<li><a class="button" href="//pokemonshowdown.com/dex/">Pok&eacute;dex</a></li>
			<li><a class="button cur" href="/">Replays</a></li>
			<li><a class="button" href="//pokemonshowdown.com/ladder/">Ladder</a></li>
			<li><a class="button nav-last" href="//pokemonshowdown.com/forums/">Forum</a></li>
			<li><a class="button greenbutton nav-first nav-last" href="//play.pokemonshowdown.com/">Play</a></li>
		</ul></div>
	</header>

	<div class="main" id="main">

		<noscript><section class="section">You need to enable JavaScript to use this page; sorry!</section></noscript>

	</div>

</div>

<script defer nomodule src="//play.pokemonshowdown.com/js/lib/ps-polyfill.js"></script>
<script defer src="//play.pokemonshowdown.com/js/lib/preact.min.js"></script>

<script defer src="//play.pokemonshowdown.com/config/config.js?2bddbc15"></script>
<script defer src="//play.pokemonshowdown.com/js/lib/jquery-1.11.0.min.js"></script>
<script defer src="//play.pokemonshowdown.com/js/lib/html-sanitizer-minified.js"></script>
<script defer src="//play.pokemonshowdown.com/js/battle-sound.js"></script>
<script defer src="//play.pokemonshowdown.com/js/battledata.js?0.7209276989879541"></script>
<script defer src="//play.pokemonshowdown.com/data/pokedex-mini.js?0.6111056340867951"></script>
<script defer src="//play.pokemonshowdown.com/data/pokedex-mini-bw.js?0.3532142036491459"></script>
<script defer src="//play.pokemonshowdown.com/data/graphics.js?0.24223875632456182"></script>
<script defer src="//play.pokemonshowdown.com/data/pokedex.js?0.38839984266356864"></script>
<script defer src="//play.pokemonshowdown.com/data/moves.js?0.21866028504024015"></script>
<script defer src="//play.pokemonshowdown.com/data/abilities.js?0.2005157953846628"></script>
<script defer src="//play.pokemonshowdown.com/data/items.js?0.9894211263848525"></script>
<script defer src="//play.pokemonshowdown.com/data/teambuilder-tables.js?0.6008791140282215"></script>
<script defer src="//play.pokemonshowdown.com/js/battle-tooltips.js?0.7580118955022959"></script>
<script defer src="//play.pokemonshowdown.com/js/battle.js?0.6057722274234274"></script>

<script defer src="js/utils.js?e31f9a17"></script>
<script defer src="js/replays-battle.js?7008c182"></script>

<!-- don't scrape this data! just add .json or .log after the URL!
Full API docs: https://github.com/smogon/pokemon-showdown-client/blob/master/WEB-API.md -->
<script type="text/plain" class="log" id="replaylog-smogtours-gen3ou-797654">
|inactive|Battle timer is ON: inactive players will automatically lose when time's up.
|t:|1728757149
|gametype|singles
|player|p1|TheLargestLad|kofu|
|player|p2|Spreek|101|
|teamsize|p1|6
|teamsize|p2|6
|gen|3
|tier|[Gen 3] OU
|rule|Sleep Clause Mod: Limit one foe put to sleep
|rule|Switch Priority Clause Mod: Faster Pokémon switch first
|rule|Species Clause: Limit one of each Pokémon
|rule|OHKO Clause: OHKO moves are banned
|rule|Evasion Items Clause: Evasion items are banned
|rule|Evasion Moves Clause: Evasion moves are banned
|rule|Endless Battle Clause: Forcing endless battles is banned
|rule|HP Percentage Mod: HP is shown in percentages
|rule|One Boost Passer Clause: Limit one Baton Passer that has a way to boost its stats
|rule|Freeze Clause Mod: Limit one foe frozen
|
|t:|1728757149
|start
|switch|p1a: SogDog|Suicune|100/100
|switch|p2a: Raikou|Raikou|100/100
|turn|1
|c|☆Spreek|hf
|inactive|Spreek has 270 seconds left.
|
|t:|1728757186
|switch|p1a: Onyon|Celebi|100/100
|move|p2a: Raikou|Calm Mind|p2a: Raikou
|-boost|p2a: Raikou|spa|1
|-boost|p2a: Raikou|spd|1
|
|upkeep
|turn|2
|
|t:|1728757214
|switch|p2a: Celebi|Celebi|100/100
|move|p1a: Onyon|Calm Mind|p1a: Onyon
|-boost|p1a: Onyon|spa|1
|-boost|p1a: Onyon|spd|1
|
|upkeep
|turn|3
|
|t:|1728757219
|move|p1a: Onyon|Hidden Power|p2a: Celebi
|-supereffective|p2a: Celebi
|-damage|p2a: Celebi|66/100
|move|p2a: Celebi|Perish Song|p2a: Celebi
|-start|p1a: Onyon|perish3|[silent]
|-start|p2a: Celebi|perish3|[silent]
|-fieldactivate|move: Perish Song
|
|-heal|p2a: Celebi|72/100|[from] item: Leftovers
|-start|p1a: Onyon|perish3
|-start|p2a: Celebi|perish3
|upkeep
|turn|4
|
|t:|1728757226
|move|p1a: Onyon|Baton Pass|p1a: Onyon
|
|t:|1728757228
|switch|p1a: Soil Enthusiast|Tyranitar, M|100/100|[from] Baton Pass
|-weather|Sandstorm|[from] ability: Sand Stream|[of] p1a: Soil Enthusiast
|move|p2a: Celebi|Recover|p2a: Celebi
|-heal|p2a: Celebi|100/100
|
|-weather|Sandstorm|[upkeep]
|-damage|p2a: Celebi|94/100|[from] Sandstorm
|-heal|p2a: Celebi|100/100|[from] item: Leftovers
|-start|p2a: Celebi|perish2
|-start|p1a: Soil Enthusiast|perish2
|upkeep
|turn|5
|
|t:|1728757250
|switch|p2a: Suicune|Suicune|100/100
|move|p1a: Soil Enthusiast|Hidden Power|p2a: Suicune
|-damage|p2a: Suicune|84/100
|
|-weather|Sandstorm|[upkeep]
|-damage|p2a: Suicune|78/100|[from] Sandstorm
|-heal|p2a: Suicune|84/100|[from] item: Leftovers
|-start|p1a: Soil Enthusiast|perish1
|upkeep
|turn|6
|
|t:|1728757264
|switch|p2a: Claydol|Claydol|100/100
|switch|p1a: SogDog|Suicune|100/100
|
|-weather|Sandstorm|[upkeep]
|-damage|p1a: SogDog|95/100|[from] Sandstorm
|-heal|p1a: SogDog|100/100|[from] item: Leftovers
|upkeep
|turn|7
|inactive|Spreek has 270 seconds left.
|
|t:|1728757311
|switch|p1a: Gamerchair|Swampert, F|100/100
|move|p2a: Claydol|Explosion|p1a: Gamerchair
|-damage|p1a: Gamerchair|0 fnt
|faint|p2a: Claydol
|faint|p1a: Gamerchair
|inactive|Spreek has 240 seconds left.
|
|t:|1728757333
|switch|p2a: Porygon2|Porygon2|100/100
|switch|p1a: Onyon|Celebi|100/100
|-ability|p2a: Porygon2|Natural Cure|[from] ability: Trace|[of] p1a: Onyon
|
|-weather|Sandstorm|[upkeep]
|-damage|p1a: Onyon|94/100|[from] Sandstorm
|-damage|p2a: Porygon2|94/100|[from] Sandstorm
|-heal|p1a: Onyon|100/100|[from] item: Leftovers
|-heal|p2a: Porygon2|100/100|[from] item: Leftovers
|upkeep
|turn|8
|inactive|Spreek has 240 seconds left.
|
|t:|1728757338
|switch|p2a: Celebi|Celebi|100/100
|move|p1a: Onyon|Calm Mind|p1a: Onyon
|-boost|p1a: Onyon|spa|1
|-boost|p1a: Onyon|spd|1
|
|-weather|Sandstorm|[upkeep]
|-damage|p1a: Onyon|94/100|[from] Sandstorm
|-damage|p2a: Celebi|94/100|[from] Sandstorm
|-heal|p1a: Onyon|100/100|[from] item: Leftovers
|-heal|p2a: Celebi|100/100|[from] item: Leftovers
|upkeep
|turn|9
|
|t:|1728757344
|move|p1a: Onyon|Hidden Power|p2a: Celebi
|-supereffective|p2a: Celebi
|-crit|p2a: Celebi
|-damage|p2a: Celebi|30/100
|move|p2a: Celebi|Perish Song|p2a: Celebi
|-start|p1a: Onyon|perish3|[silent]
|-start|p2a: Celebi|perish3|[silent]
|-fieldactivate|move: Perish Song
|
|-weather|Sandstorm|[upkeep]
|-damage|p1a: Onyon|94/100|[from] Sandstorm
|-damage|p2a: Celebi|24/100|[from] Sandstorm
|-heal|p1a: Onyon|100/100|[from] item: Leftovers
|-heal|p2a: Celebi|30/100|[from] item: Leftovers
|-start|p1a: Onyon|perish3
|-start|p2a: Celebi|perish3
|upkeep
|turn|10
|
|t:|1728757352
|switch|p2a: Jirachi|Jirachi|100/100
|move|p1a: Onyon|Psychic|p2a: Jirachi
|-resisted|p2a: Jirachi
|-damage|p2a: Jirachi|91/100
|-unboost|p2a: Jirachi|spd|1
|
|-weather|Sandstorm|[upkeep]
|-damage|p1a: Onyon|94/100|[from] Sandstorm
|-heal|p1a: Onyon|100/100|[from] item: Leftovers
|-heal|p2a: Jirachi|97/100|[from] item: Leftovers
|-start|p1a: Onyon|perish2
|upkeep
|turn|11
|
|t:|1728757356
|move|p1a: Onyon|Hidden Power|p2a: Jirachi
|-supereffective|p2a: Jirachi
|-damage|p2a: Jirachi|39/100
|move|p2a: Jirachi|Wish|p2a: Jirachi
|
|-weather|Sandstorm|[upkeep]
|-damage|p1a: Onyon|94/100|[from] Sandstorm
|-heal|p1a: Onyon|100/100|[from] item: Leftovers
|-heal|p2a: Jirachi|45/100|[from] item: Leftovers
|-start|p1a: Onyon|perish1
|upkeep
|turn|12
|inactive|Spreek has 270 seconds left.
|
|t:|1728757362
|switch|p1a: Starbaby|Jirachi|100/100
|switch|p2a: Celebi|Celebi|30/100
|
|-heal|p2a: Celebi|80/100|[from] move: Wish|[wisher] Jirachi
|-weather|Sandstorm|[upkeep]
|-damage|p2a: Celebi|74/100|[from] Sandstorm
|-heal|p2a: Celebi|80/100|[from] item: Leftovers
|upkeep
|turn|13
|
|t:|1728757369
|switch|p1a: The Zappening|Zapdos|100/100
|move|p2a: Celebi|Leech Seed|p1a: The Zappening|[miss]
|-miss|p2a: Celebi|p1a: The Zappening
|
|-weather|Sandstorm|[upkeep]
|-damage|p1a: The Zappening|94/100|[from] Sandstorm
|-damage|p2a: Celebi|74/100|[from] Sandstorm
|-heal|p1a: The Zappening|100/100|[from] item: Leftovers
|-heal|p2a: Celebi|80/100|[from] item: Leftovers
|upkeep
|turn|14
|
|t:|1728757381
|move|p1a: The Zappening|Toxic|p2a: Celebi
|-status|p2a: Celebi|tox
|move|p2a: Celebi|Leech Seed|p1a: The Zappening|[miss]
|-miss|p2a: Celebi|p1a: The Zappening
|
|-weather|Sandstorm|[upkeep]
|-damage|p1a: The Zappening|94/100|[from] Sandstorm
|-damage|p2a: Celebi|74/100 tox|[from] Sandstorm
|-heal|p1a: The Zappening|100/100|[from] item: Leftovers
|-heal|p2a: Celebi|80/100 tox|[from] item: Leftovers
|-damage|p2a: Celebi|74/100 tox|[from] psn
|upkeep
|turn|15
|inactive|Spreek has 270 seconds left.
|
|t:|1728757399
|move|p1a: The Zappening|Hidden Power|p2a: Celebi
|-supereffective|p2a: Celebi
|-damage|p2a: Celebi|37/100 tox
|move|p2a: Celebi|Leech Seed|p1a: The Zappening
|-start|p1a: The Zappening|move: Leech Seed
|
|-weather|Sandstorm|[upkeep]
|-damage|p1a: The Zappening|94/100|[from] Sandstorm
|-damage|p2a: Celebi|31/100 tox|[from] Sandstorm
|-heal|p1a: The Zappening|100/100|[from] item: Leftovers
|-damage|p1a: The Zappening|88/100|[from] Leech Seed|[of] p2a: Celebi
|-heal|p2a: Celebi|41/100 tox|[silent]
|-heal|p2a: Celebi|47/100 tox|[from] item: Leftovers
|-damage|p2a: Celebi|34/100 tox|[from] psn
|upkeep
|turn|16
|inactive|Spreek has 270 seconds left.
|
|t:|1728757412
|-curestatus|p2a: Celebi|tox|[from] ability: Natural Cure
|switch|p2a: Raikou|Raikou|100/100
|move|p1a: The Zappening|Hidden Power|p2a: Raikou
|-damage|p2a: Raikou|78/100
|
|-weather|Sandstorm|[upkeep]
|-damage|p2a: Raikou|72/100|[from] Sandstorm
|-damage|p1a: The Zappening|82/100|[from] Sandstorm
|-heal|p2a: Raikou|78/100|[from] item: Leftovers
|-heal|p1a: The Zappening|88/100|[from] item: Leftovers
|-damage|p1a: The Zappening|76/100|[from] Leech Seed|[of] p2a: Raikou
|-heal|p2a: Raikou|89/100|[silent]
|upkeep
|turn|17
|inactive|Spreek has 270 seconds left.
|
|t:|1728757423
|switch|p2a: Jirachi|Jirachi|45/100
|switch|p1a: Soil Enthusiast|Tyranitar, M|100/100
|
|-weather|Sandstorm|[upkeep]
|-heal|p2a: Jirachi|51/100|[from] item: Leftovers
|upkeep
|turn|18
|inactive|Spreek has 270 seconds left.
|
|t:|1728757435
|move|p2a: Jirachi|Protect|p2a: Jirachi
|-singleturn|p2a: Jirachi|Protect
|move|p1a: Soil Enthusiast|Earthquake|p2a: Jirachi
|-activate|p2a: Jirachi|Protect
|
|-weather|Sandstorm|[upkeep]
|-heal|p2a: Jirachi|57/100|[from] item: Leftovers
|upkeep
|turn|19
|inactive|Spreek has 270 seconds left.
|
|t:|1728757472
|-singleturn|p1a: Soil Enthusiast|move: Focus Punch
|switch|p2a: Suicune|Suicune|84/100
|move|p1a: Soil Enthusiast|Focus Punch|p2a: Suicune
|-damage|p2a: Suicune|49/100
|
|-weather|Sandstorm|[upkeep]
|-damage|p2a: Suicune|43/100|[from] Sandstorm
|-heal|p2a: Suicune|49/100|[from] item: Leftovers
|upkeep
|turn|20
|
|t:|1728757482
|switch|p1a: SogDog|Suicune|100/100
|move|p2a: Suicune|Rest|p2a: Suicune
|-status|p2a: Suicune|slp|[from] move: Rest
|-heal|p2a: Suicune|100/100 slp|[silent]
|
|-weather|Sandstorm|[upkeep]
|-damage|p1a: SogDog|95/100|[from] Sandstorm
|-damage|p2a: Suicune|94/100 slp|[from] Sandstorm
|-heal|p1a: SogDog|100/100|[from] item: Leftovers
|-heal|p2a: Suicune|100/100 slp|[from] item: Leftovers
|upkeep
|turn|21
|
|t:|1728757487
|switch|p2a: Raikou|Raikou|89/100
|move|p1a: SogDog|Calm Mind|p1a: SogDog
|-boost|p1a: SogDog|spa|1
|-boost|p1a: SogDog|spd|1
|
|-weather|Sandstorm|[upkeep]
|-damage|p2a: Raikou|83/100|[from] Sandstorm
|-damage|p1a: SogDog|95/100|[from] Sandstorm
|-heal|p2a: Raikou|89/100|[from] item: Leftovers
|-heal|p1a: SogDog|100/100|[from] item: Leftovers
|upkeep
|turn|22
|
|t:|1728757492
|move|p2a: Raikou|Thunderbolt|p1a: SogDog
|-supereffective|p1a: SogDog
|-damage|p1a: SogDog|61/100
|move|p1a: SogDog|Surf|p2a: Raikou
|-damage|p2a: Raikou|34/100
|
|-weather|Sandstorm|[upkeep]
|-damage|p2a: Raikou|28/100|[from] Sandstorm
|-damage|p1a: SogDog|55/100|[from] Sandstorm
|-heal|p2a: Raikou|34/100|[from] item: Leftovers
|-heal|p1a: SogDog|61/100|[from] item: Leftovers
|upkeep
|turn|23
|inactive|Spreek has 270 seconds left.
|
|t:|1728757524
|move|p2a: Raikou|Thunderbolt|p1a: SogDog
|-supereffective|p1a: SogDog
|-damage|p1a: SogDog|23/100
|move|p1a: SogDog|Surf|p2a: Raikou
|-damage|p2a: Raikou|0 fnt
|faint|p2a: Raikou
|
|t:|1728757528
|switch|p2a: Porygon2|Porygon2|100/100
|-ability|p2a: Porygon2|Pressure|[from] ability: Trace|[of] p1a: SogDog
|
|-weather|Sandstorm|[upkeep]
|-damage|p1a: SogDog|17/100|[from] Sandstorm
|-damage|p2a: Porygon2|94/100|[from] Sandstorm
|-heal|p1a: SogDog|23/100|[from] item: Leftovers
|-heal|p2a: Porygon2|100/100|[from] item: Leftovers
|upkeep
|turn|24
|
|t:|1728757539
|switch|p1a: Starbaby|Jirachi|100/100
|move|p2a: Porygon2|Thunderbolt|p1a: Starbaby
|-damage|p1a: Starbaby|81/100
|
|-weather|Sandstorm|[upkeep]
|-damage|p2a: Porygon2|94/100|[from] Sandstorm
|-heal|p1a: Starbaby|88/100|[from] item: Leftovers
|-heal|p2a: Porygon2|100/100|[from] item: Leftovers
|upkeep
|turn|25
|
|t:|1728757547
|switch|p2a: Jirachi|Jirachi|57/100
|move|p1a: Starbaby|Substitute|p1a: Starbaby
|-start|p1a: Starbaby|Substitute
|-damage|p1a: Starbaby|63/100
|
|-weather|Sandstorm|[upkeep]
|-heal|p1a: Starbaby|69/100|[from] item: Leftovers
|-heal|p2a: Jirachi|64/100|[from] item: Leftovers
|upkeep
|turn|26
|
|t:|1728757550
|move|p1a: Starbaby|Thunderbolt|p2a: Jirachi
|-damage|p2a: Jirachi|44/100
|-status|p2a: Jirachi|par
|cant|p2a: Jirachi|par
|
|-weather|Sandstorm|[upkeep]
|-heal|p1a: Starbaby|75/100|[from] item: Leftovers
|-heal|p2a: Jirachi|50/100 par|[from] item: Leftovers
|upkeep
|turn|27
|
|t:|1728757555
|move|p1a: Starbaby|Calm Mind|p1a: Starbaby
|-boost|p1a: Starbaby|spa|1
|-boost|p1a: Starbaby|spd|1
|move|p2a: Jirachi|Wish|p2a: Jirachi
|
|-weather|Sandstorm|[upkeep]
|-heal|p1a: Starbaby|81/100|[from] item: Leftovers
|-heal|p2a: Jirachi|56/100 par|[from] item: Leftovers
|upkeep
|turn|28
|
|t:|1728757559
|switch|p2a: Celebi|Celebi|34/100
|move|p1a: Starbaby|Thunderbolt|p2a: Celebi
|-resisted|p2a: Celebi
|-damage|p2a: Celebi|22/100
|-status|p2a: Celebi|par
|
|-heal|p2a: Celebi|72/100 par|[from] move: Wish|[wisher] Jirachi
|-weather|Sandstorm|[upkeep]
|-damage|p2a: Celebi|66/100 par|[from] Sandstorm
|-heal|p1a: Starbaby|87/100|[from] item: Leftovers
|-heal|p2a: Celebi|72/100 par|[from] item: Leftovers
|upkeep
|turn|29
|
|t:|1728757563
|switch|p1a: Soil Enthusiast|Tyranitar, M|100/100
|move|p2a: Celebi|Perish Song|p2a: Celebi
|-start|p1a: Soil Enthusiast|perish3|[silent]
|-start|p2a: Celebi|perish3|[silent]
|-fieldactivate|move: Perish Song
|
|-weather|Sandstorm|[upkeep]
|-damage|p2a: Celebi|66/100 par|[from] Sandstorm
|-heal|p2a: Celebi|72/100 par|[from] item: Leftovers
|-start|p1a: Soil Enthusiast|perish3
|-start|p2a: Celebi|perish3
|upkeep
|turn|30
|
|t:|1728757575
|move|p1a: Soil Enthusiast|Rock Slide|p2a: Celebi
|-damage|p2a: Celebi|39/100 par
|move|p2a: Celebi|Leech Seed|p1a: Soil Enthusiast
|-start|p1a: Soil Enthusiast|move: Leech Seed
|
|-weather|Sandstorm|[upkeep]
|-damage|p2a: Celebi|33/100 par|[from] Sandstorm
|-damage|p1a: Soil Enthusiast|88/100|[from] Leech Seed|[of] p2a: Celebi
|-heal|p2a: Celebi|46/100 par|[silent]
|-heal|p2a: Celebi|52/100 par|[from] item: Leftovers
|-start|p1a: Soil Enthusiast|perish2
|-start|p2a: Celebi|perish2
|upkeep
|turn|31
|
|t:|1728757582
|move|p1a: Soil Enthusiast|Rock Slide|p2a: Celebi
|-damage|p2a: Celebi|22/100 par
|move|p2a: Celebi|Heal Bell|p2a: Celebi
|-activate|p2a: Celebi|move: Heal Bell
|-curestatus|p2a: Celebi|par|[silent]
|-curestatus|p2: Jirachi|par|[silent]
|-curestatus|p2: Suicune|slp|[silent]
|
|-weather|Sandstorm|[upkeep]
|-damage|p2a: Celebi|16/100|[from] Sandstorm
|-heal|p2a: Celebi|22/100|[from] item: Leftovers
|-heal|p1a: Soil Enthusiast|94/100|[from] item: Leftovers
|-damage|p1a: Soil Enthusiast|82/100|[from] Leech Seed|[of] p2a: Celebi
|-heal|p2a: Celebi|34/100|[silent]
|-start|p2a: Celebi|perish1
|-start|p1a: Soil Enthusiast|perish1
|upkeep
|turn|32
|
|t:|1728757595
|switch|p2a: Jirachi|Jirachi|56/100
|switch|p1a: Onyon|Celebi|100/100
|
|-weather|Sandstorm|[upkeep]
|-damage|p1a: Onyon|94/100|[from] Sandstorm
|-heal|p1a: Onyon|100/100|[from] item: Leftovers
|-heal|p2a: Jirachi|62/100|[from] item: Leftovers
|upkeep
|turn|33
|
|t:|1728757600
|move|p1a: Onyon|Calm Mind|p1a: Onyon
|-boost|p1a: Onyon|spa|1
|-boost|p1a: Onyon|spd|1
|move|p2a: Jirachi|Wish|p2a: Jirachi
|
|-weather|Sandstorm|[upkeep]
|-damage|p1a: Onyon|94/100|[from] Sandstorm
|-heal|p1a: Onyon|100/100|[from] item: Leftovers
|-heal|p2a: Jirachi|69/100|[from] item: Leftovers
|upkeep
|turn|34
|
|t:|1728757604
|switch|p2a: Suicune|Suicune|100/100
|move|p1a: Onyon|Calm Mind|p1a: Onyon
|-boost|p1a: Onyon|spa|1
|-boost|p1a: Onyon|spd|1
|
|-weather|Sandstorm|[upkeep]
|-damage|p1a: Onyon|94/100|[from] Sandstorm
|-damage|p2a: Suicune|94/100|[from] Sandstorm
|-heal|p1a: Onyon|100/100|[from] item: Leftovers
|-heal|p2a: Suicune|100/100|[from] item: Leftovers
|upkeep
|turn|35
|
|t:|1728757606
|move|p1a: Onyon|Psychic|p2a: Suicune
|-damage|p2a: Suicune|55/100
|-unboost|p2a: Suicune|spd|1
|move|p2a: Suicune|Roar|p1a: Onyon
|drag|p1a: The Zappening|Zapdos|76/100
|
|-weather|Sandstorm|[upkeep]
|-damage|p1a: The Zappening|69/100|[from] Sandstorm
|-damage|p2a: Suicune|49/100|[from] Sandstorm
|-heal|p1a: The Zappening|76/100|[from] item: Leftovers
|-heal|p2a: Suicune|55/100|[from] item: Leftovers
|upkeep
|turn|36
|
|t:|1728757614
|switch|p2a: Porygon2|Porygon2|100/100
|-ability|p2a: Porygon2|Pressure|[from] ability: Trace|[of] p1a: The Zappening
|move|p1a: The Zappening|Thunderbolt|p2a: Porygon2
|-damage|p2a: Porygon2|54/100
|
|-weather|Sandstorm|[upkeep]
|-damage|p1a: The Zappening|69/100|[from] Sandstorm
|-damage|p2a: Porygon2|48/100|[from] Sandstorm
|-heal|p1a: The Zappening|76/100|[from] item: Leftovers
|-heal|p2a: Porygon2|54/100|[from] item: Leftovers
|upkeep
|turn|37
|
|t:|1728757625
|move|p1a: The Zappening|Baton Pass|p1a: The Zappening
|
|t:|1728757627
|switch|p1a: Soil Enthusiast|Tyranitar, M|82/100|[from] Baton Pass
|move|p2a: Porygon2|Recover|p2a: Porygon2
|-heal|p2a: Porygon2|100/100
|
|-weather|Sandstorm|[upkeep]
|-damage|p2a: Porygon2|94/100|[from] Sandstorm
|-heal|p1a: Soil Enthusiast|88/100|[from] item: Leftovers
|-heal|p2a: Porygon2|100/100|[from] item: Leftovers
|upkeep
|turn|38
|
|t:|1728757636
|move|p1a: Soil Enthusiast|Earthquake|p2a: Porygon2
|-damage|p2a: Porygon2|73/100
|move|p2a: Porygon2|Toxic|p1a: Soil Enthusiast
|-status|p1a: Soil Enthusiast|tox
|
|-weather|Sandstorm|[upkeep]
|-damage|p2a: Porygon2|67/100|[from] Sandstorm
|-heal|p1a: Soil Enthusiast|94/100 tox|[from] item: Leftovers
|-damage|p1a: Soil Enthusiast|88/100 tox|[from] psn
|-heal|p2a: Porygon2|73/100|[from] item: Leftovers
|upkeep
|turn|39
|
|t:|1728757641
|move|p1a: Soil Enthusiast|Rock Slide|p2a: Porygon2
|-damage|p2a: Porygon2|40/100
|move|p2a: Porygon2|Ice Beam|p1a: Soil Enthusiast
|-damage|p1a: Soil Enthusiast|67/100 tox
|
|-weather|Sandstorm|[upkeep]
|-damage|p2a: Porygon2|34/100|[from] Sandstorm
|-heal|p1a: Soil Enthusiast|74/100 tox|[from] item: Leftovers
|-damage|p1a: Soil Enthusiast|61/100 tox|[from] psn
|-heal|p2a: Porygon2|40/100|[from] item: Leftovers
|upkeep
|turn|40
|
|t:|1728757648
|move|p1a: Soil Enthusiast|Rock Slide|p2a: Porygon2
|-damage|p2a: Porygon2|8/100
|move|p2a: Porygon2|Ice Beam|p1a: Soil Enthusiast
|-crit|p1a: Soil Enthusiast
|-damage|p1a: Soil Enthusiast|26/100 tox
|
|-weather|Sandstorm|[upkeep]
|-damage|p2a: Porygon2|2/100|[from] Sandstorm
|-heal|p1a: Soil Enthusiast|32/100 tox|[from] item: Leftovers
|-damage|p1a: Soil Enthusiast|13/100 tox|[from] psn
|-heal|p2a: Porygon2|8/100|[from] item: Leftovers
|upkeep
|turn|41
|
|t:|1728757658
|move|p1a: Soil Enthusiast|Hidden Power|p2a: Porygon2
|-damage|p2a: Porygon2|0 fnt
|faint|p2a: Porygon2
|
|t:|1728757664
|switch|p2a: Jirachi|Jirachi|69/100
|
|-weather|Sandstorm|[upkeep]
|-heal|p2a: Jirachi|75/100|[from] item: Leftovers
|-heal|p1a: Soil Enthusiast|19/100 tox|[from] item: Leftovers
|-damage|p1a: Soil Enthusiast|0 fnt|[from] psn
|faint|p1a: Soil Enthusiast
|upkeep
|
|t:|1728757666
|switch|p1a: Onyon|Celebi|100/100
|turn|42
|
|t:|1728757674
|move|p1a: Onyon|Calm Mind|p1a: Onyon
|-boost|p1a: Onyon|spa|1
|-boost|p1a: Onyon|spd|1
|move|p2a: Jirachi|Wish|p2a: Jirachi
|
|-weather|Sandstorm|[upkeep]
|-damage|p1a: Onyon|94/100|[from] Sandstorm
|-heal|p1a: Onyon|100/100|[from] item: Leftovers
|-heal|p2a: Jirachi|81/100|[from] item: Leftovers
|upkeep
|turn|43
|
|t:|1728757679
|switch|p2a: Suicune|Suicune|55/100
|move|p1a: Onyon|Calm Mind|p1a: Onyon
|-boost|p1a: Onyon|spa|1
|-boost|p1a: Onyon|spd|1
|
|-heal|p2a: Suicune|100/100|[from] move: Wish|[wisher] Jirachi
|-weather|Sandstorm|[upkeep]
|-damage|p1a: Onyon|94/100|[from] Sandstorm
|-damage|p2a: Suicune|94/100|[from] Sandstorm
|-heal|p1a: Onyon|100/100|[from] item: Leftovers
|-heal|p2a: Suicune|100/100|[from] item: Leftovers
|upkeep
|turn|44
|
|t:|1728757681
|move|p1a: Onyon|Psychic|p2a: Suicune
|-damage|p2a: Suicune|51/100
|move|p2a: Suicune|Roar|p1a: Onyon
|drag|p1a: The Zappening|Zapdos|76/100
|
|-weather|Sandstorm|[upkeep]
|-damage|p1a: The Zappening|69/100|[from] Sandstorm
|-damage|p2a: Suicune|45/100|[from] Sandstorm
|-heal|p1a: The Zappening|76/100|[from] item: Leftovers
|-heal|p2a: Suicune|51/100|[from] item: Leftovers
|upkeep
|turn|45
|inactive|Spreek has 270 seconds left.
|inactive|Spreek has 240 seconds left.
|
|t:|1728757744
|switch|p2a: Celebi|Celebi|34/100
|move|p1a: The Zappening|Thunderbolt|p2a: Celebi
|-resisted|p2a: Celebi
|-damage|p2a: Celebi|16/100
|
|-weather|Sandstorm|[upkeep]
|-damage|p1a: The Zappening|69/100|[from] Sandstorm
|-damage|p2a: Celebi|10/100|[from] Sandstorm
|-heal|p1a: The Zappening|76/100|[from] item: Leftovers
|-heal|p2a: Celebi|16/100|[from] item: Leftovers
|upkeep
|turn|46
|
|t:|1728757749
|move|p1a: The Zappening|Hidden Power|p2a: Celebi
|-supereffective|p2a: Celebi
|-damage|p2a: Celebi|0 fnt
|faint|p2a: Celebi
|
|t:|1728757750
|switch|p2a: Jirachi|Jirachi|81/100
|
|-weather|Sandstorm|[upkeep]
|-damage|p1a: The Zappening|69/100|[from] Sandstorm
|-heal|p1a: The Zappening|76/100|[from] item: Leftovers
|-heal|p2a: Jirachi|87/100|[from] item: Leftovers
|upkeep
|turn|47
|
|t:|1728757764
|switch|p1a: Onyon|Celebi|100/100
|move|p2a: Jirachi|Fire Punch|p1a: Onyon
|-supereffective|p1a: Onyon
|-damage|p1a: Onyon|71/100
|
|-weather|Sandstorm|[upkeep]
|-damage|p1a: Onyon|65/100|[from] Sandstorm
|-heal|p1a: Onyon|71/100|[from] item: Leftovers
|-heal|p2a: Jirachi|93/100|[from] item: Leftovers
|upkeep
|turn|48
|
|t:|1728757773
|move|p1a: Onyon|Calm Mind|p1a: Onyon
|-boost|p1a: Onyon|spa|1
|-boost|p1a: Onyon|spd|1
|move|p2a: Jirachi|Toxic|p1a: Onyon
|-status|p1a: Onyon|tox
|
|-weather|Sandstorm|[upkeep]
|-damage|p1a: Onyon|65/100 tox|[from] Sandstorm
|-heal|p1a: Onyon|71/100 tox|[from] item: Leftovers
|-damage|p1a: Onyon|65/100 tox|[from] psn
|-heal|p2a: Jirachi|99/100|[from] item: Leftovers
|upkeep
|turn|49
|
|t:|1728757777
|move|p1a: Onyon|Calm Mind|p1a: Onyon
|-boost|p1a: Onyon|spa|1
|-boost|p1a: Onyon|spd|1
|move|p2a: Jirachi|Fire Punch|p1a: Onyon
|-supereffective|p1a: Onyon
|-damage|p1a: Onyon|50/100 tox
|
|-weather|Sandstorm|[upkeep]
|-damage|p1a: Onyon|43/100 tox|[from] Sandstorm
|-heal|p1a: Onyon|50/100 tox|[from] item: Leftovers
|-damage|p1a: Onyon|37/100 tox|[from] psn
|-heal|p2a: Jirachi|100/100|[from] item: Leftovers
|upkeep
|turn|50
|
|t:|1728757784
|move|p1a: Onyon|Baton Pass|p1a: Onyon
|
|t:|1728757786
|-curestatus|p1a: Onyon|tox|[from] ability: Natural Cure
|switch|p1a: Starbaby|Jirachi|87/100|[from] Baton Pass
|move|p2a: Jirachi|Fire Punch|p1a: Starbaby
|-supereffective|p1a: Starbaby
|-damage|p1a: Starbaby|72/100
|
|-weather|Sandstorm|[upkeep]
|-heal|p1a: Starbaby|78/100|[from] item: Leftovers
|upkeep
|turn|51
|inactive|Spreek has 270 seconds left.
|inactive|Spreek has 240 seconds left.
|
|t:|1728757854
|move|p1a: Starbaby|Substitute|p1a: Starbaby
|-start|p1a: Starbaby|Substitute
|-damage|p1a: Starbaby|53/100
|move|p2a: Jirachi|Fire Punch|p1a: Starbaby
|-supereffective|p1a: Starbaby
|-activate|p1a: Starbaby|Substitute|[damage]
|
|-weather|Sandstorm|[upkeep]
|-heal|p1a: Starbaby|59/100|[from] item: Leftovers
|upkeep
|turn|52
|
|t:|1728757857
|move|p1a: Starbaby|Calm Mind|p1a: Starbaby
|-boost|p1a: Starbaby|spa|1
|-boost|p1a: Starbaby|spd|1
|move|p2a: Jirachi|Fire Punch|p1a: Starbaby
|-supereffective|p1a: Starbaby
|-end|p1a: Starbaby|Substitute
|
|-weather|Sandstorm|[upkeep]
|-heal|p1a: Starbaby|66/100|[from] item: Leftovers
|upkeep
|turn|53
|
|t:|1728757859
|move|p1a: Starbaby|Substitute|p1a: Starbaby
|-start|p1a: Starbaby|Substitute
|-damage|p1a: Starbaby|41/100
|move|p2a: Jirachi|Fire Punch|p1a: Starbaby
|-supereffective|p1a: Starbaby
|-activate|p1a: Starbaby|Substitute|[damage]
|
|-weather|Sandstorm|[upkeep]
|-heal|p1a: Starbaby|47/100|[from] item: Leftovers
|upkeep
|turn|54
|
|t:|1728757860
|move|p1a: Starbaby|Thunderbolt|p2a: Jirachi
|-damage|p2a: Jirachi|50/100
|move|p2a: Jirachi|Fire Punch|p1a: Starbaby
|-supereffective|p1a: Starbaby
|-end|p1a: Starbaby|Substitute
|
|-weather|Sandstorm|[upkeep]
|-heal|p1a: Starbaby|53/100|[from] item: Leftovers
|-heal|p2a: Jirachi|56/100|[from] item: Leftovers
|upkeep
|turn|55
|
|t:|1728757866
|move|p1a: Starbaby|Substitute|p1a: Starbaby
|-start|p1a: Starbaby|Substitute
|-damage|p1a: Starbaby|28/100
|move|p2a: Jirachi|Fire Punch|p1a: Starbaby
|-supereffective|p1a: Starbaby
|-activate|p1a: Starbaby|Substitute|[damage]
|
|-weather|Sandstorm|[upkeep]
|-heal|p1a: Starbaby|34/100|[from] item: Leftovers
|-heal|p2a: Jirachi|62/100|[from] item: Leftovers
|upkeep
|turn|56
|
|t:|1728757870
|move|p1a: Starbaby|Thunderbolt|p2a: Jirachi
|-damage|p2a: Jirachi|15/100
|move|p2a: Jirachi|Fire Punch|p1a: Starbaby
|-supereffective|p1a: Starbaby
|-activate|p1a: Starbaby|Substitute|[damage]
|
|-weather|Sandstorm|[upkeep]
|-heal|p1a: Starbaby|40/100|[from] item: Leftovers
|-heal|p2a: Jirachi|21/100|[from] item: Leftovers
|upkeep
|turn|57
|
|t:|1728757878
|move|p1a: Starbaby|Thunderbolt|p2a: Jirachi
|-damage|p2a: Jirachi|0 fnt
|faint|p2a: Jirachi
|
|t:|1728757879
|switch|p2a: Suicune|Suicune|51/100
|
|-weather|Sandstorm|[upkeep]
|-damage|p2a: Suicune|45/100|[from] Sandstorm
|-heal|p1a: Starbaby|47/100|[from] item: Leftovers
|-heal|p2a: Suicune|51/100|[from] item: Leftovers
|upkeep
|turn|58
|c|☆Spreek|ggs
|
|t:|1728757886
|move|p1a: Starbaby|Thunderbolt|p2a: Suicune
|-supereffective|p2a: Suicune
|-damage|p2a: Suicune|0 fnt
|faint|p2a: Suicune
|
|win|TheLargestLad
|c|☆TheLargestLad|ggs
|player|p2|

</script>
<script type="application/json" class="data" id="replaydata-smogtours-gen3ou-797654">
{"id":"smogtours-gen3ou-797654","format":"[Gen 3] OU","players":["TheLargestLad","Spreek"],"uploadtime":1728757886,"views":110,"formatid":"gen3ou","rating":null,"private":0,"password":null}
</script>

<script defer src="js/replays.js?9d40a366"></script>
