<!DOCTYPE html>
<meta charset="utf-8" />
<meta name="viewport" content="width=device-width" />

<title>[Gen 3] OU: halux vs. Hexmoonie - Replays - Pok&eacute;mon Showdown!</title>

<meta name="description" content="Watch a replay of a Pok&eacute;mon battle between halux and Hexmoonie! Format: [Gen 3] OU; Date: Oct 9, 2024" />
<!--

Hey, you! Looking in the source for the replay log?

You can find them in JSON format, just add `.json` at the end of a replay URL.

https://replay.pokemonshowdown.com/gen7randomdoublesbattle-865046831.json

Or, if you only need the log itself, add `.log` instead:

https://replay.pokemonshowdown.com/gen7randomdoublesbattle-865046831.log

-->

<link rel="stylesheet" href="//pokemonshowdown.com/style/global.css?0.023195364461161105" />
<link rel="stylesheet" href="//play.pokemonshowdown.com/style/font-awesome.css?0.13261647063804238" />
<link rel="stylesheet" href="//play.pokemonshowdown.com/style/battle.css?0.8753245789963631" />
<link rel="stylesheet" href="//play.pokemonshowdown.com/style/utilichart.css?0.8627959624976733" />

<!-- Global site tag (gtag.js) - Google Analytics -->
<script async src="https://www.googletagmanager.com/gtag/js?id=UA-26211653-1"></script>
<script>
  window.dataLayer = window.dataLayer || [];
  function gtag(){dataLayer.push(arguments);}
  gtag('js', new Date());

  gtag('config', 'UA-26211653-1');
</script>
<!-- End Google Analytics -->
<!-- Venatus Ad Manager - Install in <HEAD> of page -->
	<script src="https://hb.vntsm.com/v3/live/ad-manager.min.js" type="text/javascript" data-site-id="642aba63ec9a7b11c3c9c1be" data-mode="scan" async></script>
<!-- / Venatus Ad Manager -->

<style>
	@media (max-width:820px) {
		.battle {
			margin: 0 auto;
		}
		.battle-log {
			margin: 7px auto 0;
			max-width: 640px;
			height: 300px;
			position: static;
		}
	}
	.optgroup {
		display: inline-block;
		line-height: 22px;
		font-size: 10pt;
	}
	.optgroup .button {
		height: 25px;
		padding-top: 0;
		padding-bottom: 0;
	}
	.optgroup button.button {
		padding-left: 12px;
		padding-right: 12px;
	}
	.linklist {
		list-style: none;
		margin: 0.5em 0;
		padding: 0;
	}
	.linklist li {
		padding: 2px 0;
	}
	.sidebar {
		float: left;
		width: 320px;
	}
	.bar-wrapper {
		max-width: 1100px;
		margin: 0 auto;
	}
	.bar-wrapper.has-sidebar {
		max-width: 1430px;
	}
	.mainbar {
		margin: 0;
		padding-right: 1px;
	}
	.mainbar.has-sidebar {
		margin-left: 330px;
	}
	@media (min-width: 1511px) {
		.sidebar {
			width: 400px;
		}
		.bar-wrapper.has-sidebar {
			max-width: 1510px;
		}
		.mainbar.has-sidebar {
			margin-left: 410px;
		}
	}
	.section.first-section {
		margin-top: 9px;
	}
	.blocklink small {
		white-space: normal;
	}
	.button {
		vertical-align: middle;
	}
	.replay-controls {
		padding-top: 10px;
	}
	.replay-controls h1 {
		font-size: 16pt;
		font-weight: normal;
		color: #CCC;
	}
	.pagelink {
		text-align: center;
	}
	.pagelink a {
		width: 150px;
	}
	.textbox, .button {
		font-size: 11pt;
		vertical-align: middle;
	}
	@media (max-width: 450px) {
		.button {
			font-size: 9pt;
		}
	}
</style>

<div>

	<header>
		<div class="nav-wrapper"><ul class="nav">
			<li><a class="button nav-first" href="//pokemonshowdown.com/"><img src="//pokemonshowdown.com/images/pokemonshowdownbeta.png" srcset="//pokemonshowdown.com/images/pokemonshowdownbeta.png 1x, //pokemonshowdown.com/images/pokemonshowdownbeta@2x.png 2x" alt="Pok&eacute;mon Showdown" width="146" height="44" /> Home</a></li>
			<li><a class="button" href="//pokemonshowdown.com/dex/">Pok&eacute;dex</a></li>
			<li><a class="button cur" href="/">Replays</a></li>
			<li><a class="button" href="//pokemonshowdown.com/ladder/">Ladder</a></li>
			<li><a class="button nav-last" href="//pokemonshowdown.com/forums/">Forum</a></li>
			<li><a class="button greenbutton nav-first nav-last" href="//play.pokemonshowdown.com/">Play</a></li>
		</ul></div>
	</header>

	<div class="main" id="main">

		<noscript><section class="section">You need to enable JavaScript to use this page; sorry!</section></noscript>

	</div>

</div>

<script defer nomodule src="//play.pokemonshowdown.com/js/lib/ps-polyfill.js"></script>
<script defer src="//play.pokemonshowdown.com/js/lib/preact.min.js"></script>

<script defer src="//play.pokemonshowdown.com/config/config.js?2bddbc15"></script>
<script defer src="//play.pokemonshowdown.com/js/lib/jquery-1.11.0.min.js"></script>
<script defer src="//play.pokemonshowdown.com/js/lib/html-sanitizer-minified.js"></script>
<script defer src="//play.pokemonshowdown.com/js/battle-sound.js"></script>
<script defer src="//play.pokemonshowdown.com/js/battledata.js?0.7209276989879541"></script>
<script defer src="//play.pokemonshowdown.com/data/pokedex-mini.js?0.6111056340867951"></script>
<script defer src="//play.pokemonshowdown.com/data/pokedex-mini-bw.js?0.3532142036491459"></script>
<script defer src="//play.pokemonshowdown.com/data/graphics.js?0.24223875632456182"></script>
<script defer src="//play.pokemonshowdown.com/data/pokedex.js?0.38839984266356864"></script>
<script defer src="//play.pokemonshowdown.com/data/moves.js?0.21866028504024015"></script>
<script defer src="//play.pokemonshowdown.com/data/abilities.js?0.2005157953846628"></script>
<script defer src="//play.pokemonshowdown.com/data/items.js?0.9894211263848525"></script>
<script defer src="//play.pokemonshowdown.com/data/teambuilder-tables.js?0.6008791140282215"></script>
<script defer src="//play.pokemonshowdown.com/js/battle-tooltips.js?0.7580118955022959"></script>
<script defer src="//play.pokemonshowdown.com/js/battle.js?0.6057722274234274"></script>

<script defer src="js/utils.js?e31f9a17"></script>
<script defer src="js/replays-battle.js?7008c182"></script>

<!-- don't scrape this data! just add .json or .log after the URL!
Full API docs: https://github.com/smogon/pokemon-showdown-client/blob/master/WEB-API.md -->
<script type="text/plain" class="log" id="replaylog-smogtours-gen3ou-796772">
|inactive|Battle timer is ON: inactive players will automatically lose when time's up.
|t:|1728509190
|gametype|singles
|player|p1|halux|wattson|
|player|p2|Hexmoonie|170|
|teamsize|p1|6
|teamsize|p2|6
|gen|3
|tier|[Gen 3] OU
|rule|Sleep Clause Mod: Limit one foe put to sleep
|rule|Switch Priority Clause Mod: Faster Pokémon switch first
|rule|Species Clause: Limit one of each Pokémon
|rule|OHKO Clause: OHKO moves are banned
|rule|Evasion Items Clause: Evasion items are banned
|rule|Evasion Moves Clause: Evasion moves are banned
|rule|Endless Battle Clause: Forcing endless battles is banned
|rule|HP Percentage Mod: HP is shown in percentages
|rule|One Boost Passer Clause: Limit one Baton Passer that has a way to boost its stats
|rule|Freeze Clause Mod: Limit one foe frozen
|
|t:|1728509190
|start
|switch|p1a: Zapdos|Zapdos|100/100
|switch|p2a: Skarmory|Skarmory, M|100/100
|turn|1
|
|t:|1728509205
|move|p1a: Zapdos|Thunderbolt|p2a: Skarmory
|-supereffective|p2a: Skarmory
|-damage|p2a: Skarmory|25/100
|move|p2a: Skarmory|Spikes|p1a: Zapdos
|-sidestart|p1: halux|Spikes
|
|-heal|p2a: Skarmory|31/100|[from] item: Leftovers
|upkeep
|turn|2
|
|t:|1728509213
|move|p2a: Skarmory|Protect|p2a: Skarmory
|-singleturn|p2a: Skarmory|Protect
|move|p1a: Zapdos|Thunderbolt|p2a: Skarmory
|-activate|p2a: Skarmory|Protect
|
|-heal|p2a: Skarmory|37/100|[from] item: Leftovers
|upkeep
|turn|3
|
|t:|1728509223
|switch|p2a: Jolteon|Jolteon, F|100/100
|move|p1a: Zapdos|Hidden Power|p2a: Jolteon
|-damage|p2a: Jolteon|75/100
|
|-heal|p2a: Jolteon|82/100|[from] item: Leftovers
|upkeep
|turn|4
|
|t:|1728509233
|switch|p1a: Blissey|Blissey, F|100/100
|-damage|p1a: Blissey|88/100|[from] Spikes
|move|p2a: Jolteon|Roar|p1a: Blissey
|drag|p1a: Forretress|Forretress, M|100/100
|-damage|p1a: Forretress|88/100|[from] Spikes
|
|-heal|p2a: Jolteon|88/100|[from] item: Leftovers
|-heal|p1a: Forretress|94/100|[from] item: Leftovers
|upkeep
|turn|5
|
|t:|1728509244
|move|p2a: Jolteon|Baton Pass|p2a: Jolteon
|
|t:|1728509250
|switch|p2a: Skarmory|Skarmory, M|37/100|[from] Baton Pass
|move|p1a: Forretress|Spikes|p2a: Skarmory
|-sidestart|p2: Hexmoonie|Spikes
|
|-heal|p2a: Skarmory|43/100|[from] item: Leftovers
|-heal|p1a: Forretress|100/100|[from] item: Leftovers
|upkeep
|turn|6
|
|t:|1728509260
|switch|p1a: Zapdos|Zapdos|100/100
|move|p2a: Skarmory|Spikes|p1a: Zapdos
|-sidestart|p1: halux|Spikes
|
|-heal|p2a: Skarmory|49/100|[from] item: Leftovers
|upkeep
|turn|7
|
|t:|1728509272
|move|p2a: Skarmory|Protect|p2a: Skarmory
|-singleturn|p2a: Skarmory|Protect
|move|p1a: Zapdos|Thunderbolt|p2a: Skarmory
|-activate|p2a: Skarmory|Protect
|
|-heal|p2a: Skarmory|55/100|[from] item: Leftovers
|upkeep
|turn|8
|
|t:|1728509286
|switch|p2a: Jolteon|Jolteon, F|88/100
|-damage|p2a: Jolteon|75/100|[from] Spikes
|move|p1a: Zapdos|Hidden Power|p2a: Jolteon
|-damage|p2a: Jolteon|52/100
|
|-heal|p2a: Jolteon|58/100|[from] item: Leftovers
|upkeep
|turn|9
|
|t:|1728509302
|move|p2a: Jolteon|Thunderbolt|p1a: Zapdos
|-damage|p1a: Zapdos|71/100
|move|p1a: Zapdos|Hidden Power|p2a: Jolteon
|-damage|p2a: Jolteon|33/100
|
|-heal|p2a: Jolteon|39/100|[from] item: Leftovers
|-heal|p1a: Zapdos|77/100|[from] item: Leftovers
|upkeep
|turn|10
|
|t:|1728509312
|switch|p1a: Blissey|Blissey, F|88/100
|-damage|p1a: Blissey|72/100|[from] Spikes
|move|p2a: Jolteon|Roar|p1a: Blissey
|drag|p1a: Zapdos|Zapdos|77/100
|
|-heal|p2a: Jolteon|46/100|[from] item: Leftovers
|-heal|p1a: Zapdos|83/100|[from] item: Leftovers
|upkeep
|turn|11
|
|t:|1728509323
|switch|p1a: Blissey|Blissey, F|72/100
|-damage|p1a: Blissey|55/100|[from] Spikes
|move|p2a: Jolteon|Hidden Power|p1a: Blissey
|-damage|p1a: Blissey|48/100
|
|-heal|p2a: Jolteon|52/100|[from] item: Leftovers
|-heal|p1a: Blissey|54/100|[from] item: Leftovers
|upkeep
|turn|12
|
|t:|1728509332
|move|p1a: Blissey|Soft-Boiled|p1a: Blissey
|-heal|p1a: Blissey|100/100
|move|p2a: Jolteon|Roar|p1a: Blissey
|drag|p1a: Zapdos|Zapdos|83/100
|
|-heal|p2a: Jolteon|58/100|[from] item: Leftovers
|-heal|p1a: Zapdos|89/100|[from] item: Leftovers
|upkeep
|turn|13
|
|t:|1728509341
|move|p2a: Jolteon|Hidden Power|p1a: Zapdos
|-supereffective|p1a: Zapdos
|-damage|p1a: Zapdos|62/100
|move|p1a: Zapdos|Hidden Power|p2a: Jolteon
|-damage|p2a: Jolteon|35/100
|
|-heal|p2a: Jolteon|42/100|[from] item: Leftovers
|-heal|p1a: Zapdos|69/100|[from] item: Leftovers
|upkeep
|turn|14
|
|t:|1728509356
|switch|p1a: Blissey|Blissey, F|100/100
|-damage|p1a: Blissey|84/100|[from] Spikes
|move|p2a: Jolteon|Baton Pass|p2a: Jolteon
|
|t:|1728509381
|switch|p2a: Skarmory|Skarmory, M|55/100|[from] Baton Pass
|
|-heal|p2a: Skarmory|61/100|[from] item: Leftovers
|-heal|p1a: Blissey|90/100|[from] item: Leftovers
|upkeep
|turn|15
|
|t:|1728509394
|switch|p1a: Forretress|Forretress, M|100/100
|-damage|p1a: Forretress|84/100|[from] Spikes
|move|p2a: Skarmory|Roar|p1a: Forretress
|drag|p1a: Aerodactyl|Aerodactyl, F|100/100
|
|-heal|p2a: Skarmory|67/100|[from] item: Leftovers
|upkeep
|turn|16
|
|t:|1728509407
|switch|p1a: Forretress|Forretress, M|84/100
|-damage|p1a: Forretress|68/100|[from] Spikes
|move|p2a: Skarmory|Toxic|p1a: Forretress
|-immune|p1a: Forretress
|
|-heal|p2a: Skarmory|73/100|[from] item: Leftovers
|-heal|p1a: Forretress|74/100|[from] item: Leftovers
|upkeep
|turn|17
|
|t:|1728509416
|switch|p2a: Gengar|Gengar, M|100/100
|move|p1a: Forretress|Rapid Spin|p2a: Gengar
|-immune|p2a: Gengar
|
|-heal|p1a: Forretress|80/100|[from] item: Leftovers
|upkeep
|turn|18
|
|t:|1728509427
|switch|p1a: Zapdos|Zapdos|69/100
|move|p2a: Gengar|Fire Punch|p1a: Zapdos
|-damage|p1a: Zapdos|49/100
|
|-heal|p1a: Zapdos|55/100|[from] item: Leftovers
|upkeep
|turn|19
|
|t:|1728509441
|switch|p2a: Jolteon|Jolteon, F|42/100
|-damage|p2a: Jolteon|29/100|[from] Spikes
|switch|p1a: Tyranitar|Tyranitar, F|100/100
|-damage|p1a: Tyranitar|84/100|[from] Spikes
|-weather|Sandstorm|[from] ability: Sand Stream|[of] p1a: Tyranitar
|
|-weather|Sandstorm|[upkeep]
|-damage|p2a: Jolteon|23/100|[from] Sandstorm
|-heal|p2a: Jolteon|29/100|[from] item: Leftovers
|-heal|p1a: Tyranitar|90/100|[from] item: Leftovers
|upkeep
|turn|20
|inactive|Hexmoonie has 270 seconds left.
|
|t:|1728509474
|switch|p1a: Blissey|Blissey, F|90/100
|-damage|p1a: Blissey|74/100|[from] Spikes
|move|p2a: Jolteon|Baton Pass|p2a: Jolteon
|
|t:|1728509481
|switch|p2a: Skarmory|Skarmory, M|73/100|[from] Baton Pass
|
|-weather|Sandstorm|[upkeep]
|-damage|p1a: Blissey|67/100|[from] Sandstorm
|-heal|p2a: Skarmory|79/100|[from] item: Leftovers
|-heal|p1a: Blissey|74/100|[from] item: Leftovers
|upkeep
|turn|21
|
|t:|1728509489
|move|p2a: Skarmory|Spikes|p1a: Blissey
|-sidestart|p1: halux|Spikes
|move|p1a: Blissey|Wish|p1a: Blissey
|
|-weather|Sandstorm|[upkeep]
|-damage|p1a: Blissey|67/100|[from] Sandstorm
|-heal|p2a: Skarmory|85/100|[from] item: Leftovers
|-heal|p1a: Blissey|74/100|[from] item: Leftovers
|upkeep
|turn|22
|
|t:|1728509497
|move|p1a: Blissey|Thunder Wave|p2a: Skarmory
|-status|p2a: Skarmory|par
|move|p2a: Skarmory|Roar|p1a: Blissey
|drag|p1a: Swampert|Swampert, M|100/100
|-damage|p1a: Swampert|76/100|[from] Spikes
|
|-heal|p1a: Swampert|100/100|[from] move: Wish|[wisher] Blissey
|-weather|Sandstorm|[upkeep]
|-heal|p2a: Skarmory|91/100 par|[from] item: Leftovers
|upkeep
|turn|23
|
|t:|1728509508
|switch|p1a: Blissey|Blissey, F|74/100
|-damage|p1a: Blissey|49/100|[from] Spikes
|move|p2a: Skarmory|Toxic|p1a: Blissey|[miss]
|-miss|p2a: Skarmory|p1a: Blissey
|
|-weather|Sandstorm|[upkeep]
|-damage|p1a: Blissey|42/100|[from] Sandstorm
|-heal|p1a: Blissey|49/100|[from] item: Leftovers
|-heal|p2a: Skarmory|97/100 par|[from] item: Leftovers
|upkeep
|turn|24
|
|t:|1728509517
|move|p1a: Blissey|Soft-Boiled|p1a: Blissey
|-heal|p1a: Blissey|99/100
|move|p2a: Skarmory|Roar|p1a: Blissey
|drag|p1a: Swampert|Swampert, M|100/100
|-damage|p1a: Swampert|76/100|[from] Spikes
|
|-weather|Sandstorm|[upkeep]
|-heal|p1a: Swampert|82/100|[from] item: Leftovers
|-heal|p2a: Skarmory|100/100 par|[from] item: Leftovers
|upkeep
|turn|25
|
|t:|1728509527
|move|p1a: Swampert|Protect|p1a: Swampert
|-singleturn|p1a: Swampert|Protect
|cant|p2a: Skarmory|par
|
|-weather|Sandstorm|[upkeep]
|-heal|p1a: Swampert|88/100|[from] item: Leftovers
|upkeep
|turn|26
|
|t:|1728509538
|switch|p1a: Blissey|Blissey, F|99/100
|-damage|p1a: Blissey|74/100|[from] Spikes
|switch|p2a: Starmie|Starmie|100/100
|-damage|p2a: Starmie|88/100|[from] Spikes
|
|-weather|Sandstorm|[upkeep]
|-damage|p2a: Starmie|82/100|[from] Sandstorm
|-damage|p1a: Blissey|67/100|[from] Sandstorm
|-heal|p2a: Starmie|88/100|[from] item: Leftovers
|-heal|p1a: Blissey|74/100|[from] item: Leftovers
|upkeep
|turn|27
|
|t:|1728509547
|move|p2a: Starmie|Rapid Spin|p1a: Blissey
|-damage|p1a: Blissey|71/100
|-sideend|p2: Hexmoonie|Spikes|[from] move: Rapid Spin|[of] p2a: Starmie
|move|p1a: Blissey|Wish|p1a: Blissey
|
|-weather|Sandstorm|[upkeep]
|-damage|p2a: Starmie|82/100|[from] Sandstorm
|-damage|p1a: Blissey|65/100|[from] Sandstorm
|-heal|p2a: Starmie|88/100|[from] item: Leftovers
|-heal|p1a: Blissey|71/100|[from] item: Leftovers
|upkeep
|turn|28
|
|t:|1728509560
|switch|p1a: Forretress|Forretress, M|80/100
|-damage|p1a: Forretress|55/100|[from] Spikes
|move|p2a: Starmie|Hydro Pump|p1a: Forretress
|-damage|p1a: Forretress|8/100
|
|-heal|p1a: Forretress|58/100|[from] move: Wish|[wisher] Blissey
|-weather|Sandstorm|[upkeep]
|-damage|p2a: Starmie|82/100|[from] Sandstorm
|-heal|p2a: Starmie|88/100|[from] item: Leftovers
|-heal|p1a: Forretress|65/100|[from] item: Leftovers
|upkeep
|turn|29
|
|t:|1728509574
|switch|p2a: Gengar|Gengar, M|100/100
|move|p1a: Forretress|Rapid Spin|p2a: Gengar
|-immune|p2a: Gengar
|
|-weather|Sandstorm|[upkeep]
|-damage|p2a: Gengar|94/100|[from] Sandstorm
|-heal|p2a: Gengar|100/100|[from] item: Leftovers
|-heal|p1a: Forretress|71/100|[from] item: Leftovers
|upkeep
|turn|30
|
|t:|1728509583
|move|p2a: Gengar|Thunderbolt|p1a: Forretress
|-damage|p1a: Forretress|36/100
|move|p1a: Forretress|Rapid Spin|p2a: Gengar
|-immune|p2a: Gengar
|
|-weather|Sandstorm|[upkeep]
|-damage|p2a: Gengar|94/100|[from] Sandstorm
|-heal|p2a: Gengar|100/100|[from] item: Leftovers
|-heal|p1a: Forretress|43/100|[from] item: Leftovers
|upkeep
|turn|31
|
|t:|1728509602
|move|p2a: Gengar|Fire Punch|p1a: Forretress
|-supereffective|p1a: Forretress
|-damage|p1a: Forretress|0 fnt
|faint|p1a: Forretress
|
|t:|1728509604
|switch|p1a: Tyranitar|Tyranitar, F|90/100
|-damage|p1a: Tyranitar|65/100|[from] Spikes
|
|-weather|Sandstorm|[upkeep]
|-damage|p2a: Gengar|94/100|[from] Sandstorm
|-heal|p2a: Gengar|100/100|[from] item: Leftovers
|-heal|p1a: Tyranitar|71/100|[from] item: Leftovers
|upkeep
|turn|32
|
|t:|1728509616
|move|p2a: Gengar|Hidden Power|p1a: Tyranitar
|-supereffective|p1a: Tyranitar
|-damage|p1a: Tyranitar|29/100
|move|p1a: Tyranitar|Pursuit|p2a: Gengar
|-supereffective|p2a: Gengar
|-damage|p2a: Gengar|43/100
|
|-weather|Sandstorm|[upkeep]
|-damage|p2a: Gengar|37/100|[from] Sandstorm
|-heal|p2a: Gengar|43/100|[from] item: Leftovers
|-heal|p1a: Tyranitar|36/100|[from] item: Leftovers
|upkeep
|turn|33
|
|t:|1728509626
|move|p2a: Gengar|Hidden Power|p1a: Tyranitar
|-supereffective|p1a: Tyranitar
|-damage|p1a: Tyranitar|0 fnt
|faint|p1a: Tyranitar
|
|t:|1728509631
|switch|p1a: Aerodactyl|Aerodactyl, F|100/100
|
|-weather|Sandstorm|[upkeep]
|-damage|p2a: Gengar|37/100|[from] Sandstorm
|-heal|p2a: Gengar|43/100|[from] item: Leftovers
|upkeep
|turn|34
|
|t:|1728509648
|switch|p2a: Skarmory|Skarmory, M|100/100 par
|move|p1a: Aerodactyl|Double-Edge|p2a: Skarmory
|-resisted|p2a: Skarmory
|-damage|p2a: Skarmory|81/100 par
|
|-weather|Sandstorm|[upkeep]
|-heal|p2a: Skarmory|87/100 par|[from] item: Leftovers
|upkeep
|turn|35
|
|t:|1728509656
|switch|p1a: Zapdos|Zapdos|55/100
|move|p2a: Skarmory|Toxic|p1a: Zapdos
|-status|p1a: Zapdos|tox
|
|-weather|Sandstorm|[upkeep]
|-damage|p1a: Zapdos|49/100 tox|[from] Sandstorm
|-heal|p1a: Zapdos|55/100 tox|[from] item: Leftovers
|-damage|p1a: Zapdos|49/100 tox|[from] psn
|-heal|p2a: Skarmory|93/100 par|[from] item: Leftovers
|upkeep
|turn|36
|
|t:|1728509680
|switch|p2a: Jolteon|Jolteon, F|29/100
|move|p1a: Zapdos|Thunderbolt|p2a: Jolteon
|-heal|p2a: Jolteon|54/100|[from] ability: Volt Absorb|[of] p1a: Zapdos
|
|-weather|Sandstorm|[upkeep]
|-damage|p2a: Jolteon|48/100|[from] Sandstorm
|-damage|p1a: Zapdos|43/100 tox|[from] Sandstorm
|-heal|p2a: Jolteon|54/100|[from] item: Leftovers
|-heal|p1a: Zapdos|49/100 tox|[from] item: Leftovers
|-damage|p1a: Zapdos|36/100 tox|[from] psn
|upkeep
|turn|37
|
|t:|1728509691
|move|p2a: Jolteon|Hidden Power|p1a: Zapdos
|-supereffective|p1a: Zapdos
|-damage|p1a: Zapdos|6/100 tox
|move|p1a: Zapdos|Rest|p1a: Zapdos
|-status|p1a: Zapdos|slp|[from] move: Rest
|-heal|p1a: Zapdos|100/100 slp|[silent]
|
|-weather|Sandstorm|[upkeep]
|-damage|p2a: Jolteon|48/100|[from] Sandstorm
|-damage|p1a: Zapdos|94/100 slp|[from] Sandstorm
|-heal|p2a: Jolteon|54/100|[from] item: Leftovers
|-heal|p1a: Zapdos|100/100 slp|[from] item: Leftovers
|upkeep
|turn|38
|
|t:|1728509700
|cant|p1a: Zapdos|slp
|move|p2a: Jolteon|Roar|p1a: Zapdos
|drag|p1a: Aerodactyl|Aerodactyl, F|100/100
|
|-weather|Sandstorm|[upkeep]
|-damage|p2a: Jolteon|48/100|[from] Sandstorm
|-heal|p2a: Jolteon|54/100|[from] item: Leftovers
|upkeep
|turn|39
|
|t:|1728509714
|switch|p2a: Skarmory|Skarmory, M|93/100 par
|move|p1a: Aerodactyl|Rock Slide|p2a: Skarmory
|-damage|p2a: Skarmory|57/100 par
|
|-weather|Sandstorm|[upkeep]
|-heal|p2a: Skarmory|63/100 par|[from] item: Leftovers
|upkeep
|turn|40
|
|t:|1728509729
|move|p1a: Aerodactyl|Rock Slide|p2a: Skarmory
|-damage|p2a: Skarmory|27/100 par
|cant|p2a: Skarmory|flinch
|
|-weather|Sandstorm|[upkeep]
|-heal|p2a: Skarmory|33/100 par|[from] item: Leftovers
|upkeep
|turn|41
|
|t:|1728509738
|switch|p2a: Tyranitar|Tyranitar, M|100/100
|move|p1a: Aerodactyl|Rock Slide|p2a: Tyranitar
|-damage|p2a: Tyranitar|53/100
|
|-weather|Sandstorm|[upkeep]
|upkeep
|turn|42
|
|t:|1728509749
|switch|p1a: Swampert|Swampert, M|88/100
|-damage|p1a: Swampert|63/100|[from] Spikes
|move|p2a: Tyranitar|Rock Slide|p1a: Swampert
|-resisted|p1a: Swampert
|-damage|p1a: Swampert|48/100
|
|-weather|Sandstorm|[upkeep]
|-heal|p1a: Swampert|55/100|[from] item: Leftovers
|upkeep
|turn|43
|
|t:|1728509773
|switch|p2a: Starmie|Starmie|88/100
|move|p1a: Swampert|Surf|p2a: Starmie
|-resisted|p2a: Starmie
|-damage|p2a: Starmie|68/100
|
|-weather|Sandstorm|[upkeep]
|-damage|p2a: Starmie|62/100|[from] Sandstorm
|-heal|p2a: Starmie|68/100|[from] item: Leftovers
|-heal|p1a: Swampert|61/100|[from] item: Leftovers
|upkeep
|turn|44
|
|t:|1728509783
|move|p1a: Swampert|Protect|p1a: Swampert
|-singleturn|p1a: Swampert|Protect
|move|p2a: Starmie|Hydro Pump|p1a: Swampert|[miss]
|-miss|p2a: Starmie|p1a: Swampert
|
|-weather|Sandstorm|[upkeep]
|-damage|p2a: Starmie|62/100|[from] Sandstorm
|-heal|p2a: Starmie|68/100|[from] item: Leftovers
|-heal|p1a: Swampert|67/100|[from] item: Leftovers
|upkeep
|turn|45
|
|t:|1728509791
|switch|p1a: Blissey|Blissey, F|71/100
|-damage|p1a: Blissey|46/100|[from] Spikes
|move|p2a: Starmie|Hydro Pump|p1a: Blissey
|-damage|p1a: Blissey|25/100
|
|-weather|Sandstorm|[upkeep]
|-damage|p2a: Starmie|62/100|[from] Sandstorm
|-damage|p1a: Blissey|19/100|[from] Sandstorm
|-heal|p2a: Starmie|68/100|[from] item: Leftovers
|-heal|p1a: Blissey|25/100|[from] item: Leftovers
|upkeep
|turn|46
|
|t:|1728509809
|switch|p2a: Gengar|Gengar, M|43/100
|move|p1a: Blissey|Soft-Boiled|p1a: Blissey
|-heal|p1a: Blissey|75/100
|
|-weather|Sandstorm|[upkeep]
|-damage|p2a: Gengar|37/100|[from] Sandstorm
|-damage|p1a: Blissey|69/100|[from] Sandstorm
|-heal|p2a: Gengar|43/100|[from] item: Leftovers
|-heal|p1a: Blissey|75/100|[from] item: Leftovers
|upkeep
|turn|47
|
|t:|1728509817
|move|p2a: Gengar|Hidden Power|p1a: Blissey
|-damage|p1a: Blissey|67/100
|move|p1a: Blissey|Thunder Wave|p2a: Gengar
|-status|p2a: Gengar|par
|
|-weather|Sandstorm|[upkeep]
|-damage|p1a: Blissey|61/100|[from] Sandstorm
|-damage|p2a: Gengar|37/100 par|[from] Sandstorm
|-heal|p1a: Blissey|67/100|[from] item: Leftovers
|-heal|p2a: Gengar|43/100 par|[from] item: Leftovers
|upkeep
|turn|48
|
|t:|1728509825
|move|p1a: Blissey|Soft-Boiled|p1a: Blissey
|-heal|p1a: Blissey|100/100
|move|p2a: Gengar|Explosion|p1a: Blissey
|-damage|p1a: Blissey|35/100
|faint|p2a: Gengar
|
|t:|1728509830
|switch|p2a: Aerodactyl|Aerodactyl, F|100/100
|
|-weather|Sandstorm|[upkeep]
|-damage|p1a: Blissey|29/100|[from] Sandstorm
|-heal|p1a: Blissey|35/100|[from] item: Leftovers
|upkeep
|turn|49
|
|t:|1728509850
|move|p2a: Aerodactyl|Double-Edge|p1a: Blissey
|-damage|p1a: Blissey|0 fnt
|faint|p1a: Blissey
|
|t:|1728509853
|switch|p1a: Aerodactyl|Aerodactyl, F|100/100
|
|-weather|Sandstorm|[upkeep]
|upkeep
|turn|50
|
|t:|1728509863
|switch|p2a: Skarmory|Skarmory, M|33/100 par
|move|p1a: Aerodactyl|Rock Slide|p2a: Skarmory
|-damage|p2a: Skarmory|0 fnt
|faint|p2a: Skarmory
|
|t:|1728509893
|switch|p2a: Tyranitar|Tyranitar, M|53/100
|
|-weather|Sandstorm|[upkeep]
|upkeep
|turn|51
|
|t:|1728509920
|switch|p1a: Swampert|Swampert, M|67/100
|-damage|p1a: Swampert|42/100|[from] Spikes
|move|p2a: Tyranitar|Dragon Dance|p2a: Tyranitar
|-boost|p2a: Tyranitar|atk|1
|-boost|p2a: Tyranitar|spe|1
|
|-weather|Sandstorm|[upkeep]
|-heal|p1a: Swampert|48/100|[from] item: Leftovers
|upkeep
|turn|52
|
|t:|1728509942
|move|p2a: Tyranitar|Earthquake|p1a: Swampert
|-damage|p1a: Swampert|15/100
|move|p1a: Swampert|Surf|p2a: Tyranitar
|-supereffective|p2a: Tyranitar
|-damage|p2a: Tyranitar|0 fnt
|faint|p2a: Tyranitar
|inactive|Hexmoonie has 270 seconds left.
|
|t:|1728509954
|switch|p2a: Starmie|Starmie|68/100
|
|-weather|Sandstorm|[upkeep]
|-damage|p2a: Starmie|62/100|[from] Sandstorm
|-heal|p2a: Starmie|68/100|[from] item: Leftovers
|-heal|p1a: Swampert|21/100|[from] item: Leftovers
|upkeep
|turn|53
|
|t:|1728509963
|move|p2a: Starmie|Ice Beam|p1a: Swampert
|-damage|p1a: Swampert|0 fnt
|faint|p1a: Swampert
|
|t:|1728509971
|switch|p1a: Aerodactyl|Aerodactyl, F|100/100
|
|-weather|Sandstorm|[upkeep]
|-damage|p2a: Starmie|62/100|[from] Sandstorm
|-heal|p2a: Starmie|68/100|[from] item: Leftovers
|upkeep
|turn|54
|
|t:|1728509979
|move|p1a: Aerodactyl|Rock Slide|p2a: Starmie
|-damage|p2a: Starmie|0 fnt
|faint|p2a: Starmie
|
|t:|1728509986
|switch|p2a: Jolteon|Jolteon, F|54/100
|
|-weather|Sandstorm|[upkeep]
|-damage|p2a: Jolteon|48/100|[from] Sandstorm
|-heal|p2a: Jolteon|54/100|[from] item: Leftovers
|upkeep
|turn|55
|
|t:|1728509996
|move|p2a: Jolteon|Thunderbolt|p1a: Aerodactyl
|-supereffective|p1a: Aerodactyl
|-damage|p1a: Aerodactyl|0 fnt
|faint|p1a: Aerodactyl
|c|☆halux|gg
|
|t:|1728510000
|switch|p1a: Zapdos|Zapdos|100/100 slp
|
|-weather|Sandstorm|[upkeep]
|-damage|p2a: Jolteon|48/100|[from] Sandstorm
|-damage|p1a: Zapdos|94/100 slp|[from] Sandstorm
|-heal|p2a: Jolteon|54/100|[from] item: Leftovers
|-heal|p1a: Zapdos|100/100 slp|[from] item: Leftovers
|upkeep
|turn|56
|c|☆Hexmoonie|gg
|
|t:|1728510012
|move|p2a: Jolteon|Hidden Power|p1a: Zapdos
|-supereffective|p1a: Zapdos
|-damage|p1a: Zapdos|73/100 slp
|cant|p1a: Zapdos|slp
|
|-weather|Sandstorm|[upkeep]
|-damage|p2a: Jolteon|48/100|[from] Sandstorm
|-damage|p1a: Zapdos|67/100 slp|[from] Sandstorm
|-heal|p2a: Jolteon|54/100|[from] item: Leftovers
|-heal|p1a: Zapdos|73/100 slp|[from] item: Leftovers
|upkeep
|turn|57
|
|t:|1728510022
|move|p2a: Jolteon|Hidden Power|p1a: Zapdos
|-supereffective|p1a: Zapdos
|-damage|p1a: Zapdos|42/100 slp
|-curestatus|p1a: Zapdos|slp|[msg]
|move|p1a: Zapdos|Rest|p1a: Zapdos
|-status|p1a: Zapdos|slp|[from] move: Rest
|-heal|p1a: Zapdos|100/100 slp|[silent]
|
|-weather|Sandstorm|[upkeep]
|-damage|p2a: Jolteon|48/100|[from] Sandstorm
|-damage|p1a: Zapdos|94/100 slp|[from] Sandstorm
|-heal|p2a: Jolteon|54/100|[from] item: Leftovers
|-heal|p1a: Zapdos|100/100 slp|[from] item: Leftovers
|upkeep
|turn|58
|
|t:|1728510033
|move|p2a: Jolteon|Hidden Power|p1a: Zapdos
|-supereffective|p1a: Zapdos
|-damage|p1a: Zapdos|73/100 slp
|cant|p1a: Zapdos|slp
|move|p1a: Zapdos|Sleep Talk|p1a: Zapdos
|move|p1a: Zapdos|Rest|p1a: Zapdos|[from]Sleep Talk
|
|-weather|Sandstorm|[upkeep]
|-damage|p2a: Jolteon|48/100|[from] Sandstorm
|-damage|p1a: Zapdos|67/100 slp|[from] Sandstorm
|-heal|p2a: Jolteon|54/100|[from] item: Leftovers
|-heal|p1a: Zapdos|73/100 slp|[from] item: Leftovers
|upkeep
|turn|59
|
|t:|1728510040
|move|p2a: Jolteon|Hidden Power|p1a: Zapdos
|-supereffective|p1a: Zapdos
|-damage|p1a: Zapdos|43/100 slp
|cant|p1a: Zapdos|slp
|move|p1a: Zapdos|Sleep Talk|p1a: Zapdos
|move|p1a: Zapdos|Rest|p1a: Zapdos|[from]Sleep Talk
|
|-weather|Sandstorm|[upkeep]
|-damage|p2a: Jolteon|48/100|[from] Sandstorm
|-damage|p1a: Zapdos|36/100 slp|[from] Sandstorm
|-heal|p2a: Jolteon|54/100|[from] item: Leftovers
|-heal|p1a: Zapdos|43/100 slp|[from] item: Leftovers
|upkeep
|turn|60
|
|t:|1728510048
|move|p2a: Jolteon|Hidden Power|p1a: Zapdos
|-supereffective|p1a: Zapdos
|-damage|p1a: Zapdos|13/100 slp
|-curestatus|p1a: Zapdos|slp|[msg]
|move|p1a: Zapdos|Rest|p1a: Zapdos
|-status|p1a: Zapdos|slp|[from] move: Rest
|-heal|p1a: Zapdos|100/100 slp|[silent]
|
|-weather|Sandstorm|[upkeep]
|-damage|p2a: Jolteon|48/100|[from] Sandstorm
|-damage|p1a: Zapdos|94/100 slp|[from] Sandstorm
|-heal|p2a: Jolteon|54/100|[from] item: Leftovers
|-heal|p1a: Zapdos|100/100 slp|[from] item: Leftovers
|upkeep
|turn|61
|
|t:|1728510060
|move|p2a: Jolteon|Thunderbolt|p1a: Zapdos
|-damage|p1a: Zapdos|71/100 slp
|cant|p1a: Zapdos|slp
|move|p1a: Zapdos|Sleep Talk|p1a: Zapdos
|move|p1a: Zapdos|Rest|p1a: Zapdos|[from]Sleep Talk
|
|-weather|Sandstorm|[upkeep]
|-damage|p2a: Jolteon|48/100|[from] Sandstorm
|-damage|p1a: Zapdos|65/100 slp|[from] Sandstorm
|-heal|p2a: Jolteon|54/100|[from] item: Leftovers
|-heal|p1a: Zapdos|71/100 slp|[from] item: Leftovers
|upkeep
|turn|62
|
|t:|1728510067
|move|p2a: Jolteon|Thunderbolt|p1a: Zapdos
|-damage|p1a: Zapdos|40/100 slp
|cant|p1a: Zapdos|slp
|
|-weather|Sandstorm|[upkeep]
|-damage|p2a: Jolteon|48/100|[from] Sandstorm
|-damage|p1a: Zapdos|33/100 slp|[from] Sandstorm
|-heal|p2a: Jolteon|54/100|[from] item: Leftovers
|-heal|p1a: Zapdos|40/100 slp|[from] item: Leftovers
|upkeep
|turn|63
|
|t:|1728510074
|move|p2a: Jolteon|Thunderbolt|p1a: Zapdos
|-damage|p1a: Zapdos|9/100 slp
|-curestatus|p1a: Zapdos|slp|[msg]
|move|p1a: Zapdos|Rest|p1a: Zapdos
|-status|p1a: Zapdos|slp|[from] move: Rest
|-heal|p1a: Zapdos|100/100 slp|[silent]
|
|-weather|Sandstorm|[upkeep]
|-damage|p2a: Jolteon|48/100|[from] Sandstorm
|-damage|p1a: Zapdos|94/100 slp|[from] Sandstorm
|-heal|p2a: Jolteon|54/100|[from] item: Leftovers
|-heal|p1a: Zapdos|100/100 slp|[from] item: Leftovers
|upkeep
|turn|64
|
|t:|1728510081
|move|p2a: Jolteon|Thunderbolt|p1a: Zapdos
|-damage|p1a: Zapdos|73/100 slp
|cant|p1a: Zapdos|slp
|move|p1a: Zapdos|Sleep Talk|p1a: Zapdos
|move|p1a: Zapdos|Rest|p1a: Zapdos|[from]Sleep Talk
|
|-weather|Sandstorm|[upkeep]
|-damage|p2a: Jolteon|48/100|[from] Sandstorm
|-damage|p1a: Zapdos|67/100 slp|[from] Sandstorm
|-heal|p2a: Jolteon|54/100|[from] item: Leftovers
|-heal|p1a: Zapdos|73/100 slp|[from] item: Leftovers
|upkeep
|turn|65
|
|t:|1728510087
|move|p2a: Jolteon|Thunderbolt|p1a: Zapdos
|-damage|p1a: Zapdos|46/100 slp
|cant|p1a: Zapdos|slp
|move|p1a: Zapdos|Sleep Talk|p1a: Zapdos
|move|p1a: Zapdos|Hidden Power|p2a: Jolteon|[from]Sleep Talk
|-damage|p2a: Jolteon|30/100
|
|-weather|Sandstorm|[upkeep]
|-damage|p2a: Jolteon|24/100|[from] Sandstorm
|-damage|p1a: Zapdos|40/100 slp|[from] Sandstorm
|-heal|p2a: Jolteon|30/100|[from] item: Leftovers
|-heal|p1a: Zapdos|46/100 slp|[from] item: Leftovers
|upkeep
|turn|66
|
|t:|1728510096
|move|p2a: Jolteon|Thunderbolt|p1a: Zapdos
|-damage|p1a: Zapdos|15/100 slp
|-curestatus|p1a: Zapdos|slp|[msg]
|move|p1a: Zapdos|Rest|p1a: Zapdos
|-status|p1a: Zapdos|slp|[from] move: Rest
|-heal|p1a: Zapdos|100/100 slp|[silent]
|
|-weather|Sandstorm|[upkeep]
|-damage|p2a: Jolteon|24/100|[from] Sandstorm
|-damage|p1a: Zapdos|94/100 slp|[from] Sandstorm
|-heal|p2a: Jolteon|30/100|[from] item: Leftovers
|-heal|p1a: Zapdos|100/100 slp|[from] item: Leftovers
|upkeep
|turn|67
|
|t:|1728510103
|move|p2a: Jolteon|Thunderbolt|p1a: Zapdos
|-damage|p1a: Zapdos|69/100 slp
|cant|p1a: Zapdos|slp
|
|-weather|Sandstorm|[upkeep]
|-damage|p2a: Jolteon|24/100|[from] Sandstorm
|-damage|p1a: Zapdos|63/100 slp|[from] Sandstorm
|-heal|p2a: Jolteon|30/100|[from] item: Leftovers
|-heal|p1a: Zapdos|69/100 slp|[from] item: Leftovers
|upkeep
|turn|68
|
|t:|1728510117
|move|p2a: Jolteon|Thunderbolt|p1a: Zapdos
|-damage|p1a: Zapdos|41/100 slp
|cant|p1a: Zapdos|slp
|move|p1a: Zapdos|Sleep Talk|p1a: Zapdos
|move|p1a: Zapdos|Hidden Power|p2a: Jolteon|[from]Sleep Talk
|-damage|p2a: Jolteon|7/100
|
|-weather|Sandstorm|[upkeep]
|-damage|p2a: Jolteon|1/100|[from] Sandstorm
|-damage|p1a: Zapdos|35/100 slp|[from] Sandstorm
|-heal|p2a: Jolteon|7/100|[from] item: Leftovers
|-heal|p1a: Zapdos|41/100 slp|[from] item: Leftovers
|upkeep
|turn|69
|
|t:|1728510125
|move|p2a: Jolteon|Thunderbolt|p1a: Zapdos
|-damage|p1a: Zapdos|11/100 slp
|-curestatus|p1a: Zapdos|slp|[msg]
|move|p1a: Zapdos|Rest|p1a: Zapdos
|-status|p1a: Zapdos|slp|[from] move: Rest
|-heal|p1a: Zapdos|100/100 slp|[silent]
|
|-weather|Sandstorm|[upkeep]
|-damage|p2a: Jolteon|1/100|[from] Sandstorm
|-damage|p1a: Zapdos|94/100 slp|[from] Sandstorm
|-heal|p2a: Jolteon|7/100|[from] item: Leftovers
|-heal|p1a: Zapdos|100/100 slp|[from] item: Leftovers
|upkeep
|turn|70
|
|t:|1728510132
|move|p2a: Jolteon|Thunderbolt|p1a: Zapdos
|-damage|p1a: Zapdos|73/100 slp
|cant|p1a: Zapdos|slp
|
|-weather|Sandstorm|[upkeep]
|-damage|p2a: Jolteon|1/100|[from] Sandstorm
|-damage|p1a: Zapdos|66/100 slp|[from] Sandstorm
|-heal|p2a: Jolteon|7/100|[from] item: Leftovers
|-heal|p1a: Zapdos|73/100 slp|[from] item: Leftovers
|upkeep
|turn|71
|
|t:|1728510139
|move|p2a: Jolteon|Thunderbolt|p1a: Zapdos
|-damage|p1a: Zapdos|43/100 slp
|cant|p1a: Zapdos|slp
|
|-weather|Sandstorm|[upkeep]
|-damage|p2a: Jolteon|1/100|[from] Sandstorm
|-damage|p1a: Zapdos|37/100 slp|[from] Sandstorm
|-heal|p2a: Jolteon|7/100|[from] item: Leftovers
|-heal|p1a: Zapdos|43/100 slp|[from] item: Leftovers
|upkeep
|turn|72
|
|t:|1728510146
|move|p2a: Jolteon|Hidden Power|p1a: Zapdos
|-supereffective|p1a: Zapdos
|-damage|p1a: Zapdos|15/100 slp
|-curestatus|p1a: Zapdos|slp|[msg]
|move|p1a: Zapdos|Rest|p1a: Zapdos
|-status|p1a: Zapdos|slp|[from] move: Rest
|-heal|p1a: Zapdos|100/100 slp|[silent]
|
|-weather|Sandstorm|[upkeep]
|-damage|p2a: Jolteon|1/100|[from] Sandstorm
|-damage|p1a: Zapdos|94/100 slp|[from] Sandstorm
|-heal|p2a: Jolteon|7/100|[from] item: Leftovers
|-heal|p1a: Zapdos|100/100 slp|[from] item: Leftovers
|upkeep
|turn|73
|
|t:|1728510153
|move|p2a: Jolteon|Hidden Power|p1a: Zapdos
|-supereffective|p1a: Zapdos
|-damage|p1a: Zapdos|73/100 slp
|cant|p1a: Zapdos|slp
|
|-weather|Sandstorm|[upkeep]
|-damage|p2a: Jolteon|1/100|[from] Sandstorm
|-damage|p1a: Zapdos|67/100 slp|[from] Sandstorm
|-heal|p2a: Jolteon|7/100|[from] item: Leftovers
|-heal|p1a: Zapdos|73/100 slp|[from] item: Leftovers
|upkeep
|turn|74
|
|t:|1728510160
|move|p2a: Jolteon|Hidden Power|p1a: Zapdos
|-supereffective|p1a: Zapdos
|-damage|p1a: Zapdos|45/100 slp
|cant|p1a: Zapdos|slp
|
|-weather|Sandstorm|[upkeep]
|-damage|p2a: Jolteon|1/100|[from] Sandstorm
|-damage|p1a: Zapdos|39/100 slp|[from] Sandstorm
|-heal|p2a: Jolteon|7/100|[from] item: Leftovers
|-heal|p1a: Zapdos|45/100 slp|[from] item: Leftovers
|upkeep
|turn|75
|
|t:|1728510167
|move|p2a: Jolteon|Hidden Power|p1a: Zapdos
|-supereffective|p1a: Zapdos
|-damage|p1a: Zapdos|17/100 slp
|-curestatus|p1a: Zapdos|slp|[msg]
|move|p1a: Zapdos|Rest|p1a: Zapdos
|-status|p1a: Zapdos|slp|[from] move: Rest
|-heal|p1a: Zapdos|100/100 slp|[silent]
|
|-weather|Sandstorm|[upkeep]
|-damage|p2a: Jolteon|1/100|[from] Sandstorm
|-damage|p1a: Zapdos|94/100 slp|[from] Sandstorm
|-heal|p2a: Jolteon|7/100|[from] item: Leftovers
|-heal|p1a: Zapdos|100/100 slp|[from] item: Leftovers
|upkeep
|turn|76
|
|t:|1728510173
|move|p2a: Jolteon|Hidden Power|p1a: Zapdos
|-supereffective|p1a: Zapdos
|-damage|p1a: Zapdos|70/100 slp
|cant|p1a: Zapdos|slp
|move|p1a: Zapdos|Sleep Talk|p1a: Zapdos
|move|p1a: Zapdos|Thunderbolt|p2a: Jolteon|[from]Sleep Talk
|-heal|p2a: Jolteon|32/100|[from] ability: Volt Absorb|[of] p1a: Zapdos
|
|-weather|Sandstorm|[upkeep]
|-damage|p2a: Jolteon|26/100|[from] Sandstorm
|-damage|p1a: Zapdos|63/100 slp|[from] Sandstorm
|-heal|p2a: Jolteon|32/100|[from] item: Leftovers
|-heal|p1a: Zapdos|70/100 slp|[from] item: Leftovers
|upkeep
|turn|77
|
|t:|1728510180
|switch|p2a: Aerodactyl|Aerodactyl, F|100/100
|cant|p1a: Zapdos|slp
|move|p1a: Zapdos|Sleep Talk|p1a: Zapdos
|move|p1a: Zapdos|Rest|p1a: Zapdos|[from]Sleep Talk
|
|-weather|Sandstorm|[upkeep]
|-damage|p1a: Zapdos|63/100 slp|[from] Sandstorm
|-heal|p1a: Zapdos|70/100 slp|[from] item: Leftovers
|upkeep
|turn|78
|
|t:|1728510189
|move|p2a: Aerodactyl|Rock Slide|p1a: Zapdos
|-supereffective|p1a: Zapdos
|-damage|p1a: Zapdos|0 fnt
|faint|p1a: Zapdos
|
|win|Hexmoonie
|c|☆halux|ggs wp
|c|☆Hexmoonie|ggs wp
|player|p2|

</script>
<script type="application/json" class="data" id="replaydata-smogtours-gen3ou-796772">
{"id":"smogtours-gen3ou-796772","format":"[Gen 3] OU","players":["halux","Hexmoonie"],"uploadtime":1728510189,"views":111,"formatid":"gen3ou","rating":null,"private":0,"password":null}
</script>

<script defer src="js/replays.js?9d40a366"></script>
