<!DOCTYPE html>
<meta charset="utf-8" />
<meta name="viewport" content="width=device-width" />

<title>[Gen 3] OU: Christos vs. Janis105 - Replays - Pok&eacute;mon Showdown!</title>

<meta name="description" content="Watch a replay of a Pok&eacute;mon battle between Christos and Janis105! Format: [Gen 3] OU; Date: Oct 14, 2024" />
<!--

Hey, you! Looking in the source for the replay log?

You can find them in JSON format, just add `.json` at the end of a replay URL.

https://replay.pokemonshowdown.com/gen7randomdoublesbattle-865046831.json

Or, if you only need the log itself, add `.log` instead:

https://replay.pokemonshowdown.com/gen7randomdoublesbattle-865046831.log

-->

<link rel="stylesheet" href="//pokemonshowdown.com/style/global.css?0.767286132409787" />
<link rel="stylesheet" href="//play.pokemonshowdown.com/style/font-awesome.css?0.9266228007934947" />
<link rel="stylesheet" href="//play.pokemonshowdown.com/style/battle.css?0.7924700842790926" />
<link rel="stylesheet" href="//play.pokemonshowdown.com/style/utilichart.css?0.8777417872839479" />

<!-- Global site tag (gtag.js) - Google Analytics -->
<script async src="https://www.googletagmanager.com/gtag/js?id=UA-26211653-1"></script>
<script>
  window.dataLayer = window.dataLayer || [];
  function gtag(){dataLayer.push(arguments);}
  gtag('js', new Date());

  gtag('config', 'UA-26211653-1');
</script>
<!-- End Google Analytics -->
<!-- Venatus Ad Manager - Install in <HEAD> of page -->
	<script src="https://hb.vntsm.com/v3/live/ad-manager.min.js" type="text/javascript" data-site-id="642aba63ec9a7b11c3c9c1be" data-mode="scan" async></script>
<!-- / Venatus Ad Manager -->

<style>
	@media (max-width:820px) {
		.battle {
			margin: 0 auto;
		}
		.battle-log {
			margin: 7px auto 0;
			max-width: 640px;
			height: 300px;
			position: static;
		}
	}
	.optgroup {
		display: inline-block;
		line-height: 22px;
		font-size: 10pt;
	}
	.optgroup .button {
		height: 25px;
		padding-top: 0;
		padding-bottom: 0;
	}
	.optgroup button.button {
		padding-left: 12px;
		padding-right: 12px;
	}
	.linklist {
		list-style: none;
		margin: 0.5em 0;
		padding: 0;
	}
	.linklist li {
		padding: 2px 0;
	}
	.sidebar {
		float: left;
		width: 320px;
	}
	.bar-wrapper {
		max-width: 1100px;
		margin: 0 auto;
	}
	.bar-wrapper.has-sidebar {
		max-width: 1430px;
	}
	.mainbar {
		margin: 0;
		padding-right: 1px;
	}
	.mainbar.has-sidebar {
		margin-left: 330px;
	}
	@media (min-width: 1511px) {
		.sidebar {
			width: 400px;
		}
		.bar-wrapper.has-sidebar {
			max-width: 1510px;
		}
		.mainbar.has-sidebar {
			margin-left: 410px;
		}
	}
	.section.first-section {
		margin-top: 9px;
	}
	.blocklink small {
		white-space: normal;
	}
	.button {
		vertical-align: middle;
	}
	.replay-controls {
		padding-top: 10px;
	}
	.replay-controls h1 {
		font-size: 16pt;
		font-weight: normal;
		color: #CCC;
	}
	.pagelink {
		text-align: center;
	}
	.pagelink a {
		width: 150px;
	}
	.textbox, .button {
		font-size: 11pt;
		vertical-align: middle;
	}
	@media (max-width: 450px) {
		.button {
			font-size: 9pt;
		}
	}
</style>

<div>

	<header>
		<div class="nav-wrapper"><ul class="nav">
			<li><a class="button nav-first" href="//pokemonshowdown.com/"><img src="//pokemonshowdown.com/images/pokemonshowdownbeta.png" srcset="//pokemonshowdown.com/images/pokemonshowdownbeta.png 1x, //pokemonshowdown.com/images/pokemonshowdownbeta@2x.png 2x" alt="Pok&eacute;mon Showdown" width="146" height="44" /> Home</a></li>
			<li><a class="button" href="//pokemonshowdown.com/dex/">Pok&eacute;dex</a></li>
			<li><a class="button cur" href="/">Replays</a></li>
			<li><a class="button" href="//pokemonshowdown.com/ladder/">Ladder</a></li>
			<li><a class="button nav-last" href="//pokemonshowdown.com/forums/">Forum</a></li>
			<li><a class="button greenbutton nav-first nav-last" href="//play.pokemonshowdown.com/">Play</a></li>
		</ul></div>
	</header>

	<div class="main" id="main">

		<noscript><section class="section">You need to enable JavaScript to use this page; sorry!</section></noscript>

	</div>

</div>

<script defer nomodule src="//play.pokemonshowdown.com/js/lib/ps-polyfill.js"></script>
<script defer src="//play.pokemonshowdown.com/js/lib/preact.min.js"></script>

<script defer src="//play.pokemonshowdown.com/config/config.js?6dec07f6"></script>
<script defer src="//play.pokemonshowdown.com/js/lib/jquery-1.11.0.min.js"></script>
<script defer src="//play.pokemonshowdown.com/js/lib/html-sanitizer-minified.js"></script>
<script defer src="//play.pokemonshowdown.com/js/battle-sound.js"></script>
<script defer src="//play.pokemonshowdown.com/js/battledata.js?0.6315294753075389"></script>
<script defer src="//play.pokemonshowdown.com/data/pokedex-mini.js?0.7603743185311358"></script>
<script defer src="//play.pokemonshowdown.com/data/pokedex-mini-bw.js?0.030888842834281283"></script>
<script defer src="//play.pokemonshowdown.com/data/graphics.js?0.05593094747507488"></script>
<script defer src="//play.pokemonshowdown.com/data/pokedex.js?0.47064822249611904"></script>
<script defer src="//play.pokemonshowdown.com/data/moves.js?0.8583693120512459"></script>
<script defer src="//play.pokemonshowdown.com/data/abilities.js?0.16017181182386842"></script>
<script defer src="//play.pokemonshowdown.com/data/items.js?0.4163379185673943"></script>
<script defer src="//play.pokemonshowdown.com/data/teambuilder-tables.js?0.31075597372830477"></script>
<script defer src="//play.pokemonshowdown.com/js/battle-tooltips.js?0.6536193500708172"></script>
<script defer src="//play.pokemonshowdown.com/js/battle.js?0.1916591943277901"></script>

<script defer src="js/utils.js?e31f9a17"></script>
<script defer src="js/replays-battle.js?7008c182"></script>

<!-- don't scrape this data! just add .json or .log after the URL!
Full API docs: https://github.com/smogon/pokemon-showdown-client/blob/master/WEB-API.md -->
<script type="text/plain" class="log" id="replaylog-smogtours-gen3ou-798613">
|inactive|Battle timer is ON: inactive players will automatically lose when time's up.
|t:|1728893686
|gametype|singles
|player|p1|Christos|boarder|
|player|p2|Janis105|101|
|teamsize|p1|6
|teamsize|p2|6
|gen|3
|tier|[Gen 3] OU
|rule|Sleep Clause Mod: Limit one foe put to sleep
|rule|Switch Priority Clause Mod: Faster Pokémon switch first
|rule|Species Clause: Limit one of each Pokémon
|rule|OHKO Clause: OHKO moves are banned
|rule|Evasion Items Clause: Evasion items are banned
|rule|Evasion Moves Clause: Evasion moves are banned
|rule|Endless Battle Clause: Forcing endless battles is banned
|rule|HP Percentage Mod: HP is shown in percentages
|rule|One Boost Passer Clause: Limit one Baton Passer that has a way to boost its stats
|rule|Freeze Clause Mod: Limit one foe frozen
|
|t:|1728893686
|start
|switch|p1a: Tyranitar|Tyranitar, M|100/100
|switch|p2a: Knock it til...|Hariyama, F|100/100
|-weather|Sandstorm|[from] ability: Sand Stream|[of] p1a: Tyranitar
|turn|1
|c|☆Janis105|glhf
|c|☆Christos|hf
|inactive|Christos has 270 seconds left.
|inactive|Janis105 has 270 seconds left.
|inactive|Janis105 has 240 seconds left.
|
|t:|1728893757
|move|p2a: Knock it til...|Knock Off|p1a: Tyranitar
|-resisted|p1a: Tyranitar
|-damage|p1a: Tyranitar|99/100
|-enditem|p1a: Tyranitar|Leftovers|[from] move: Knock Off|[of] p2a: Knock it til...
|-hint|In Gens 3-4, Knock Off only makes the target's item unusable; it cannot obtain a new item.
|move|p1a: Tyranitar|Earthquake|p2a: Knock it til...
|-damage|p2a: Knock it til...|65/100
|
|-weather|Sandstorm|[upkeep]
|-damage|p2a: Knock it til...|59/100|[from] Sandstorm
|-heal|p2a: Knock it til...|65/100|[from] item: Leftovers
|upkeep
|turn|2
|
|t:|1728893770
|switch|p1a: Starmie|Starmie|100/100
|move|p2a: Knock it til...|Cross Chop|p1a: Starmie
|-resisted|p1a: Starmie
|-damage|p1a: Starmie|73/100
|
|-weather|Sandstorm|[upkeep]
|-damage|p1a: Starmie|67/100|[from] Sandstorm
|-damage|p2a: Knock it til...|59/100|[from] Sandstorm
|-heal|p1a: Starmie|73/100|[from] item: Leftovers
|-heal|p2a: Knock it til...|65/100|[from] item: Leftovers
|upkeep
|turn|3
|
|t:|1728893783
|switch|p2a: Eggception|Blissey, F|100/100
|move|p1a: Starmie|Thunder Wave|p2a: Eggception
|-status|p2a: Eggception|par
|
|-weather|Sandstorm|[upkeep]
|-damage|p1a: Starmie|67/100|[from] Sandstorm
|-damage|p2a: Eggception|94/100 par|[from] Sandstorm
|-heal|p1a: Starmie|73/100|[from] item: Leftovers
|-heal|p2a: Eggception|100/100 par|[from] item: Leftovers
|upkeep
|turn|4
|
|t:|1728893791
|switch|p1a: Skarmory|Skarmory, M|100/100
|move|p2a: Eggception|Wish|p2a: Eggception
|
|-weather|Sandstorm|[upkeep]
|-damage|p2a: Eggception|94/100 par|[from] Sandstorm
|-heal|p2a: Eggception|100/100 par|[from] item: Leftovers
|upkeep
|turn|5
|
|t:|1728893797
|-curestatus|p2a: Eggception|par|[from] ability: Natural Cure
|switch|p2a: Knock it til...|Hariyama, F|65/100
|move|p1a: Skarmory|Thief|p2a: Knock it til...
|-resisted|p2a: Knock it til...
|-damage|p2a: Knock it til...|62/100
|-enditem|p2a: Knock it til...|Leftovers|[silent]|[from] move: Thief|[of] p1a: Skarmory
|-item|p1a: Skarmory|Leftovers|[from] move: Thief|[of] p2a: Knock it til...
|
|-heal|p2a: Knock it til...|100/100|[from] move: Wish|[wisher] Eggception
|-weather|Sandstorm|[upkeep]
|-damage|p2a: Knock it til...|94/100|[from] Sandstorm
|upkeep
|turn|6
|
|t:|1728893812
|-singleturn|p2a: Knock it til...|move: Focus Punch
|move|p1a: Skarmory|Protect|p1a: Skarmory
|-singleturn|p1a: Skarmory|Protect
|move|p2a: Knock it til...|Focus Punch|p1a: Skarmory
|-activate|p1a: Skarmory|Protect
|
|-weather|Sandstorm|[upkeep]
|-damage|p2a: Knock it til...|88/100|[from] Sandstorm
|upkeep
|turn|7
|
|t:|1728893828
|move|p2a: Knock it til...|Knock Off|p1a: Skarmory
|-resisted|p1a: Skarmory
|-damage|p1a: Skarmory|99/100
|-enditem|p1a: Skarmory|Leftovers|[from] move: Knock Off|[of] p2a: Knock it til...
|move|p1a: Skarmory|Thief|p2a: Knock it til...
|-resisted|p2a: Knock it til...
|-damage|p2a: Knock it til...|86/100
|
|-weather|Sandstorm|[upkeep]
|-damage|p2a: Knock it til...|80/100|[from] Sandstorm
|upkeep
|turn|8
|
|t:|1728893849
|switch|p2a: Battleship?|Forretress, F|100/100
|move|p1a: Skarmory|Spikes|p2a: Battleship?
|-sidestart|p2: Janis105|Spikes
|
|-weather|Sandstorm|[upkeep]
|upkeep
|turn|9
|inactive|Christos has 270 seconds left.
|
|t:|1728893880
|switch|p1a: Blissey|Blissey, F|100/100
|move|p2a: Battleship?|Spikes|p1a: Blissey
|-sidestart|p1: Christos|Spikes
|
|-weather|Sandstorm|[upkeep]
|-damage|p1a: Blissey|94/100|[from] Sandstorm
|-heal|p1a: Blissey|100/100|[from] item: Leftovers
|upkeep
|turn|10
|
|t:|1728893893
|switch|p2a: Knock it til...|Hariyama, F|80/100
|-damage|p2a: Knock it til...|67/100|[from] Spikes
|move|p1a: Blissey|Sing|p2a: Knock it til...|[miss]
|-miss|p1a: Blissey|p2a: Knock it til...
|
|-weather|Sandstorm|[upkeep]
|-damage|p2a: Knock it til...|61/100|[from] Sandstorm
|-damage|p1a: Blissey|94/100|[from] Sandstorm
|-heal|p1a: Blissey|100/100|[from] item: Leftovers
|upkeep
|turn|11
|
|t:|1728893907
|switch|p1a: Metagross|Metagross|100/100
|-damage|p1a: Metagross|88/100|[from] Spikes
|move|p2a: Knock it til...|Cross Chop|p1a: Metagross
|-damage|p1a: Metagross|62/100
|
|-weather|Sandstorm|[upkeep]
|-damage|p2a: Knock it til...|55/100|[from] Sandstorm
|-heal|p1a: Metagross|68/100|[from] item: Leftovers
|upkeep
|turn|12
|inactive|Janis105 has 270 seconds left.
|
|t:|1728893941
|switch|p2a: Joaquin Phoenix|Moltres|100/100
|move|p1a: Metagross|Earthquake|p2a: Joaquin Phoenix
|-immune|p2a: Joaquin Phoenix
|
|-weather|Sandstorm|[upkeep]
|-damage|p2a: Joaquin Phoenix|94/100|[from] Sandstorm
|-heal|p2a: Joaquin Phoenix|100/100|[from] item: Leftovers
|-heal|p1a: Metagross|74/100|[from] item: Leftovers
|upkeep
|turn|13
|inactive|Janis105 has 270 seconds left.
|
|t:|1728893952
|move|p1a: Metagross|Protect|p1a: Metagross
|-singleturn|p1a: Metagross|Protect
|move|p2a: Joaquin Phoenix|Flamethrower|p1a: Metagross
|-activate|p1a: Metagross|Protect
|
|-weather|Sandstorm|[upkeep]
|-damage|p2a: Joaquin Phoenix|94/100|[from] Sandstorm
|-heal|p2a: Joaquin Phoenix|100/100|[from] item: Leftovers
|-heal|p1a: Metagross|80/100|[from] item: Leftovers
|upkeep
|turn|14
|
|t:|1728893956
|switch|p1a: Blissey|Blissey, F|100/100
|-damage|p1a: Blissey|88/100|[from] Spikes
|move|p2a: Joaquin Phoenix|Roar|p1a: Blissey
|drag|p1a: Skarmory|Skarmory, M|99/100
|
|-weather|Sandstorm|[upkeep]
|-damage|p2a: Joaquin Phoenix|94/100|[from] Sandstorm
|-heal|p2a: Joaquin Phoenix|100/100|[from] item: Leftovers
|upkeep
|turn|15
|
|t:|1728893967
|switch|p1a: Blissey|Blissey, F|88/100
|-damage|p1a: Blissey|76/100|[from] Spikes
|move|p2a: Joaquin Phoenix|Flamethrower|p1a: Blissey
|-damage|p1a: Blissey|54/100
|
|-weather|Sandstorm|[upkeep]
|-damage|p2a: Joaquin Phoenix|94/100|[from] Sandstorm
|-damage|p1a: Blissey|48/100|[from] Sandstorm
|-heal|p2a: Joaquin Phoenix|100/100|[from] item: Leftovers
|-heal|p1a: Blissey|54/100|[from] item: Leftovers
|upkeep
|turn|16
|
|t:|1728893978
|switch|p2a: Tyranocif|Tyranitar, M|100/100
|-damage|p2a: Tyranocif|88/100|[from] Spikes
|move|p1a: Blissey|Soft-Boiled|p1a: Blissey
|-heal|p1a: Blissey|100/100
|
|-weather|Sandstorm|[upkeep]
|-damage|p1a: Blissey|94/100|[from] Sandstorm
|-heal|p2a: Tyranocif|94/100|[from] item: Leftovers
|-heal|p1a: Blissey|100/100|[from] item: Leftovers
|upkeep
|turn|17
|
|t:|1728893993
|switch|p1a: Metagross|Metagross|80/100
|-damage|p1a: Metagross|68/100|[from] Spikes
|move|p2a: Tyranocif|Brick Break|p1a: Metagross
|-damage|p1a: Metagross|56/100
|
|-weather|Sandstorm|[upkeep]
|-heal|p2a: Tyranocif|100/100|[from] item: Leftovers
|-heal|p1a: Metagross|62/100|[from] item: Leftovers
|upkeep
|turn|18
|
|t:|1728894006
|move|p2a: Tyranocif|Brick Break|p1a: Metagross
|-damage|p1a: Metagross|50/100
|move|p1a: Metagross|Meteor Mash|p2a: Tyranocif
|-supereffective|p2a: Tyranocif
|-damage|p2a: Tyranocif|22/100
|
|-weather|Sandstorm|[upkeep]
|-heal|p2a: Tyranocif|28/100|[from] item: Leftovers
|-heal|p1a: Metagross|56/100|[from] item: Leftovers
|upkeep
|turn|19
|
|t:|1728894015
|move|p2a: Tyranocif|Fire Blast|p1a: Metagross
|-supereffective|p1a: Metagross
|-damage|p1a: Metagross|0 fnt
|faint|p1a: Metagross
|
|t:|1728894020
|switch|p1a: Dugtrio|Dugtrio, M|100/100
|-damage|p1a: Dugtrio|88/100|[from] Spikes
|
|-weather|Sandstorm|[upkeep]
|-heal|p2a: Tyranocif|34/100|[from] item: Leftovers
|upkeep
|turn|20
|
|t:|1728894029
|move|p1a: Dugtrio|Earthquake|p2a: Tyranocif
|-supereffective|p2a: Tyranocif
|-damage|p2a: Tyranocif|0 fnt
|faint|p2a: Tyranocif
|inactive|Janis105 has 270 seconds left.
|inactive|Janis105 has 240 seconds left.
|
|t:|1728894096
|switch|p2a: Joaquin Phoenix|Moltres|100/100
|
|-weather|Sandstorm|[upkeep]
|-damage|p2a: Joaquin Phoenix|94/100|[from] Sandstorm
|-heal|p2a: Joaquin Phoenix|100/100|[from] item: Leftovers
|upkeep
|turn|21
|
|t:|1728894106
|switch|p1a: Blissey|Blissey, F|100/100
|-damage|p1a: Blissey|88/100|[from] Spikes
|move|p2a: Joaquin Phoenix|Will-O-Wisp|p1a: Blissey|[miss]
|-miss|p2a: Joaquin Phoenix|p1a: Blissey
|
|-weather|Sandstorm|[upkeep]
|-damage|p2a: Joaquin Phoenix|94/100|[from] Sandstorm
|-damage|p1a: Blissey|82/100|[from] Sandstorm
|-heal|p2a: Joaquin Phoenix|100/100|[from] item: Leftovers
|-heal|p1a: Blissey|88/100|[from] item: Leftovers
|upkeep
|turn|22
|
|t:|1728894117
|switch|p2a: Knock it til...|Hariyama, F|55/100
|-damage|p2a: Knock it til...|43/100|[from] Spikes
|move|p1a: Blissey|Ice Beam|p2a: Knock it til...
|-damage|p2a: Knock it til...|16/100
|
|-weather|Sandstorm|[upkeep]
|-damage|p2a: Knock it til...|10/100|[from] Sandstorm
|-damage|p1a: Blissey|82/100|[from] Sandstorm
|-heal|p1a: Blissey|88/100|[from] item: Leftovers
|upkeep
|turn|23
|
|t:|1728894144
|switch|p1a: Skarmory|Skarmory, M|99/100
|move|p2a: Knock it til...|Cross Chop|p1a: Skarmory
|-damage|p1a: Skarmory|60/100
|
|-weather|Sandstorm|[upkeep]
|-damage|p2a: Knock it til...|4/100|[from] Sandstorm
|upkeep
|turn|24
|
|t:|1728894157
|switch|p2a: Battleship?|Forretress, F|100/100
|-damage|p2a: Battleship?|88/100|[from] Spikes
|move|p1a: Skarmory|Protect||[still]
|-fail|p1a: Skarmory
|
|-weather|Sandstorm|[upkeep]
|-heal|p2a: Battleship?|94/100|[from] item: Leftovers
|upkeep
|turn|25
|
|t:|1728894168
|move|p2a: Battleship?|Rapid Spin|p1a: Skarmory
|-resisted|p1a: Skarmory
|-damage|p1a: Skarmory|58/100
|-sideend|p2: Janis105|Spikes|[from] move: Rapid Spin|[of] p2a: Battleship?
|move|p1a: Skarmory|Roar|p2a: Battleship?
|drag|p2a: Knock it til...|Hariyama, F|4/100
|
|-weather|Sandstorm|[upkeep]
|-damage|p2a: Knock it til...|0 fnt|[from] Sandstorm
|faint|p2a: Knock it til...
|upkeep
|
|t:|1728894178
|switch|p2a: Battleship?|Forretress, F|94/100
|turn|26
|
|t:|1728894184
|move|p1a: Skarmory|Spikes|p2a: Battleship?
|-sidestart|p2: Janis105|Spikes
|move|p2a: Battleship?|Spikes|p1a: Skarmory
|-sidestart|p1: Christos|Spikes
|
|-weather|Sandstorm|[upkeep]
|-heal|p2a: Battleship?|100/100|[from] item: Leftovers
|upkeep
|turn|27
|
|t:|1728894191
|switch|p1a: Starmie|Starmie|73/100
|-damage|p1a: Starmie|57/100|[from] Spikes
|move|p2a: Battleship?|Spikes|p1a: Starmie
|-sidestart|p1: Christos|Spikes
|
|-weather|Sandstorm|[upkeep]
|-damage|p1a: Starmie|50/100|[from] Sandstorm
|-heal|p1a: Starmie|57/100|[from] item: Leftovers
|upkeep
|turn|28
|
|t:|1728894198
|move|p1a: Starmie|Recover|p1a: Starmie
|-heal|p1a: Starmie|100/100
|move|p2a: Battleship?|Hidden Power|p1a: Starmie
|-supereffective|p1a: Starmie
|-damage|p1a: Starmie|47/100
|
|-weather|Sandstorm|[upkeep]
|-damage|p1a: Starmie|41/100|[from] Sandstorm
|-heal|p1a: Starmie|47/100|[from] item: Leftovers
|upkeep
|turn|29
|inactive|Janis105 has 270 seconds left.
|
|t:|1728894209
|move|p1a: Starmie|Rapid Spin|p2a: Battleship?
|-resisted|p2a: Battleship?
|-damage|p2a: Battleship?|99/100
|-sideend|p1: Christos|Spikes|[from] move: Rapid Spin|[of] p1a: Starmie
|move|p2a: Battleship?|Hidden Power|p1a: Starmie
|-supereffective|p1a: Starmie
|-damage|p1a: Starmie|0 fnt
|faint|p1a: Starmie
|
|t:|1728894214
|switch|p1a: Blissey|Blissey, F|88/100
|
|-weather|Sandstorm|[upkeep]
|-damage|p1a: Blissey|82/100|[from] Sandstorm
|-heal|p1a: Blissey|88/100|[from] item: Leftovers
|-heal|p2a: Battleship?|100/100|[from] item: Leftovers
|upkeep
|turn|30
|inactive|Janis105 has 270 seconds left.
|
|t:|1728894240
|switch|p2a: Joaquin Phoenix|Moltres|100/100
|move|p1a: Blissey|Sing|p2a: Joaquin Phoenix|[miss]
|-miss|p1a: Blissey|p2a: Joaquin Phoenix
|
|-weather|Sandstorm|[upkeep]
|-damage|p2a: Joaquin Phoenix|94/100|[from] Sandstorm
|-damage|p1a: Blissey|82/100|[from] Sandstorm
|-heal|p2a: Joaquin Phoenix|100/100|[from] item: Leftovers
|-heal|p1a: Blissey|88/100|[from] item: Leftovers
|upkeep
|turn|31
|
|t:|1728894248
|move|p2a: Joaquin Phoenix|Will-O-Wisp|p1a: Blissey
|-status|p1a: Blissey|brn
|move|p1a: Blissey|Seismic Toss|p2a: Joaquin Phoenix
|-damage|p2a: Joaquin Phoenix|71/100
|
|-weather|Sandstorm|[upkeep]
|-damage|p2a: Joaquin Phoenix|65/100|[from] Sandstorm
|-damage|p1a: Blissey|82/100 brn|[from] Sandstorm
|-heal|p2a: Joaquin Phoenix|71/100|[from] item: Leftovers
|-heal|p1a: Blissey|88/100 brn|[from] item: Leftovers
|-damage|p1a: Blissey|76/100 brn|[from] brn
|upkeep
|turn|32
|
|t:|1728894255
|-curestatus|p1a: Blissey|brn|[from] ability: Natural Cure
|switch|p1a: Tyranitar|Tyranitar, M|99/100
|move|p2a: Joaquin Phoenix|Flamethrower|p1a: Tyranitar
|-resisted|p1a: Tyranitar
|-damage|p1a: Tyranitar|79/100
|
|-weather|Sandstorm|[upkeep]
|-damage|p2a: Joaquin Phoenix|65/100|[from] Sandstorm
|-heal|p2a: Joaquin Phoenix|71/100|[from] item: Leftovers
|upkeep
|turn|33
|
|t:|1728894261
|switch|p2a: Sumpex|Swampert, M|100/100
|-damage|p2a: Sumpex|88/100|[from] Spikes
|move|p1a: Tyranitar|Rock Slide|p2a: Sumpex|[miss]
|-miss|p1a: Tyranitar|p2a: Sumpex
|
|-weather|Sandstorm|[upkeep]
|-heal|p2a: Sumpex|94/100|[from] item: Leftovers
|upkeep
|turn|34
|
|t:|1728894271
|switch|p1a: Skarmory|Skarmory, M|58/100
|move|p2a: Sumpex|Earthquake|p1a: Skarmory
|-immune|p1a: Skarmory
|
|-weather|Sandstorm|[upkeep]
|-heal|p2a: Sumpex|100/100|[from] item: Leftovers
|upkeep
|turn|35
|
|t:|1728894279
|move|p2a: Sumpex|Ice Beam|p1a: Skarmory
|-damage|p1a: Skarmory|40/100
|move|p1a: Skarmory|Roar|p2a: Sumpex
|drag|p2a: Joaquin Phoenix|Moltres|71/100
|
|-weather|Sandstorm|[upkeep]
|-damage|p2a: Joaquin Phoenix|65/100|[from] Sandstorm
|-heal|p2a: Joaquin Phoenix|71/100|[from] item: Leftovers
|upkeep
|turn|36
|
|t:|1728894287
|switch|p1a: Blissey|Blissey, F|76/100
|move|p2a: Joaquin Phoenix|Flamethrower|p1a: Blissey
|-damage|p1a: Blissey|55/100
|
|-weather|Sandstorm|[upkeep]
|-damage|p2a: Joaquin Phoenix|65/100|[from] Sandstorm
|-damage|p1a: Blissey|49/100|[from] Sandstorm
|-heal|p2a: Joaquin Phoenix|71/100|[from] item: Leftovers
|-heal|p1a: Blissey|55/100|[from] item: Leftovers
|upkeep
|turn|37
|
|t:|1728894295
|move|p2a: Joaquin Phoenix|Will-O-Wisp|p1a: Blissey
|-status|p1a: Blissey|brn
|move|p1a: Blissey|Soft-Boiled|p1a: Blissey
|-heal|p1a: Blissey|100/100 brn
|
|-weather|Sandstorm|[upkeep]
|-damage|p2a: Joaquin Phoenix|65/100|[from] Sandstorm
|-damage|p1a: Blissey|94/100 brn|[from] Sandstorm
|-heal|p2a: Joaquin Phoenix|71/100|[from] item: Leftovers
|-heal|p1a: Blissey|100/100 brn|[from] item: Leftovers
|-damage|p1a: Blissey|88/100 brn|[from] brn
|upkeep
|turn|38
|
|t:|1728894310
|move|p2a: Joaquin Phoenix|Flamethrower|p1a: Blissey
|-damage|p1a: Blissey|66/100 brn
|move|p1a: Blissey|Seismic Toss|p2a: Joaquin Phoenix
|-damage|p2a: Joaquin Phoenix|42/100
|
|-weather|Sandstorm|[upkeep]
|-damage|p2a: Joaquin Phoenix|35/100|[from] Sandstorm
|-damage|p1a: Blissey|60/100 brn|[from] Sandstorm
|-heal|p2a: Joaquin Phoenix|42/100|[from] item: Leftovers
|-heal|p1a: Blissey|66/100 brn|[from] item: Leftovers
|-damage|p1a: Blissey|54/100 brn|[from] brn
|upkeep
|turn|39
|
|t:|1728894314
|switch|p2a: Eggception|Blissey, F|100/100
|-damage|p2a: Eggception|88/100|[from] Spikes
|move|p1a: Blissey|Soft-Boiled|p1a: Blissey
|-heal|p1a: Blissey|100/100 brn
|
|-weather|Sandstorm|[upkeep]
|-damage|p2a: Eggception|82/100|[from] Sandstorm
|-damage|p1a: Blissey|94/100 brn|[from] Sandstorm
|-heal|p2a: Eggception|88/100|[from] item: Leftovers
|-heal|p1a: Blissey|100/100 brn|[from] item: Leftovers
|-damage|p1a: Blissey|88/100 brn|[from] brn
|upkeep
|turn|40
|
|t:|1728894322
|move|p2a: Eggception|Wish|p2a: Eggception
|move|p1a: Blissey|Sing|p2a: Eggception
|-status|p2a: Eggception|slp|[from] move: Sing
|
|-weather|Sandstorm|[upkeep]
|-damage|p2a: Eggception|82/100 slp|[from] Sandstorm
|-damage|p1a: Blissey|82/100 brn|[from] Sandstorm
|-heal|p2a: Eggception|88/100 slp|[from] item: Leftovers
|-heal|p1a: Blissey|88/100 brn|[from] item: Leftovers
|-damage|p1a: Blissey|76/100 brn|[from] brn
|upkeep
|turn|41
|
|t:|1728894331
|-curestatus|p2a: Eggception|slp|[from] ability: Natural Cure
|switch|p2a: Joaquin Phoenix|Moltres|42/100
|move|p1a: Blissey|Seismic Toss|p2a: Joaquin Phoenix
|-damage|p2a: Joaquin Phoenix|12/100
|
|-heal|p2a: Joaquin Phoenix|62/100|[from] move: Wish|[wisher] Eggception
|-weather|Sandstorm|[upkeep]
|-damage|p2a: Joaquin Phoenix|56/100|[from] Sandstorm
|-damage|p1a: Blissey|69/100 brn|[from] Sandstorm
|-heal|p2a: Joaquin Phoenix|62/100|[from] item: Leftovers
|-heal|p1a: Blissey|76/100 brn|[from] item: Leftovers
|-damage|p1a: Blissey|63/100 brn|[from] brn
|upkeep
|turn|42
|
|t:|1728894359
|switch|p2a: Battleship?|Forretress, F|100/100
|-damage|p2a: Battleship?|88/100|[from] Spikes
|move|p1a: Blissey|Soft-Boiled|p1a: Blissey
|-heal|p1a: Blissey|100/100 brn
|
|-weather|Sandstorm|[upkeep]
|-damage|p1a: Blissey|94/100 brn|[from] Sandstorm
|-heal|p1a: Blissey|100/100 brn|[from] item: Leftovers
|-damage|p1a: Blissey|88/100 brn|[from] brn
|-heal|p2a: Battleship?|94/100|[from] item: Leftovers
|upkeep
|turn|43
|
|t:|1728894364
|move|p1a: Blissey|Sing|p2a: Battleship?|[miss]
|-miss|p1a: Blissey|p2a: Battleship?
|move|p2a: Battleship?|Spikes|p1a: Blissey
|-sidestart|p1: Christos|Spikes
|
|-weather|Sandstorm|[upkeep]
|-damage|p1a: Blissey|82/100 brn|[from] Sandstorm
|-heal|p1a: Blissey|88/100 brn|[from] item: Leftovers
|-damage|p1a: Blissey|76/100 brn|[from] brn
|-heal|p2a: Battleship?|100/100|[from] item: Leftovers
|upkeep
|turn|44
|
|t:|1728894369
|switch|p2a: Joaquin Phoenix|Moltres|62/100
|move|p1a: Blissey|Sing|p2a: Joaquin Phoenix
|-status|p2a: Joaquin Phoenix|slp|[from] move: Sing
|
|-weather|Sandstorm|[upkeep]
|-damage|p2a: Joaquin Phoenix|56/100 slp|[from] Sandstorm
|-damage|p1a: Blissey|69/100 brn|[from] Sandstorm
|-heal|p2a: Joaquin Phoenix|62/100 slp|[from] item: Leftovers
|-heal|p1a: Blissey|76/100 brn|[from] item: Leftovers
|-damage|p1a: Blissey|63/100 brn|[from] brn
|upkeep
|turn|45
|
|t:|1728894376
|switch|p2a: Battleship?|Forretress, F|100/100
|-damage|p2a: Battleship?|88/100|[from] Spikes
|move|p1a: Blissey|Seismic Toss|p2a: Battleship?
|-damage|p2a: Battleship?|60/100
|
|-weather|Sandstorm|[upkeep]
|-damage|p1a: Blissey|57/100 brn|[from] Sandstorm
|-heal|p1a: Blissey|63/100 brn|[from] item: Leftovers
|-damage|p1a: Blissey|51/100 brn|[from] brn
|-heal|p2a: Battleship?|66/100|[from] item: Leftovers
|upkeep
|turn|46
|
|t:|1728894387
|move|p1a: Blissey|Soft-Boiled|p1a: Blissey
|-heal|p1a: Blissey|100/100 brn
|move|p2a: Battleship?|Spikes|p1a: Blissey
|-sidestart|p1: Christos|Spikes
|
|-weather|Sandstorm|[upkeep]
|-damage|p1a: Blissey|94/100 brn|[from] Sandstorm
|-heal|p1a: Blissey|100/100 brn|[from] item: Leftovers
|-damage|p1a: Blissey|88/100 brn|[from] brn
|-heal|p2a: Battleship?|72/100|[from] item: Leftovers
|upkeep
|turn|47
|
|t:|1728894393
|move|p1a: Blissey|Seismic Toss|p2a: Battleship?
|-damage|p2a: Battleship?|44/100
|move|p2a: Battleship?|Rapid Spin|p1a: Blissey
|-damage|p1a: Blissey|84/100 brn
|-sideend|p2: Janis105|Spikes|[from] move: Rapid Spin|[of] p2a: Battleship?
|
|-weather|Sandstorm|[upkeep]
|-damage|p1a: Blissey|77/100 brn|[from] Sandstorm
|-heal|p1a: Blissey|84/100 brn|[from] item: Leftovers
|-damage|p1a: Blissey|71/100 brn|[from] brn
|-heal|p2a: Battleship?|50/100|[from] item: Leftovers
|upkeep
|turn|48
|
|t:|1728894399
|switch|p2a: Eggception|Blissey, F|88/100
|move|p1a: Blissey|Seismic Toss|p2a: Eggception
|-damage|p2a: Eggception|73/100
|
|-weather|Sandstorm|[upkeep]
|-damage|p2a: Eggception|67/100|[from] Sandstorm
|-damage|p1a: Blissey|65/100 brn|[from] Sandstorm
|-heal|p2a: Eggception|73/100|[from] item: Leftovers
|-heal|p1a: Blissey|71/100 brn|[from] item: Leftovers
|-damage|p1a: Blissey|59/100 brn|[from] brn
|upkeep
|turn|49
|
|t:|1728894406
|move|p2a: Eggception|Wish|p2a: Eggception
|move|p1a: Blissey|Soft-Boiled|p1a: Blissey
|-heal|p1a: Blissey|100/100 brn
|
|-weather|Sandstorm|[upkeep]
|-damage|p2a: Eggception|67/100|[from] Sandstorm
|-damage|p1a: Blissey|94/100 brn|[from] Sandstorm
|-heal|p2a: Eggception|73/100|[from] item: Leftovers
|-heal|p1a: Blissey|100/100 brn|[from] item: Leftovers
|-damage|p1a: Blissey|88/100 brn|[from] brn
|upkeep
|turn|50
|
|t:|1728894432
|switch|p2a: Battleship?|Forretress, F|50/100
|move|p1a: Blissey|Seismic Toss|p2a: Battleship?
|-damage|p2a: Battleship?|22/100
|
|-heal|p2a: Battleship?|72/100|[from] move: Wish|[wisher] Eggception
|-weather|Sandstorm|[upkeep]
|-damage|p1a: Blissey|82/100 brn|[from] Sandstorm
|-heal|p1a: Blissey|88/100 brn|[from] item: Leftovers
|-damage|p1a: Blissey|76/100 brn|[from] brn
|-heal|p2a: Battleship?|78/100|[from] item: Leftovers
|upkeep
|turn|51
|
|t:|1728894445
|move|p1a: Blissey|Seismic Toss|p2a: Battleship?
|-damage|p2a: Battleship?|50/100
|move|p2a: Battleship?|Spikes|p1a: Blissey
|-sidestart|p1: Christos|Spikes
|
|-weather|Sandstorm|[upkeep]
|-damage|p1a: Blissey|69/100 brn|[from] Sandstorm
|-heal|p1a: Blissey|76/100 brn|[from] item: Leftovers
|-damage|p1a: Blissey|63/100 brn|[from] brn
|-heal|p2a: Battleship?|56/100|[from] item: Leftovers
|upkeep
|turn|52
|
|t:|1728894465
|-curestatus|p1a: Blissey|brn|[from] ability: Natural Cure
|switch|p1a: Tyranitar|Tyranitar, M|79/100
|-damage|p1a: Tyranitar|54/100|[from] Spikes
|move|p2a: Battleship?|Hidden Power|p1a: Tyranitar
|-supereffective|p1a: Tyranitar
|-damage|p1a: Tyranitar|20/100
|
|-weather|Sandstorm|[upkeep]
|-heal|p2a: Battleship?|62/100|[from] item: Leftovers
|upkeep
|turn|53
|
|t:|1728894477
|-singleturn|p1a: Tyranitar|move: Focus Punch
|switch|p2a: Sumpex|Swampert, M|100/100
|move|p1a: Tyranitar|Focus Punch|p2a: Sumpex
|-damage|p2a: Sumpex|58/100
|
|-weather|Sandstorm|[upkeep]
|-heal|p2a: Sumpex|64/100|[from] item: Leftovers
|upkeep
|turn|54
|
|t:|1728894488
|move|p1a: Tyranitar|Earthquake|p2a: Sumpex
|-damage|p2a: Sumpex|39/100
|move|p2a: Sumpex|Earthquake|p1a: Tyranitar
|-supereffective|p1a: Tyranitar
|-damage|p1a: Tyranitar|0 fnt
|faint|p1a: Tyranitar
|inactive|Christos has 270 seconds left.
|
|t:|1728894510
|switch|p1a: Skarmory|Skarmory, M|40/100
|
|-weather|Sandstorm|[upkeep]
|-heal|p2a: Sumpex|45/100|[from] item: Leftovers
|upkeep
|turn|55
|
|t:|1728894526
|move|p1a: Skarmory|Thief|p2a: Sumpex
|-damage|p2a: Sumpex|41/100
|move|p2a: Sumpex|Ice Beam|p1a: Skarmory
|-damage|p1a: Skarmory|23/100
|
|-weather|Sandstorm|[upkeep]
|-heal|p2a: Sumpex|47/100|[from] item: Leftovers
|upkeep
|turn|56
|inactive|Christos has 270 seconds left.
|
|t:|1728894545
|move|p2a: Sumpex|Protect|p2a: Sumpex
|-singleturn|p2a: Sumpex|Protect
|move|p1a: Skarmory|Spikes|p2a: Sumpex
|-sidestart|p2: Janis105|Spikes
|
|-weather|Sandstorm|[upkeep]
|-heal|p2a: Sumpex|54/100|[from] item: Leftovers
|upkeep
|turn|57
|
|t:|1728894549
|move|p2a: Sumpex|Ice Beam|p1a: Skarmory
|-damage|p1a: Skarmory|5/100
|move|p1a: Skarmory|Roar|p2a: Sumpex
|drag|p2a: Eggception|Blissey, F|73/100
|-damage|p2a: Eggception|61/100|[from] Spikes
|
|-weather|Sandstorm|[upkeep]
|-damage|p2a: Eggception|55/100|[from] Sandstorm
|-heal|p2a: Eggception|61/100|[from] item: Leftovers
|upkeep
|turn|58
|
|t:|1728894560
|switch|p1a: Blissey|Blissey, F|63/100
|-damage|p1a: Blissey|38/100|[from] Spikes
|move|p2a: Eggception|Soft-Boiled|p2a: Eggception
|-heal|p2a: Eggception|100/100
|
|-weather|Sandstorm|[upkeep]
|-damage|p2a: Eggception|94/100|[from] Sandstorm
|-damage|p1a: Blissey|32/100|[from] Sandstorm
|-heal|p2a: Eggception|100/100|[from] item: Leftovers
|-heal|p1a: Blissey|38/100|[from] item: Leftovers
|upkeep
|turn|59
|
|t:|1728894565
|move|p2a: Eggception|Wish|p2a: Eggception
|move|p1a: Blissey|Soft-Boiled|p1a: Blissey
|-heal|p1a: Blissey|88/100
|
|-weather|Sandstorm|[upkeep]
|-damage|p2a: Eggception|94/100|[from] Sandstorm
|-damage|p1a: Blissey|82/100|[from] Sandstorm
|-heal|p2a: Eggception|100/100|[from] item: Leftovers
|-heal|p1a: Blissey|88/100|[from] item: Leftovers
|upkeep
|turn|60
|
|t:|1728894571
|switch|p2a: Battleship?|Forretress, F|62/100
|-damage|p2a: Battleship?|50/100|[from] Spikes
|move|p1a: Blissey|Ice Beam|p2a: Battleship?
|-resisted|p2a: Battleship?
|-damage|p2a: Battleship?|39/100
|
|-heal|p2a: Battleship?|89/100|[from] move: Wish|[wisher] Eggception
|-weather|Sandstorm|[upkeep]
|-damage|p1a: Blissey|82/100|[from] Sandstorm
|-heal|p1a: Blissey|88/100|[from] item: Leftovers
|-heal|p2a: Battleship?|96/100|[from] item: Leftovers
|upkeep
|turn|61
|
|t:|1728894587
|move|p1a: Blissey|Seismic Toss|p2a: Battleship?
|-damage|p2a: Battleship?|67/100
|move|p2a: Battleship?|Rapid Spin|p1a: Blissey
|-damage|p1a: Blissey|84/100
|-sideend|p2: Janis105|Spikes|[from] move: Rapid Spin|[of] p2a: Battleship?
|
|-weather|Sandstorm|[upkeep]
|-damage|p1a: Blissey|78/100|[from] Sandstorm
|-heal|p1a: Blissey|84/100|[from] item: Leftovers
|-heal|p2a: Battleship?|74/100|[from] item: Leftovers
|upkeep
|turn|62
|
|t:|1728894590
|switch|p2a: Eggception|Blissey, F|100/100
|move|p1a: Blissey|Seismic Toss|p2a: Eggception
|-damage|p2a: Eggception|86/100
|
|-weather|Sandstorm|[upkeep]
|-damage|p2a: Eggception|79/100|[from] Sandstorm
|-damage|p1a: Blissey|78/100|[from] Sandstorm
|-heal|p2a: Eggception|86/100|[from] item: Leftovers
|-heal|p1a: Blissey|84/100|[from] item: Leftovers
|upkeep
|turn|63
|
|t:|1728894595
|move|p2a: Eggception|Wish|p2a: Eggception
|move|p1a: Blissey|Ice Beam|p2a: Eggception
|-damage|p2a: Eggception|76/100
|
|-weather|Sandstorm|[upkeep]
|-damage|p2a: Eggception|70/100|[from] Sandstorm
|-damage|p1a: Blissey|78/100|[from] Sandstorm
|-heal|p2a: Eggception|76/100|[from] item: Leftovers
|-heal|p1a: Blissey|84/100|[from] item: Leftovers
|upkeep
|turn|64
|
|t:|1728894604
|switch|p2a: Sumpex|Swampert, M|54/100
|move|p1a: Blissey|Seismic Toss|p2a: Sumpex
|-damage|p2a: Sumpex|29/100
|
|-heal|p2a: Sumpex|79/100|[from] move: Wish|[wisher] Eggception
|-weather|Sandstorm|[upkeep]
|-damage|p1a: Blissey|78/100|[from] Sandstorm
|-heal|p2a: Sumpex|85/100|[from] item: Leftovers
|-heal|p1a: Blissey|84/100|[from] item: Leftovers
|upkeep
|turn|65
|
|t:|1728894611
|move|p2a: Sumpex|Protect|p2a: Sumpex
|-singleturn|p2a: Sumpex|Protect
|move|p1a: Blissey|Seismic Toss|p2a: Sumpex
|-activate|p2a: Sumpex|Protect
|
|-weather|Sandstorm|[upkeep]
|-damage|p1a: Blissey|78/100|[from] Sandstorm
|-heal|p2a: Sumpex|91/100|[from] item: Leftovers
|-heal|p1a: Blissey|84/100|[from] item: Leftovers
|upkeep
|turn|66
|
|t:|1728894616
|switch|p2a: Eggception|Blissey, F|76/100
|move|p1a: Blissey|Ice Beam|p2a: Eggception
|-crit|p2a: Eggception
|-damage|p2a: Eggception|58/100
|
|-weather|Sandstorm|[upkeep]
|-damage|p2a: Eggception|52/100|[from] Sandstorm
|-damage|p1a: Blissey|78/100|[from] Sandstorm
|-heal|p2a: Eggception|58/100|[from] item: Leftovers
|-heal|p1a: Blissey|84/100|[from] item: Leftovers
|upkeep
|turn|67
|
|t:|1728894623
|move|p2a: Eggception|Soft-Boiled|p2a: Eggception
|-heal|p2a: Eggception|100/100
|move|p1a: Blissey|Ice Beam|p2a: Eggception
|-damage|p2a: Eggception|91/100
|-status|p2a: Eggception|frz
|
|-weather|Sandstorm|[upkeep]
|-damage|p2a: Eggception|85/100 frz|[from] Sandstorm
|-damage|p1a: Blissey|78/100|[from] Sandstorm
|-heal|p2a: Eggception|91/100 frz|[from] item: Leftovers
|-heal|p1a: Blissey|84/100|[from] item: Leftovers
|upkeep
|turn|68
|
|t:|1728894636
|-curestatus|p2a: Eggception|frz|[from] ability: Natural Cure
|switch|p2a: Sumpex|Swampert, M|91/100
|move|p1a: Blissey|Ice Beam|p2a: Sumpex
|-damage|p2a: Sumpex|72/100
|
|-weather|Sandstorm|[upkeep]
|-damage|p1a: Blissey|78/100|[from] Sandstorm
|-heal|p2a: Sumpex|78/100|[from] item: Leftovers
|-heal|p1a: Blissey|84/100|[from] item: Leftovers
|upkeep
|turn|69
|
|t:|1728894642
|move|p2a: Sumpex|Protect|p2a: Sumpex
|-singleturn|p2a: Sumpex|Protect
|move|p1a: Blissey|Ice Beam|p2a: Sumpex
|-activate|p2a: Sumpex|Protect
|
|-weather|Sandstorm|[upkeep]
|-damage|p1a: Blissey|78/100|[from] Sandstorm
|-heal|p2a: Sumpex|85/100|[from] item: Leftovers
|-heal|p1a: Blissey|84/100|[from] item: Leftovers
|upkeep
|turn|70
|
|t:|1728894646
|switch|p2a: Eggception|Blissey, F|91/100
|move|p1a: Blissey|Ice Beam|p2a: Eggception
|-damage|p2a: Eggception|82/100
|
|-weather|Sandstorm|[upkeep]
|-damage|p2a: Eggception|75/100|[from] Sandstorm
|-damage|p1a: Blissey|78/100|[from] Sandstorm
|-heal|p2a: Eggception|82/100|[from] item: Leftovers
|-heal|p1a: Blissey|84/100|[from] item: Leftovers
|upkeep
|turn|71
|
|t:|1728894651
|move|p2a: Eggception|Soft-Boiled|p2a: Eggception
|-heal|p2a: Eggception|100/100
|move|p1a: Blissey|Ice Beam|p2a: Eggception
|-damage|p2a: Eggception|92/100
|
|-weather|Sandstorm|[upkeep]
|-damage|p2a: Eggception|85/100|[from] Sandstorm
|-damage|p1a: Blissey|78/100|[from] Sandstorm
|-heal|p2a: Eggception|92/100|[from] item: Leftovers
|-heal|p1a: Blissey|84/100|[from] item: Leftovers
|upkeep
|turn|72
|
|t:|1728894658
|move|p2a: Eggception|Wish|p2a: Eggception
|move|p1a: Blissey|Ice Beam|p2a: Eggception
|-damage|p2a: Eggception|82/100
|
|-weather|Sandstorm|[upkeep]
|-damage|p2a: Eggception|76/100|[from] Sandstorm
|-damage|p1a: Blissey|78/100|[from] Sandstorm
|-heal|p2a: Eggception|82/100|[from] item: Leftovers
|-heal|p1a: Blissey|84/100|[from] item: Leftovers
|upkeep
|turn|73
|
|t:|1728894663
|switch|p2a: Battleship?|Forretress, F|74/100
|move|p1a: Blissey|Seismic Toss|p2a: Battleship?
|-damage|p2a: Battleship?|45/100
|
|-heal|p2a: Battleship?|95/100|[from] move: Wish|[wisher] Eggception
|-weather|Sandstorm|[upkeep]
|-damage|p1a: Blissey|78/100|[from] Sandstorm
|-heal|p1a: Blissey|84/100|[from] item: Leftovers
|-heal|p2a: Battleship?|100/100|[from] item: Leftovers
|upkeep
|turn|74
|
|t:|1728894668
|switch|p2a: Eggception|Blissey, F|82/100
|move|p1a: Blissey|Seismic Toss|p2a: Eggception
|-damage|p2a: Eggception|67/100
|
|-weather|Sandstorm|[upkeep]
|-damage|p2a: Eggception|61/100|[from] Sandstorm
|-damage|p1a: Blissey|78/100|[from] Sandstorm
|-heal|p2a: Eggception|67/100|[from] item: Leftovers
|-heal|p1a: Blissey|84/100|[from] item: Leftovers
|upkeep
|turn|75
|
|t:|1728894672
|switch|p1a: Dugtrio|Dugtrio, M|88/100
|-damage|p1a: Dugtrio|64/100|[from] Spikes
|move|p2a: Eggception|Soft-Boiled|p2a: Eggception
|-heal|p2a: Eggception|100/100
|
|-weather|Sandstorm|[upkeep]
|-damage|p2a: Eggception|94/100|[from] Sandstorm
|-heal|p2a: Eggception|100/100|[from] item: Leftovers
|upkeep
|turn|76
|
|t:|1728894675
|move|p1a: Dugtrio|Earthquake|p2a: Eggception
|-damage|p2a: Eggception|51/100
|move|p2a: Eggception|Seismic Toss|p1a: Dugtrio
|-damage|p1a: Dugtrio|16/100
|
|-weather|Sandstorm|[upkeep]
|-damage|p2a: Eggception|45/100|[from] Sandstorm
|-heal|p2a: Eggception|51/100|[from] item: Leftovers
|upkeep
|turn|77
|
|t:|1728894680
|move|p1a: Dugtrio|Earthquake|p2a: Eggception
|-damage|p2a: Eggception|0 fnt
|faint|p2a: Eggception
|
|t:|1728894699
|switch|p2a: Battleship?|Forretress, F|100/100
|
|-weather|Sandstorm|[upkeep]
|upkeep
|turn|78
|
|t:|1728894712
|move|p1a: Dugtrio|Earthquake|p2a: Battleship?
|-damage|p2a: Battleship?|57/100
|move|p2a: Battleship?|Hidden Power|p1a: Dugtrio
|-damage|p1a: Dugtrio|0 fnt
|faint|p1a: Dugtrio
|
|t:|1728894722
|switch|p1a: Blissey|Blissey, F|84/100
|-damage|p1a: Blissey|59/100|[from] Spikes
|
|-weather|Sandstorm|[upkeep]
|-damage|p1a: Blissey|53/100|[from] Sandstorm
|-heal|p1a: Blissey|59/100|[from] item: Leftovers
|-heal|p2a: Battleship?|63/100|[from] item: Leftovers
|upkeep
|turn|79
|
|t:|1728894734
|switch|p1a: Skarmory|Skarmory, M|5/100
|move|p2a: Battleship?|Hidden Power|p1a: Skarmory
|-resisted|p1a: Skarmory
|-damage|p1a: Skarmory|1/100
|
|-weather|Sandstorm|[upkeep]
|-heal|p2a: Battleship?|69/100|[from] item: Leftovers
|upkeep
|turn|80
|
|t:|1728894740
|move|p1a: Skarmory|Spikes|p2a: Battleship?
|-sidestart|p2: Janis105|Spikes
|move|p2a: Battleship?|Hidden Power|p1a: Skarmory
|-resisted|p1a: Skarmory
|-damage|p1a: Skarmory|0 fnt
|faint|p1a: Skarmory
|
|t:|1728894743
|switch|p1a: Blissey|Blissey, F|59/100
|-damage|p1a: Blissey|35/100|[from] Spikes
|
|-weather|Sandstorm|[upkeep]
|-damage|p1a: Blissey|28/100|[from] Sandstorm
|-heal|p1a: Blissey|35/100|[from] item: Leftovers
|-heal|p2a: Battleship?|75/100|[from] item: Leftovers
|upkeep
|turn|81
|
|t:|1728894750
|move|p1a: Blissey|Ice Beam|p2a: Battleship?
|-resisted|p2a: Battleship?
|-damage|p2a: Battleship?|65/100
|move|p2a: Battleship?|Rapid Spin|p1a: Blissey
|-damage|p1a: Blissey|31/100
|-sideend|p2: Janis105|Spikes|[from] move: Rapid Spin|[of] p2a: Battleship?
|
|-weather|Sandstorm|[upkeep]
|-damage|p1a: Blissey|24/100|[from] Sandstorm
|-heal|p1a: Blissey|31/100|[from] item: Leftovers
|-heal|p2a: Battleship?|71/100|[from] item: Leftovers
|upkeep
|turn|82
|
|t:|1728894757
|move|p1a: Blissey|Soft-Boiled|p1a: Blissey
|-heal|p1a: Blissey|81/100
|move|p2a: Battleship?|Hidden Power|p1a: Blissey
|-damage|p1a: Blissey|60/100
|
|-weather|Sandstorm|[upkeep]
|-damage|p1a: Blissey|54/100|[from] Sandstorm
|-heal|p1a: Blissey|60/100|[from] item: Leftovers
|-heal|p2a: Battleship?|77/100|[from] item: Leftovers
|upkeep
|turn|83
|
|t:|1728894765
|move|p1a: Blissey|Seismic Toss|p2a: Battleship?
|-damage|p2a: Battleship?|49/100
|move|p2a: Battleship?|Hidden Power|p1a: Blissey
|-damage|p1a: Blissey|39/100
|
|-weather|Sandstorm|[upkeep]
|-damage|p1a: Blissey|33/100|[from] Sandstorm
|-heal|p1a: Blissey|39/100|[from] item: Leftovers
|-heal|p2a: Battleship?|55/100|[from] item: Leftovers
|upkeep
|turn|84
|
|t:|1728894769
|switch|p2a: Joaquin Phoenix|Moltres|62/100 slp
|move|p1a: Blissey|Soft-Boiled|p1a: Blissey
|-heal|p1a: Blissey|89/100
|
|-weather|Sandstorm|[upkeep]
|-damage|p2a: Joaquin Phoenix|56/100 slp|[from] Sandstorm
|-damage|p1a: Blissey|83/100|[from] Sandstorm
|-heal|p2a: Joaquin Phoenix|62/100 slp|[from] item: Leftovers
|-heal|p1a: Blissey|89/100|[from] item: Leftovers
|upkeep
|turn|85
|
|t:|1728894773
|cant|p2a: Joaquin Phoenix|slp
|move|p1a: Blissey|Seismic Toss|p2a: Joaquin Phoenix
|-damage|p2a: Joaquin Phoenix|32/100 slp
|
|-weather|Sandstorm|[upkeep]
|-damage|p2a: Joaquin Phoenix|26/100 slp|[from] Sandstorm
|-damage|p1a: Blissey|83/100|[from] Sandstorm
|-heal|p2a: Joaquin Phoenix|32/100 slp|[from] item: Leftovers
|-heal|p1a: Blissey|89/100|[from] item: Leftovers
|upkeep
|turn|86
|
|t:|1728894778
|cant|p2a: Joaquin Phoenix|slp
|move|p1a: Blissey|Seismic Toss|p2a: Joaquin Phoenix
|-damage|p2a: Joaquin Phoenix|3/100 slp
|
|-weather|Sandstorm|[upkeep]
|-damage|p2a: Joaquin Phoenix|0 fnt|[from] Sandstorm
|-damage|p1a: Blissey|83/100|[from] Sandstorm
|faint|p2a: Joaquin Phoenix
|-heal|p1a: Blissey|89/100|[from] item: Leftovers
|upkeep
|
|t:|1728894783
|switch|p2a: Sumpex|Swampert, M|85/100
|turn|87
|
|t:|1728894789
|move|p2a: Sumpex|Earthquake|p1a: Blissey
|-damage|p1a: Blissey|52/100
|move|p1a: Blissey|Sing|p2a: Sumpex|[miss]
|-miss|p1a: Blissey|p2a: Sumpex
|
|-weather|Sandstorm|[upkeep]
|-damage|p1a: Blissey|46/100|[from] Sandstorm
|-heal|p2a: Sumpex|91/100|[from] item: Leftovers
|-heal|p1a: Blissey|52/100|[from] item: Leftovers
|upkeep
|turn|88
|
|t:|1728894796
|move|p2a: Sumpex|Earthquake|p1a: Blissey
|-crit|p1a: Blissey
|-damage|p1a: Blissey|0 fnt
|faint|p1a: Blissey
|
|win|Janis105
|c|☆Christos|gg
|c|☆Janis105|gg

</script>
<script type="application/json" class="data" id="replaydata-smogtours-gen3ou-798613">
{"id":"smogtours-gen3ou-798613","format":"[Gen 3] OU","players":["Christos","Janis105"],"uploadtime":1728894796,"views":91,"formatid":"gen3ou","rating":null,"private":1,"password":null}
</script>

<script defer src="js/replays.js?9d40a366"></script>
