<!DOCTYPE html>
<meta charset="utf-8" />
<meta name="viewport" content="width=device-width" />

<title>[Gen 3] OU: algerian mannat vs. blanched - Replays - Pok&eacute;mon Showdown!</title>

<meta name="description" content="Watch a replay of a Pok&eacute;mon battle between algerian mannat and blanched! Format: [Gen 3] OU; Date: Oct 3, 2024" />
<!--

Hey, you! Looking in the source for the replay log?

You can find them in JSON format, just add `.json` at the end of a replay URL.

https://replay.pokemonshowdown.com/gen7randomdoublesbattle-865046831.json

Or, if you only need the log itself, add `.log` instead:

https://replay.pokemonshowdown.com/gen7randomdoublesbattle-865046831.log

-->

<link rel="stylesheet" href="//pokemonshowdown.com/style/global.css?0.023195364461161105" />
<link rel="stylesheet" href="//play.pokemonshowdown.com/style/font-awesome.css?0.13261647063804238" />
<link rel="stylesheet" href="//play.pokemonshowdown.com/style/battle.css?0.8753245789963631" />
<link rel="stylesheet" href="//play.pokemonshowdown.com/style/utilichart.css?0.8627959624976733" />

<!-- Global site tag (gtag.js) - Google Analytics -->
<script async src="https://www.googletagmanager.com/gtag/js?id=UA-26211653-1"></script>
<script>
  window.dataLayer = window.dataLayer || [];
  function gtag(){dataLayer.push(arguments);}
  gtag('js', new Date());

  gtag('config', 'UA-26211653-1');
</script>
<!-- End Google Analytics -->
<!-- Venatus Ad Manager - Install in <HEAD> of page -->
	<script src="https://hb.vntsm.com/v3/live/ad-manager.min.js" type="text/javascript" data-site-id="642aba63ec9a7b11c3c9c1be" data-mode="scan" async></script>
<!-- / Venatus Ad Manager -->

<style>
	@media (max-width:820px) {
		.battle {
			margin: 0 auto;
		}
		.battle-log {
			margin: 7px auto 0;
			max-width: 640px;
			height: 300px;
			position: static;
		}
	}
	.optgroup {
		display: inline-block;
		line-height: 22px;
		font-size: 10pt;
	}
	.optgroup .button {
		height: 25px;
		padding-top: 0;
		padding-bottom: 0;
	}
	.optgroup button.button {
		padding-left: 12px;
		padding-right: 12px;
	}
	.linklist {
		list-style: none;
		margin: 0.5em 0;
		padding: 0;
	}
	.linklist li {
		padding: 2px 0;
	}
	.sidebar {
		float: left;
		width: 320px;
	}
	.bar-wrapper {
		max-width: 1100px;
		margin: 0 auto;
	}
	.bar-wrapper.has-sidebar {
		max-width: 1430px;
	}
	.mainbar {
		margin: 0;
		padding-right: 1px;
	}
	.mainbar.has-sidebar {
		margin-left: 330px;
	}
	@media (min-width: 1511px) {
		.sidebar {
			width: 400px;
		}
		.bar-wrapper.has-sidebar {
			max-width: 1510px;
		}
		.mainbar.has-sidebar {
			margin-left: 410px;
		}
	}
	.section.first-section {
		margin-top: 9px;
	}
	.blocklink small {
		white-space: normal;
	}
	.button {
		vertical-align: middle;
	}
	.replay-controls {
		padding-top: 10px;
	}
	.replay-controls h1 {
		font-size: 16pt;
		font-weight: normal;
		color: #CCC;
	}
	.pagelink {
		text-align: center;
	}
	.pagelink a {
		width: 150px;
	}
	.textbox, .button {
		font-size: 11pt;
		vertical-align: middle;
	}
	@media (max-width: 450px) {
		.button {
			font-size: 9pt;
		}
	}
</style>

<div>

	<header>
		<div class="nav-wrapper"><ul class="nav">
			<li><a class="button nav-first" href="//pokemonshowdown.com/"><img src="//pokemonshowdown.com/images/pokemonshowdownbeta.png" srcset="//pokemonshowdown.com/images/pokemonshowdownbeta.png 1x, //pokemonshowdown.com/images/pokemonshowdownbeta@2x.png 2x" alt="Pok&eacute;mon Showdown" width="146" height="44" /> Home</a></li>
			<li><a class="button" href="//pokemonshowdown.com/dex/">Pok&eacute;dex</a></li>
			<li><a class="button cur" href="/">Replays</a></li>
			<li><a class="button" href="//pokemonshowdown.com/ladder/">Ladder</a></li>
			<li><a class="button nav-last" href="//pokemonshowdown.com/forums/">Forum</a></li>
			<li><a class="button greenbutton nav-first nav-last" href="//play.pokemonshowdown.com/">Play</a></li>
		</ul></div>
	</header>

	<div class="main" id="main">

		<noscript><section class="section">You need to enable JavaScript to use this page; sorry!</section></noscript>

	</div>

</div>

<script defer nomodule src="//play.pokemonshowdown.com/js/lib/ps-polyfill.js"></script>
<script defer src="//play.pokemonshowdown.com/js/lib/preact.min.js"></script>

<script defer src="//play.pokemonshowdown.com/config/config.js?2bddbc15"></script>
<script defer src="//play.pokemonshowdown.com/js/lib/jquery-1.11.0.min.js"></script>
<script defer src="//play.pokemonshowdown.com/js/lib/html-sanitizer-minified.js"></script>
<script defer src="//play.pokemonshowdown.com/js/battle-sound.js"></script>
<script defer src="//play.pokemonshowdown.com/js/battledata.js?0.7209276989879541"></script>
<script defer src="//play.pokemonshowdown.com/data/pokedex-mini.js?0.6111056340867951"></script>
<script defer src="//play.pokemonshowdown.com/data/pokedex-mini-bw.js?0.3532142036491459"></script>
<script defer src="//play.pokemonshowdown.com/data/graphics.js?0.24223875632456182"></script>
<script defer src="//play.pokemonshowdown.com/data/pokedex.js?0.38839984266356864"></script>
<script defer src="//play.pokemonshowdown.com/data/moves.js?0.21866028504024015"></script>
<script defer src="//play.pokemonshowdown.com/data/abilities.js?0.2005157953846628"></script>
<script defer src="//play.pokemonshowdown.com/data/items.js?0.9894211263848525"></script>
<script defer src="//play.pokemonshowdown.com/data/teambuilder-tables.js?0.6008791140282215"></script>
<script defer src="//play.pokemonshowdown.com/js/battle-tooltips.js?0.7580118955022959"></script>
<script defer src="//play.pokemonshowdown.com/js/battle.js?0.6057722274234274"></script>

<script defer src="js/utils.js?e31f9a17"></script>
<script defer src="js/replays-battle.js?7008c182"></script>

<!-- don't scrape this data! just add .json or .log after the URL!
Full API docs: https://github.com/smogon/pokemon-showdown-client/blob/master/WEB-API.md -->
<script type="text/plain" class="log" id="replaylog-smogtours-gen3ou-794292">
|inactive|Battle timer is ON: inactive players will automatically lose when time's up.
|t:|1727979450
|gametype|singles
|player|p1|algerian mannat|102|
|player|p2|blanched|bea|
|teamsize|p1|6
|teamsize|p2|6
|gen|3
|tier|[Gen 3] OU
|rule|Sleep Clause Mod: Limit one foe put to sleep
|rule|Switch Priority Clause Mod: Faster Pokémon switch first
|rule|Species Clause: Limit one of each Pokémon
|rule|OHKO Clause: OHKO moves are banned
|rule|Evasion Items Clause: Evasion items are banned
|rule|Evasion Moves Clause: Evasion moves are banned
|rule|Endless Battle Clause: Forcing endless battles is banned
|rule|HP Percentage Mod: HP is shown in percentages
|rule|One Boost Passer Clause: Limit one Baton Passer that has a way to boost its stats
|rule|Freeze Clause Mod: Limit one foe frozen
|
|t:|1727979450
|start
|switch|p1a: Tyranitar|Tyranitar, F|100/100
|switch|p2a: Medicham|Medicham, F|100/100
|-weather|Sandstorm|[from] ability: Sand Stream|[of] p1a: Tyranitar
|turn|1
|c|☆algerian mannat|i just realized im not permalocked
|c|☆algerian mannat|crazy
|c|☆blanched|yeah lmao
|c|☆blanched|hf
|inactive|algerian mannat has 270 seconds left.
|
|t:|1727979494
|move|p2a: Medicham|Shadow Ball|p1a: Tyranitar
|-resisted|p1a: Tyranitar
|-damage|p1a: Tyranitar|87/100
|move|p1a: Tyranitar|Crunch|p2a: Medicham
|-damage|p2a: Medicham|41/100
|
|-weather|Sandstorm|[upkeep]
|-damage|p2a: Medicham|34/100|[from] Sandstorm
|-heal|p1a: Tyranitar|94/100|[from] item: Leftovers
|upkeep
|turn|2
|inactive|algerian mannat has 270 seconds left.
|
|t:|1727979546
|switch|p1a: Moltres|Moltres|100/100
|move|p2a: Medicham|Shadow Ball|p1a: Moltres
|-damage|p1a: Moltres|59/100
|
|-weather|Sandstorm|[upkeep]
|-damage|p2a: Medicham|28/100|[from] Sandstorm
|-damage|p1a: Moltres|53/100|[from] Sandstorm
|-heal|p1a: Moltres|59/100|[from] item: Leftovers
|upkeep
|turn|3
|inactive|blanched has 270 seconds left.
|
|t:|1727979575
|switch|p2a: Suicune|Suicune|100/100
|switch|p1a: Swampert|Swampert, F|100/100
|
|-weather|Sandstorm|[upkeep]
|-damage|p2a: Suicune|94/100|[from] Sandstorm
|-heal|p2a: Suicune|100/100|[from] item: Leftovers
|upkeep
|turn|4
|inactive|blanched has 270 seconds left.
|
|t:|1727979586
|switch|p1a: Blissey|Blissey, F|100/100
|move|p2a: Suicune|Calm Mind|p2a: Suicune
|-boost|p2a: Suicune|spa|1
|-boost|p2a: Suicune|spd|1
|
|-weather|Sandstorm|[upkeep]
|-damage|p2a: Suicune|94/100|[from] Sandstorm
|-damage|p1a: Blissey|94/100|[from] Sandstorm
|-heal|p2a: Suicune|100/100|[from] item: Leftovers
|-heal|p1a: Blissey|100/100|[from] item: Leftovers
|upkeep
|turn|5
|inactive|algerian mannat has 270 seconds left.
|inactive|blanched has 270 seconds left.
|
|t:|1727979602
|switch|p2a: Snorlax|Snorlax, M|100/100
|move|p1a: Blissey|Thunder Wave|p2a: Snorlax
|-status|p2a: Snorlax|par
|
|-weather|Sandstorm|[upkeep]
|-damage|p1a: Blissey|94/100|[from] Sandstorm
|-damage|p2a: Snorlax|94/100 par|[from] Sandstorm
|-heal|p1a: Blissey|100/100|[from] item: Leftovers
|-heal|p2a: Snorlax|100/100 par|[from] item: Leftovers
|upkeep
|turn|6
|inactive|algerian mannat has 270 seconds left.
|
|t:|1727979621
|switch|p1a: Forretress|Forretress, F|100/100
|switch|p2a: Magneton|Magneton|100/100
|
|-weather|Sandstorm|[upkeep]
|upkeep
|turn|7
|
|t:|1727979626
|move|p2a: Magneton|Hidden Power|p1a: Forretress
|-supereffective|p1a: Forretress
|-damage|p1a: Forretress|2/100
|move|p1a: Forretress|Spikes|p2a: Magneton
|-sidestart|p2: blanched|Spikes
|
|-weather|Sandstorm|[upkeep]
|-heal|p1a: Forretress|8/100|[from] item: Leftovers
|upkeep
|turn|8
|
|t:|1727979633
|move|p2a: Magneton|Hidden Power|p1a: Forretress
|-supereffective|p1a: Forretress
|-damage|p1a: Forretress|0 fnt
|faint|p1a: Forretress
|
|t:|1727979636
|switch|p1a: Moltres|Moltres|59/100
|
|-weather|Sandstorm|[upkeep]
|-damage|p1a: Moltres|53/100|[from] Sandstorm
|-heal|p1a: Moltres|59/100|[from] item: Leftovers
|upkeep
|turn|9
|
|t:|1727979647
|move|p1a: Moltres|Flamethrower|p2a: Magneton
|-supereffective|p2a: Magneton
|-damage|p2a: Magneton|0 fnt
|faint|p2a: Magneton
|
|t:|1727979652
|switch|p2a: Snorlax|Snorlax, M|100/100 par
|-damage|p2a: Snorlax|88/100 par|[from] Spikes
|
|-weather|Sandstorm|[upkeep]
|-damage|p1a: Moltres|53/100|[from] Sandstorm
|-damage|p2a: Snorlax|82/100 par|[from] Sandstorm
|-heal|p1a: Moltres|59/100|[from] item: Leftovers
|-heal|p2a: Snorlax|88/100 par|[from] item: Leftovers
|upkeep
|turn|10
|
|t:|1727979670
|move|p1a: Moltres|Overheat|p2a: Snorlax
|-damage|p2a: Snorlax|47/100 par
|-unboost|p1a: Moltres|spa|2
|move|p2a: Snorlax|Body Slam|p1a: Moltres
|-crit|p1a: Moltres
|-damage|p1a: Moltres|0 fnt
|faint|p1a: Moltres
|
|t:|1727979677
|switch|p1a: Tyranitar|Tyranitar, F|94/100
|
|-weather|Sandstorm|[upkeep]
|-damage|p2a: Snorlax|40/100 par|[from] Sandstorm
|-heal|p1a: Tyranitar|99/100|[from] item: Leftovers
|-heal|p2a: Snorlax|47/100 par|[from] item: Leftovers
|upkeep
|turn|11
|
|t:|1727979684
|move|p1a: Tyranitar|Brick Break|p2a: Snorlax
|-supereffective|p2a: Snorlax
|-damage|p2a: Snorlax|9/100 par
|move|p2a: Snorlax|Self-Destruct|p1a: Tyranitar
|-resisted|p1a: Tyranitar
|-damage|p1a: Tyranitar|32/100
|faint|p2a: Snorlax
|
|t:|1727979692
|switch|p2a: Medicham|Medicham, F|28/100
|-damage|p2a: Medicham|16/100|[from] Spikes
|
|-weather|Sandstorm|[upkeep]
|-damage|p2a: Medicham|10/100|[from] Sandstorm
|-enditem|p2a: Medicham|Salac Berry|[eat]
|-boost|p2a: Medicham|spe|1|[from] item: Salac Berry
|-heal|p1a: Tyranitar|38/100|[from] item: Leftovers
|upkeep
|turn|12
|
|t:|1727979697
|move|p2a: Medicham|Brick Break|p1a: Tyranitar
|-supereffective|p1a: Tyranitar
|-damage|p1a: Tyranitar|0 fnt
|faint|p1a: Tyranitar
|
|t:|1727979700
|switch|p1a: Swampert|Swampert, F|100/100
|
|-weather|Sandstorm|[upkeep]
|-damage|p2a: Medicham|4/100|[from] Sandstorm
|upkeep
|turn|13
|
|t:|1727979705
|move|p1a: Swampert|Protect|p1a: Swampert
|-singleturn|p1a: Swampert|Protect
|move|p2a: Medicham|Brick Break|p1a: Swampert
|-activate|p1a: Swampert|Protect
|
|-weather|Sandstorm|[upkeep]
|-damage|p2a: Medicham|0 fnt|[from] Sandstorm
|faint|p2a: Medicham
|upkeep
|
|t:|1727979708
|switch|p2a: Suicune|Suicune|100/100
|-damage|p2a: Suicune|88/100|[from] Spikes
|turn|14
|
|t:|1727979712
|move|p2a: Suicune|Calm Mind|p2a: Suicune
|-boost|p2a: Suicune|spa|1
|-boost|p2a: Suicune|spd|1
|move|p1a: Swampert|Earthquake|p2a: Suicune
|-damage|p2a: Suicune|59/100
|
|-weather|Sandstorm|[upkeep]
|-damage|p2a: Suicune|52/100|[from] Sandstorm
|-heal|p2a: Suicune|59/100|[from] item: Leftovers
|upkeep
|turn|15
|
|t:|1727979718
|switch|p1a: Blissey|Blissey, F|100/100
|move|p2a: Suicune|Surf|p1a: Blissey
|-damage|p1a: Blissey|79/100
|
|-weather|Sandstorm|[upkeep]
|-damage|p2a: Suicune|52/100|[from] Sandstorm
|-damage|p1a: Blissey|73/100|[from] Sandstorm
|-heal|p2a: Suicune|59/100|[from] item: Leftovers
|-heal|p1a: Blissey|79/100|[from] item: Leftovers
|upkeep
|turn|16
|
|t:|1727979721
|move|p2a: Suicune|Calm Mind|p2a: Suicune
|-boost|p2a: Suicune|spa|1
|-boost|p2a: Suicune|spd|1
|move|p1a: Blissey|Thunder Wave|p2a: Suicune
|-status|p2a: Suicune|par
|
|-weather|Sandstorm|[upkeep]
|-damage|p1a: Blissey|73/100|[from] Sandstorm
|-damage|p2a: Suicune|52/100 par|[from] Sandstorm
|-heal|p1a: Blissey|79/100|[from] item: Leftovers
|-heal|p2a: Suicune|59/100 par|[from] item: Leftovers
|upkeep
|turn|17
|
|t:|1727979726
|move|p1a: Blissey|Seismic Toss|p2a: Suicune
|-damage|p2a: Suicune|34/100 par
|move|p2a: Suicune|Rest|p2a: Suicune
|-status|p2a: Suicune|slp|[from] move: Rest
|-heal|p2a: Suicune|100/100 slp|[silent]
|
|-weather|Sandstorm|[upkeep]
|-damage|p2a: Suicune|94/100 slp|[from] Sandstorm
|-damage|p1a: Blissey|73/100|[from] Sandstorm
|-heal|p2a: Suicune|100/100 slp|[from] item: Leftovers
|-heal|p1a: Blissey|79/100|[from] item: Leftovers
|upkeep
|turn|18
|
|t:|1727979732
|cant|p2a: Suicune|slp
|move|p1a: Blissey|Seismic Toss|p2a: Suicune
|-damage|p2a: Suicune|76/100 slp
|
|-weather|Sandstorm|[upkeep]
|-damage|p2a: Suicune|70/100 slp|[from] Sandstorm
|-damage|p1a: Blissey|73/100|[from] Sandstorm
|-heal|p2a: Suicune|76/100 slp|[from] item: Leftovers
|-heal|p1a: Blissey|79/100|[from] item: Leftovers
|upkeep
|turn|19
|
|t:|1727979734
|cant|p2a: Suicune|slp
|move|p1a: Blissey|Seismic Toss|p2a: Suicune
|-damage|p2a: Suicune|51/100 slp
|
|-weather|Sandstorm|[upkeep]
|-damage|p2a: Suicune|45/100 slp|[from] Sandstorm
|-damage|p1a: Blissey|73/100|[from] Sandstorm
|-heal|p2a: Suicune|51/100 slp|[from] item: Leftovers
|-heal|p1a: Blissey|79/100|[from] item: Leftovers
|upkeep
|turn|20
|
|t:|1727979739
|-curestatus|p2a: Suicune|slp|[msg]
|move|p2a: Suicune|Calm Mind|p2a: Suicune
|-boost|p2a: Suicune|spa|1
|-boost|p2a: Suicune|spd|1
|move|p1a: Blissey|Thunder Wave|p2a: Suicune
|-status|p2a: Suicune|par
|
|-weather|Sandstorm|[upkeep]
|-damage|p1a: Blissey|73/100|[from] Sandstorm
|-damage|p2a: Suicune|45/100 par|[from] Sandstorm
|-heal|p1a: Blissey|79/100|[from] item: Leftovers
|-heal|p2a: Suicune|51/100 par|[from] item: Leftovers
|upkeep
|turn|21
|
|t:|1727979742
|move|p1a: Blissey|Seismic Toss|p2a: Suicune
|-damage|p2a: Suicune|26/100 par
|move|p2a: Suicune|Rest|p2a: Suicune
|-status|p2a: Suicune|slp|[from] move: Rest
|-heal|p2a: Suicune|100/100 slp|[silent]
|
|-weather|Sandstorm|[upkeep]
|-damage|p2a: Suicune|94/100 slp|[from] Sandstorm
|-damage|p1a: Blissey|73/100|[from] Sandstorm
|-heal|p2a: Suicune|100/100 slp|[from] item: Leftovers
|-heal|p1a: Blissey|79/100|[from] item: Leftovers
|upkeep
|turn|22
|
|t:|1727979746
|cant|p2a: Suicune|slp
|move|p1a: Blissey|Seismic Toss|p2a: Suicune
|-damage|p2a: Suicune|76/100 slp
|
|-weather|Sandstorm|[upkeep]
|-damage|p2a: Suicune|70/100 slp|[from] Sandstorm
|-damage|p1a: Blissey|73/100|[from] Sandstorm
|-heal|p2a: Suicune|76/100 slp|[from] item: Leftovers
|-heal|p1a: Blissey|79/100|[from] item: Leftovers
|upkeep
|turn|23
|
|t:|1727979750
|cant|p2a: Suicune|slp
|move|p1a: Blissey|Seismic Toss|p2a: Suicune
|-damage|p2a: Suicune|51/100 slp
|
|-weather|Sandstorm|[upkeep]
|-damage|p2a: Suicune|45/100 slp|[from] Sandstorm
|-damage|p1a: Blissey|73/100|[from] Sandstorm
|-heal|p2a: Suicune|51/100 slp|[from] item: Leftovers
|-heal|p1a: Blissey|79/100|[from] item: Leftovers
|upkeep
|turn|24
|
|t:|1727979753
|-curestatus|p2a: Suicune|slp|[msg]
|move|p2a: Suicune|Surf|p1a: Blissey
|-damage|p1a: Blissey|47/100
|move|p1a: Blissey|Thunder Wave|p2a: Suicune
|-status|p2a: Suicune|par
|
|-weather|Sandstorm|[upkeep]
|-damage|p1a: Blissey|41/100|[from] Sandstorm
|-damage|p2a: Suicune|45/100 par|[from] Sandstorm
|-heal|p1a: Blissey|47/100|[from] item: Leftovers
|-heal|p2a: Suicune|51/100 par|[from] item: Leftovers
|upkeep
|turn|25
|
|t:|1727979756
|move|p1a: Blissey|Seismic Toss|p2a: Suicune
|-damage|p2a: Suicune|26/100 par
|cant|p2a: Suicune|par
|
|-weather|Sandstorm|[upkeep]
|-damage|p1a: Blissey|41/100|[from] Sandstorm
|-damage|p2a: Suicune|20/100 par|[from] Sandstorm
|-heal|p1a: Blissey|47/100|[from] item: Leftovers
|-heal|p2a: Suicune|26/100 par|[from] item: Leftovers
|upkeep
|turn|26
|
|t:|1727979757
|move|p1a: Blissey|Seismic Toss|p2a: Suicune
|-damage|p2a: Suicune|1/100 par
|move|p2a: Suicune|Rest|p2a: Suicune
|-status|p2a: Suicune|slp|[from] move: Rest
|-heal|p2a: Suicune|100/100 slp|[silent]
|
|-weather|Sandstorm|[upkeep]
|-damage|p2a: Suicune|94/100 slp|[from] Sandstorm
|-damage|p1a: Blissey|41/100|[from] Sandstorm
|-heal|p2a: Suicune|100/100 slp|[from] item: Leftovers
|-heal|p1a: Blissey|47/100|[from] item: Leftovers
|upkeep
|turn|27
|
|t:|1727979760
|cant|p2a: Suicune|slp
|move|p1a: Blissey|Soft-Boiled|p1a: Blissey
|-heal|p1a: Blissey|97/100
|
|-weather|Sandstorm|[upkeep]
|-damage|p2a: Suicune|94/100 slp|[from] Sandstorm
|-damage|p1a: Blissey|91/100|[from] Sandstorm
|-heal|p2a: Suicune|100/100 slp|[from] item: Leftovers
|-heal|p1a: Blissey|97/100|[from] item: Leftovers
|upkeep
|turn|28
|
|t:|1727979762
|cant|p2a: Suicune|slp
|move|p1a: Blissey|Wish|p1a: Blissey
|
|-weather|Sandstorm|[upkeep]
|-damage|p2a: Suicune|94/100 slp|[from] Sandstorm
|-damage|p1a: Blissey|91/100|[from] Sandstorm
|-heal|p2a: Suicune|100/100 slp|[from] item: Leftovers
|-heal|p1a: Blissey|97/100|[from] item: Leftovers
|upkeep
|turn|29
|
|t:|1727979766
|-curestatus|p2a: Suicune|slp|[msg]
|move|p2a: Suicune|Calm Mind|p2a: Suicune
|-boost|p2a: Suicune|spa|1
|-boost|p2a: Suicune|spd|1
|move|p1a: Blissey|Thunder Wave|p2a: Suicune
|-status|p2a: Suicune|par
|
|-heal|p1a: Blissey|100/100|[from] move: Wish|[wisher] Blissey
|-weather|Sandstorm|[upkeep]
|-damage|p1a: Blissey|94/100|[from] Sandstorm
|-damage|p2a: Suicune|94/100 par|[from] Sandstorm
|-heal|p1a: Blissey|100/100|[from] item: Leftovers
|-heal|p2a: Suicune|100/100 par|[from] item: Leftovers
|upkeep
|turn|30
|
|t:|1727979768
|move|p1a: Blissey|Seismic Toss|p2a: Suicune
|-damage|p2a: Suicune|76/100 par
|move|p2a: Suicune|Surf|p1a: Blissey
|-damage|p1a: Blissey|57/100
|
|-weather|Sandstorm|[upkeep]
|-damage|p1a: Blissey|51/100|[from] Sandstorm
|-damage|p2a: Suicune|70/100 par|[from] Sandstorm
|-heal|p1a: Blissey|57/100|[from] item: Leftovers
|-heal|p2a: Suicune|76/100 par|[from] item: Leftovers
|upkeep
|turn|31
|
|t:|1727979771
|move|p1a: Blissey|Wish|p1a: Blissey
|move|p2a: Suicune|Rest|p2a: Suicune
|-status|p2a: Suicune|slp|[from] move: Rest
|-heal|p2a: Suicune|100/100 slp|[silent]
|
|-weather|Sandstorm|[upkeep]
|-damage|p2a: Suicune|94/100 slp|[from] Sandstorm
|-damage|p1a: Blissey|51/100|[from] Sandstorm
|-heal|p2a: Suicune|100/100 slp|[from] item: Leftovers
|-heal|p1a: Blissey|57/100|[from] item: Leftovers
|upkeep
|turn|32
|
|t:|1727979777
|cant|p2a: Suicune|slp
|move|p1a: Blissey|Seismic Toss|p2a: Suicune
|-damage|p2a: Suicune|76/100 slp
|
|-heal|p1a: Blissey|100/100|[from] move: Wish|[wisher] Blissey
|-weather|Sandstorm|[upkeep]
|-damage|p2a: Suicune|70/100 slp|[from] Sandstorm
|-damage|p1a: Blissey|94/100|[from] Sandstorm
|-heal|p2a: Suicune|76/100 slp|[from] item: Leftovers
|-heal|p1a: Blissey|100/100|[from] item: Leftovers
|upkeep
|turn|33
|
|t:|1727979780
|cant|p2a: Suicune|slp
|move|p1a: Blissey|Seismic Toss|p2a: Suicune
|-damage|p2a: Suicune|51/100 slp
|
|-weather|Sandstorm|[upkeep]
|-damage|p2a: Suicune|45/100 slp|[from] Sandstorm
|-damage|p1a: Blissey|94/100|[from] Sandstorm
|-heal|p2a: Suicune|51/100 slp|[from] item: Leftovers
|-heal|p1a: Blissey|100/100|[from] item: Leftovers
|upkeep
|turn|34
|
|t:|1727979783
|-curestatus|p2a: Suicune|slp|[msg]
|move|p2a: Suicune|Surf|p1a: Blissey
|-crit|p1a: Blissey
|-damage|p1a: Blissey|27/100
|move|p1a: Blissey|Thunder Wave|p2a: Suicune
|-status|p2a: Suicune|par
|
|-weather|Sandstorm|[upkeep]
|-damage|p1a: Blissey|21/100|[from] Sandstorm
|-damage|p2a: Suicune|45/100 par|[from] Sandstorm
|-heal|p1a: Blissey|27/100|[from] item: Leftovers
|-heal|p2a: Suicune|51/100 par|[from] item: Leftovers
|upkeep
|turn|35
|
|t:|1727979787
|move|p1a: Blissey|Seismic Toss|p2a: Suicune
|-damage|p2a: Suicune|26/100 par
|cant|p2a: Suicune|par
|
|-weather|Sandstorm|[upkeep]
|-damage|p1a: Blissey|21/100|[from] Sandstorm
|-damage|p2a: Suicune|20/100 par|[from] Sandstorm
|-heal|p1a: Blissey|27/100|[from] item: Leftovers
|-heal|p2a: Suicune|26/100 par|[from] item: Leftovers
|upkeep
|turn|36
|
|t:|1727979788
|move|p1a: Blissey|Seismic Toss|p2a: Suicune
|-damage|p2a: Suicune|1/100 par
|move|p2a: Suicune|Rest|p2a: Suicune
|-status|p2a: Suicune|slp|[from] move: Rest
|-heal|p2a: Suicune|100/100 slp|[silent]
|
|-weather|Sandstorm|[upkeep]
|-damage|p2a: Suicune|94/100 slp|[from] Sandstorm
|-damage|p1a: Blissey|21/100|[from] Sandstorm
|-heal|p2a: Suicune|100/100 slp|[from] item: Leftovers
|-heal|p1a: Blissey|27/100|[from] item: Leftovers
|upkeep
|turn|37
|
|t:|1727979790
|cant|p2a: Suicune|slp
|move|p1a: Blissey|Soft-Boiled|p1a: Blissey
|-heal|p1a: Blissey|77/100
|
|-weather|Sandstorm|[upkeep]
|-damage|p2a: Suicune|94/100 slp|[from] Sandstorm
|-damage|p1a: Blissey|71/100|[from] Sandstorm
|-heal|p2a: Suicune|100/100 slp|[from] item: Leftovers
|-heal|p1a: Blissey|77/100|[from] item: Leftovers
|upkeep
|turn|38
|
|t:|1727979804
|cant|p2a: Suicune|slp
|move|p1a: Blissey|Seismic Toss|p2a: Suicune
|-damage|p2a: Suicune|76/100 slp
|
|-weather|Sandstorm|[upkeep]
|-damage|p2a: Suicune|70/100 slp|[from] Sandstorm
|-damage|p1a: Blissey|71/100|[from] Sandstorm
|-heal|p2a: Suicune|76/100 slp|[from] item: Leftovers
|-heal|p1a: Blissey|77/100|[from] item: Leftovers
|upkeep
|turn|39
|
|t:|1727979807
|-curestatus|p2a: Suicune|slp|[msg]
|move|p2a: Suicune|Surf|p1a: Blissey
|-damage|p1a: Blissey|34/100
|move|p1a: Blissey|Thunder Wave|p2a: Suicune
|-status|p2a: Suicune|par
|
|-weather|Sandstorm|[upkeep]
|-damage|p1a: Blissey|28/100|[from] Sandstorm
|-damage|p2a: Suicune|70/100 par|[from] Sandstorm
|-heal|p1a: Blissey|34/100|[from] item: Leftovers
|-heal|p2a: Suicune|76/100 par|[from] item: Leftovers
|upkeep
|turn|40
|
|t:|1727979810
|move|p1a: Blissey|Seismic Toss|p2a: Suicune
|-damage|p2a: Suicune|51/100 par
|move|p2a: Suicune|Surf|p1a: Blissey
|-damage|p1a: Blissey|0 fnt
|faint|p1a: Blissey
|
|t:|1727979813
|switch|p1a: Gengar|Gengar, M|100/100
|
|-weather|Sandstorm|[upkeep]
|-damage|p1a: Gengar|94/100|[from] Sandstorm
|-damage|p2a: Suicune|45/100 par|[from] Sandstorm
|-heal|p1a: Gengar|100/100|[from] item: Leftovers
|-heal|p2a: Suicune|51/100 par|[from] item: Leftovers
|upkeep
|turn|41
|
|t:|1727979817
|move|p1a: Gengar|Explosion|p2a: Suicune
|-damage|p2a: Suicune|0 fnt
|faint|p1a: Gengar
|faint|p2a: Suicune
|
|t:|1727979825
|switch|p1a: Swampert|Swampert, F|100/100
|switch|p2a: Salamence|Salamence, F|100/100
|-ability|p2a: Salamence|Intimidate|boost
|-unboost|p1a: Swampert|atk|1
|
|-weather|Sandstorm|[upkeep]
|-damage|p2a: Salamence|94/100|[from] Sandstorm
|upkeep
|turn|42
|
|t:|1727979830
|switch|p2a: Metagross|Metagross|100/100
|-damage|p2a: Metagross|88/100|[from] Spikes
|move|p1a: Swampert|Ice Beam|p2a: Metagross
|-resisted|p2a: Metagross
|-damage|p2a: Metagross|79/100
|
|-weather|Sandstorm|[upkeep]
|-heal|p2a: Metagross|85/100|[from] item: Leftovers
|upkeep
|turn|43
|
|t:|1727979836
|move|p2a: Metagross|Meteor Mash|p1a: Swampert
|-resisted|p1a: Swampert
|-damage|p1a: Swampert|81/100
|move|p1a: Swampert|Surf|p2a: Metagross
|-damage|p2a: Metagross|56/100
|
|-weather|Sandstorm|[upkeep]
|-heal|p2a: Metagross|62/100|[from] item: Leftovers
|-heal|p1a: Swampert|87/100|[from] item: Leftovers
|upkeep
|turn|44
|
|t:|1727979841
|move|p2a: Metagross|Meteor Mash|p1a: Swampert
|-resisted|p1a: Swampert
|-damage|p1a: Swampert|69/100
|move|p1a: Swampert|Earthquake|p2a: Metagross
|-supereffective|p2a: Metagross
|-damage|p2a: Metagross|22/100
|
|-weather|Sandstorm|[upkeep]
|-heal|p2a: Metagross|28/100|[from] item: Leftovers
|-heal|p1a: Swampert|75/100|[from] item: Leftovers
|upkeep
|turn|45
|
|t:|1727979847
|move|p1a: Swampert|Protect|p1a: Swampert
|-singleturn|p1a: Swampert|Protect
|move|p2a: Metagross|Explosion|p1a: Swampert
|-activate|p1a: Swampert|Protect
|faint|p2a: Metagross
|
|t:|1727979849
|switch|p2a: Salamence|Salamence, F|94/100
|-ability|p2a: Salamence|Intimidate|boost
|-unboost|p1a: Swampert|atk|1
|
|-weather|Sandstorm|[upkeep]
|-damage|p2a: Salamence|88/100|[from] Sandstorm
|-heal|p1a: Swampert|82/100|[from] item: Leftovers
|upkeep
|turn|46
|
|t:|1727979861
|move|p2a: Salamence|Hidden Power|p1a: Swampert
|-damage|p1a: Swampert|55/100
|move|p1a: Swampert|Ice Beam|p2a: Salamence
|-supereffective|p2a: Salamence
|-damage|p2a: Salamence|13/100
|-status|p2a: Salamence|frz
|-enditem|p2a: Salamence|Lum Berry|[eat]
|-curestatus|p2a: Salamence|frz|[msg]
|
|-weather|Sandstorm|[upkeep]
|-damage|p2a: Salamence|7/100|[from] Sandstorm
|-heal|p1a: Swampert|61/100|[from] item: Leftovers
|upkeep
|turn|47
|c|☆algerian mannat|ggs
|c|☆blanched|ggs
|
|t:|1727979869
|move|p2a: Salamence|Hidden Power|p1a: Swampert
|-damage|p1a: Swampert|37/100
|move|p1a: Swampert|Ice Beam|p2a: Salamence
|-supereffective|p2a: Salamence
|-damage|p2a: Salamence|0 fnt
|faint|p2a: Salamence
|
|win|algerian mannat

</script>
<script type="application/json" class="data" id="replaydata-smogtours-gen3ou-794292">
{"id":"smogtours-gen3ou-794292","format":"[Gen 3] OU","players":["algerian mannat","blanched"],"uploadtime":1727979869,"views":133,"formatid":"gen3ou","rating":null,"private":0,"password":null}
</script>

<script defer src="js/replays.js?9d40a366"></script>
