<!DOCTYPE html>
<meta charset="utf-8" />
<meta name="viewport" content="width=device-width" />

<title>[Gen 3] OU: TheLargestLad vs. Pak - Replays - Pok&eacute;mon Showdown!</title>

<meta name="description" content="Watch a replay of a Pok&eacute;mon battle between TheLargestLad and Pak! Format: [Gen 3] OU; Date: Oct 27, 2024" />
<!--

Hey, you! Looking in the source for the replay log?

You can find them in JSON format, just add `.json` at the end of a replay URL.

https://replay.pokemonshowdown.com/gen7randomdoublesbattle-865046831.json

Or, if you only need the log itself, add `.log` instead:

https://replay.pokemonshowdown.com/gen7randomdoublesbattle-865046831.log

-->

<link rel="stylesheet" href="//pokemonshowdown.com/style/global.css?0.767286132409787" />
<link rel="stylesheet" href="//play.pokemonshowdown.com/style/font-awesome.css?0.9266228007934947" />
<link rel="stylesheet" href="//play.pokemonshowdown.com/style/battle.css?0.7924700842790926" />
<link rel="stylesheet" href="//play.pokemonshowdown.com/style/utilichart.css?0.8777417872839479" />

<!-- Global site tag (gtag.js) - Google Analytics -->
<script async src="https://www.googletagmanager.com/gtag/js?id=UA-26211653-1"></script>
<script>
  window.dataLayer = window.dataLayer || [];
  function gtag(){dataLayer.push(arguments);}
  gtag('js', new Date());

  gtag('config', 'UA-26211653-1');
</script>
<!-- End Google Analytics -->
<!-- Venatus Ad Manager - Install in <HEAD> of page -->
	<script src="https://hb.vntsm.com/v3/live/ad-manager.min.js" type="text/javascript" data-site-id="642aba63ec9a7b11c3c9c1be" data-mode="scan" async></script>
<!-- / Venatus Ad Manager -->

<style>
	@media (max-width:820px) {
		.battle {
			margin: 0 auto;
		}
		.battle-log {
			margin: 7px auto 0;
			max-width: 640px;
			height: 300px;
			position: static;
		}
	}
	.optgroup {
		display: inline-block;
		line-height: 22px;
		font-size: 10pt;
	}
	.optgroup .button {
		height: 25px;
		padding-top: 0;
		padding-bottom: 0;
	}
	.optgroup button.button {
		padding-left: 12px;
		padding-right: 12px;
	}
	.linklist {
		list-style: none;
		margin: 0.5em 0;
		padding: 0;
	}
	.linklist li {
		padding: 2px 0;
	}
	.sidebar {
		float: left;
		width: 320px;
	}
	.bar-wrapper {
		max-width: 1100px;
		margin: 0 auto;
	}
	.bar-wrapper.has-sidebar {
		max-width: 1430px;
	}
	.mainbar {
		margin: 0;
		padding-right: 1px;
	}
	.mainbar.has-sidebar {
		margin-left: 330px;
	}
	@media (min-width: 1511px) {
		.sidebar {
			width: 400px;
		}
		.bar-wrapper.has-sidebar {
			max-width: 1510px;
		}
		.mainbar.has-sidebar {
			margin-left: 410px;
		}
	}
	.section.first-section {
		margin-top: 9px;
	}
	.blocklink small {
		white-space: normal;
	}
	.button {
		vertical-align: middle;
	}
	.replay-controls {
		padding-top: 10px;
	}
	.replay-controls h1 {
		font-size: 16pt;
		font-weight: normal;
		color: #CCC;
	}
	.pagelink {
		text-align: center;
	}
	.pagelink a {
		width: 150px;
	}
	.textbox, .button {
		font-size: 11pt;
		vertical-align: middle;
	}
	@media (max-width: 450px) {
		.button {
			font-size: 9pt;
		}
	}
</style>

<div>

	<header>
		<div class="nav-wrapper"><ul class="nav">
			<li><a class="button nav-first" href="//pokemonshowdown.com/"><img src="//pokemonshowdown.com/images/pokemonshowdownbeta.png" srcset="//pokemonshowdown.com/images/pokemonshowdownbeta.png 1x, //pokemonshowdown.com/images/pokemonshowdownbeta@2x.png 2x" alt="Pok&eacute;mon Showdown" width="146" height="44" /> Home</a></li>
			<li><a class="button" href="//pokemonshowdown.com/dex/">Pok&eacute;dex</a></li>
			<li><a class="button cur" href="/">Replays</a></li>
			<li><a class="button" href="//pokemonshowdown.com/ladder/">Ladder</a></li>
			<li><a class="button nav-last" href="//pokemonshowdown.com/forums/">Forum</a></li>
			<li><a class="button greenbutton nav-first nav-last" href="//play.pokemonshowdown.com/">Play</a></li>
		</ul></div>
	</header>

	<div class="main" id="main">

		<noscript><section class="section">You need to enable JavaScript to use this page; sorry!</section></noscript>

	</div>

</div>

<script defer nomodule src="//play.pokemonshowdown.com/js/lib/ps-polyfill.js"></script>
<script defer src="//play.pokemonshowdown.com/js/lib/preact.min.js"></script>

<script defer src="//play.pokemonshowdown.com/config/config.js?6dec07f6"></script>
<script defer src="//play.pokemonshowdown.com/js/lib/jquery-1.11.0.min.js"></script>
<script defer src="//play.pokemonshowdown.com/js/lib/html-sanitizer-minified.js"></script>
<script defer src="//play.pokemonshowdown.com/js/battle-sound.js"></script>
<script defer src="//play.pokemonshowdown.com/js/battledata.js?0.6315294753075389"></script>
<script defer src="//play.pokemonshowdown.com/data/pokedex-mini.js?0.7603743185311358"></script>
<script defer src="//play.pokemonshowdown.com/data/pokedex-mini-bw.js?0.030888842834281283"></script>
<script defer src="//play.pokemonshowdown.com/data/graphics.js?0.05593094747507488"></script>
<script defer src="//play.pokemonshowdown.com/data/pokedex.js?0.47064822249611904"></script>
<script defer src="//play.pokemonshowdown.com/data/moves.js?0.8583693120512459"></script>
<script defer src="//play.pokemonshowdown.com/data/abilities.js?0.16017181182386842"></script>
<script defer src="//play.pokemonshowdown.com/data/items.js?0.4163379185673943"></script>
<script defer src="//play.pokemonshowdown.com/data/teambuilder-tables.js?0.31075597372830477"></script>
<script defer src="//play.pokemonshowdown.com/js/battle-tooltips.js?0.6536193500708172"></script>
<script defer src="//play.pokemonshowdown.com/js/battle.js?0.1916591943277901"></script>

<script defer src="js/utils.js?e31f9a17"></script>
<script defer src="js/replays-battle.js?7008c182"></script>

<!-- don't scrape this data! just add .json or .log after the URL!
Full API docs: https://github.com/smogon/pokemon-showdown-client/blob/master/WEB-API.md -->
<script type="text/plain" class="log" id="replaylog-smogtours-gen3ou-802556">
|inactive|Battle timer is ON: inactive players will automatically lose when time's up.
|t:|1730052060
|gametype|singles
|player|p1|TheLargestLad|wattson|
|player|p2|Pak|#pak|
|teamsize|p1|6
|teamsize|p2|6
|gen|3
|tier|[Gen 3] OU
|rule|Sleep Clause Mod: Limit one foe put to sleep
|rule|Switch Priority Clause Mod: Faster Pokémon switch first
|rule|Species Clause: Limit one of each Pokémon
|rule|OHKO Clause: OHKO moves are banned
|rule|Evasion Items Clause: Evasion items are banned
|rule|Evasion Moves Clause: Evasion moves are banned
|rule|Endless Battle Clause: Forcing endless battles is banned
|rule|HP Percentage Mod: HP is shown in percentages
|rule|One Boost Passer Clause: Limit one Baton Passer that has a way to boost its stats
|rule|Freeze Clause Mod: Limit one foe frozen
|
|t:|1730052060
|start
|switch|p1a: SogDog|Suicune|100/100
|switch|p2a: Zapdos|Zapdos|100/100
|turn|1
|c|☆Pak|hf
|c|☆TheLargestLad|aye
|inactive|TheLargestLad has 270 seconds left.
|
|t:|1730052091
|switch|p1a: Lumpo|Snorlax, M|100/100
|move|p2a: Zapdos|Baton Pass|p2a: Zapdos
|
|t:|1730052104
|switch|p2a: Breloom|Breloom, F|100/100|[from] Baton Pass
|
|upkeep
|turn|2
|
|t:|1730052112
|switch|p1a: SogDog|Suicune|100/100
|move|p2a: Breloom|Spore|p1a: SogDog
|-status|p1a: SogDog|slp|[from] move: Spore
|
|upkeep
|turn|3
|
|t:|1730052120
|switch|p2a: Tyranitar|Tyranitar, M|100/100
|-weather|Sandstorm|[from] ability: Sand Stream|[of] p2a: Tyranitar
|switch|p1a: Greg|Salamence, M|100/100
|-ability|p1a: Greg|Intimidate|boost
|-unboost|p2a: Tyranitar|atk|1
|
|-weather|Sandstorm|[upkeep]
|-damage|p1a: Greg|94/100|[from] Sandstorm
|-heal|p1a: Greg|100/100|[from] item: Leftovers
|upkeep
|turn|4
|
|t:|1730052126
|switch|p2a: Zapdos|Zapdos|100/100
|move|p1a: Greg|Brick Break|p2a: Zapdos
|-resisted|p2a: Zapdos
|-damage|p2a: Zapdos|87/100
|
|-weather|Sandstorm|[upkeep]
|-damage|p2a: Zapdos|81/100|[from] Sandstorm
|-damage|p1a: Greg|94/100|[from] Sandstorm
|-heal|p2a: Zapdos|87/100|[from] item: Leftovers
|-heal|p1a: Greg|100/100|[from] item: Leftovers
|upkeep
|turn|5
|
|t:|1730052134
|switch|p1a: Lumpo|Snorlax, M|100/100
|move|p2a: Zapdos|Thunderbolt|p1a: Lumpo
|-damage|p1a: Lumpo|73/100
|
|-weather|Sandstorm|[upkeep]
|-damage|p2a: Zapdos|81/100|[from] Sandstorm
|-damage|p1a: Lumpo|67/100|[from] Sandstorm
|-heal|p2a: Zapdos|87/100|[from] item: Leftovers
|-heal|p1a: Lumpo|73/100|[from] item: Leftovers
|upkeep
|turn|6
|
|t:|1730052137
|move|p2a: Zapdos|Baton Pass|p2a: Zapdos
|
|t:|1730052145
|switch|p2a: Metagross|Metagross|100/100|[from] Baton Pass
|move|p1a: Lumpo|Body Slam|p2a: Metagross
|-resisted|p2a: Metagross
|-damage|p2a: Metagross|84/100
|
|-weather|Sandstorm|[upkeep]
|-damage|p1a: Lumpo|67/100|[from] Sandstorm
|-heal|p1a: Lumpo|73/100|[from] item: Leftovers
|upkeep
|turn|7
|
|t:|1730052158
|move|p2a: Metagross|Meteor Mash|p1a: Lumpo|[miss]
|-miss|p2a: Metagross|p1a: Lumpo
|move|p1a: Lumpo|Earthquake|p2a: Metagross
|-supereffective|p2a: Metagross
|-crit|p2a: Metagross
|-damage|p2a: Metagross|0 fnt
|faint|p2a: Metagross
|c|☆Pak|not great
|
|t:|1730052177
|switch|p2a: Breloom|Breloom, F|100/100
|
|-weather|Sandstorm|[upkeep]
|-damage|p2a: Breloom|94/100|[from] Sandstorm
|-damage|p1a: Lumpo|67/100|[from] Sandstorm
|-heal|p2a: Breloom|100/100|[from] item: Leftovers
|-heal|p1a: Lumpo|73/100|[from] item: Leftovers
|upkeep
|turn|8
|
|t:|1730052181
|switch|p1a: Greg|Salamence, M|100/100
|-ability|p1a: Greg|Intimidate|boost
|-unboost|p2a: Breloom|atk|1
|move|p2a: Breloom|Sky Uppercut|p1a: Greg|[miss]
|-miss|p2a: Breloom|p1a: Greg
|
|-weather|Sandstorm|[upkeep]
|-damage|p1a: Greg|94/100|[from] Sandstorm
|-damage|p2a: Breloom|94/100|[from] Sandstorm
|-heal|p1a: Greg|100/100|[from] item: Leftovers
|-heal|p2a: Breloom|100/100|[from] item: Leftovers
|upkeep
|turn|9
|
|t:|1730052189
|switch|p2a: Swampert|Swampert, F|100/100
|move|p1a: Greg|Dragon Claw|p2a: Swampert
|-damage|p2a: Swampert|58/100
|
|-weather|Sandstorm|[upkeep]
|-damage|p1a: Greg|94/100|[from] Sandstorm
|-heal|p1a: Greg|100/100|[from] item: Leftovers
|-heal|p2a: Swampert|64/100|[from] item: Leftovers
|upkeep
|turn|10
|
|t:|1730052193
|switch|p2a: Zapdos|Zapdos|87/100
|move|p1a: Greg|Hidden Power|p2a: Zapdos
|-resisted|p2a: Zapdos
|-damage|p2a: Zapdos|74/100
|
|-weather|Sandstorm|[upkeep]
|-damage|p2a: Zapdos|68/100|[from] Sandstorm
|-damage|p1a: Greg|94/100|[from] Sandstorm
|-heal|p2a: Zapdos|74/100|[from] item: Leftovers
|-heal|p1a: Greg|100/100|[from] item: Leftovers
|upkeep
|turn|11
|
|t:|1730052198
|switch|p1a: At Least 3 Rats|Magneton|100/100
|move|p2a: Zapdos|Baton Pass|p2a: Zapdos
|
|t:|1730052217
|switch|p2a: Tyranitar|Tyranitar, M|100/100|[from] Baton Pass
|
|-weather|Sandstorm|[upkeep]
|upkeep
|turn|12
|
|t:|1730052227
|move|p1a: At Least 3 Rats|Thunder Wave|p2a: Tyranitar
|-status|p2a: Tyranitar|par
|-enditem|p2a: Tyranitar|Lum Berry|[eat]
|-curestatus|p2a: Tyranitar|par|[msg]
|move|p2a: Tyranitar|Dragon Dance|p2a: Tyranitar
|-boost|p2a: Tyranitar|atk|1
|-boost|p2a: Tyranitar|spe|1
|
|-weather|Sandstorm|[upkeep]
|upkeep
|turn|13
|
|t:|1730052234
|switch|p1a: Greg|Salamence, M|100/100
|-ability|p1a: Greg|Intimidate|boost
|-unboost|p2a: Tyranitar|atk|1
|move|p2a: Tyranitar|Earthquake|p1a: Greg
|-immune|p1a: Greg
|
|-weather|Sandstorm|[upkeep]
|-damage|p1a: Greg|94/100|[from] Sandstorm
|-heal|p1a: Greg|100/100|[from] item: Leftovers
|upkeep
|turn|14
|
|t:|1730052241
|move|p2a: Tyranitar|Dragon Dance|p2a: Tyranitar
|-boost|p2a: Tyranitar|atk|1
|-boost|p2a: Tyranitar|spe|1
|move|p1a: Greg|Brick Break|p2a: Tyranitar
|-supereffective|p2a: Tyranitar
|-damage|p2a: Tyranitar|22/100
|
|-weather|Sandstorm|[upkeep]
|-damage|p1a: Greg|94/100|[from] Sandstorm
|-heal|p1a: Greg|100/100|[from] item: Leftovers
|upkeep
|turn|15
|
|t:|1730052249
|move|p2a: Tyranitar|Rock Slide|p1a: Greg
|-supereffective|p1a: Greg
|-damage|p1a: Greg|0 fnt
|faint|p1a: Greg
|
|t:|1730052269
|switch|p1a: Serial Gambler|Heracross, F|100/100
|
|-weather|Sandstorm|[upkeep]
|-damage|p1a: Serial Gambler|94/100|[from] Sandstorm
|upkeep
|turn|16
|
|t:|1730052280
|move|p2a: Tyranitar|Rock Slide|p1a: Serial Gambler
|-damage|p1a: Serial Gambler|19/100
|cant|p1a: Serial Gambler|flinch
|
|-weather|Sandstorm|[upkeep]
|-damage|p1a: Serial Gambler|13/100|[from] Sandstorm
|-enditem|p1a: Serial Gambler|Salac Berry|[eat]
|-boost|p1a: Serial Gambler|spe|1|[from] item: Salac Berry
|upkeep
|turn|17
|
|t:|1730052291
|move|p2a: Tyranitar|Earthquake|p1a: Serial Gambler
|-resisted|p1a: Serial Gambler
|-damage|p1a: Serial Gambler|0 fnt
|faint|p1a: Serial Gambler
|
|t:|1730052294
|switch|p1a: Lumpo|Snorlax, M|73/100
|
|-weather|Sandstorm|[upkeep]
|-damage|p1a: Lumpo|67/100|[from] Sandstorm
|-heal|p1a: Lumpo|73/100|[from] item: Leftovers
|upkeep
|turn|18
|
|t:|1730052301
|move|p2a: Tyranitar|Earthquake|p1a: Lumpo
|-damage|p1a: Lumpo|27/100
|move|p1a: Lumpo|Earthquake|p2a: Tyranitar
|-supereffective|p2a: Tyranitar
|-crit|p2a: Tyranitar
|-damage|p2a: Tyranitar|0 fnt
|faint|p2a: Tyranitar
|
|t:|1730052315
|switch|p2a: Breloom|Breloom, F|100/100
|
|-weather|Sandstorm|[upkeep]
|-damage|p2a: Breloom|94/100|[from] Sandstorm
|-damage|p1a: Lumpo|21/100|[from] Sandstorm
|-heal|p2a: Breloom|100/100|[from] item: Leftovers
|-heal|p1a: Lumpo|27/100|[from] item: Leftovers
|upkeep
|turn|19
|
|t:|1730052322
|move|p2a: Breloom|Sky Uppercut|p1a: Lumpo
|-supereffective|p1a: Lumpo
|-damage|p1a: Lumpo|0 fnt
|faint|p1a: Lumpo
|
|t:|1730052323
|switch|p1a: Bigweld|Metagross|100/100
|
|-weather|Sandstorm|[upkeep]
|-damage|p2a: Breloom|94/100|[from] Sandstorm
|-heal|p2a: Breloom|100/100|[from] item: Leftovers
|upkeep
|turn|20
|
|t:|1730052345
|move|p2a: Breloom|Sky Uppercut|p1a: Bigweld
|-damage|p1a: Bigweld|65/100
|move|p1a: Bigweld|Meteor Mash|p2a: Breloom
|-damage|p2a: Breloom|0 fnt
|-message|Sleep Clause Mod activated.
|-hint|Sleep Clause Mod prevents players from putting more than one of their opponent's Pokémon to sleep at a time
|faint|p2a: Breloom
|inactive|Pak has 270 seconds left.
|
|t:|1730052379
|switch|p2a: Jirachi|Jirachi|100/100
|
|-weather|Sandstorm|[upkeep]
|upkeep
|turn|21
|
|t:|1730052384
|switch|p1a: SogDog|Suicune|100/100 slp
|move|p2a: Jirachi|Calm Mind|p2a: Jirachi
|-boost|p2a: Jirachi|spa|1
|-boost|p2a: Jirachi|spd|1
|
|-weather|Sandstorm|[upkeep]
|-damage|p1a: SogDog|94/100 slp|[from] Sandstorm
|-heal|p1a: SogDog|100/100 slp|[from] item: Leftovers
|upkeep
|turn|22
|
|t:|1730052388
|move|p2a: Jirachi|Calm Mind|p2a: Jirachi
|-boost|p2a: Jirachi|spa|1
|-boost|p2a: Jirachi|spd|1
|cant|p1a: SogDog|slp
|
|-weather|Sandstorm|[upkeep]
|-damage|p1a: SogDog|94/100 slp|[from] Sandstorm
|-heal|p1a: SogDog|100/100 slp|[from] item: Leftovers
|upkeep
|turn|23
|
|t:|1730052390
|move|p2a: Jirachi|Thunderbolt|p1a: SogDog
|-supereffective|p1a: SogDog
|-damage|p1a: SogDog|31/100 slp
|cant|p1a: SogDog|slp
|
|-weather|Sandstorm|[upkeep]
|-damage|p1a: SogDog|25/100 slp|[from] Sandstorm
|-heal|p1a: SogDog|31/100 slp|[from] item: Leftovers
|upkeep
|turn|24
|
|t:|1730052394
|move|p2a: Jirachi|Thunderbolt|p1a: SogDog
|-supereffective|p1a: SogDog
|-crit|p1a: SogDog
|-damage|p1a: SogDog|0 fnt
|faint|p1a: SogDog
|
|t:|1730052396
|switch|p1a: Bigweld|Metagross|65/100
|
|-weather|Sandstorm|[upkeep]
|upkeep
|turn|25
|
|t:|1730052405
|switch|p2a: Zapdos|Zapdos|74/100
|move|p1a: Bigweld|Earthquake|p2a: Zapdos
|-immune|p2a: Zapdos
|
|-weather|Sandstorm|[upkeep]
|-damage|p2a: Zapdos|68/100|[from] Sandstorm
|-heal|p2a: Zapdos|74/100|[from] item: Leftovers
|upkeep
|turn|26
|
|t:|1730052414
|switch|p1a: At Least 3 Rats|Magneton|100/100
|move|p2a: Zapdos|Thunderbolt|p1a: At Least 3 Rats
|-resisted|p1a: At Least 3 Rats
|-damage|p1a: At Least 3 Rats|62/100
|
|-weather|Sandstorm|[upkeep]
|-damage|p2a: Zapdos|68/100|[from] Sandstorm
|-heal|p2a: Zapdos|74/100|[from] item: Leftovers
|upkeep
|turn|27
|
|t:|1730052430
|switch|p1a: Bigweld|Metagross|65/100
|move|p2a: Zapdos|Baton Pass|p2a: Zapdos
|
|t:|1730052435
|switch|p2a: Swampert|Swampert, F|64/100|[from] Baton Pass
|
|-weather|Sandstorm|[upkeep]
|-heal|p2a: Swampert|70/100|[from] item: Leftovers
|upkeep
|turn|28
|
|t:|1730052440
|move|p1a: Bigweld|Meteor Mash|p2a: Swampert
|-resisted|p2a: Swampert
|-damage|p2a: Swampert|26/100
|move|p2a: Swampert|Hydro Pump|p1a: Bigweld
|-damage|p1a: Bigweld|0 fnt
|faint|p1a: Bigweld
|c|☆TheLargestLad|gg
|
|t:|1730052450
|switch|p1a: At Least 3 Rats|Magneton|62/100
|
|-weather|Sandstorm|[upkeep]
|-heal|p2a: Swampert|32/100|[from] item: Leftovers
|upkeep
|turn|29
|
|t:|1730052453
|move|p1a: At Least 3 Rats|Hidden Power|p2a: Swampert
|-resisted|p2a: Swampert
|-damage|p2a: Swampert|20/100
|move|p2a: Swampert|Hydro Pump|p1a: At Least 3 Rats
|-damage|p1a: At Least 3 Rats|0 fnt
|faint|p1a: At Least 3 Rats
|
|win|Pak
|c|☆Pak|gg

</script>
<script type="application/json" class="data" id="replaydata-smogtours-gen3ou-802556">
{"id":"smogtours-gen3ou-802556","format":"[Gen 3] OU","players":["TheLargestLad","Pak"],"uploadtime":1730052453,"views":122,"formatid":"gen3ou","rating":null,"private":0,"password":null}
</script>

<script defer src="js/replays.js?9d40a366"></script>
