<!DOCTYPE html>
<meta charset="utf-8" />
<meta name="viewport" content="width=device-width" />

<title>[Gen 3] OU: ThisGuyMuks vs. Oskari SOSA - Replays - Pok&eacute;mon Showdown!</title>

<meta name="description" content="Watch a replay of a Pok&eacute;mon battle between ThisGuyMuks and Oskari SOSA! Format: [Gen 3] OU; Date: Oct 23, 2024" />
<!--

Hey, you! Looking in the source for the replay log?

You can find them in JSON format, just add `.json` at the end of a replay URL.

https://replay.pokemonshowdown.com/gen7randomdoublesbattle-865046831.json

Or, if you only need the log itself, add `.log` instead:

https://replay.pokemonshowdown.com/gen7randomdoublesbattle-865046831.log

-->

<link rel="stylesheet" href="//pokemonshowdown.com/style/global.css?0.023195364461161105" />
<link rel="stylesheet" href="//play.pokemonshowdown.com/style/font-awesome.css?0.13261647063804238" />
<link rel="stylesheet" href="//play.pokemonshowdown.com/style/battle.css?0.8753245789963631" />
<link rel="stylesheet" href="//play.pokemonshowdown.com/style/utilichart.css?0.8627959624976733" />

<!-- Global site tag (gtag.js) - Google Analytics -->
<script async src="https://www.googletagmanager.com/gtag/js?id=UA-26211653-1"></script>
<script>
  window.dataLayer = window.dataLayer || [];
  function gtag(){dataLayer.push(arguments);}
  gtag('js', new Date());

  gtag('config', 'UA-26211653-1');
</script>
<!-- End Google Analytics -->
<!-- Venatus Ad Manager - Install in <HEAD> of page -->
	<script src="https://hb.vntsm.com/v3/live/ad-manager.min.js" type="text/javascript" data-site-id="642aba63ec9a7b11c3c9c1be" data-mode="scan" async></script>
<!-- / Venatus Ad Manager -->

<style>
	@media (max-width:820px) {
		.battle {
			margin: 0 auto;
		}
		.battle-log {
			margin: 7px auto 0;
			max-width: 640px;
			height: 300px;
			position: static;
		}
	}
	.optgroup {
		display: inline-block;
		line-height: 22px;
		font-size: 10pt;
	}
	.optgroup .button {
		height: 25px;
		padding-top: 0;
		padding-bottom: 0;
	}
	.optgroup button.button {
		padding-left: 12px;
		padding-right: 12px;
	}
	.linklist {
		list-style: none;
		margin: 0.5em 0;
		padding: 0;
	}
	.linklist li {
		padding: 2px 0;
	}
	.sidebar {
		float: left;
		width: 320px;
	}
	.bar-wrapper {
		max-width: 1100px;
		margin: 0 auto;
	}
	.bar-wrapper.has-sidebar {
		max-width: 1430px;
	}
	.mainbar {
		margin: 0;
		padding-right: 1px;
	}
	.mainbar.has-sidebar {
		margin-left: 330px;
	}
	@media (min-width: 1511px) {
		.sidebar {
			width: 400px;
		}
		.bar-wrapper.has-sidebar {
			max-width: 1510px;
		}
		.mainbar.has-sidebar {
			margin-left: 410px;
		}
	}
	.section.first-section {
		margin-top: 9px;
	}
	.blocklink small {
		white-space: normal;
	}
	.button {
		vertical-align: middle;
	}
	.replay-controls {
		padding-top: 10px;
	}
	.replay-controls h1 {
		font-size: 16pt;
		font-weight: normal;
		color: #CCC;
	}
	.pagelink {
		text-align: center;
	}
	.pagelink a {
		width: 150px;
	}
	.textbox, .button {
		font-size: 11pt;
		vertical-align: middle;
	}
	@media (max-width: 450px) {
		.button {
			font-size: 9pt;
		}
	}
</style>

<div>

	<header>
		<div class="nav-wrapper"><ul class="nav">
			<li><a class="button nav-first" href="//pokemonshowdown.com/"><img src="//pokemonshowdown.com/images/pokemonshowdownbeta.png" srcset="//pokemonshowdown.com/images/pokemonshowdownbeta.png 1x, //pokemonshowdown.com/images/pokemonshowdownbeta@2x.png 2x" alt="Pok&eacute;mon Showdown" width="146" height="44" /> Home</a></li>
			<li><a class="button" href="//pokemonshowdown.com/dex/">Pok&eacute;dex</a></li>
			<li><a class="button cur" href="/">Replays</a></li>
			<li><a class="button" href="//pokemonshowdown.com/ladder/">Ladder</a></li>
			<li><a class="button nav-last" href="//pokemonshowdown.com/forums/">Forum</a></li>
			<li><a class="button greenbutton nav-first nav-last" href="//play.pokemonshowdown.com/">Play</a></li>
		</ul></div>
	</header>

	<div class="main" id="main">

		<noscript><section class="section">You need to enable JavaScript to use this page; sorry!</section></noscript>

	</div>

</div>

<script defer nomodule src="//play.pokemonshowdown.com/js/lib/ps-polyfill.js"></script>
<script defer src="//play.pokemonshowdown.com/js/lib/preact.min.js"></script>

<script defer src="//play.pokemonshowdown.com/config/config.js?2bddbc15"></script>
<script defer src="//play.pokemonshowdown.com/js/lib/jquery-1.11.0.min.js"></script>
<script defer src="//play.pokemonshowdown.com/js/lib/html-sanitizer-minified.js"></script>
<script defer src="//play.pokemonshowdown.com/js/battle-sound.js"></script>
<script defer src="//play.pokemonshowdown.com/js/battledata.js?0.7209276989879541"></script>
<script defer src="//play.pokemonshowdown.com/data/pokedex-mini.js?0.6111056340867951"></script>
<script defer src="//play.pokemonshowdown.com/data/pokedex-mini-bw.js?0.3532142036491459"></script>
<script defer src="//play.pokemonshowdown.com/data/graphics.js?0.24223875632456182"></script>
<script defer src="//play.pokemonshowdown.com/data/pokedex.js?0.38839984266356864"></script>
<script defer src="//play.pokemonshowdown.com/data/moves.js?0.21866028504024015"></script>
<script defer src="//play.pokemonshowdown.com/data/abilities.js?0.2005157953846628"></script>
<script defer src="//play.pokemonshowdown.com/data/items.js?0.9894211263848525"></script>
<script defer src="//play.pokemonshowdown.com/data/teambuilder-tables.js?0.6008791140282215"></script>
<script defer src="//play.pokemonshowdown.com/js/battle-tooltips.js?0.7580118955022959"></script>
<script defer src="//play.pokemonshowdown.com/js/battle.js?0.6057722274234274"></script>

<script defer src="js/utils.js?e31f9a17"></script>
<script defer src="js/replays-battle.js?7008c182"></script>

<!-- don't scrape this data! just add .json or .log after the URL!
Full API docs: https://github.com/smogon/pokemon-showdown-client/blob/master/WEB-API.md -->
<script type="text/plain" class="log" id="replaylog-smogtours-gen3ou-801339">
|inactive|Battle timer is ON: inactive players will automatically lose when time's up.
|t:|1729650583
|gametype|singles
|player|p1|ThisGuyMuks|2|
|player|p2|Oskari SOSA|giovanni|
|teamsize|p1|6
|teamsize|p2|6
|gen|3
|tier|[Gen 3] OU
|rule|Sleep Clause Mod: Limit one foe put to sleep
|rule|Switch Priority Clause Mod: Faster Pokémon switch first
|rule|Species Clause: Limit one of each Pokémon
|rule|OHKO Clause: OHKO moves are banned
|rule|Evasion Items Clause: Evasion items are banned
|rule|Evasion Moves Clause: Evasion moves are banned
|rule|Endless Battle Clause: Forcing endless battles is banned
|rule|HP Percentage Mod: HP is shown in percentages
|rule|One Boost Passer Clause: Limit one Baton Passer that has a way to boost its stats
|rule|Freeze Clause Mod: Limit one foe frozen
|
|t:|1729650583
|start
|switch|p1a: Tyranitar|Tyranitar, F|100/100
|switch|p2a: Metagross|Metagross|100/100
|-weather|Sandstorm|[from] ability: Sand Stream|[of] p1a: Tyranitar
|turn|1
|
|t:|1729650594
|switch|p1a: Skarmory|Skarmory, F|100/100
|switch|p2a: Magneton|Magneton|100/100
|
|-weather|Sandstorm|[upkeep]
|upkeep
|turn|2
|
|t:|1729650602
|move|p2a: Magneton|Thunderbolt|p1a: Skarmory
|-supereffective|p1a: Skarmory
|-crit|p1a: Skarmory
|-damage|p1a: Skarmory|0 fnt
|faint|p1a: Skarmory
|
|t:|1729650613
|switch|p1a: Tyranitar|Tyranitar, F|100/100
|
|-weather|Sandstorm|[upkeep]
|upkeep
|turn|3
|
|t:|1729650628
|switch|p2a: Suicune|Suicune|100/100
|move|p1a: Tyranitar|Earthquake|p2a: Suicune
|-damage|p2a: Suicune|82/100
|
|-weather|Sandstorm|[upkeep]
|-damage|p2a: Suicune|76/100|[from] Sandstorm
|-heal|p2a: Suicune|82/100|[from] item: Leftovers
|upkeep
|turn|4
|
|t:|1729650636
|switch|p2a: Skarmory|Skarmory, M|100/100
|switch|p1a: Zapdos|Zapdos|100/100
|
|-weather|Sandstorm|[upkeep]
|-damage|p1a: Zapdos|94/100|[from] Sandstorm
|-heal|p1a: Zapdos|100/100|[from] item: Leftovers
|upkeep
|turn|5
|
|t:|1729650649
|switch|p2a: Blissey|Blissey, F|100/100
|move|p1a: Zapdos|Thunderbolt|p2a: Blissey
|-damage|p2a: Blissey|83/100
|
|-weather|Sandstorm|[upkeep]
|-damage|p1a: Zapdos|94/100|[from] Sandstorm
|-damage|p2a: Blissey|77/100|[from] Sandstorm
|-heal|p1a: Zapdos|100/100|[from] item: Leftovers
|-heal|p2a: Blissey|83/100|[from] item: Leftovers
|upkeep
|turn|6
|
|t:|1729650654
|move|p1a: Zapdos|Baton Pass|p1a: Zapdos
|
|t:|1729650661
|switch|p1a: Swampert|Swampert, M|100/100|[from] Baton Pass
|move|p2a: Blissey|Ice Beam|p1a: Swampert
|-damage|p1a: Swampert|83/100
|
|-weather|Sandstorm|[upkeep]
|-damage|p2a: Blissey|77/100|[from] Sandstorm
|-heal|p1a: Swampert|89/100|[from] item: Leftovers
|-heal|p2a: Blissey|83/100|[from] item: Leftovers
|upkeep
|turn|7
|
|t:|1729650664
|switch|p2a: Skarmory|Skarmory, M|100/100
|move|p1a: Swampert|Toxic|p2a: Skarmory
|-immune|p2a: Skarmory
|
|-weather|Sandstorm|[upkeep]
|-heal|p1a: Swampert|95/100|[from] item: Leftovers
|upkeep
|turn|8
|
|t:|1729650671
|switch|p1a: Zapdos|Zapdos|100/100
|move|p2a: Skarmory|Spikes|p1a: Zapdos
|-sidestart|p1: ThisGuyMuks|Spikes
|
|-weather|Sandstorm|[upkeep]
|-damage|p1a: Zapdos|94/100|[from] Sandstorm
|-heal|p1a: Zapdos|100/100|[from] item: Leftovers
|upkeep
|turn|9
|
|t:|1729650676
|switch|p2a: Blissey|Blissey, F|83/100
|move|p1a: Zapdos|Thunderbolt|p2a: Blissey
|-damage|p2a: Blissey|63/100
|
|-weather|Sandstorm|[upkeep]
|-damage|p1a: Zapdos|94/100|[from] Sandstorm
|-damage|p2a: Blissey|57/100|[from] Sandstorm
|-heal|p1a: Zapdos|100/100|[from] item: Leftovers
|-heal|p2a: Blissey|63/100|[from] item: Leftovers
|upkeep
|turn|10
|
|t:|1729650681
|move|p1a: Zapdos|Baton Pass|p1a: Zapdos
|
|t:|1729650686
|switch|p1a: Tyranitar|Tyranitar, F|100/100|[from] Baton Pass
|-damage|p1a: Tyranitar|88/100|[from] Spikes
|move|p2a: Blissey|Soft-Boiled|p2a: Blissey
|-heal|p2a: Blissey|100/100
|
|-weather|Sandstorm|[upkeep]
|-damage|p2a: Blissey|94/100|[from] Sandstorm
|-heal|p1a: Tyranitar|94/100|[from] item: Leftovers
|-heal|p2a: Blissey|100/100|[from] item: Leftovers
|upkeep
|turn|11
|
|t:|1729650690
|switch|p2a: Metagross|Metagross|100/100
|move|p1a: Tyranitar|Dragon Dance|p1a: Tyranitar
|-boost|p1a: Tyranitar|atk|1
|-boost|p1a: Tyranitar|spe|1
|
|-weather|Sandstorm|[upkeep]
|-heal|p1a: Tyranitar|100/100|[from] item: Leftovers
|upkeep
|turn|12
|
|t:|1729650695
|move|p1a: Tyranitar|Earthquake|p2a: Metagross
|-supereffective|p2a: Metagross
|-damage|p2a: Metagross|46/100
|move|p2a: Metagross|Meteor Mash|p1a: Tyranitar
|-supereffective|p1a: Tyranitar
|-damage|p1a: Tyranitar|29/100
|-boost|p2a: Metagross|atk|1
|
|-weather|Sandstorm|[upkeep]
|-heal|p1a: Tyranitar|35/100|[from] item: Leftovers
|-heal|p2a: Metagross|52/100|[from] item: Leftovers
|upkeep
|turn|13
|
|t:|1729650705
|switch|p2a: Skarmory|Skarmory, M|100/100
|move|p1a: Tyranitar|Earthquake|p2a: Skarmory
|-immune|p2a: Skarmory
|
|-weather|Sandstorm|[upkeep]
|-heal|p1a: Tyranitar|41/100|[from] item: Leftovers
|upkeep
|turn|14
|
|t:|1729650711
|move|p1a: Tyranitar|Rock Slide|p2a: Skarmory
|-damage|p2a: Skarmory|55/100
|move|p2a: Skarmory|Roar|p1a: Tyranitar
|drag|p1a: Gengar|Gengar, F|100/100
|
|-weather|Sandstorm|[upkeep]
|-damage|p1a: Gengar|94/100|[from] Sandstorm
|-heal|p1a: Gengar|100/100|[from] item: Leftovers
|-heal|p2a: Skarmory|61/100|[from] item: Leftovers
|upkeep
|turn|15
|
|t:|1729650718
|move|p2a: Skarmory|Protect|p2a: Skarmory
|-singleturn|p2a: Skarmory|Protect
|move|p1a: Gengar|Will-O-Wisp|p2a: Skarmory|[miss]
|-miss|p1a: Gengar|p2a: Skarmory
|
|-weather|Sandstorm|[upkeep]
|-damage|p1a: Gengar|94/100|[from] Sandstorm
|-heal|p1a: Gengar|100/100|[from] item: Leftovers
|-heal|p2a: Skarmory|67/100|[from] item: Leftovers
|upkeep
|turn|16
|
|t:|1729650726
|switch|p2a: Magneton|Magneton|100/100
|move|p1a: Gengar|Will-O-Wisp|p2a: Magneton
|-status|p2a: Magneton|brn
|
|-weather|Sandstorm|[upkeep]
|-damage|p1a: Gengar|94/100|[from] Sandstorm
|-heal|p1a: Gengar|100/100|[from] item: Leftovers
|-damage|p2a: Magneton|88/100 brn|[from] brn
|upkeep
|turn|17
|
|t:|1729650732
|switch|p1a: Swampert|Swampert, M|95/100
|-damage|p1a: Swampert|83/100|[from] Spikes
|move|p2a: Magneton|Toxic|p1a: Swampert
|-status|p1a: Swampert|tox
|
|-weather|Sandstorm|[upkeep]
|-heal|p2a: Magneton|94/100 brn|[from] item: Leftovers
|-damage|p2a: Magneton|82/100 brn|[from] brn
|-heal|p1a: Swampert|89/100 tox|[from] item: Leftovers
|-damage|p1a: Swampert|83/100 tox|[from] psn
|upkeep
|turn|18
|
|t:|1729650741
|switch|p2a: Suicune|Suicune|82/100
|move|p1a: Swampert|Refresh|p1a: Swampert
|-curestatus|p1a: Swampert|tox|[msg]
|
|-weather|Sandstorm|[upkeep]
|-damage|p2a: Suicune|76/100|[from] Sandstorm
|-heal|p2a: Suicune|82/100|[from] item: Leftovers
|-heal|p1a: Swampert|89/100|[from] item: Leftovers
|upkeep
|turn|19
|
|t:|1729650746
|move|p2a: Suicune|Surf|p1a: Swampert
|-damage|p1a: Swampert|64/100
|move|p1a: Swampert|Toxic|p2a: Suicune
|-status|p2a: Suicune|tox
|
|-weather|Sandstorm|[upkeep]
|-damage|p2a: Suicune|76/100 tox|[from] Sandstorm
|-heal|p2a: Suicune|82/100 tox|[from] item: Leftovers
|-damage|p2a: Suicune|76/100 tox|[from] psn
|-heal|p1a: Swampert|70/100|[from] item: Leftovers
|upkeep
|turn|20
|
|t:|1729650757
|switch|p1a: Zapdos|Zapdos|100/100
|move|p2a: Suicune|Surf|p1a: Zapdos
|-damage|p1a: Zapdos|73/100
|
|-weather|Sandstorm|[upkeep]
|-damage|p1a: Zapdos|66/100|[from] Sandstorm
|-damage|p2a: Suicune|70/100 tox|[from] Sandstorm
|-heal|p1a: Zapdos|73/100|[from] item: Leftovers
|-heal|p2a: Suicune|76/100 tox|[from] item: Leftovers
|-damage|p2a: Suicune|64/100 tox|[from] psn
|upkeep
|turn|21
|
|t:|1729650764
|switch|p2a: Blissey|Blissey, F|100/100
|move|p1a: Zapdos|Baton Pass|p1a: Zapdos
|
|t:|1729650768
|switch|p1a: Tyranitar|Tyranitar, F|41/100|[from] Baton Pass
|-damage|p1a: Tyranitar|29/100|[from] Spikes
|
|-weather|Sandstorm|[upkeep]
|-damage|p2a: Blissey|94/100|[from] Sandstorm
|-heal|p1a: Tyranitar|35/100|[from] item: Leftovers
|-heal|p2a: Blissey|100/100|[from] item: Leftovers
|upkeep
|turn|22
|
|t:|1729650775
|switch|p2a: Claydol|Claydol|100/100
|move|p1a: Tyranitar|Rock Slide|p2a: Claydol
|-resisted|p2a: Claydol
|-damage|p2a: Claydol|83/100
|
|-weather|Sandstorm|[upkeep]
|-heal|p1a: Tyranitar|41/100|[from] item: Leftovers
|-heal|p2a: Claydol|89/100|[from] item: Leftovers
|upkeep
|turn|23
|
|t:|1729650788
|switch|p1a: Zapdos|Zapdos|73/100
|move|p2a: Claydol|Psychic|p1a: Zapdos
|-damage|p1a: Zapdos|50/100
|
|-weather|Sandstorm|[upkeep]
|-damage|p1a: Zapdos|44/100|[from] Sandstorm
|-heal|p1a: Zapdos|50/100|[from] item: Leftovers
|-heal|p2a: Claydol|95/100|[from] item: Leftovers
|upkeep
|turn|24
|
|t:|1729650791
|switch|p2a: Blissey|Blissey, F|100/100
|move|p1a: Zapdos|Hidden Power|p2a: Blissey
|-damage|p2a: Blissey|92/100
|
|-weather|Sandstorm|[upkeep]
|-damage|p1a: Zapdos|44/100|[from] Sandstorm
|-damage|p2a: Blissey|86/100|[from] Sandstorm
|-heal|p1a: Zapdos|50/100|[from] item: Leftovers
|-heal|p2a: Blissey|92/100|[from] item: Leftovers
|upkeep
|turn|25
|
|t:|1729650799
|move|p1a: Zapdos|Baton Pass|p1a: Zapdos
|
|t:|1729650804
|switch|p1a: Swampert|Swampert, M|70/100|[from] Baton Pass
|-damage|p1a: Swampert|57/100|[from] Spikes
|move|p2a: Blissey|Seismic Toss|p1a: Swampert
|-damage|p1a: Swampert|33/100
|
|-weather|Sandstorm|[upkeep]
|-damage|p2a: Blissey|86/100|[from] Sandstorm
|-heal|p1a: Swampert|39/100|[from] item: Leftovers
|-heal|p2a: Blissey|92/100|[from] item: Leftovers
|upkeep
|turn|26
|
|t:|1729650809
|switch|p2a: Skarmory|Skarmory, M|67/100
|move|p1a: Swampert|Protect||[still]
|-fail|p1a: Swampert
|
|-weather|Sandstorm|[upkeep]
|-heal|p2a: Skarmory|73/100|[from] item: Leftovers
|-heal|p1a: Swampert|45/100|[from] item: Leftovers
|upkeep
|turn|27
|
|t:|1729650815
|move|p2a: Skarmory|Spikes|p1a: Swampert
|-sidestart|p1: ThisGuyMuks|Spikes
|move|p1a: Swampert|Surf|p2a: Skarmory
|-damage|p2a: Skarmory|46/100
|
|-weather|Sandstorm|[upkeep]
|-heal|p2a: Skarmory|52/100|[from] item: Leftovers
|-heal|p1a: Swampert|51/100|[from] item: Leftovers
|upkeep
|turn|28
|
|t:|1729650821
|move|p2a: Skarmory|Spikes|p1a: Swampert
|-sidestart|p1: ThisGuyMuks|Spikes
|move|p1a: Swampert|Surf|p2a: Skarmory
|-damage|p2a: Skarmory|25/100
|
|-weather|Sandstorm|[upkeep]
|-heal|p2a: Skarmory|31/100|[from] item: Leftovers
|-heal|p1a: Swampert|57/100|[from] item: Leftovers
|upkeep
|turn|29
|
|t:|1729650826
|move|p2a: Skarmory|Protect|p2a: Skarmory
|-singleturn|p2a: Skarmory|Protect
|move|p1a: Swampert|Surf|p2a: Skarmory
|-activate|p2a: Skarmory|Protect
|
|-weather|Sandstorm|[upkeep]
|-heal|p2a: Skarmory|37/100|[from] item: Leftovers
|-heal|p1a: Swampert|64/100|[from] item: Leftovers
|upkeep
|turn|30
|
|t:|1729650830
|switch|p2a: Suicune|Suicune|64/100 tox
|move|p1a: Swampert|Surf|p2a: Suicune
|-resisted|p2a: Suicune
|-damage|p2a: Suicune|53/100 tox
|
|-weather|Sandstorm|[upkeep]
|-damage|p2a: Suicune|47/100 tox|[from] Sandstorm
|-heal|p2a: Suicune|53/100 tox|[from] item: Leftovers
|-damage|p2a: Suicune|47/100 tox|[from] psn
|-heal|p1a: Swampert|70/100|[from] item: Leftovers
|upkeep
|turn|31
|
|t:|1729650841
|switch|p1a: Gengar|Gengar, F|100/100
|move|p2a: Suicune|Rest|p2a: Suicune
|-status|p2a: Suicune|slp|[from] move: Rest
|-heal|p2a: Suicune|100/100 slp|[silent]
|
|-weather|Sandstorm|[upkeep]
|-damage|p1a: Gengar|94/100|[from] Sandstorm
|-damage|p2a: Suicune|94/100 slp|[from] Sandstorm
|-heal|p1a: Gengar|100/100|[from] item: Leftovers
|-heal|p2a: Suicune|100/100 slp|[from] item: Leftovers
|upkeep
|turn|32
|
|t:|1729650850
|switch|p2a: Magneton|Magneton|82/100 brn
|move|p1a: Gengar|Will-O-Wisp|p2a: Magneton
|-fail|p2a: Magneton|brn
|
|-weather|Sandstorm|[upkeep]
|-damage|p1a: Gengar|94/100|[from] Sandstorm
|-heal|p1a: Gengar|100/100|[from] item: Leftovers
|-heal|p2a: Magneton|88/100 brn|[from] item: Leftovers
|-damage|p2a: Magneton|76/100 brn|[from] brn
|upkeep
|turn|33
|
|t:|1729650859
|switch|p1a: Swampert|Swampert, M|70/100
|-damage|p1a: Swampert|45/100|[from] Spikes
|move|p2a: Magneton|Thunder Wave|p1a: Swampert
|-immune|p1a: Swampert
|
|-weather|Sandstorm|[upkeep]
|-heal|p2a: Magneton|82/100 brn|[from] item: Leftovers
|-damage|p2a: Magneton|69/100 brn|[from] brn
|-heal|p1a: Swampert|51/100|[from] item: Leftovers
|upkeep
|turn|34
|
|t:|1729650874
|switch|p2a: Blissey|Blissey, F|92/100
|move|p1a: Swampert|Surf|p2a: Blissey
|-damage|p2a: Blissey|81/100
|
|-weather|Sandstorm|[upkeep]
|-damage|p2a: Blissey|75/100|[from] Sandstorm
|-heal|p1a: Swampert|57/100|[from] item: Leftovers
|-heal|p2a: Blissey|81/100|[from] item: Leftovers
|upkeep
|turn|35
|
|t:|1729650879
|move|p1a: Swampert|Toxic|p2a: Blissey
|-status|p2a: Blissey|tox
|move|p2a: Blissey|Wish|p2a: Blissey
|
|-weather|Sandstorm|[upkeep]
|-damage|p2a: Blissey|75/100 tox|[from] Sandstorm
|-heal|p1a: Swampert|63/100|[from] item: Leftovers
|-heal|p2a: Blissey|81/100 tox|[from] item: Leftovers
|-damage|p2a: Blissey|75/100 tox|[from] psn
|upkeep
|turn|36
|
|t:|1729650886
|-curestatus|p2a: Blissey|tox|[from] ability: Natural Cure
|switch|p2a: Skarmory|Skarmory, M|37/100
|move|p1a: Swampert|Surf|p2a: Skarmory
|-damage|p2a: Skarmory|9/100
|
|-heal|p2a: Skarmory|58/100|[from] move: Wish|[wisher] Blissey
|-weather|Sandstorm|[upkeep]
|-heal|p2a: Skarmory|64/100|[from] item: Leftovers
|-heal|p1a: Swampert|70/100|[from] item: Leftovers
|upkeep
|turn|37
|
|t:|1729650891
|move|p2a: Skarmory|Protect|p2a: Skarmory
|-singleturn|p2a: Skarmory|Protect
|move|p1a: Swampert|Surf|p2a: Skarmory
|-activate|p2a: Skarmory|Protect
|
|-weather|Sandstorm|[upkeep]
|-heal|p2a: Skarmory|70/100|[from] item: Leftovers
|-heal|p1a: Swampert|76/100|[from] item: Leftovers
|upkeep
|turn|38
|
|t:|1729650894
|switch|p2a: Blissey|Blissey, F|75/100
|move|p1a: Swampert|Surf|p2a: Blissey
|-damage|p2a: Blissey|63/100
|
|-weather|Sandstorm|[upkeep]
|-damage|p2a: Blissey|57/100|[from] Sandstorm
|-heal|p1a: Swampert|82/100|[from] item: Leftovers
|-heal|p2a: Blissey|63/100|[from] item: Leftovers
|upkeep
|turn|39
|
|t:|1729650898
|move|p1a: Swampert|Toxic|p2a: Blissey
|-status|p2a: Blissey|tox
|move|p2a: Blissey|Soft-Boiled|p2a: Blissey
|-heal|p2a: Blissey|100/100 tox
|
|-weather|Sandstorm|[upkeep]
|-damage|p2a: Blissey|94/100 tox|[from] Sandstorm
|-heal|p1a: Swampert|88/100|[from] item: Leftovers
|-heal|p2a: Blissey|100/100 tox|[from] item: Leftovers
|-damage|p2a: Blissey|94/100 tox|[from] psn
|upkeep
|turn|40
|
|t:|1729650902
|switch|p1a: Gengar|Gengar, F|100/100
|move|p2a: Blissey|Wish|p2a: Blissey
|
|-weather|Sandstorm|[upkeep]
|-damage|p1a: Gengar|94/100|[from] Sandstorm
|-damage|p2a: Blissey|88/100 tox|[from] Sandstorm
|-heal|p1a: Gengar|100/100|[from] item: Leftovers
|-heal|p2a: Blissey|94/100 tox|[from] item: Leftovers
|-damage|p2a: Blissey|82/100 tox|[from] psn
|upkeep
|turn|41
|
|t:|1729650917
|-curestatus|p2a: Blissey|tox|[from] ability: Natural Cure
|switch|p2a: Magneton|Magneton|69/100 brn
|move|p1a: Gengar|Thunderbolt|p2a: Magneton
|-resisted|p2a: Magneton
|-damage|p2a: Magneton|46/100 brn
|
|-heal|p2a: Magneton|96/100 brn|[from] move: Wish|[wisher] Blissey
|-weather|Sandstorm|[upkeep]
|-damage|p1a: Gengar|94/100|[from] Sandstorm
|-heal|p1a: Gengar|100/100|[from] item: Leftovers
|-heal|p2a: Magneton|100/100 brn|[from] item: Leftovers
|-damage|p2a: Magneton|88/100 brn|[from] brn
|upkeep
|turn|42
|
|t:|1729650929
|switch|p1a: Swampert|Swampert, M|88/100
|-damage|p1a: Swampert|63/100|[from] Spikes
|switch|p2a: Suicune|Suicune|100/100 slp
|
|-weather|Sandstorm|[upkeep]
|-damage|p2a: Suicune|94/100 slp|[from] Sandstorm
|-heal|p2a: Suicune|100/100 slp|[from] item: Leftovers
|-heal|p1a: Swampert|69/100|[from] item: Leftovers
|upkeep
|turn|43
|
|t:|1729650935
|switch|p1a: Aerodactyl|Aerodactyl, F|100/100
|cant|p2a: Suicune|slp
|
|-weather|Sandstorm|[upkeep]
|-damage|p2a: Suicune|94/100 slp|[from] Sandstorm
|-heal|p2a: Suicune|100/100 slp|[from] item: Leftovers
|upkeep
|turn|44
|
|t:|1729650939
|move|p1a: Aerodactyl|Double-Edge|p2a: Suicune
|-damage|p2a: Suicune|74/100 slp
|cant|p2a: Suicune|slp
|
|-weather|Sandstorm|[upkeep]
|-damage|p2a: Suicune|68/100 slp|[from] Sandstorm
|-heal|p2a: Suicune|74/100 slp|[from] item: Leftovers
|upkeep
|turn|45
|
|t:|1729650951
|switch|p1a: Zapdos|Zapdos|50/100
|-curestatus|p2a: Suicune|slp|[msg]
|move|p2a: Suicune|Surf|p1a: Zapdos
|-damage|p1a: Zapdos|24/100
|
|-weather|Sandstorm|[upkeep]
|-damage|p1a: Zapdos|18/100|[from] Sandstorm
|-damage|p2a: Suicune|68/100|[from] Sandstorm
|-heal|p1a: Zapdos|24/100|[from] item: Leftovers
|-heal|p2a: Suicune|74/100|[from] item: Leftovers
|upkeep
|turn|46
|
|t:|1729650959
|switch|p2a: Blissey|Blissey, F|82/100
|move|p1a: Zapdos|Baton Pass|p1a: Zapdos
|
|t:|1729650965
|switch|p1a: Tyranitar|Tyranitar, F|41/100|[from] Baton Pass
|-damage|p1a: Tyranitar|16/100|[from] Spikes
|
|-weather|Sandstorm|[upkeep]
|-damage|p2a: Blissey|76/100|[from] Sandstorm
|-heal|p1a: Tyranitar|23/100|[from] item: Leftovers
|-heal|p2a: Blissey|82/100|[from] item: Leftovers
|upkeep
|turn|47
|
|t:|1729650972
|switch|p2a: Claydol|Claydol|95/100
|move|p1a: Tyranitar|Hidden Power|p2a: Claydol
|-supereffective|p2a: Claydol
|-damage|p2a: Claydol|55/100
|
|-weather|Sandstorm|[upkeep]
|-heal|p1a: Tyranitar|29/100|[from] item: Leftovers
|-heal|p2a: Claydol|61/100|[from] item: Leftovers
|upkeep
|turn|48
|
|t:|1729650982
|switch|p1a: Gengar|Gengar, F|100/100
|move|p2a: Claydol|Earthquake|p1a: Gengar
|-immune|p1a: Gengar
|
|-weather|Sandstorm|[upkeep]
|-damage|p1a: Gengar|94/100|[from] Sandstorm
|-heal|p1a: Gengar|100/100|[from] item: Leftovers
|-heal|p2a: Claydol|67/100|[from] item: Leftovers
|upkeep
|turn|49
|
|t:|1729651001
|switch|p2a: Magneton|Magneton|88/100 brn
|move|p1a: Gengar|Giga Drain|p2a: Magneton
|-resisted|p2a: Magneton
|-damage|p2a: Magneton|73/100 brn
|
|-weather|Sandstorm|[upkeep]
|-damage|p1a: Gengar|94/100|[from] Sandstorm
|-heal|p1a: Gengar|100/100|[from] item: Leftovers
|-heal|p2a: Magneton|79/100 brn|[from] item: Leftovers
|-damage|p2a: Magneton|67/100 brn|[from] brn
|upkeep
|turn|50
|
|t:|1729651009
|switch|p1a: Swampert|Swampert, M|69/100
|-damage|p1a: Swampert|44/100|[from] Spikes
|switch|p2a: Blissey|Blissey, F|82/100
|
|-weather|Sandstorm|[upkeep]
|-damage|p2a: Blissey|76/100|[from] Sandstorm
|-heal|p1a: Swampert|50/100|[from] item: Leftovers
|-heal|p2a: Blissey|82/100|[from] item: Leftovers
|upkeep
|turn|51
|
|t:|1729651019
|switch|p1a: Tyranitar|Tyranitar, F|29/100
|-damage|p1a: Tyranitar|4/100|[from] Spikes
|move|p2a: Blissey|Seismic Toss|p1a: Tyranitar
|-damage|p1a: Tyranitar|0 fnt
|faint|p1a: Tyranitar
|
|t:|1729651026
|switch|p1a: Gengar|Gengar, F|100/100
|
|-weather|Sandstorm|[upkeep]
|-damage|p1a: Gengar|94/100|[from] Sandstorm
|-damage|p2a: Blissey|76/100|[from] Sandstorm
|-heal|p1a: Gengar|100/100|[from] item: Leftovers
|-heal|p2a: Blissey|82/100|[from] item: Leftovers
|upkeep
|turn|52
|
|t:|1729651032
|switch|p2a: Magneton|Magneton|67/100 brn
|move|p1a: Gengar|Taunt|p2a: Magneton
|-start|p2a: Magneton|move: Taunt
|
|-weather|Sandstorm|[upkeep]
|-damage|p1a: Gengar|94/100|[from] Sandstorm
|-heal|p1a: Gengar|100/100|[from] item: Leftovers
|-heal|p2a: Magneton|73/100 brn|[from] item: Leftovers
|-damage|p2a: Magneton|61/100 brn|[from] brn
|upkeep
|turn|53
|
|t:|1729651038
|switch|p1a: Swampert|Swampert, M|50/100
|-damage|p1a: Swampert|25/100|[from] Spikes
|move|p2a: Magneton|Thunderbolt|p1a: Swampert
|-immune|p1a: Swampert
|
|-weather|Sandstorm|[upkeep]
|-heal|p2a: Magneton|67/100 brn|[from] item: Leftovers
|-damage|p2a: Magneton|55/100 brn|[from] brn
|-end|p2a: Magneton|move: Taunt|[silent]
|-heal|p1a: Swampert|32/100|[from] item: Leftovers
|upkeep
|turn|54
|
|t:|1729651052
|switch|p2a: Blissey|Blissey, F|82/100
|switch|p1a: Aerodactyl|Aerodactyl, F|100/100
|
|-weather|Sandstorm|[upkeep]
|-damage|p2a: Blissey|76/100|[from] Sandstorm
|-heal|p2a: Blissey|82/100|[from] item: Leftovers
|upkeep
|turn|55
|
|t:|1729651060
|switch|p2a: Skarmory|Skarmory, M|70/100
|move|p1a: Aerodactyl|Rock Slide|p2a: Skarmory
|-damage|p2a: Skarmory|34/100
|
|-weather|Sandstorm|[upkeep]
|-heal|p2a: Skarmory|40/100|[from] item: Leftovers
|upkeep
|turn|56
|
|t:|1729651068
|move|p2a: Skarmory|Protect|p2a: Skarmory
|-singleturn|p2a: Skarmory|Protect
|move|p1a: Aerodactyl|Rock Slide|p2a: Skarmory
|-activate|p2a: Skarmory|Protect
|
|-weather|Sandstorm|[upkeep]
|-heal|p2a: Skarmory|46/100|[from] item: Leftovers
|upkeep
|turn|57
|
|t:|1729651071
|switch|p2a: Metagross|Metagross|52/100
|move|p1a: Aerodactyl|Rock Slide|p2a: Metagross
|-resisted|p2a: Metagross
|-damage|p2a: Metagross|39/100
|
|-weather|Sandstorm|[upkeep]
|-heal|p2a: Metagross|45/100|[from] item: Leftovers
|upkeep
|turn|58
|
|t:|1729651082
|move|p1a: Aerodactyl|Rock Slide|p2a: Metagross|[miss]
|-miss|p1a: Aerodactyl|p2a: Metagross
|move|p2a: Metagross|Meteor Mash|p1a: Aerodactyl
|-supereffective|p1a: Aerodactyl
|-damage|p1a: Aerodactyl|0 fnt
|faint|p1a: Aerodactyl
|c|☆ThisGuyMuks|wp gl in rest
|-message|ThisGuyMuks forfeited.
|
|win|Oskari SOSA
|c|☆Oskari SOSA|ty, ggs

</script>
<script type="application/json" class="data" id="replaydata-smogtours-gen3ou-801339">
{"id":"smogtours-gen3ou-801339","format":"[Gen 3] OU","players":["ThisGuyMuks","Oskari SOSA"],"uploadtime":1729651097,"views":106,"formatid":"gen3ou","rating":null,"private":0,"password":null}
</script>

<script defer src="js/replays.js?9d40a366"></script>
