<!DOCTYPE html>
<meta charset="utf-8" />
<meta name="viewport" content="width=device-width" />

<title>[Gen 3] OU: Nun_IE vs. euph0riADV - Replays - Pok&eacute;mon Showdown!</title>

<meta name="description" content="Watch a replay of a Pok&eacute;mon battle between Nun_IE and euph0riADV! Format: [Gen 3] OU; Date: Oct 18, 2024" />
<!--

Hey, you! Looking in the source for the replay log?

You can find them in JSON format, just add `.json` at the end of a replay URL.

https://replay.pokemonshowdown.com/gen7randomdoublesbattle-865046831.json

Or, if you only need the log itself, add `.log` instead:

https://replay.pokemonshowdown.com/gen7randomdoublesbattle-865046831.log

-->

<link rel="stylesheet" href="//pokemonshowdown.com/style/global.css?0.023195364461161105" />
<link rel="stylesheet" href="//play.pokemonshowdown.com/style/font-awesome.css?0.13261647063804238" />
<link rel="stylesheet" href="//play.pokemonshowdown.com/style/battle.css?0.8753245789963631" />
<link rel="stylesheet" href="//play.pokemonshowdown.com/style/utilichart.css?0.8627959624976733" />

<!-- Global site tag (gtag.js) - Google Analytics -->
<script async src="https://www.googletagmanager.com/gtag/js?id=UA-26211653-1"></script>
<script>
  window.dataLayer = window.dataLayer || [];
  function gtag(){dataLayer.push(arguments);}
  gtag('js', new Date());

  gtag('config', 'UA-26211653-1');
</script>
<!-- End Google Analytics -->
<!-- Venatus Ad Manager - Install in <HEAD> of page -->
	<script src="https://hb.vntsm.com/v3/live/ad-manager.min.js" type="text/javascript" data-site-id="642aba63ec9a7b11c3c9c1be" data-mode="scan" async></script>
<!-- / Venatus Ad Manager -->

<style>
	@media (max-width:820px) {
		.battle {
			margin: 0 auto;
		}
		.battle-log {
			margin: 7px auto 0;
			max-width: 640px;
			height: 300px;
			position: static;
		}
	}
	.optgroup {
		display: inline-block;
		line-height: 22px;
		font-size: 10pt;
	}
	.optgroup .button {
		height: 25px;
		padding-top: 0;
		padding-bottom: 0;
	}
	.optgroup button.button {
		padding-left: 12px;
		padding-right: 12px;
	}
	.linklist {
		list-style: none;
		margin: 0.5em 0;
		padding: 0;
	}
	.linklist li {
		padding: 2px 0;
	}
	.sidebar {
		float: left;
		width: 320px;
	}
	.bar-wrapper {
		max-width: 1100px;
		margin: 0 auto;
	}
	.bar-wrapper.has-sidebar {
		max-width: 1430px;
	}
	.mainbar {
		margin: 0;
		padding-right: 1px;
	}
	.mainbar.has-sidebar {
		margin-left: 330px;
	}
	@media (min-width: 1511px) {
		.sidebar {
			width: 400px;
		}
		.bar-wrapper.has-sidebar {
			max-width: 1510px;
		}
		.mainbar.has-sidebar {
			margin-left: 410px;
		}
	}
	.section.first-section {
		margin-top: 9px;
	}
	.blocklink small {
		white-space: normal;
	}
	.button {
		vertical-align: middle;
	}
	.replay-controls {
		padding-top: 10px;
	}
	.replay-controls h1 {
		font-size: 16pt;
		font-weight: normal;
		color: #CCC;
	}
	.pagelink {
		text-align: center;
	}
	.pagelink a {
		width: 150px;
	}
	.textbox, .button {
		font-size: 11pt;
		vertical-align: middle;
	}
	@media (max-width: 450px) {
		.button {
			font-size: 9pt;
		}
	}
</style>

<div>

	<header>
		<div class="nav-wrapper"><ul class="nav">
			<li><a class="button nav-first" href="//pokemonshowdown.com/"><img src="//pokemonshowdown.com/images/pokemonshowdownbeta.png" srcset="//pokemonshowdown.com/images/pokemonshowdownbeta.png 1x, //pokemonshowdown.com/images/pokemonshowdownbeta@2x.png 2x" alt="Pok&eacute;mon Showdown" width="146" height="44" /> Home</a></li>
			<li><a class="button" href="//pokemonshowdown.com/dex/">Pok&eacute;dex</a></li>
			<li><a class="button cur" href="/">Replays</a></li>
			<li><a class="button" href="//pokemonshowdown.com/ladder/">Ladder</a></li>
			<li><a class="button nav-last" href="//pokemonshowdown.com/forums/">Forum</a></li>
			<li><a class="button greenbutton nav-first nav-last" href="//play.pokemonshowdown.com/">Play</a></li>
		</ul></div>
	</header>

	<div class="main" id="main">

		<noscript><section class="section">You need to enable JavaScript to use this page; sorry!</section></noscript>

	</div>

</div>

<script defer nomodule src="//play.pokemonshowdown.com/js/lib/ps-polyfill.js"></script>
<script defer src="//play.pokemonshowdown.com/js/lib/preact.min.js"></script>

<script defer src="//play.pokemonshowdown.com/config/config.js?2bddbc15"></script>
<script defer src="//play.pokemonshowdown.com/js/lib/jquery-1.11.0.min.js"></script>
<script defer src="//play.pokemonshowdown.com/js/lib/html-sanitizer-minified.js"></script>
<script defer src="//play.pokemonshowdown.com/js/battle-sound.js"></script>
<script defer src="//play.pokemonshowdown.com/js/battledata.js?0.7209276989879541"></script>
<script defer src="//play.pokemonshowdown.com/data/pokedex-mini.js?0.6111056340867951"></script>
<script defer src="//play.pokemonshowdown.com/data/pokedex-mini-bw.js?0.3532142036491459"></script>
<script defer src="//play.pokemonshowdown.com/data/graphics.js?0.24223875632456182"></script>
<script defer src="//play.pokemonshowdown.com/data/pokedex.js?0.38839984266356864"></script>
<script defer src="//play.pokemonshowdown.com/data/moves.js?0.21866028504024015"></script>
<script defer src="//play.pokemonshowdown.com/data/abilities.js?0.2005157953846628"></script>
<script defer src="//play.pokemonshowdown.com/data/items.js?0.9894211263848525"></script>
<script defer src="//play.pokemonshowdown.com/data/teambuilder-tables.js?0.6008791140282215"></script>
<script defer src="//play.pokemonshowdown.com/js/battle-tooltips.js?0.7580118955022959"></script>
<script defer src="//play.pokemonshowdown.com/js/battle.js?0.6057722274234274"></script>

<script defer src="js/utils.js?e31f9a17"></script>
<script defer src="js/replays-battle.js?7008c182"></script>

<!-- don't scrape this data! just add .json or .log after the URL!
Full API docs: https://github.com/smogon/pokemon-showdown-client/blob/master/WEB-API.md -->
<script type="text/plain" class="log" id="replaylog-smogtours-gen3ou-799746">
|inactive|Battle timer is ON: inactive players will automatically lose when time's up.
|t:|1729292790
|gametype|singles
|player|p1|Nun_IE|veteranf|
|player|p2|euph0riADV|169|
|teamsize|p1|6
|teamsize|p2|6
|gen|3
|tier|[Gen 3] OU
|rule|Sleep Clause Mod: Limit one foe put to sleep
|rule|Switch Priority Clause Mod: Faster Pokémon switch first
|rule|Species Clause: Limit one of each Pokémon
|rule|OHKO Clause: OHKO moves are banned
|rule|Evasion Items Clause: Evasion items are banned
|rule|Evasion Moves Clause: Evasion moves are banned
|rule|Endless Battle Clause: Forcing endless battles is banned
|rule|HP Percentage Mod: HP is shown in percentages
|rule|One Boost Passer Clause: Limit one Baton Passer that has a way to boost its stats
|rule|Freeze Clause Mod: Limit one foe frozen
|
|t:|1729292790
|start
|switch|p1a: Jenny Stardust|Metagross|100/100
|switch|p2a: Diagonals|Tyranitar, M|100/100
|-weather|Sandstorm|[from] ability: Sand Stream|[of] p2a: Diagonals
|turn|1
|
|t:|1729292803
|switch|p2a: Brakhage|Skarmory, M|100/100
|move|p1a: Jenny Stardust|Agility|p1a: Jenny Stardust
|-boost|p1a: Jenny Stardust|spe|2
|
|-weather|Sandstorm|[upkeep]
|upkeep
|turn|2
|
|t:|1729292809
|switch|p1a: Magneton|Magneton|100/100
|move|p2a: Brakhage|Roar|p1a: Magneton
|drag|p1a: Sticky Sweethearts|Suicune|100/100
|
|-weather|Sandstorm|[upkeep]
|-damage|p1a: Sticky Sweethearts|94/100|[from] Sandstorm
|-heal|p1a: Sticky Sweethearts|100/100|[from] item: Leftovers
|upkeep
|turn|3
|
|t:|1729292819
|switch|p1a: Magneton|Magneton|100/100
|move|p2a: Brakhage|Spikes|p1a: Magneton
|-sidestart|p1: Nun_IE|Spikes
|
|-weather|Sandstorm|[upkeep]
|upkeep
|turn|4
|
|t:|1729292824
|move|p2a: Brakhage|Protect|p2a: Brakhage
|-singleturn|p2a: Brakhage|Protect
|move|p1a: Magneton|Thunderbolt|p2a: Brakhage
|-activate|p2a: Brakhage|Protect
|
|-weather|Sandstorm|[upkeep]
|upkeep
|turn|5
|
|t:|1729292830
|move|p1a: Magneton|Thunderbolt|p2a: Brakhage
|-supereffective|p2a: Brakhage
|-damage|p2a: Brakhage|7/100
|-status|p2a: Brakhage|par
|move|p2a: Brakhage|Spikes|p1a: Magneton
|-sidestart|p1: Nun_IE|Spikes
|
|-weather|Sandstorm|[upkeep]
|-heal|p2a: Brakhage|13/100 par|[from] item: Leftovers
|upkeep
|turn|6
|
|t:|1729292839
|move|p2a: Brakhage|Protect|p2a: Brakhage
|-singleturn|p2a: Brakhage|Protect
|move|p1a: Magneton|Thunderbolt|p2a: Brakhage
|-activate|p2a: Brakhage|Protect
|
|-weather|Sandstorm|[upkeep]
|-heal|p2a: Brakhage|19/100 par|[from] item: Leftovers
|upkeep
|turn|7
|
|t:|1729292845
|move|p1a: Magneton|Thunderbolt|p2a: Brakhage
|-supereffective|p2a: Brakhage
|-damage|p2a: Brakhage|0 fnt
|faint|p2a: Brakhage
|
|t:|1729292860
|switch|p2a: Parsec|Flygon, M|100/100
|
|-weather|Sandstorm|[upkeep]
|upkeep
|turn|8
|
|t:|1729292867
|switch|p1a: Sticky Sweethearts|Suicune|100/100
|-damage|p1a: Sticky Sweethearts|84/100|[from] Spikes
|move|p2a: Parsec|Substitute|p2a: Parsec
|-start|p2a: Parsec|Substitute
|-damage|p2a: Parsec|76/100
|
|-weather|Sandstorm|[upkeep]
|-damage|p1a: Sticky Sweethearts|78/100|[from] Sandstorm
|-heal|p2a: Parsec|82/100|[from] item: Leftovers
|-heal|p1a: Sticky Sweethearts|84/100|[from] item: Leftovers
|upkeep
|turn|9
|
|t:|1729292877
|move|p2a: Parsec|Earthquake|p1a: Sticky Sweethearts
|-crit|p1a: Sticky Sweethearts
|-damage|p1a: Sticky Sweethearts|31/100
|move|p1a: Sticky Sweethearts|Surf|p2a: Parsec
|-end|p2a: Parsec|Substitute
|
|-weather|Sandstorm|[upkeep]
|-damage|p1a: Sticky Sweethearts|25/100|[from] Sandstorm
|-heal|p2a: Parsec|88/100|[from] item: Leftovers
|-heal|p1a: Sticky Sweethearts|31/100|[from] item: Leftovers
|upkeep
|turn|10
|
|t:|1729292887
|move|p2a: Parsec|Earthquake|p1a: Sticky Sweethearts
|-damage|p1a: Sticky Sweethearts|7/100
|move|p1a: Sticky Sweethearts|Rest|p1a: Sticky Sweethearts
|-status|p1a: Sticky Sweethearts|slp|[from] move: Rest
|-heal|p1a: Sticky Sweethearts|100/100 slp|[silent]
|
|-weather|Sandstorm|[upkeep]
|-damage|p1a: Sticky Sweethearts|94/100 slp|[from] Sandstorm
|-heal|p2a: Parsec|94/100|[from] item: Leftovers
|-heal|p1a: Sticky Sweethearts|100/100 slp|[from] item: Leftovers
|upkeep
|turn|11
|
|t:|1729292899
|move|p2a: Parsec|Substitute|p2a: Parsec
|-start|p2a: Parsec|Substitute
|-damage|p2a: Parsec|69/100
|cant|p1a: Sticky Sweethearts|slp
|
|-weather|Sandstorm|[upkeep]
|-damage|p1a: Sticky Sweethearts|94/100 slp|[from] Sandstorm
|-heal|p2a: Parsec|75/100|[from] item: Leftovers
|-heal|p1a: Sticky Sweethearts|100/100 slp|[from] item: Leftovers
|upkeep
|turn|12
|
|t:|1729292907
|move|p2a: Parsec|Earthquake|p1a: Sticky Sweethearts
|-damage|p1a: Sticky Sweethearts|76/100 slp
|cant|p1a: Sticky Sweethearts|slp
|
|-weather|Sandstorm|[upkeep]
|-damage|p1a: Sticky Sweethearts|70/100 slp|[from] Sandstorm
|-heal|p2a: Parsec|81/100|[from] item: Leftovers
|-heal|p1a: Sticky Sweethearts|76/100 slp|[from] item: Leftovers
|upkeep
|turn|13
|
|t:|1729292916
|switch|p2a: Flower Nowhere|Celebi|100/100
|-curestatus|p1a: Sticky Sweethearts|slp|[msg]
|move|p1a: Sticky Sweethearts|Calm Mind|p1a: Sticky Sweethearts
|-boost|p1a: Sticky Sweethearts|spa|1
|-boost|p1a: Sticky Sweethearts|spd|1
|
|-weather|Sandstorm|[upkeep]
|-damage|p2a: Flower Nowhere|94/100|[from] Sandstorm
|-damage|p1a: Sticky Sweethearts|70/100|[from] Sandstorm
|-heal|p2a: Flower Nowhere|100/100|[from] item: Leftovers
|-heal|p1a: Sticky Sweethearts|76/100|[from] item: Leftovers
|upkeep
|turn|14
|
|t:|1729292928
|move|p2a: Flower Nowhere|Leech Seed|p1a: Sticky Sweethearts
|-start|p1a: Sticky Sweethearts|move: Leech Seed
|move|p1a: Sticky Sweethearts|Roar|p2a: Flower Nowhere
|drag|p2a: Diagonals|Tyranitar, M|100/100
|
|-weather|Sandstorm|[upkeep]
|-damage|p1a: Sticky Sweethearts|70/100|[from] Sandstorm
|-heal|p1a: Sticky Sweethearts|76/100|[from] item: Leftovers
|-damage|p1a: Sticky Sweethearts|64/100|[from] Leech Seed|[of] p2a: Diagonals
|upkeep
|turn|15
|
|t:|1729292936
|switch|p2a: Flower Nowhere|Celebi|100/100
|move|p1a: Sticky Sweethearts|Surf|p2a: Flower Nowhere
|-resisted|p2a: Flower Nowhere
|-damage|p2a: Flower Nowhere|85/100
|
|-weather|Sandstorm|[upkeep]
|-damage|p2a: Flower Nowhere|79/100|[from] Sandstorm
|-damage|p1a: Sticky Sweethearts|58/100|[from] Sandstorm
|-heal|p2a: Flower Nowhere|85/100|[from] item: Leftovers
|-heal|p1a: Sticky Sweethearts|64/100|[from] item: Leftovers
|-damage|p1a: Sticky Sweethearts|51/100|[from] Leech Seed|[of] p2a: Flower Nowhere
|-heal|p2a: Flower Nowhere|97/100|[silent]
|upkeep
|turn|16
|
|t:|1729292949
|switch|p1a: Luche Buerle|Snorlax, F|100/100
|-damage|p1a: Luche Buerle|84/100|[from] Spikes
|move|p2a: Flower Nowhere|Hidden Power|p1a: Luche Buerle
|-damage|p1a: Luche Buerle|71/100
|
|-weather|Sandstorm|[upkeep]
|-damage|p2a: Flower Nowhere|91/100|[from] Sandstorm
|-damage|p1a: Luche Buerle|64/100|[from] Sandstorm
|-heal|p2a: Flower Nowhere|97/100|[from] item: Leftovers
|-heal|p1a: Luche Buerle|71/100|[from] item: Leftovers
|upkeep
|turn|17
|
|t:|1729292966
|move|p2a: Flower Nowhere|Baton Pass|p2a: Flower Nowhere
|
|t:|1729292967
|switch|p2a: Rainbo Convo|Swampert, M|100/100|[from] Baton Pass
|move|p1a: Luche Buerle|Body Slam|p2a: Rainbo Convo
|-damage|p2a: Rainbo Convo|78/100
|-status|p2a: Rainbo Convo|par
|
|-weather|Sandstorm|[upkeep]
|-damage|p1a: Luche Buerle|64/100|[from] Sandstorm
|-heal|p1a: Luche Buerle|71/100|[from] item: Leftovers
|-heal|p2a: Rainbo Convo|84/100 par|[from] item: Leftovers
|upkeep
|turn|18
|
|t:|1729292977
|move|p1a: Luche Buerle|Body Slam|p2a: Rainbo Convo
|-damage|p2a: Rainbo Convo|59/100 par
|move|p2a: Rainbo Convo|Curse|p2a: Rainbo Convo
|-unboost|p2a: Rainbo Convo|spe|1
|-boost|p2a: Rainbo Convo|atk|1
|-boost|p2a: Rainbo Convo|def|1
|
|-weather|Sandstorm|[upkeep]
|-damage|p1a: Luche Buerle|64/100|[from] Sandstorm
|-heal|p1a: Luche Buerle|71/100|[from] item: Leftovers
|-heal|p2a: Rainbo Convo|65/100 par|[from] item: Leftovers
|upkeep
|turn|19
|
|t:|1729292988
|move|p1a: Luche Buerle|Self-Destruct|p2a: Rainbo Convo
|-damage|p2a: Rainbo Convo|0 fnt
|faint|p1a: Luche Buerle
|faint|p2a: Rainbo Convo
|
|t:|1729292998
|switch|p2a: Flower Nowhere|Celebi|97/100
|switch|p1a: Magneton|Magneton|100/100
|-damage|p1a: Magneton|84/100|[from] Spikes
|
|-weather|Sandstorm|[upkeep]
|-damage|p2a: Flower Nowhere|91/100|[from] Sandstorm
|-heal|p2a: Flower Nowhere|97/100|[from] item: Leftovers
|upkeep
|turn|20
|
|t:|1729293010
|switch|p2a: Parsec|Flygon, M|81/100
|move|p1a: Magneton|Thunder Wave|p2a: Parsec
|-immune|p2a: Parsec
|
|-weather|Sandstorm|[upkeep]
|-heal|p2a: Parsec|87/100|[from] item: Leftovers
|upkeep
|turn|21
|
|t:|1729293020
|move|p1a: Magneton|Protect|p1a: Magneton
|-singleturn|p1a: Magneton|Protect
|move|p2a: Parsec|Substitute|p2a: Parsec
|-start|p2a: Parsec|Substitute
|-damage|p2a: Parsec|62/100
|
|-weather|Sandstorm|[upkeep]
|-heal|p2a: Parsec|68/100|[from] item: Leftovers
|upkeep
|turn|22
|
|t:|1729293032
|move|p2a: Parsec|Earthquake|p1a: Magneton
|-supereffective|p1a: Magneton
|-damage|p1a: Magneton|0 fnt
|faint|p1a: Magneton
|
|t:|1729293037
|switch|p1a: Sticky Sweethearts|Suicune|51/100
|-damage|p1a: Sticky Sweethearts|35/100|[from] Spikes
|
|-weather|Sandstorm|[upkeep]
|-damage|p1a: Sticky Sweethearts|29/100|[from] Sandstorm
|-heal|p2a: Parsec|74/100|[from] item: Leftovers
|-heal|p1a: Sticky Sweethearts|35/100|[from] item: Leftovers
|upkeep
|turn|23
|
|t:|1729293045
|move|p2a: Parsec|Earthquake|p1a: Sticky Sweethearts
|-damage|p1a: Sticky Sweethearts|8/100
|move|p1a: Sticky Sweethearts|Rest|p1a: Sticky Sweethearts
|-status|p1a: Sticky Sweethearts|slp|[from] move: Rest
|-heal|p1a: Sticky Sweethearts|100/100 slp|[silent]
|
|-weather|Sandstorm|[upkeep]
|-damage|p1a: Sticky Sweethearts|94/100 slp|[from] Sandstorm
|-heal|p2a: Parsec|80/100|[from] item: Leftovers
|-heal|p1a: Sticky Sweethearts|100/100 slp|[from] item: Leftovers
|upkeep
|turn|24
|
|t:|1729293056
|switch|p2a: Flower Nowhere|Celebi|97/100
|cant|p1a: Sticky Sweethearts|slp
|
|-weather|Sandstorm|[upkeep]
|-damage|p2a: Flower Nowhere|91/100|[from] Sandstorm
|-damage|p1a: Sticky Sweethearts|94/100 slp|[from] Sandstorm
|-heal|p2a: Flower Nowhere|97/100|[from] item: Leftovers
|-heal|p1a: Sticky Sweethearts|100/100 slp|[from] item: Leftovers
|upkeep
|turn|25
|
|t:|1729293072
|switch|p1a: Rodney Munch|Heracross, M|100/100
|-damage|p1a: Rodney Munch|84/100|[from] Spikes
|move|p2a: Flower Nowhere|Leech Seed|p1a: Rodney Munch
|-start|p1a: Rodney Munch|move: Leech Seed
|
|-weather|Sandstorm|[upkeep]
|-damage|p1a: Rodney Munch|78/100|[from] Sandstorm
|-damage|p2a: Flower Nowhere|91/100|[from] Sandstorm
|-heal|p1a: Rodney Munch|84/100|[from] item: Leftovers
|-damage|p1a: Rodney Munch|72/100|[from] Leech Seed|[of] p2a: Flower Nowhere
|-heal|p2a: Flower Nowhere|99/100|[silent]
|-heal|p2a: Flower Nowhere|100/100|[from] item: Leftovers
|upkeep
|turn|26
|inactive|euph0riADV has 270 seconds left.
|
|t:|1729293112
|switch|p2a: Refractions|Magneton, shiny|100/100
|move|p1a: Rodney Munch|Megahorn|p2a: Refractions
|-resisted|p2a: Refractions
|-damage|p2a: Refractions|60/100
|
|-weather|Sandstorm|[upkeep]
|-damage|p1a: Rodney Munch|66/100|[from] Sandstorm
|-heal|p1a: Rodney Munch|72/100|[from] item: Leftovers
|-damage|p1a: Rodney Munch|59/100|[from] Leech Seed|[of] p2a: Refractions
|-heal|p2a: Refractions|75/100|[silent]
|-heal|p2a: Refractions|81/100|[from] item: Leftovers
|upkeep
|turn|27
|
|t:|1729293122
|move|p1a: Rodney Munch|Brick Break|p2a: Refractions
|-supereffective|p2a: Refractions
|-damage|p2a: Refractions|0 fnt
|faint|p2a: Refractions
|
|t:|1729293129
|switch|p2a: Parsec|Flygon, M|80/100
|
|-weather|Sandstorm|[upkeep]
|-damage|p1a: Rodney Munch|53/100|[from] Sandstorm
|-heal|p2a: Parsec|86/100|[from] item: Leftovers
|-heal|p1a: Rodney Munch|59/100|[from] item: Leftovers
|-damage|p1a: Rodney Munch|47/100|[from] Leech Seed|[of] p2a: Parsec
|-heal|p2a: Parsec|98/100|[silent]
|upkeep
|turn|28
|
|t:|1729293157
|switch|p1a: Sticky Sweethearts|Suicune|100/100 slp
|-damage|p1a: Sticky Sweethearts|84/100 slp|[from] Spikes
|move|p2a: Parsec|Substitute|p2a: Parsec
|-start|p2a: Parsec|Substitute
|-damage|p2a: Parsec|73/100
|
|-weather|Sandstorm|[upkeep]
|-damage|p1a: Sticky Sweethearts|78/100 slp|[from] Sandstorm
|-heal|p2a: Parsec|79/100|[from] item: Leftovers
|-heal|p1a: Sticky Sweethearts|84/100 slp|[from] item: Leftovers
|upkeep
|turn|29
|
|t:|1729293168
|switch|p2a: Flower Nowhere|Celebi|100/100
|cant|p1a: Sticky Sweethearts|slp
|
|-weather|Sandstorm|[upkeep]
|-damage|p2a: Flower Nowhere|94/100|[from] Sandstorm
|-damage|p1a: Sticky Sweethearts|78/100 slp|[from] Sandstorm
|-heal|p2a: Flower Nowhere|100/100|[from] item: Leftovers
|-heal|p1a: Sticky Sweethearts|84/100 slp|[from] item: Leftovers
|upkeep
|turn|30
|
|t:|1729293176
|move|p2a: Flower Nowhere|Leech Seed|p1a: Sticky Sweethearts
|-start|p1a: Sticky Sweethearts|move: Leech Seed
|-curestatus|p1a: Sticky Sweethearts|slp|[msg]
|move|p1a: Sticky Sweethearts|Calm Mind|p1a: Sticky Sweethearts
|-boost|p1a: Sticky Sweethearts|spa|1
|-boost|p1a: Sticky Sweethearts|spd|1
|
|-weather|Sandstorm|[upkeep]
|-damage|p2a: Flower Nowhere|94/100|[from] Sandstorm
|-damage|p1a: Sticky Sweethearts|78/100|[from] Sandstorm
|-heal|p2a: Flower Nowhere|100/100|[from] item: Leftovers
|-heal|p1a: Sticky Sweethearts|84/100|[from] item: Leftovers
|-damage|p1a: Sticky Sweethearts|72/100|[from] Leech Seed|[of] p2a: Flower Nowhere
|upkeep
|turn|31
|
|t:|1729293190
|switch|p2a: Parsec|Flygon, M|79/100
|switch|p1a: Jenny Stardust|Metagross|100/100
|-damage|p1a: Jenny Stardust|84/100|[from] Spikes
|
|-weather|Sandstorm|[upkeep]
|-heal|p2a: Parsec|85/100|[from] item: Leftovers
|upkeep
|turn|32
|
|t:|1729293199
|move|p2a: Parsec|Substitute|p2a: Parsec
|-start|p2a: Parsec|Substitute
|-damage|p2a: Parsec|60/100
|move|p1a: Jenny Stardust|Meteor Mash|p2a: Parsec
|-end|p2a: Parsec|Substitute
|
|-weather|Sandstorm|[upkeep]
|-heal|p2a: Parsec|66/100|[from] item: Leftovers
|upkeep
|turn|33
|
|t:|1729293215
|switch|p2a: Flower Nowhere|Celebi|100/100
|move|p1a: Jenny Stardust|Meteor Mash|p2a: Flower Nowhere
|-damage|p2a: Flower Nowhere|61/100
|
|-weather|Sandstorm|[upkeep]
|-damage|p2a: Flower Nowhere|55/100|[from] Sandstorm
|-heal|p2a: Flower Nowhere|61/100|[from] item: Leftovers
|upkeep
|turn|34
|
|t:|1729293223
|move|p2a: Flower Nowhere|Leech Seed|p1a: Jenny Stardust
|-start|p1a: Jenny Stardust|move: Leech Seed
|move|p1a: Jenny Stardust|Meteor Mash|p2a: Flower Nowhere
|-damage|p2a: Flower Nowhere|21/100
|
|-weather|Sandstorm|[upkeep]
|-damage|p2a: Flower Nowhere|15/100|[from] Sandstorm
|-heal|p2a: Flower Nowhere|21/100|[from] item: Leftovers
|-damage|p1a: Jenny Stardust|72/100|[from] Leech Seed|[of] p2a: Flower Nowhere
|-heal|p2a: Flower Nowhere|32/100|[silent]
|upkeep
|turn|35
|
|t:|1729293233
|move|p2a: Flower Nowhere|Recover|p2a: Flower Nowhere
|-heal|p2a: Flower Nowhere|82/100
|move|p1a: Jenny Stardust|Meteor Mash|p2a: Flower Nowhere
|-damage|p2a: Flower Nowhere|43/100
|-boost|p1a: Jenny Stardust|atk|1
|
|-weather|Sandstorm|[upkeep]
|-damage|p2a: Flower Nowhere|37/100|[from] Sandstorm
|-heal|p2a: Flower Nowhere|43/100|[from] item: Leftovers
|-damage|p1a: Jenny Stardust|59/100|[from] Leech Seed|[of] p2a: Flower Nowhere
|-heal|p2a: Flower Nowhere|54/100|[silent]
|upkeep
|turn|36
|
|t:|1729293243
|move|p2a: Flower Nowhere|Recover|p2a: Flower Nowhere
|-heal|p2a: Flower Nowhere|100/100
|move|p1a: Jenny Stardust|Meteor Mash|p2a: Flower Nowhere
|-damage|p2a: Flower Nowhere|43/100
|
|-weather|Sandstorm|[upkeep]
|-damage|p2a: Flower Nowhere|36/100|[from] Sandstorm
|-heal|p2a: Flower Nowhere|43/100|[from] item: Leftovers
|-damage|p1a: Jenny Stardust|47/100|[from] Leech Seed|[of] p2a: Flower Nowhere
|-heal|p2a: Flower Nowhere|54/100|[silent]
|upkeep
|turn|37
|
|t:|1729293253
|move|p2a: Flower Nowhere|Recover|p2a: Flower Nowhere
|-heal|p2a: Flower Nowhere|100/100
|move|p1a: Jenny Stardust|Meteor Mash|p2a: Flower Nowhere
|-damage|p2a: Flower Nowhere|44/100
|
|-weather|Sandstorm|[upkeep]
|-damage|p2a: Flower Nowhere|38/100|[from] Sandstorm
|-heal|p2a: Flower Nowhere|44/100|[from] item: Leftovers
|-damage|p1a: Jenny Stardust|35/100|[from] Leech Seed|[of] p2a: Flower Nowhere
|-heal|p2a: Flower Nowhere|55/100|[silent]
|upkeep
|turn|38
|
|t:|1729293262
|move|p2a: Flower Nowhere|Recover|p2a: Flower Nowhere
|-heal|p2a: Flower Nowhere|100/100
|move|p1a: Jenny Stardust|Meteor Mash|p2a: Flower Nowhere
|-damage|p2a: Flower Nowhere|43/100
|-boost|p1a: Jenny Stardust|atk|1
|
|-weather|Sandstorm|[upkeep]
|-damage|p2a: Flower Nowhere|36/100|[from] Sandstorm
|-heal|p2a: Flower Nowhere|43/100|[from] item: Leftovers
|-damage|p1a: Jenny Stardust|22/100|[from] Leech Seed|[of] p2a: Flower Nowhere
|-heal|p2a: Flower Nowhere|54/100|[silent]
|upkeep
|turn|39
|
|t:|1729293273
|move|p2a: Flower Nowhere|Recover|p2a: Flower Nowhere
|-heal|p2a: Flower Nowhere|100/100
|move|p1a: Jenny Stardust|Meteor Mash|p2a: Flower Nowhere
|-crit|p2a: Flower Nowhere
|-damage|p2a: Flower Nowhere|0 fnt
|faint|p2a: Flower Nowhere
|
|t:|1729293278
|switch|p2a: Parsec|Flygon, M|66/100
|
|-weather|Sandstorm|[upkeep]
|-heal|p2a: Parsec|72/100|[from] item: Leftovers
|-damage|p1a: Jenny Stardust|10/100|[from] Leech Seed|[of] p2a: Parsec
|-heal|p2a: Parsec|87/100|[silent]
|upkeep
|turn|40
|
|t:|1729293284
|move|p2a: Parsec|Earthquake|p1a: Jenny Stardust
|-supereffective|p1a: Jenny Stardust
|-damage|p1a: Jenny Stardust|0 fnt
|faint|p1a: Jenny Stardust
|
|t:|1729293290
|switch|p1a: Sticky Sweethearts|Suicune|72/100
|-damage|p1a: Sticky Sweethearts|55/100|[from] Spikes
|
|-weather|Sandstorm|[upkeep]
|-damage|p1a: Sticky Sweethearts|49/100|[from] Sandstorm
|-heal|p2a: Parsec|93/100|[from] item: Leftovers
|-heal|p1a: Sticky Sweethearts|55/100|[from] item: Leftovers
|upkeep
|turn|41
|
|t:|1729293297
|move|p2a: Parsec|Substitute|p2a: Parsec
|-start|p2a: Parsec|Substitute
|-damage|p2a: Parsec|68/100
|move|p1a: Sticky Sweethearts|Calm Mind|p1a: Sticky Sweethearts
|-boost|p1a: Sticky Sweethearts|spa|1
|-boost|p1a: Sticky Sweethearts|spd|1
|
|-weather|Sandstorm|[upkeep]
|-damage|p1a: Sticky Sweethearts|49/100|[from] Sandstorm
|-heal|p2a: Parsec|74/100|[from] item: Leftovers
|-heal|p1a: Sticky Sweethearts|55/100|[from] item: Leftovers
|upkeep
|turn|42
|
|t:|1729293308
|move|p2a: Parsec|Earthquake|p1a: Sticky Sweethearts
|-damage|p1a: Sticky Sweethearts|30/100
|move|p1a: Sticky Sweethearts|Calm Mind|p1a: Sticky Sweethearts
|-boost|p1a: Sticky Sweethearts|spa|1
|-boost|p1a: Sticky Sweethearts|spd|1
|
|-weather|Sandstorm|[upkeep]
|-damage|p1a: Sticky Sweethearts|23/100|[from] Sandstorm
|-heal|p2a: Parsec|80/100|[from] item: Leftovers
|-heal|p1a: Sticky Sweethearts|30/100|[from] item: Leftovers
|upkeep
|turn|43
|
|t:|1729293318
|move|p2a: Parsec|Earthquake|p1a: Sticky Sweethearts
|-damage|p1a: Sticky Sweethearts|7/100
|move|p1a: Sticky Sweethearts|Rest|p1a: Sticky Sweethearts
|-status|p1a: Sticky Sweethearts|slp|[from] move: Rest
|-heal|p1a: Sticky Sweethearts|100/100 slp|[silent]
|
|-weather|Sandstorm|[upkeep]
|-damage|p1a: Sticky Sweethearts|94/100 slp|[from] Sandstorm
|-heal|p2a: Parsec|86/100|[from] item: Leftovers
|-heal|p1a: Sticky Sweethearts|100/100 slp|[from] item: Leftovers
|upkeep
|turn|44
|
|t:|1729293329
|move|p2a: Parsec|Earthquake|p1a: Sticky Sweethearts
|-damage|p1a: Sticky Sweethearts|78/100 slp
|cant|p1a: Sticky Sweethearts|slp
|
|-weather|Sandstorm|[upkeep]
|-damage|p1a: Sticky Sweethearts|71/100 slp|[from] Sandstorm
|-heal|p2a: Parsec|92/100|[from] item: Leftovers
|-heal|p1a: Sticky Sweethearts|78/100 slp|[from] item: Leftovers
|upkeep
|turn|45
|
|t:|1729293338
|move|p2a: Parsec|Rock Slide|p1a: Sticky Sweethearts
|-damage|p1a: Sticky Sweethearts|65/100 slp
|cant|p1a: Sticky Sweethearts|slp
|
|-weather|Sandstorm|[upkeep]
|-damage|p1a: Sticky Sweethearts|59/100 slp|[from] Sandstorm
|-heal|p2a: Parsec|98/100|[from] item: Leftovers
|-heal|p1a: Sticky Sweethearts|65/100 slp|[from] item: Leftovers
|upkeep
|turn|46
|
|t:|1729293349
|move|p2a: Parsec|Rock Slide|p1a: Sticky Sweethearts|[miss]
|-miss|p2a: Parsec|p1a: Sticky Sweethearts
|-curestatus|p1a: Sticky Sweethearts|slp|[msg]
|move|p1a: Sticky Sweethearts|Roar|p2a: Parsec
|drag|p2a: Diagonals|Tyranitar, M|100/100
|
|-weather|Sandstorm|[upkeep]
|-damage|p1a: Sticky Sweethearts|59/100|[from] Sandstorm
|-heal|p1a: Sticky Sweethearts|65/100|[from] item: Leftovers
|upkeep
|turn|47
|
|t:|1729293359
|switch|p2a: Parsec|Flygon, M|98/100
|move|p1a: Sticky Sweethearts|Surf|p2a: Parsec
|-damage|p2a: Parsec|20/100
|
|-weather|Sandstorm|[upkeep]
|-damage|p1a: Sticky Sweethearts|59/100|[from] Sandstorm
|-heal|p2a: Parsec|26/100|[from] item: Leftovers
|-heal|p1a: Sticky Sweethearts|65/100|[from] item: Leftovers
|upkeep
|turn|48
|
|t:|1729293368
|move|p2a: Parsec|Rock Slide|p1a: Sticky Sweethearts
|-damage|p1a: Sticky Sweethearts|52/100
|move|p1a: Sticky Sweethearts|Surf|p2a: Parsec
|-crit|p2a: Parsec
|-damage|p2a: Parsec|0 fnt
|faint|p2a: Parsec
|
|t:|1729293370
|switch|p2a: Diagonals|Tyranitar, M|100/100
|
|-weather|Sandstorm|[upkeep]
|-damage|p1a: Sticky Sweethearts|46/100|[from] Sandstorm
|-heal|p1a: Sticky Sweethearts|52/100|[from] item: Leftovers
|upkeep
|turn|49
|
|t:|1729293378
|-singleturn|p2a: Diagonals|move: Focus Punch
|move|p1a: Sticky Sweethearts|Surf|p2a: Diagonals
|-supereffective|p2a: Diagonals
|-damage|p2a: Diagonals|0 fnt
|faint|p2a: Diagonals
|
|win|Nun_IE
|c|☆euph0riADV|gg
|c|☆Nun_IE|gg

</script>
<script type="application/json" class="data" id="replaydata-smogtours-gen3ou-799746">
{"id":"smogtours-gen3ou-799746","format":"[Gen 3] OU","players":["Nun_IE","euph0riADV"],"uploadtime":1729293378,"views":77,"formatid":"gen3ou","rating":null,"private":0,"password":null}
</script>

<script defer src="js/replays.js?9d40a366"></script>
