<!DOCTYPE html>
<meta charset="utf-8" />
<meta name="viewport" content="width=device-width" />

<title>[Gen 3] OU: FREEYSL321 vs. chiefbeef1234 - Replays - Pok&eacute;mon Showdown!</title>

<meta name="description" content="Watch a replay of a Pok&eacute;mon battle between FREEYSL321 and chiefbeef1234! Format: [Gen 3] OU; Date: Oct 25, 2024" />
<!--

Hey, you! Looking in the source for the replay log?

You can find them in JSON format, just add `.json` at the end of a replay URL.

https://replay.pokemonshowdown.com/gen7randomdoublesbattle-865046831.json

Or, if you only need the log itself, add `.log` instead:

https://replay.pokemonshowdown.com/gen7randomdoublesbattle-865046831.log

-->

<link rel="stylesheet" href="//pokemonshowdown.com/style/global.css?0.767286132409787" />
<link rel="stylesheet" href="//play.pokemonshowdown.com/style/font-awesome.css?0.9266228007934947" />
<link rel="stylesheet" href="//play.pokemonshowdown.com/style/battle.css?0.7924700842790926" />
<link rel="stylesheet" href="//play.pokemonshowdown.com/style/utilichart.css?0.8777417872839479" />

<!-- Global site tag (gtag.js) - Google Analytics -->
<script async src="https://www.googletagmanager.com/gtag/js?id=UA-26211653-1"></script>
<script>
  window.dataLayer = window.dataLayer || [];
  function gtag(){dataLayer.push(arguments);}
  gtag('js', new Date());

  gtag('config', 'UA-26211653-1');
</script>
<!-- End Google Analytics -->
<!-- Venatus Ad Manager - Install in <HEAD> of page -->
	<script src="https://hb.vntsm.com/v3/live/ad-manager.min.js" type="text/javascript" data-site-id="642aba63ec9a7b11c3c9c1be" data-mode="scan" async></script>
<!-- / Venatus Ad Manager -->

<style>
	@media (max-width:820px) {
		.battle {
			margin: 0 auto;
		}
		.battle-log {
			margin: 7px auto 0;
			max-width: 640px;
			height: 300px;
			position: static;
		}
	}
	.optgroup {
		display: inline-block;
		line-height: 22px;
		font-size: 10pt;
	}
	.optgroup .button {
		height: 25px;
		padding-top: 0;
		padding-bottom: 0;
	}
	.optgroup button.button {
		padding-left: 12px;
		padding-right: 12px;
	}
	.linklist {
		list-style: none;
		margin: 0.5em 0;
		padding: 0;
	}
	.linklist li {
		padding: 2px 0;
	}
	.sidebar {
		float: left;
		width: 320px;
	}
	.bar-wrapper {
		max-width: 1100px;
		margin: 0 auto;
	}
	.bar-wrapper.has-sidebar {
		max-width: 1430px;
	}
	.mainbar {
		margin: 0;
		padding-right: 1px;
	}
	.mainbar.has-sidebar {
		margin-left: 330px;
	}
	@media (min-width: 1511px) {
		.sidebar {
			width: 400px;
		}
		.bar-wrapper.has-sidebar {
			max-width: 1510px;
		}
		.mainbar.has-sidebar {
			margin-left: 410px;
		}
	}
	.section.first-section {
		margin-top: 9px;
	}
	.blocklink small {
		white-space: normal;
	}
	.button {
		vertical-align: middle;
	}
	.replay-controls {
		padding-top: 10px;
	}
	.replay-controls h1 {
		font-size: 16pt;
		font-weight: normal;
		color: #CCC;
	}
	.pagelink {
		text-align: center;
	}
	.pagelink a {
		width: 150px;
	}
	.textbox, .button {
		font-size: 11pt;
		vertical-align: middle;
	}
	@media (max-width: 450px) {
		.button {
			font-size: 9pt;
		}
	}
</style>

<div>

	<header>
		<div class="nav-wrapper"><ul class="nav">
			<li><a class="button nav-first" href="//pokemonshowdown.com/"><img src="//pokemonshowdown.com/images/pokemonshowdownbeta.png" srcset="//pokemonshowdown.com/images/pokemonshowdownbeta.png 1x, //pokemonshowdown.com/images/pokemonshowdownbeta@2x.png 2x" alt="Pok&eacute;mon Showdown" width="146" height="44" /> Home</a></li>
			<li><a class="button" href="//pokemonshowdown.com/dex/">Pok&eacute;dex</a></li>
			<li><a class="button cur" href="/">Replays</a></li>
			<li><a class="button" href="//pokemonshowdown.com/ladder/">Ladder</a></li>
			<li><a class="button nav-last" href="//pokemonshowdown.com/forums/">Forum</a></li>
			<li><a class="button greenbutton nav-first nav-last" href="//play.pokemonshowdown.com/">Play</a></li>
		</ul></div>
	</header>

	<div class="main" id="main">

		<noscript><section class="section">You need to enable JavaScript to use this page; sorry!</section></noscript>

	</div>

</div>

<script defer nomodule src="//play.pokemonshowdown.com/js/lib/ps-polyfill.js"></script>
<script defer src="//play.pokemonshowdown.com/js/lib/preact.min.js"></script>

<script defer src="//play.pokemonshowdown.com/config/config.js?6dec07f6"></script>
<script defer src="//play.pokemonshowdown.com/js/lib/jquery-1.11.0.min.js"></script>
<script defer src="//play.pokemonshowdown.com/js/lib/html-sanitizer-minified.js"></script>
<script defer src="//play.pokemonshowdown.com/js/battle-sound.js"></script>
<script defer src="//play.pokemonshowdown.com/js/battledata.js?0.6315294753075389"></script>
<script defer src="//play.pokemonshowdown.com/data/pokedex-mini.js?0.7603743185311358"></script>
<script defer src="//play.pokemonshowdown.com/data/pokedex-mini-bw.js?0.030888842834281283"></script>
<script defer src="//play.pokemonshowdown.com/data/graphics.js?0.05593094747507488"></script>
<script defer src="//play.pokemonshowdown.com/data/pokedex.js?0.47064822249611904"></script>
<script defer src="//play.pokemonshowdown.com/data/moves.js?0.8583693120512459"></script>
<script defer src="//play.pokemonshowdown.com/data/abilities.js?0.16017181182386842"></script>
<script defer src="//play.pokemonshowdown.com/data/items.js?0.4163379185673943"></script>
<script defer src="//play.pokemonshowdown.com/data/teambuilder-tables.js?0.31075597372830477"></script>
<script defer src="//play.pokemonshowdown.com/js/battle-tooltips.js?0.6536193500708172"></script>
<script defer src="//play.pokemonshowdown.com/js/battle.js?0.1916591943277901"></script>

<script defer src="js/utils.js?e31f9a17"></script>
<script defer src="js/replays-battle.js?7008c182"></script>

<!-- don't scrape this data! just add .json or .log after the URL!
Full API docs: https://github.com/smogon/pokemon-showdown-client/blob/master/WEB-API.md -->
<script type="text/plain" class="log" id="replaylog-smogtours-gen3ou-801819">
|inactive|Battle timer is ON: inactive players will automatically lose when time's up.
|t:|1729871997
|gametype|singles
|player|p1|FREEYSL321|266|
|player|p2|chiefbeef1234|102|
|teamsize|p1|6
|teamsize|p2|6
|gen|3
|tier|[Gen 3] OU
|rule|Sleep Clause Mod: Limit one foe put to sleep
|rule|Switch Priority Clause Mod: Faster Pokémon switch first
|rule|Species Clause: Limit one of each Pokémon
|rule|OHKO Clause: OHKO moves are banned
|rule|Evasion Items Clause: Evasion items are banned
|rule|Evasion Moves Clause: Evasion moves are banned
|rule|Endless Battle Clause: Forcing endless battles is banned
|rule|HP Percentage Mod: HP is shown in percentages
|rule|One Boost Passer Clause: Limit one Baton Passer that has a way to boost its stats
|rule|Freeze Clause Mod: Limit one foe frozen
|
|t:|1729871997
|start
|switch|p1a: Metallica|Salamence, F|100/100
|switch|p2a: Medicham|Medicham, F|100/100
|-ability|p1a: Metallica|Intimidate|boost
|-unboost|p2a: Medicham|atk|1
|turn|1
|c|☆chiefbeef1234|Glhf
|
|t:|1729872013
|switch|p2a: Swampert|Swampert, M|100/100
|move|p1a: Metallica|Hidden Power|p2a: Swampert
|-damage|p2a: Swampert|58/100
|
|-heal|p2a: Swampert|64/100|[from] item: Leftovers
|upkeep
|turn|2
|c|☆FREEYSL321|u2
|inactive|FREEYSL321 has 270 seconds left.
|
|t:|1729872047
|switch|p1a: Like a Stone|Blissey, F|100/100
|move|p2a: Swampert|Ice Beam|p1a: Like a Stone
|-damage|p1a: Like a Stone|92/100
|
|-heal|p1a: Like a Stone|99/100|[from] item: Leftovers
|-heal|p2a: Swampert|70/100|[from] item: Leftovers
|upkeep
|turn|3
|
|t:|1729872054
|switch|p2a: Medicham|Medicham, F|100/100
|move|p1a: Like a Stone|Seismic Toss|p2a: Medicham
|-damage|p2a: Medicham|62/100
|
|-heal|p1a: Like a Stone|100/100|[from] item: Leftovers
|upkeep
|turn|4
|
|t:|1729872065
|-singleturn|p2a: Medicham|move: Focus Punch
|switch|p1a: Knife Prty|Skarmory, M|100/100
|move|p2a: Medicham|Focus Punch|p1a: Knife Prty
|-damage|p1a: Knife Prty|0 fnt
|faint|p1a: Knife Prty
|inactive|FREEYSL321 has 270 seconds left.
|
|t:|1729872088
|switch|p1a: FEED MY EYES|Gyarados, F, shiny|100/100
|-ability|p1a: FEED MY EYES|Intimidate|boost
|-unboost|p2a: Medicham|atk|1
|
|upkeep
|turn|5
|
|t:|1729872101
|switch|p2a: Metagross|Metagross|100/100
|move|p1a: FEED MY EYES|Dragon Dance|p1a: FEED MY EYES
|-boost|p1a: FEED MY EYES|atk|1
|-boost|p1a: FEED MY EYES|spe|1
|
|upkeep
|turn|6
|inactive|FREEYSL321 has 270 seconds left.
|
|t:|1729872122
|switch|p1a: Punani|Magneton|100/100
|move|p2a: Metagross|Explosion|p1a: Punani
|-resisted|p1a: Punani
|-damage|p1a: Punani|0 fnt
|faint|p2a: Metagross
|faint|p1a: Punani
|
|t:|1729872134
|switch|p1a: Metallica|Salamence, F|100/100
|switch|p2a: Magneton|Magneton|100/100
|-ability|p1a: Metallica|Intimidate|boost
|-unboost|p2a: Magneton|atk|1
|
|upkeep
|turn|7
|
|t:|1729872138
|move|p2a: Magneton|Protect|p2a: Magneton
|-singleturn|p2a: Magneton|Protect
|move|p1a: Metallica|Earthquake|p2a: Magneton
|-activate|p2a: Magneton|Protect
|
|upkeep
|turn|8
|
|t:|1729872141
|switch|p2a: Gyarados|Gyarados, F|100/100
|-ability|p2a: Gyarados|Intimidate|boost
|-unboost|p1a: Metallica|atk|1
|move|p1a: Metallica|Earthquake|p2a: Gyarados
|-immune|p2a: Gyarados
|
|upkeep
|turn|9
|
|t:|1729872146
|switch|p1a: FEED MY EYES|Gyarados, F, shiny|100/100
|-ability|p1a: FEED MY EYES|Intimidate|boost
|-unboost|p2a: Gyarados|atk|1
|move|p2a: Gyarados|Dragon Dance|p2a: Gyarados
|-boost|p2a: Gyarados|atk|1
|-boost|p2a: Gyarados|spe|1
|
|upkeep
|turn|10
|
|t:|1729872149
|move|p2a: Gyarados|Dragon Dance|p2a: Gyarados
|-boost|p2a: Gyarados|atk|1
|-boost|p2a: Gyarados|spe|1
|move|p1a: FEED MY EYES|Thunder Wave|p2a: Gyarados
|-status|p2a: Gyarados|par
|
|upkeep
|turn|11
|
|t:|1729872162
|switch|p1a: Interior Theatre|Swampert, M|100/100
|move|p2a: Gyarados|Hidden Power|p1a: Interior Theatre
|-damage|p1a: Interior Theatre|41/100
|
|upkeep
|turn|12
|
|t:|1729872168
|move|p1a: Interior Theatre|Substitute|p1a: Interior Theatre
|-start|p1a: Interior Theatre|Substitute
|-damage|p1a: Interior Theatre|16/100
|cant|p2a: Gyarados|par
|
|-enditem|p1a: Interior Theatre|Salac Berry|[eat]
|-boost|p1a: Interior Theatre|spe|1|[from] item: Salac Berry
|upkeep
|turn|13
|
|t:|1729872174
|move|p1a: Interior Theatre|Endeavor|p2a: Gyarados
|-damage|p2a: Gyarados|15/100 par
|cant|p2a: Gyarados|par
|
|-heal|p2a: Gyarados|22/100 par|[from] item: Leftovers
|upkeep
|turn|14
|
|t:|1729872185
|move|p1a: Interior Theatre|Hydro Pump|p2a: Gyarados|[miss]
|-miss|p1a: Interior Theatre|p2a: Gyarados
|cant|p2a: Gyarados|par
|
|-heal|p2a: Gyarados|28/100 par|[from] item: Leftovers
|upkeep
|turn|15
|
|t:|1729872189
|move|p1a: Interior Theatre|Hydro Pump|p2a: Gyarados
|-resisted|p2a: Gyarados
|-damage|p2a: Gyarados|0 fnt
|faint|p2a: Gyarados
|
|t:|1729872195
|switch|p2a: Swampert|Swampert, M|70/100
|
|-heal|p2a: Swampert|77/100|[from] item: Leftovers
|upkeep
|turn|16
|c|☆FREEYSL321|f i thought i had surf 
|
|t:|1729872203
|move|p1a: Interior Theatre|Hydro Pump|p2a: Swampert
|-damage|p2a: Swampert|14/100
|move|p2a: Swampert|Earthquake|p1a: Interior Theatre
|-end|p1a: Interior Theatre|Substitute
|
|-heal|p2a: Swampert|20/100|[from] item: Leftovers
|upkeep
|turn|17
|
|t:|1729872209
|move|p2a: Swampert|Protect|p2a: Swampert
|-singleturn|p2a: Swampert|Protect
|move|p1a: Interior Theatre|Hydro Pump|p2a: Swampert
|-activate|p2a: Swampert|Protect
|
|-heal|p2a: Swampert|27/100|[from] item: Leftovers
|upkeep
|turn|18
|
|t:|1729872216
|move|p1a: Interior Theatre|Hydro Pump|p2a: Swampert
|-damage|p2a: Swampert|0 fnt
|faint|p2a: Swampert
|
|t:|1729872224
|switch|p2a: Tyranitar|Tyranitar, M|100/100
|-weather|Sandstorm|[from] ability: Sand Stream|[of] p2a: Tyranitar
|
|-weather|Sandstorm|[upkeep]
|upkeep
|turn|19
|inactive|FREEYSL321 has 270 seconds left.
|
|t:|1729872268
|move|p2a: Tyranitar|Dragon Dance|p2a: Tyranitar
|-boost|p2a: Tyranitar|atk|1
|-boost|p2a: Tyranitar|spe|1
|move|p1a: Interior Theatre|Roar|p2a: Tyranitar
|drag|p2a: Magneton|Magneton|100/100
|
|-weather|Sandstorm|[upkeep]
|upkeep
|turn|20
|
|t:|1729872280
|move|p1a: Interior Theatre|Endeavor|p2a: Magneton
|-damage|p2a: Magneton|22/100
|move|p2a: Magneton|Toxic|p1a: Interior Theatre
|-status|p1a: Interior Theatre|tox
|
|-weather|Sandstorm|[upkeep]
|-damage|p1a: Interior Theatre|10/100 tox|[from] psn
|upkeep
|turn|21
|
|t:|1729872287
|switch|p1a: Like a Stone|Blissey, F|100/100
|move|p2a: Magneton|Protect||[still]
|-fail|p2a: Magneton
|
|-weather|Sandstorm|[upkeep]
|-damage|p1a: Like a Stone|94/100|[from] Sandstorm
|-heal|p1a: Like a Stone|100/100|[from] item: Leftovers
|upkeep
|turn|22
|inactive|FREEYSL321 has 270 seconds left.
|
|t:|1729872294
|move|p2a: Magneton|Toxic|p1a: Like a Stone
|-status|p1a: Like a Stone|tox
|move|p1a: Like a Stone|Ice Beam|p2a: Magneton
|-resisted|p2a: Magneton
|-damage|p2a: Magneton|0 fnt
|faint|p2a: Magneton
|
|t:|1729872298
|switch|p2a: Tyranitar|Tyranitar, M|100/100
|
|-weather|Sandstorm|[upkeep]
|-damage|p1a: Like a Stone|94/100 tox|[from] Sandstorm
|-heal|p1a: Like a Stone|100/100 tox|[from] item: Leftovers
|-damage|p1a: Like a Stone|94/100 tox|[from] psn
|upkeep
|turn|23
|
|t:|1729872304
|-curestatus|p1a: Like a Stone|tox|[from] ability: Natural Cure
|switch|p1a: Interior Theatre|Swampert, M|10/100 tox
|move|p2a: Tyranitar|Dragon Dance|p2a: Tyranitar
|-boost|p2a: Tyranitar|atk|1
|-boost|p2a: Tyranitar|spe|1
|
|-weather|Sandstorm|[upkeep]
|-damage|p1a: Interior Theatre|3/100 tox|[from] psn
|upkeep
|turn|24
|
|t:|1729872310
|move|p2a: Tyranitar|Hidden Power|p1a: Interior Theatre
|-damage|p1a: Interior Theatre|0 fnt
|faint|p1a: Interior Theatre
|inactive|FREEYSL321 has 270 seconds left.
|
|t:|1729872336
|switch|p1a: Metallica|Salamence, F|100/100
|-ability|p1a: Metallica|Intimidate|boost
|-unboost|p2a: Tyranitar|atk|1
|
|-weather|Sandstorm|[upkeep]
|-damage|p1a: Metallica|94/100|[from] Sandstorm
|upkeep
|turn|25
|
|t:|1729872341
|switch|p1a: FEED MY EYES|Gyarados, F, shiny|100/100
|-ability|p1a: FEED MY EYES|Intimidate|boost
|-unboost|p2a: Tyranitar|atk|1
|move|p2a: Tyranitar|Dragon Dance|p2a: Tyranitar
|-boost|p2a: Tyranitar|atk|1
|-boost|p2a: Tyranitar|spe|1
|
|-weather|Sandstorm|[upkeep]
|-damage|p1a: FEED MY EYES|94/100|[from] Sandstorm
|-heal|p1a: FEED MY EYES|100/100|[from] item: Leftovers
|upkeep
|turn|26
|
|t:|1729872350
|move|p2a: Tyranitar|Rock Slide|p1a: FEED MY EYES
|-supereffective|p1a: FEED MY EYES
|-damage|p1a: FEED MY EYES|10/100
|move|p1a: FEED MY EYES|Thunder Wave|p2a: Tyranitar
|-status|p2a: Tyranitar|par
|
|-weather|Sandstorm|[upkeep]
|-damage|p1a: FEED MY EYES|4/100|[from] Sandstorm
|-heal|p1a: FEED MY EYES|10/100|[from] item: Leftovers
|upkeep
|turn|27
|
|t:|1729872361
|move|p1a: FEED MY EYES|Earthquake|p2a: Tyranitar
|-supereffective|p2a: Tyranitar
|-damage|p2a: Tyranitar|46/100 par
|move|p2a: Tyranitar|Rock Slide|p1a: FEED MY EYES
|-supereffective|p1a: FEED MY EYES
|-damage|p1a: FEED MY EYES|0 fnt
|faint|p1a: FEED MY EYES
|
|t:|1729872368
|switch|p1a: Metallica|Salamence, F|94/100
|-ability|p1a: Metallica|Intimidate|boost
|-unboost|p2a: Tyranitar|atk|1
|
|-weather|Sandstorm|[upkeep]
|-damage|p1a: Metallica|88/100|[from] Sandstorm
|-heal|p2a: Tyranitar|52/100 par|[from] item: Leftovers
|upkeep
|turn|28
|
|t:|1729872373
|move|p1a: Metallica|Earthquake|p2a: Tyranitar
|-supereffective|p2a: Tyranitar
|-damage|p2a: Tyranitar|0 fnt
|faint|p2a: Tyranitar
|
|t:|1729872375
|switch|p2a: Medicham|Medicham, F|62/100
|
|-weather|Sandstorm|[upkeep]
|-damage|p1a: Metallica|82/100|[from] Sandstorm
|-damage|p2a: Medicham|56/100|[from] Sandstorm
|upkeep
|turn|29
|
|t:|1729872379
|switch|p1a: Like a Stone|Blissey, F|94/100
|move|p2a: Medicham|Brick Break|p1a: Like a Stone
|-supereffective|p1a: Like a Stone
|-damage|p1a: Like a Stone|0 fnt
|faint|p1a: Like a Stone
|
|t:|1729872381
|switch|p1a: Metallica|Salamence, F|82/100
|-ability|p1a: Metallica|Intimidate|boost
|-unboost|p2a: Medicham|atk|1
|
|-weather|Sandstorm|[upkeep]
|-damage|p1a: Metallica|76/100|[from] Sandstorm
|-damage|p2a: Medicham|50/100|[from] Sandstorm
|upkeep
|turn|30
|
|t:|1729872382
|move|p1a: Metallica|Hidden Power|p2a: Medicham
|-supereffective|p2a: Medicham
|-damage|p2a: Medicham|0 fnt
|faint|p2a: Medicham
|
|win|FREEYSL321
|player|p2|

</script>
<script type="application/json" class="data" id="replaydata-smogtours-gen3ou-801819">
{"id":"smogtours-gen3ou-801819","format":"[Gen 3] OU","players":["FREEYSL321","chiefbeef1234"],"uploadtime":1729872382,"views":78,"formatid":"gen3ou","rating":null,"private":0,"password":null}
</script>

<script defer src="js/replays.js?9d40a366"></script>
