<!DOCTYPE html>
<meta charset="utf-8" />
<meta name="viewport" content="width=device-width" />

<title>[Gen 3] OU: diegoyuhhi vs. incognidoqueen - Replays - Pok&eacute;mon Showdown!</title>

<meta name="description" content="Watch a replay of a Pok&eacute;mon battle between diegoyuhhi and incognidoqueen! Format: [Gen 3] OU; Date: Oct 18, 2024" />
<!--

Hey, you! Looking in the source for the replay log?

You can find them in JSON format, just add `.json` at the end of a replay URL.

https://replay.pokemonshowdown.com/gen7randomdoublesbattle-865046831.json

Or, if you only need the log itself, add `.log` instead:

https://replay.pokemonshowdown.com/gen7randomdoublesbattle-865046831.log

-->

<link rel="stylesheet" href="//pokemonshowdown.com/style/global.css?0.023195364461161105" />
<link rel="stylesheet" href="//play.pokemonshowdown.com/style/font-awesome.css?0.13261647063804238" />
<link rel="stylesheet" href="//play.pokemonshowdown.com/style/battle.css?0.8753245789963631" />
<link rel="stylesheet" href="//play.pokemonshowdown.com/style/utilichart.css?0.8627959624976733" />

<!-- Global site tag (gtag.js) - Google Analytics -->
<script async src="https://www.googletagmanager.com/gtag/js?id=UA-26211653-1"></script>
<script>
  window.dataLayer = window.dataLayer || [];
  function gtag(){dataLayer.push(arguments);}
  gtag('js', new Date());

  gtag('config', 'UA-26211653-1');
</script>
<!-- End Google Analytics -->
<!-- Venatus Ad Manager - Install in <HEAD> of page -->
	<script src="https://hb.vntsm.com/v3/live/ad-manager.min.js" type="text/javascript" data-site-id="642aba63ec9a7b11c3c9c1be" data-mode="scan" async></script>
<!-- / Venatus Ad Manager -->

<style>
	@media (max-width:820px) {
		.battle {
			margin: 0 auto;
		}
		.battle-log {
			margin: 7px auto 0;
			max-width: 640px;
			height: 300px;
			position: static;
		}
	}
	.optgroup {
		display: inline-block;
		line-height: 22px;
		font-size: 10pt;
	}
	.optgroup .button {
		height: 25px;
		padding-top: 0;
		padding-bottom: 0;
	}
	.optgroup button.button {
		padding-left: 12px;
		padding-right: 12px;
	}
	.linklist {
		list-style: none;
		margin: 0.5em 0;
		padding: 0;
	}
	.linklist li {
		padding: 2px 0;
	}
	.sidebar {
		float: left;
		width: 320px;
	}
	.bar-wrapper {
		max-width: 1100px;
		margin: 0 auto;
	}
	.bar-wrapper.has-sidebar {
		max-width: 1430px;
	}
	.mainbar {
		margin: 0;
		padding-right: 1px;
	}
	.mainbar.has-sidebar {
		margin-left: 330px;
	}
	@media (min-width: 1511px) {
		.sidebar {
			width: 400px;
		}
		.bar-wrapper.has-sidebar {
			max-width: 1510px;
		}
		.mainbar.has-sidebar {
			margin-left: 410px;
		}
	}
	.section.first-section {
		margin-top: 9px;
	}
	.blocklink small {
		white-space: normal;
	}
	.button {
		vertical-align: middle;
	}
	.replay-controls {
		padding-top: 10px;
	}
	.replay-controls h1 {
		font-size: 16pt;
		font-weight: normal;
		color: #CCC;
	}
	.pagelink {
		text-align: center;
	}
	.pagelink a {
		width: 150px;
	}
	.textbox, .button {
		font-size: 11pt;
		vertical-align: middle;
	}
	@media (max-width: 450px) {
		.button {
			font-size: 9pt;
		}
	}
</style>

<div>

	<header>
		<div class="nav-wrapper"><ul class="nav">
			<li><a class="button nav-first" href="//pokemonshowdown.com/"><img src="//pokemonshowdown.com/images/pokemonshowdownbeta.png" srcset="//pokemonshowdown.com/images/pokemonshowdownbeta.png 1x, //pokemonshowdown.com/images/pokemonshowdownbeta@2x.png 2x" alt="Pok&eacute;mon Showdown" width="146" height="44" /> Home</a></li>
			<li><a class="button" href="//pokemonshowdown.com/dex/">Pok&eacute;dex</a></li>
			<li><a class="button cur" href="/">Replays</a></li>
			<li><a class="button" href="//pokemonshowdown.com/ladder/">Ladder</a></li>
			<li><a class="button nav-last" href="//pokemonshowdown.com/forums/">Forum</a></li>
			<li><a class="button greenbutton nav-first nav-last" href="//play.pokemonshowdown.com/">Play</a></li>
		</ul></div>
	</header>

	<div class="main" id="main">

		<noscript><section class="section">You need to enable JavaScript to use this page; sorry!</section></noscript>

	</div>

</div>

<script defer nomodule src="//play.pokemonshowdown.com/js/lib/ps-polyfill.js"></script>
<script defer src="//play.pokemonshowdown.com/js/lib/preact.min.js"></script>

<script defer src="//play.pokemonshowdown.com/config/config.js?2bddbc15"></script>
<script defer src="//play.pokemonshowdown.com/js/lib/jquery-1.11.0.min.js"></script>
<script defer src="//play.pokemonshowdown.com/js/lib/html-sanitizer-minified.js"></script>
<script defer src="//play.pokemonshowdown.com/js/battle-sound.js"></script>
<script defer src="//play.pokemonshowdown.com/js/battledata.js?0.7209276989879541"></script>
<script defer src="//play.pokemonshowdown.com/data/pokedex-mini.js?0.6111056340867951"></script>
<script defer src="//play.pokemonshowdown.com/data/pokedex-mini-bw.js?0.3532142036491459"></script>
<script defer src="//play.pokemonshowdown.com/data/graphics.js?0.24223875632456182"></script>
<script defer src="//play.pokemonshowdown.com/data/pokedex.js?0.38839984266356864"></script>
<script defer src="//play.pokemonshowdown.com/data/moves.js?0.21866028504024015"></script>
<script defer src="//play.pokemonshowdown.com/data/abilities.js?0.2005157953846628"></script>
<script defer src="//play.pokemonshowdown.com/data/items.js?0.9894211263848525"></script>
<script defer src="//play.pokemonshowdown.com/data/teambuilder-tables.js?0.6008791140282215"></script>
<script defer src="//play.pokemonshowdown.com/js/battle-tooltips.js?0.7580118955022959"></script>
<script defer src="//play.pokemonshowdown.com/js/battle.js?0.6057722274234274"></script>

<script defer src="js/utils.js?e31f9a17"></script>
<script defer src="js/replays-battle.js?7008c182"></script>

<!-- don't scrape this data! just add .json or .log after the URL!
Full API docs: https://github.com/smogon/pokemon-showdown-client/blob/master/WEB-API.md -->
<script type="text/plain" class="log" id="replaylog-smogtours-gen3ou-799703">
|inactive|Battle timer is ON: inactive players will automatically lose when time's up.
|t:|1729285875
|gametype|singles
|player|p1|diegoyuhhi|allister|
|player|p2|incognidoqueen|clerkf|
|teamsize|p1|6
|teamsize|p2|6
|gen|3
|tier|[Gen 3] OU
|rule|Sleep Clause Mod: Limit one foe put to sleep
|rule|Switch Priority Clause Mod: Faster Pokémon switch first
|rule|Species Clause: Limit one of each Pokémon
|rule|OHKO Clause: OHKO moves are banned
|rule|Evasion Items Clause: Evasion items are banned
|rule|Evasion Moves Clause: Evasion moves are banned
|rule|Endless Battle Clause: Forcing endless battles is banned
|rule|HP Percentage Mod: HP is shown in percentages
|rule|One Boost Passer Clause: Limit one Baton Passer that has a way to boost its stats
|rule|Freeze Clause Mod: Limit one foe frozen
|
|t:|1729285875
|start
|switch|p1a: Tyranitar|Tyranitar, M|100/100
|switch|p2a: Healthy Tim|Salamence, F, shiny|100/100
|-ability|p2a: Healthy Tim|Intimidate|boost
|-unboost|p1a: Tyranitar|atk|1
|-weather|Sandstorm|[from] ability: Sand Stream|[of] p1a: Tyranitar
|turn|1
|c|☆incognidoqueen|Glhf
|c|☆diegoyuhhi|u2
|
|t:|1729285904
|switch|p1a: Milotic|Milotic, F|100/100
|move|p2a: Healthy Tim|Brick Break|p1a: Milotic
|-damage|p1a: Milotic|68/100
|
|-weather|Sandstorm|[upkeep]
|-damage|p2a: Healthy Tim|94/100|[from] Sandstorm
|-damage|p1a: Milotic|62/100|[from] Sandstorm
|-heal|p1a: Milotic|68/100|[from] item: Leftovers
|upkeep
|turn|2
|
|t:|1729285919
|switch|p2a: Metal Tim|Skarmory, M|100/100
|move|p1a: Milotic|Toxic|p2a: Metal Tim
|-immune|p2a: Metal Tim
|
|-weather|Sandstorm|[upkeep]
|-damage|p1a: Milotic|62/100|[from] Sandstorm
|-heal|p1a: Milotic|68/100|[from] item: Leftovers
|upkeep
|turn|3
|
|t:|1729285925
|move|p1a: Milotic|Surf|p2a: Metal Tim
|-damage|p2a: Metal Tim|70/100
|move|p2a: Metal Tim|Toxic|p1a: Milotic
|-status|p1a: Milotic|tox
|
|-weather|Sandstorm|[upkeep]
|-damage|p1a: Milotic|62/100 tox|[from] Sandstorm
|-heal|p1a: Milotic|68/100 tox|[from] item: Leftovers
|-damage|p1a: Milotic|62/100 tox|[from] psn
|-heal|p2a: Metal Tim|76/100|[from] item: Leftovers
|upkeep
|turn|4
|
|t:|1729285931
|move|p1a: Milotic|Refresh|p1a: Milotic
|-curestatus|p1a: Milotic|tox|[msg]
|move|p2a: Metal Tim|Spikes|p1a: Milotic
|-sidestart|p1: diegoyuhhi|Spikes
|
|-weather|Sandstorm|[upkeep]
|-damage|p1a: Milotic|56/100|[from] Sandstorm
|-heal|p1a: Milotic|62/100|[from] item: Leftovers
|-heal|p2a: Metal Tim|82/100|[from] item: Leftovers
|upkeep
|turn|5
|
|t:|1729285937
|switch|p1a: Tyranitar|Tyranitar, M|100/100
|-damage|p1a: Tyranitar|88/100|[from] Spikes
|move|p2a: Metal Tim|Protect||[still]
|-fail|p2a: Metal Tim
|
|-weather|Sandstorm|[upkeep]
|-heal|p1a: Tyranitar|94/100|[from] item: Leftovers
|-heal|p2a: Metal Tim|88/100|[from] item: Leftovers
|upkeep
|turn|6
|
|t:|1729285950
|move|p1a: Tyranitar|Taunt|p2a: Metal Tim
|-start|p2a: Metal Tim|move: Taunt
|cant|p2a: Metal Tim|move: Taunt|Toxic
|
|-weather|Sandstorm|[upkeep]
|-heal|p1a: Tyranitar|99/100|[from] item: Leftovers
|-heal|p2a: Metal Tim|94/100|[from] item: Leftovers
|upkeep
|turn|7
|
|t:|1729285960
|switch|p2a: Tim of the Tims|Jirachi|100/100
|move|p1a: Tyranitar|Toxic|p2a: Tim of the Tims
|-immune|p2a: Tim of the Tims
|
|-weather|Sandstorm|[upkeep]
|-heal|p1a: Tyranitar|100/100|[from] item: Leftovers
|upkeep
|turn|8
|
|t:|1729285968
|switch|p1a: Blissey|Blissey, F|100/100
|-damage|p1a: Blissey|88/100|[from] Spikes
|move|p2a: Tim of the Tims|Body Slam|p1a: Blissey
|-damage|p1a: Blissey|70/100
|
|-weather|Sandstorm|[upkeep]
|-damage|p1a: Blissey|63/100|[from] Sandstorm
|-heal|p1a: Blissey|70/100|[from] item: Leftovers
|upkeep
|turn|9
|
|t:|1729285980
|switch|p2a: Celebi Tim|Celebi|100/100
|move|p1a: Blissey|Wish|p1a: Blissey
|
|-weather|Sandstorm|[upkeep]
|-damage|p2a: Celebi Tim|94/100|[from] Sandstorm
|-damage|p1a: Blissey|63/100|[from] Sandstorm
|-heal|p2a: Celebi Tim|100/100|[from] item: Leftovers
|-heal|p1a: Blissey|70/100|[from] item: Leftovers
|upkeep
|turn|10
|
|t:|1729285990
|move|p2a: Celebi Tim|Leech Seed|p1a: Blissey|[miss]
|-miss|p2a: Celebi Tim|p1a: Blissey
|move|p1a: Blissey|Ice Beam|p2a: Celebi Tim
|-supereffective|p2a: Celebi Tim
|-damage|p2a: Celebi Tim|60/100
|-status|p2a: Celebi Tim|frz
|
|-heal|p1a: Blissey|100/100|[from] move: Wish|[wisher] Blissey
|-weather|Sandstorm|[upkeep]
|-damage|p2a: Celebi Tim|54/100 frz|[from] Sandstorm
|-damage|p1a: Blissey|94/100|[from] Sandstorm
|-heal|p2a: Celebi Tim|60/100 frz|[from] item: Leftovers
|-heal|p1a: Blissey|100/100|[from] item: Leftovers
|upkeep
|turn|11
|c|☆diegoyuhhi|mb
|
|t:|1729285999
|-curestatus|p2a: Celebi Tim|frz|[from] ability: Natural Cure
|switch|p2a: Tim of the Tims|Jirachi|100/100
|move|p1a: Blissey|Seismic Toss|p2a: Tim of the Tims
|-damage|p2a: Tim of the Tims|76/100
|
|-weather|Sandstorm|[upkeep]
|-damage|p1a: Blissey|94/100|[from] Sandstorm
|-heal|p2a: Tim of the Tims|82/100|[from] item: Leftovers
|-heal|p1a: Blissey|100/100|[from] item: Leftovers
|upkeep
|turn|12
|
|t:|1729286008
|move|p2a: Tim of the Tims|Body Slam|p1a: Blissey
|-damage|p1a: Blissey|81/100
|move|p1a: Blissey|Seismic Toss|p2a: Tim of the Tims
|-damage|p2a: Tim of the Tims|57/100
|
|-weather|Sandstorm|[upkeep]
|-damage|p1a: Blissey|75/100|[from] Sandstorm
|-heal|p2a: Tim of the Tims|63/100|[from] item: Leftovers
|-heal|p1a: Blissey|81/100|[from] item: Leftovers
|upkeep
|turn|13
|
|t:|1729286022
|switch|p1a: Claydol|Claydol|100/100
|move|p2a: Tim of the Tims|Wish|p2a: Tim of the Tims
|
|-weather|Sandstorm|[upkeep]
|-heal|p2a: Tim of the Tims|70/100|[from] item: Leftovers
|upkeep
|turn|14
|
|t:|1729286033
|move|p2a: Tim of the Tims|Body Slam|p1a: Claydol
|-crit|p1a: Claydol
|-damage|p1a: Claydol|64/100
|move|p1a: Claydol|Rapid Spin|p2a: Tim of the Tims
|-resisted|p2a: Tim of the Tims
|-damage|p2a: Tim of the Tims|68/100
|-sideend|p1: diegoyuhhi|Spikes|[from] move: Rapid Spin|[of] p1a: Claydol
|
|-heal|p2a: Tim of the Tims|100/100|[from] move: Wish|[wisher] Tim of the Tims
|-weather|Sandstorm|[upkeep]
|-heal|p1a: Claydol|70/100|[from] item: Leftovers
|upkeep
|turn|15
|
|t:|1729286042
|switch|p2a: Metal Tim|Skarmory, M|94/100
|switch|p1a: Skarmory|Skarmory, M|100/100
|
|-weather|Sandstorm|[upkeep]
|-heal|p2a: Metal Tim|99/100|[from] item: Leftovers
|upkeep
|turn|16
|
|t:|1729286048
|switch|p2a: Cool Tim|Charizard, M|100/100
|move|p1a: Skarmory|Spikes|p2a: Cool Tim
|-sidestart|p2: incognidoqueen|Spikes
|
|-weather|Sandstorm|[upkeep]
|-damage|p2a: Cool Tim|94/100|[from] Sandstorm
|-heal|p2a: Cool Tim|100/100|[from] item: Leftovers
|upkeep
|turn|17
|
|t:|1729286069
|switch|p1a: Milotic|Milotic, F|62/100
|move|p2a: Cool Tim|Substitute|p2a: Cool Tim
|-start|p2a: Cool Tim|Substitute
|-damage|p2a: Cool Tim|76/100
|
|-weather|Sandstorm|[upkeep]
|-damage|p2a: Cool Tim|70/100|[from] Sandstorm
|-damage|p1a: Milotic|56/100|[from] Sandstorm
|-heal|p2a: Cool Tim|76/100|[from] item: Leftovers
|-heal|p1a: Milotic|62/100|[from] item: Leftovers
|upkeep
|turn|18
|
|t:|1729286072
|move|p2a: Cool Tim|Hidden Power|p1a: Milotic
|-supereffective|p1a: Milotic
|-damage|p1a: Milotic|29/100
|move|p1a: Milotic|Recover|p1a: Milotic
|-heal|p1a: Milotic|79/100
|
|-weather|Sandstorm|[upkeep]
|-damage|p2a: Cool Tim|70/100|[from] Sandstorm
|-damage|p1a: Milotic|73/100|[from] Sandstorm
|-heal|p2a: Cool Tim|76/100|[from] item: Leftovers
|-heal|p1a: Milotic|79/100|[from] item: Leftovers
|upkeep
|turn|19
|
|t:|1729286078
|-singleturn|p2a: Cool Tim|move: Focus Punch
|move|p1a: Milotic|Surf|p2a: Cool Tim
|-supereffective|p2a: Cool Tim
|-end|p2a: Cool Tim|Substitute
|move|p2a: Cool Tim|Focus Punch|p1a: Milotic
|-damage|p1a: Milotic|56/100
|
|-weather|Sandstorm|[upkeep]
|-damage|p2a: Cool Tim|70/100|[from] Sandstorm
|-damage|p1a: Milotic|50/100|[from] Sandstorm
|-heal|p2a: Cool Tim|76/100|[from] item: Leftovers
|-heal|p1a: Milotic|56/100|[from] item: Leftovers
|upkeep
|turn|20
|
|t:|1729286088
|switch|p2a: Metal Tim|Skarmory, M|99/100
|move|p1a: Milotic|Recover|p1a: Milotic
|-heal|p1a: Milotic|100/100
|
|-weather|Sandstorm|[upkeep]
|-damage|p1a: Milotic|94/100|[from] Sandstorm
|-heal|p1a: Milotic|100/100|[from] item: Leftovers
|-heal|p2a: Metal Tim|100/100|[from] item: Leftovers
|upkeep
|turn|21
|
|t:|1729286097
|switch|p1a: Skarmory|Skarmory, M|100/100
|move|p2a: Metal Tim|Spikes|p1a: Skarmory
|-sidestart|p1: diegoyuhhi|Spikes
|
|-weather|Sandstorm|[upkeep]
|upkeep
|turn|22
|
|t:|1729286102
|move|p1a: Skarmory|Spikes|p2a: Metal Tim
|-sidestart|p2: incognidoqueen|Spikes
|move|p2a: Metal Tim|Spikes|p1a: Skarmory
|-sidestart|p1: diegoyuhhi|Spikes
|
|-weather|Sandstorm|[upkeep]
|upkeep
|turn|23
|
|t:|1729286104
|switch|p2a: Cool Tim|Charizard, M|76/100
|move|p1a: Skarmory|Spikes|p2a: Cool Tim
|-sidestart|p2: incognidoqueen|Spikes
|
|-weather|Sandstorm|[upkeep]
|-damage|p2a: Cool Tim|70/100|[from] Sandstorm
|-heal|p2a: Cool Tim|76/100|[from] item: Leftovers
|upkeep
|turn|24
|
|t:|1729286117
|switch|p2a: Celebi Tim|Celebi|60/100
|-damage|p2a: Celebi Tim|35/100|[from] Spikes
|move|p1a: Skarmory|Roar|p2a: Celebi Tim
|drag|p2a: Long Tim|Gyarados, F|100/100
|-ability|p2a: Long Tim|Intimidate|boost
|-unboost|p1a: Skarmory|atk|1
|
|-weather|Sandstorm|[upkeep]
|-damage|p2a: Long Tim|94/100|[from] Sandstorm
|-heal|p2a: Long Tim|100/100|[from] item: Leftovers
|upkeep
|turn|25
|
|t:|1729286131
|switch|p1a: Milotic|Milotic, F|100/100
|-damage|p1a: Milotic|84/100|[from] Spikes
|move|p2a: Long Tim|Thunder Wave|p1a: Milotic
|-status|p1a: Milotic|par
|
|-weather|Sandstorm|[upkeep]
|-damage|p2a: Long Tim|94/100|[from] Sandstorm
|-damage|p1a: Milotic|78/100 par|[from] Sandstorm
|-heal|p2a: Long Tim|100/100|[from] item: Leftovers
|-heal|p1a: Milotic|84/100 par|[from] item: Leftovers
|upkeep
|turn|26
|
|t:|1729286138
|move|p1a: Milotic|Surf|p2a: Long Tim
|-resisted|p2a: Long Tim
|-damage|p2a: Long Tim|86/100
|move|p2a: Long Tim|Roar|p1a: Milotic
|drag|p1a: Blissey|Blissey, F|81/100
|-damage|p1a: Blissey|64/100|[from] Spikes
|
|-weather|Sandstorm|[upkeep]
|-damage|p2a: Long Tim|79/100|[from] Sandstorm
|-damage|p1a: Blissey|58/100|[from] Sandstorm
|-heal|p2a: Long Tim|86/100|[from] item: Leftovers
|-heal|p1a: Blissey|64/100|[from] item: Leftovers
|upkeep
|turn|27
|
|t:|1729286145
|move|p1a: Blissey|Wish|p1a: Blissey
|move|p2a: Long Tim|Roar|p1a: Blissey
|drag|p1a: Skarmory|Skarmory, M|100/100
|
|-weather|Sandstorm|[upkeep]
|-damage|p2a: Long Tim|79/100|[from] Sandstorm
|-heal|p2a: Long Tim|86/100|[from] item: Leftovers
|upkeep
|turn|28
|
|t:|1729286154
|move|p2a: Long Tim|Thunder Wave|p1a: Skarmory
|-status|p1a: Skarmory|par
|move|p1a: Skarmory|Toxic|p2a: Long Tim
|-status|p2a: Long Tim|tox
|
|-weather|Sandstorm|[upkeep]
|-damage|p2a: Long Tim|79/100 tox|[from] Sandstorm
|-heal|p2a: Long Tim|86/100 tox|[from] item: Leftovers
|-damage|p2a: Long Tim|79/100 tox|[from] psn
|upkeep
|turn|29
|
|t:|1729286163
|switch|p2a: Metal Tim|Skarmory, M|100/100
|move|p1a: Skarmory|Roar|p2a: Metal Tim
|drag|p2a: Cool Tim|Charizard, M|76/100
|
|-weather|Sandstorm|[upkeep]
|-damage|p2a: Cool Tim|70/100|[from] Sandstorm
|-heal|p2a: Cool Tim|76/100|[from] item: Leftovers
|upkeep
|turn|30
|
|t:|1729286177
|switch|p2a: Celebi Tim|Celebi|35/100
|-damage|p2a: Celebi Tim|10/100|[from] Spikes
|switch|p1a: Milotic|Milotic, F|84/100 par
|-damage|p1a: Milotic|67/100 par|[from] Spikes
|
|-weather|Sandstorm|[upkeep]
|-damage|p2a: Celebi Tim|4/100|[from] Sandstorm
|-damage|p1a: Milotic|61/100 par|[from] Sandstorm
|-heal|p2a: Celebi Tim|10/100|[from] item: Leftovers
|-heal|p1a: Milotic|67/100 par|[from] item: Leftovers
|upkeep
|turn|31
|
|t:|1729286182
|switch|p1a: Dugtrio|Dugtrio, F|100/100
|-damage|p1a: Dugtrio|84/100|[from] Spikes
|move|p2a: Celebi Tim|Recover|p2a: Celebi Tim
|-heal|p2a: Celebi Tim|60/100
|
|-weather|Sandstorm|[upkeep]
|-damage|p2a: Celebi Tim|54/100|[from] Sandstorm
|-heal|p2a: Celebi Tim|60/100|[from] item: Leftovers
|upkeep
|turn|32
|
|t:|1729286190
|move|p1a: Dugtrio|Hidden Power|p2a: Celebi Tim
|-supereffective|p2a: Celebi Tim
|-damage|p2a: Celebi Tim|0 fnt
|faint|p2a: Celebi Tim
|
|t:|1729286210
|switch|p2a: Long Tim|Gyarados, F|79/100 tox
|-ability|p2a: Long Tim|Intimidate|boost
|-unboost|p1a: Dugtrio|atk|1
|
|-weather|Sandstorm|[upkeep]
|-damage|p2a: Long Tim|73/100 tox|[from] Sandstorm
|-heal|p2a: Long Tim|79/100 tox|[from] item: Leftovers
|-damage|p2a: Long Tim|73/100 tox|[from] psn
|upkeep
|turn|33
|
|t:|1729286217
|switch|p1a: Milotic|Milotic, F|67/100 par
|-damage|p1a: Milotic|51/100 par|[from] Spikes
|move|p2a: Long Tim|Roar|p1a: Milotic
|drag|p1a: Claydol|Claydol|70/100
|
|-weather|Sandstorm|[upkeep]
|-damage|p2a: Long Tim|67/100 tox|[from] Sandstorm
|-heal|p2a: Long Tim|73/100 tox|[from] item: Leftovers
|-damage|p2a: Long Tim|61/100 tox|[from] psn
|-heal|p1a: Claydol|76/100|[from] item: Leftovers
|upkeep
|turn|34
|
|t:|1729286223
|move|p2a: Long Tim|Double-Edge|p1a: Claydol
|-damage|p1a: Claydol|41/100
|-damage|p2a: Long Tim|52/100 tox|[from] Recoil|[of] p1a: Claydol
|move|p1a: Claydol|Rapid Spin|p2a: Long Tim
|-damage|p2a: Long Tim|47/100 tox
|-sideend|p1: diegoyuhhi|Spikes|[from] move: Rapid Spin|[of] p1a: Claydol
|
|-weather|Sandstorm|[upkeep]
|-damage|p2a: Long Tim|41/100 tox|[from] Sandstorm
|-heal|p2a: Long Tim|47/100 tox|[from] item: Leftovers
|-damage|p2a: Long Tim|29/100 tox|[from] psn
|-heal|p1a: Claydol|47/100|[from] item: Leftovers
|upkeep
|turn|35
|
|t:|1729286229
|switch|p1a: Skarmory|Skarmory, M|100/100 par
|move|p2a: Long Tim|Double-Edge|p1a: Skarmory
|-resisted|p1a: Skarmory
|-damage|p1a: Skarmory|86/100 par
|-damage|p2a: Long Tim|25/100 tox|[from] Recoil|[of] p1a: Skarmory
|
|-weather|Sandstorm|[upkeep]
|-damage|p2a: Long Tim|19/100 tox|[from] Sandstorm
|-heal|p2a: Long Tim|25/100 tox|[from] item: Leftovers
|-damage|p2a: Long Tim|1/100 tox|[from] psn
|-heal|p1a: Skarmory|92/100 par|[from] item: Leftovers
|upkeep
|turn|36
|
|t:|1729286235
|move|p2a: Long Tim|Double-Edge|p1a: Skarmory
|-resisted|p1a: Skarmory
|-damage|p1a: Skarmory|79/100 par
|-damage|p2a: Long Tim|0 fnt|[from] Recoil|[of] p1a: Skarmory
|faint|p2a: Long Tim
|
|t:|1729286240
|switch|p2a: Cool Tim|Charizard, M|76/100
|
|-weather|Sandstorm|[upkeep]
|-damage|p2a: Cool Tim|70/100|[from] Sandstorm
|-heal|p2a: Cool Tim|76/100|[from] item: Leftovers
|-heal|p1a: Skarmory|85/100 par|[from] item: Leftovers
|upkeep
|turn|37
|
|t:|1729286257
|switch|p1a: Blissey|Blissey, F|64/100
|move|p2a: Cool Tim|Fire Blast|p1a: Blissey
|-damage|p1a: Blissey|40/100
|
|-weather|Sandstorm|[upkeep]
|-damage|p2a: Cool Tim|70/100|[from] Sandstorm
|-damage|p1a: Blissey|34/100|[from] Sandstorm
|-heal|p2a: Cool Tim|76/100|[from] item: Leftovers
|-heal|p1a: Blissey|40/100|[from] item: Leftovers
|upkeep
|turn|38
|
|t:|1729286270
|move|p2a: Cool Tim|Fire Blast|p1a: Blissey
|-damage|p1a: Blissey|14/100
|move|p1a: Blissey|Soft-Boiled|p1a: Blissey
|-heal|p1a: Blissey|64/100
|
|-weather|Sandstorm|[upkeep]
|-damage|p2a: Cool Tim|70/100|[from] Sandstorm
|-damage|p1a: Blissey|58/100|[from] Sandstorm
|-heal|p2a: Cool Tim|76/100|[from] item: Leftovers
|-heal|p1a: Blissey|64/100|[from] item: Leftovers
|upkeep
|turn|39
|
|t:|1729286279
|-singleturn|p2a: Cool Tim|move: Focus Punch
|move|p1a: Blissey|Seismic Toss|p2a: Cool Tim
|-damage|p2a: Cool Tim|42/100
|move|p2a: Cool Tim|Focus Punch||[still]
|cant|p2a: Cool Tim|Focus Punch|Focus Punch
|
|-weather|Sandstorm|[upkeep]
|-damage|p2a: Cool Tim|36/100|[from] Sandstorm
|-damage|p1a: Blissey|58/100|[from] Sandstorm
|-heal|p2a: Cool Tim|42/100|[from] item: Leftovers
|-heal|p1a: Blissey|64/100|[from] item: Leftovers
|upkeep
|turn|40
|inactive|diegoyuhhi has 270 seconds left.
|inactive|incognidoqueen has 270 seconds left.
|
|t:|1729286320
|switch|p2a: Metal Tim|Skarmory, M|100/100
|move|p1a: Blissey|Seismic Toss|p2a: Metal Tim
|-damage|p2a: Metal Tim|71/100
|
|-weather|Sandstorm|[upkeep]
|-damage|p1a: Blissey|58/100|[from] Sandstorm
|-heal|p2a: Metal Tim|77/100|[from] item: Leftovers
|-heal|p1a: Blissey|64/100|[from] item: Leftovers
|upkeep
|turn|41
|
|t:|1729286327
|move|p2a: Metal Tim|Spikes|p1a: Blissey
|-sidestart|p1: diegoyuhhi|Spikes
|move|p1a: Blissey|Soft-Boiled|p1a: Blissey
|-heal|p1a: Blissey|100/100
|
|-weather|Sandstorm|[upkeep]
|-damage|p1a: Blissey|94/100|[from] Sandstorm
|-heal|p2a: Metal Tim|83/100|[from] item: Leftovers
|-heal|p1a: Blissey|100/100|[from] item: Leftovers
|upkeep
|turn|42
|
|t:|1729286335
|switch|p1a: Milotic|Milotic, F|51/100 par
|-damage|p1a: Milotic|38/100 par|[from] Spikes
|move|p2a: Metal Tim|Roar|p1a: Milotic
|drag|p1a: Dugtrio|Dugtrio, F|84/100
|-damage|p1a: Dugtrio|72/100|[from] Spikes
|
|-weather|Sandstorm|[upkeep]
|-heal|p2a: Metal Tim|89/100|[from] item: Leftovers
|upkeep
|turn|43
|
|t:|1729286347
|switch|p1a: Tyranitar|Tyranitar, M|100/100
|-damage|p1a: Tyranitar|88/100|[from] Spikes
|move|p2a: Metal Tim|Roar|p1a: Tyranitar
|drag|p1a: Dugtrio|Dugtrio, F|72/100
|-damage|p1a: Dugtrio|59/100|[from] Spikes
|
|-weather|Sandstorm|[upkeep]
|-heal|p2a: Metal Tim|95/100|[from] item: Leftovers
|upkeep
|turn|44
|
|t:|1729286351
|switch|p1a: Skarmory|Skarmory, M|85/100 par
|move|p2a: Metal Tim|Toxic||[still]
|-fail|p2a: Metal Tim
|
|-weather|Sandstorm|[upkeep]
|-heal|p2a: Metal Tim|100/100|[from] item: Leftovers
|-heal|p1a: Skarmory|91/100 par|[from] item: Leftovers
|upkeep
|turn|45
|
|t:|1729286356
|move|p2a: Metal Tim|Spikes|p1a: Skarmory
|-sidestart|p1: diegoyuhhi|Spikes
|move|p1a: Skarmory|Roar|p2a: Metal Tim
|drag|p2a: Cool Tim|Charizard, M|42/100
|
|-weather|Sandstorm|[upkeep]
|-damage|p2a: Cool Tim|36/100|[from] Sandstorm
|-heal|p2a: Cool Tim|42/100|[from] item: Leftovers
|-heal|p1a: Skarmory|97/100 par|[from] item: Leftovers
|upkeep
|turn|46
|
|t:|1729286363
|switch|p1a: Milotic|Milotic, F|38/100 par
|-damage|p1a: Milotic|22/100 par|[from] Spikes
|move|p2a: Cool Tim|Fire Blast|p1a: Milotic
|-resisted|p1a: Milotic
|-damage|p1a: Milotic|0 fnt
|faint|p1a: Milotic
|
|t:|1729286375
|switch|p1a: Tyranitar|Tyranitar, M|88/100
|-damage|p1a: Tyranitar|71/100|[from] Spikes
|
|-weather|Sandstorm|[upkeep]
|-damage|p2a: Cool Tim|36/100|[from] Sandstorm
|-heal|p2a: Cool Tim|42/100|[from] item: Leftovers
|-heal|p1a: Tyranitar|78/100|[from] item: Leftovers
|upkeep
|turn|47
|
|t:|1729286384
|switch|p2a: Metal Tim|Skarmory, M|100/100
|move|p1a: Tyranitar|Rock Slide|p2a: Metal Tim
|-damage|p2a: Metal Tim|65/100
|
|-weather|Sandstorm|[upkeep]
|-heal|p1a: Tyranitar|84/100|[from] item: Leftovers
|-heal|p2a: Metal Tim|71/100|[from] item: Leftovers
|upkeep
|turn|48
|
|t:|1729286393
|switch|p2a: Healthy Tim|Salamence, F, shiny|94/100
|-ability|p2a: Healthy Tim|Intimidate|boost
|-unboost|p1a: Tyranitar|atk|1
|move|p1a: Tyranitar|Taunt|p2a: Healthy Tim
|-start|p2a: Healthy Tim|move: Taunt
|
|-weather|Sandstorm|[upkeep]
|-damage|p2a: Healthy Tim|88/100|[from] Sandstorm
|-heal|p1a: Tyranitar|90/100|[from] item: Leftovers
|upkeep
|turn|49
|
|t:|1729286402
|switch|p1a: Skarmory|Skarmory, M|97/100 par
|move|p2a: Healthy Tim|Brick Break|p1a: Skarmory
|-damage|p1a: Skarmory|66/100 par
|
|-weather|Sandstorm|[upkeep]
|-damage|p2a: Healthy Tim|82/100|[from] Sandstorm
|-end|p2a: Healthy Tim|move: Taunt|[silent]
|-heal|p1a: Skarmory|72/100 par|[from] item: Leftovers
|upkeep
|turn|50
|
|t:|1729286414
|switch|p2a: Metal Tim|Skarmory, M|71/100
|move|p1a: Skarmory|Toxic|p2a: Metal Tim
|-immune|p2a: Metal Tim
|
|-weather|Sandstorm|[upkeep]
|-heal|p2a: Metal Tim|77/100|[from] item: Leftovers
|-heal|p1a: Skarmory|78/100 par|[from] item: Leftovers
|upkeep
|turn|51
|
|t:|1729286424
|move|p2a: Metal Tim|Protect|p2a: Metal Tim
|-singleturn|p2a: Metal Tim|Protect
|cant|p1a: Skarmory|par
|
|-weather|Sandstorm|[upkeep]
|-heal|p2a: Metal Tim|83/100|[from] item: Leftovers
|-heal|p1a: Skarmory|84/100 par|[from] item: Leftovers
|upkeep
|turn|52
|
|t:|1729286429
|switch|p1a: Claydol|Claydol|47/100
|move|p2a: Metal Tim|Spikes|p1a: Claydol
|-sidestart|p1: diegoyuhhi|Spikes
|
|-weather|Sandstorm|[upkeep]
|-heal|p1a: Claydol|54/100|[from] item: Leftovers
|-heal|p2a: Metal Tim|89/100|[from] item: Leftovers
|upkeep
|turn|53
|
|t:|1729286434
|move|p1a: Claydol|Rapid Spin|p2a: Metal Tim
|-resisted|p2a: Metal Tim
|-damage|p2a: Metal Tim|88/100
|-sideend|p1: diegoyuhhi|Spikes|[from] move: Rapid Spin|[of] p1a: Claydol
|move|p2a: Metal Tim|Toxic|p1a: Claydol
|-status|p1a: Claydol|tox
|
|-weather|Sandstorm|[upkeep]
|-heal|p1a: Claydol|60/100 tox|[from] item: Leftovers
|-damage|p1a: Claydol|54/100 tox|[from] psn
|-heal|p2a: Metal Tim|94/100|[from] item: Leftovers
|upkeep
|turn|54
|
|t:|1729286440
|switch|p1a: Tyranitar|Tyranitar, M|90/100
|move|p2a: Metal Tim|Spikes|p1a: Tyranitar
|-sidestart|p1: diegoyuhhi|Spikes
|
|-weather|Sandstorm|[upkeep]
|-heal|p1a: Tyranitar|96/100|[from] item: Leftovers
|-heal|p2a: Metal Tim|99/100|[from] item: Leftovers
|upkeep
|turn|55
|
|t:|1729286448
|move|p1a: Tyranitar|Rock Slide|p2a: Metal Tim
|-damage|p2a: Metal Tim|64/100
|move|p2a: Metal Tim|Toxic|p1a: Tyranitar
|-status|p1a: Tyranitar|tox
|
|-weather|Sandstorm|[upkeep]
|-heal|p1a: Tyranitar|100/100 tox|[from] item: Leftovers
|-damage|p1a: Tyranitar|94/100 tox|[from] psn
|-heal|p2a: Metal Tim|70/100|[from] item: Leftovers
|upkeep
|turn|56
|
|t:|1729286459
|move|p2a: Metal Tim|Protect|p2a: Metal Tim
|-singleturn|p2a: Metal Tim|Protect
|move|p1a: Tyranitar|Rock Slide|p2a: Metal Tim
|-activate|p2a: Metal Tim|Protect
|
|-weather|Sandstorm|[upkeep]
|-heal|p1a: Tyranitar|100/100 tox|[from] item: Leftovers
|-damage|p1a: Tyranitar|88/100 tox|[from] psn
|-heal|p2a: Metal Tim|76/100|[from] item: Leftovers
|upkeep
|turn|57
|
|t:|1729286468
|move|p1a: Tyranitar|Earthquake|p2a: Metal Tim
|-immune|p2a: Metal Tim
|move|p2a: Metal Tim|Spikes|p1a: Tyranitar
|-sidestart|p1: diegoyuhhi|Spikes
|
|-weather|Sandstorm|[upkeep]
|-heal|p1a: Tyranitar|94/100 tox|[from] item: Leftovers
|-damage|p1a: Tyranitar|76/100 tox|[from] psn
|-heal|p2a: Metal Tim|82/100|[from] item: Leftovers
|upkeep
|turn|58
|
|t:|1729286491
|switch|p1a: Blissey|Blissey, F|100/100
|-damage|p1a: Blissey|84/100|[from] Spikes
|move|p2a: Metal Tim|Roar|p1a: Blissey
|drag|p1a: Claydol|Claydol|54/100 tox
|
|-weather|Sandstorm|[upkeep]
|-heal|p1a: Claydol|60/100 tox|[from] item: Leftovers
|-damage|p1a: Claydol|54/100 tox|[from] psn
|-heal|p2a: Metal Tim|88/100|[from] item: Leftovers
|upkeep
|turn|59
|
|t:|1729286499
|switch|p1a: Blissey|Blissey, F|84/100
|-damage|p1a: Blissey|67/100|[from] Spikes
|move|p2a: Metal Tim|Protect||[still]
|-fail|p2a: Metal Tim
|
|-weather|Sandstorm|[upkeep]
|-damage|p1a: Blissey|61/100|[from] Sandstorm
|-heal|p2a: Metal Tim|94/100|[from] item: Leftovers
|-heal|p1a: Blissey|67/100|[from] item: Leftovers
|upkeep
|turn|60
|
|t:|1729286506
|move|p1a: Blissey|Seismic Toss|p2a: Metal Tim
|-damage|p2a: Metal Tim|64/100
|move|p2a: Metal Tim|Roar|p1a: Blissey
|drag|p1a: Skarmory|Skarmory, M|84/100 par
|
|-weather|Sandstorm|[upkeep]
|-heal|p2a: Metal Tim|70/100|[from] item: Leftovers
|-heal|p1a: Skarmory|90/100 par|[from] item: Leftovers
|upkeep
|turn|61
|
|t:|1729286510
|move|p2a: Metal Tim|Protect|p2a: Metal Tim
|-singleturn|p2a: Metal Tim|Protect
|move|p1a: Skarmory|Roar|p2a: Metal Tim
|-activate|p2a: Metal Tim|Protect
|
|-weather|Sandstorm|[upkeep]
|-heal|p2a: Metal Tim|76/100|[from] item: Leftovers
|-heal|p1a: Skarmory|96/100 par|[from] item: Leftovers
|upkeep
|turn|62
|
|t:|1729286513
|move|p2a: Metal Tim|Spikes|p1a: Skarmory
|-sidestart|p1: diegoyuhhi|Spikes
|move|p1a: Skarmory|Roar|p2a: Metal Tim
|drag|p2a: Cool Tim|Charizard, M|42/100
|
|-weather|Sandstorm|[upkeep]
|-damage|p2a: Cool Tim|36/100|[from] Sandstorm
|-heal|p2a: Cool Tim|42/100|[from] item: Leftovers
|-heal|p1a: Skarmory|100/100 par|[from] item: Leftovers
|upkeep
|turn|63
|
|t:|1729286522
|switch|p1a: Dugtrio|Dugtrio, F|59/100
|-damage|p1a: Dugtrio|35/100|[from] Spikes
|move|p2a: Cool Tim|Fire Blast|p1a: Dugtrio
|-damage|p1a: Dugtrio|0 fnt
|faint|p1a: Dugtrio
|
|t:|1729286528
|switch|p1a: Tyranitar|Tyranitar, M|76/100 tox
|-damage|p1a: Tyranitar|51/100 tox|[from] Spikes
|
|-weather|Sandstorm|[upkeep]
|-damage|p2a: Cool Tim|36/100|[from] Sandstorm
|-heal|p2a: Cool Tim|42/100|[from] item: Leftovers
|-heal|p1a: Tyranitar|57/100 tox|[from] item: Leftovers
|-damage|p1a: Tyranitar|51/100 tox|[from] psn
|upkeep
|turn|64
|
|t:|1729286535
|switch|p2a: Metal Tim|Skarmory, M|76/100
|move|p1a: Tyranitar|Rock Slide|p2a: Metal Tim
|-damage|p2a: Metal Tim|44/100
|
|-weather|Sandstorm|[upkeep]
|-heal|p1a: Tyranitar|57/100 tox|[from] item: Leftovers
|-damage|p1a: Tyranitar|45/100 tox|[from] psn
|-heal|p2a: Metal Tim|50/100|[from] item: Leftovers
|upkeep
|turn|65
|
|t:|1729286541
|move|p2a: Metal Tim|Protect|p2a: Metal Tim
|-singleturn|p2a: Metal Tim|Protect
|move|p1a: Tyranitar|Rock Slide|p2a: Metal Tim|[miss]
|-miss|p1a: Tyranitar|p2a: Metal Tim
|
|-weather|Sandstorm|[upkeep]
|-heal|p1a: Tyranitar|51/100 tox|[from] item: Leftovers
|-damage|p1a: Tyranitar|33/100 tox|[from] psn
|-heal|p2a: Metal Tim|56/100|[from] item: Leftovers
|upkeep
|turn|66
|
|t:|1729286547
|switch|p2a: Tim of the Tims|Jirachi|100/100
|-damage|p2a: Tim of the Tims|75/100|[from] Spikes
|move|p1a: Tyranitar|Earthquake|p2a: Tim of the Tims
|-supereffective|p2a: Tim of the Tims
|-damage|p2a: Tim of the Tims|11/100
|
|-weather|Sandstorm|[upkeep]
|-heal|p2a: Tim of the Tims|17/100|[from] item: Leftovers
|-heal|p1a: Tyranitar|39/100 tox|[from] item: Leftovers
|-damage|p1a: Tyranitar|15/100 tox|[from] psn
|upkeep
|turn|67
|
|t:|1729286556
|move|p2a: Tim of the Tims|Protect|p2a: Tim of the Tims
|-singleturn|p2a: Tim of the Tims|Protect
|move|p1a: Tyranitar|Rock Slide|p2a: Tim of the Tims
|-activate|p2a: Tim of the Tims|Protect
|
|-weather|Sandstorm|[upkeep]
|-heal|p2a: Tim of the Tims|23/100|[from] item: Leftovers
|-heal|p1a: Tyranitar|21/100 tox|[from] item: Leftovers
|-damage|p1a: Tyranitar|0 fnt|[from] psn
|faint|p1a: Tyranitar
|upkeep
|
|t:|1729286563
|switch|p1a: Claydol|Claydol|54/100 tox
|turn|68
|
|t:|1729286571
|move|p2a: Tim of the Tims|Protect||[still]
|-fail|p2a: Tim of the Tims
|move|p1a: Claydol|Earthquake|p2a: Tim of the Tims
|-supereffective|p2a: Tim of the Tims
|-damage|p2a: Tim of the Tims|0 fnt
|faint|p2a: Tim of the Tims
|
|t:|1729286580
|switch|p2a: Healthy Tim|Salamence, F, shiny|82/100
|-ability|p2a: Healthy Tim|Intimidate|boost
|-unboost|p1a: Claydol|atk|1
|
|-weather|Sandstorm|[upkeep]
|-damage|p2a: Healthy Tim|76/100|[from] Sandstorm
|-heal|p1a: Claydol|60/100 tox|[from] item: Leftovers
|-damage|p1a: Claydol|54/100 tox|[from] psn
|upkeep
|turn|69
|
|t:|1729286598
|switch|p1a: Skarmory|Skarmory, M|100/100 par
|move|p2a: Healthy Tim|Hidden Power|p1a: Skarmory
|-resisted|p1a: Skarmory
|-damage|p1a: Skarmory|77/100 par
|
|-weather|Sandstorm|[upkeep]
|-damage|p2a: Healthy Tim|70/100|[from] Sandstorm
|-heal|p1a: Skarmory|83/100 par|[from] item: Leftovers
|upkeep
|turn|70
|
|t:|1729286604
|switch|p2a: Metal Tim|Skarmory, M|56/100
|cant|p1a: Skarmory|par
|
|-weather|Sandstorm|[upkeep]
|-heal|p2a: Metal Tim|62/100|[from] item: Leftovers
|-heal|p1a: Skarmory|89/100 par|[from] item: Leftovers
|upkeep
|turn|71
|
|t:|1729286609
|move|p2a: Metal Tim|Protect|p2a: Metal Tim
|-singleturn|p2a: Metal Tim|Protect
|move|p1a: Skarmory|Drill Peck|p2a: Metal Tim
|-activate|p2a: Metal Tim|Protect
|
|-weather|Sandstorm|[upkeep]
|-heal|p2a: Metal Tim|68/100|[from] item: Leftovers
|-heal|p1a: Skarmory|95/100 par|[from] item: Leftovers
|upkeep
|turn|72
|
|t:|1729286615
|move|p1a: Skarmory|Drill Peck|p2a: Metal Tim
|-resisted|p2a: Metal Tim
|-damage|p2a: Metal Tim|58/100
|move|p2a: Metal Tim|Roar|p1a: Skarmory
|drag|p1a: Claydol|Claydol|54/100 tox
|
|-weather|Sandstorm|[upkeep]
|-heal|p1a: Claydol|60/100 tox|[from] item: Leftovers
|-damage|p1a: Claydol|54/100 tox|[from] psn
|-heal|p2a: Metal Tim|64/100|[from] item: Leftovers
|upkeep
|turn|73
|
|t:|1729286619
|move|p2a: Metal Tim|Protect|p2a: Metal Tim
|-singleturn|p2a: Metal Tim|Protect
|move|p1a: Claydol|Rapid Spin|p2a: Metal Tim
|-activate|p2a: Metal Tim|Protect
|
|-weather|Sandstorm|[upkeep]
|-heal|p1a: Claydol|60/100 tox|[from] item: Leftovers
|-damage|p1a: Claydol|47/100 tox|[from] psn
|-heal|p2a: Metal Tim|70/100|[from] item: Leftovers
|upkeep
|turn|74
|
|t:|1729286625
|move|p2a: Metal Tim|Protect||[still]
|-fail|p2a: Metal Tim
|move|p1a: Claydol|Rapid Spin|p2a: Metal Tim
|-resisted|p2a: Metal Tim
|-damage|p2a: Metal Tim|68/100
|-sideend|p1: diegoyuhhi|Spikes|[from] move: Rapid Spin|[of] p1a: Claydol
|
|-weather|Sandstorm|[upkeep]
|-heal|p1a: Claydol|54/100 tox|[from] item: Leftovers
|-damage|p1a: Claydol|35/100 tox|[from] psn
|-heal|p2a: Metal Tim|74/100|[from] item: Leftovers
|upkeep
|turn|75
|
|t:|1729286630
|move|p1a: Claydol|Explosion|p2a: Metal Tim
|-resisted|p2a: Metal Tim
|-damage|p2a: Metal Tim|34/100
|faint|p1a: Claydol
|
|t:|1729286641
|switch|p1a: Blissey|Blissey, F|67/100
|
|-weather|Sandstorm|[upkeep]
|-damage|p1a: Blissey|61/100|[from] Sandstorm
|-heal|p2a: Metal Tim|40/100|[from] item: Leftovers
|-heal|p1a: Blissey|67/100|[from] item: Leftovers
|upkeep
|turn|76
|
|t:|1729286648
|move|p2a: Metal Tim|Protect|p2a: Metal Tim
|-singleturn|p2a: Metal Tim|Protect
|move|p1a: Blissey|Seismic Toss|p2a: Metal Tim
|-activate|p2a: Metal Tim|Protect
|
|-weather|Sandstorm|[upkeep]
|-damage|p1a: Blissey|61/100|[from] Sandstorm
|-heal|p2a: Metal Tim|46/100|[from] item: Leftovers
|-heal|p1a: Blissey|67/100|[from] item: Leftovers
|upkeep
|turn|77
|
|t:|1729286653
|move|p2a: Metal Tim|Toxic|p1a: Blissey
|-status|p1a: Blissey|tox
|move|p1a: Blissey|Seismic Toss|p2a: Metal Tim
|-damage|p2a: Metal Tim|16/100
|
|-weather|Sandstorm|[upkeep]
|-damage|p1a: Blissey|61/100 tox|[from] Sandstorm
|-heal|p2a: Metal Tim|22/100|[from] item: Leftovers
|-heal|p1a: Blissey|67/100 tox|[from] item: Leftovers
|-damage|p1a: Blissey|61/100 tox|[from] psn
|upkeep
|turn|78
|
|t:|1729286659
|move|p2a: Metal Tim|Protect|p2a: Metal Tim
|-singleturn|p2a: Metal Tim|Protect
|move|p1a: Blissey|Soft-Boiled|p1a: Blissey
|-heal|p1a: Blissey|100/100 tox
|
|-weather|Sandstorm|[upkeep]
|-damage|p1a: Blissey|94/100 tox|[from] Sandstorm
|-heal|p2a: Metal Tim|28/100|[from] item: Leftovers
|-heal|p1a: Blissey|100/100 tox|[from] item: Leftovers
|-damage|p1a: Blissey|88/100 tox|[from] psn
|upkeep
|turn|79
|
|t:|1729286675
|move|p2a: Metal Tim|Spikes|p1a: Blissey
|-sidestart|p1: diegoyuhhi|Spikes
|move|p1a: Blissey|Seismic Toss|p2a: Metal Tim
|-damage|p2a: Metal Tim|0 fnt
|faint|p2a: Metal Tim
|
|t:|1729286684
|switch|p2a: Cool Tim|Charizard, M|42/100
|
|-weather|Sandstorm|[upkeep]
|-damage|p2a: Cool Tim|36/100|[from] Sandstorm
|-damage|p1a: Blissey|82/100 tox|[from] Sandstorm
|-heal|p2a: Cool Tim|42/100|[from] item: Leftovers
|-heal|p1a: Blissey|88/100 tox|[from] item: Leftovers
|-damage|p1a: Blissey|70/100 tox|[from] psn
|upkeep
|turn|80
|
|t:|1729286691
|move|p2a: Cool Tim|Substitute|p2a: Cool Tim
|-start|p2a: Cool Tim|Substitute
|-damage|p2a: Cool Tim|17/100
|move|p1a: Blissey|Seismic Toss|p2a: Cool Tim
|-end|p2a: Cool Tim|Substitute
|
|-weather|Sandstorm|[upkeep]
|-damage|p2a: Cool Tim|11/100|[from] Sandstorm
|-damage|p1a: Blissey|64/100 tox|[from] Sandstorm
|-heal|p2a: Cool Tim|17/100|[from] item: Leftovers
|-heal|p1a: Blissey|70/100 tox|[from] item: Leftovers
|-damage|p1a: Blissey|45/100 tox|[from] psn
|upkeep
|turn|81
|
|t:|1729286699
|switch|p2a: Healthy Tim|Salamence, F, shiny|70/100
|-ability|p2a: Healthy Tim|Intimidate|boost
|-unboost|p1a: Blissey|atk|1
|move|p1a: Blissey|Ice Beam|p2a: Healthy Tim
|-supereffective|p2a: Healthy Tim
|-damage|p2a: Healthy Tim|0 fnt
|faint|p2a: Healthy Tim
|
|t:|1729286706
|switch|p2a: Cool Tim|Charizard, M|17/100
|
|-weather|Sandstorm|[upkeep]
|-damage|p2a: Cool Tim|11/100|[from] Sandstorm
|-damage|p1a: Blissey|39/100 tox|[from] Sandstorm
|-heal|p2a: Cool Tim|17/100|[from] item: Leftovers
|-heal|p1a: Blissey|45/100 tox|[from] item: Leftovers
|-damage|p1a: Blissey|14/100 tox|[from] psn
|upkeep
|turn|82
|c|☆incognidoqueen|Don't miss please
|c|☆diegoyuhhi|uh it comes down to misses
|c|☆incognidoqueen|Gg either way
|c|☆diegoyuhhi|ye indeed
|c|☆diegoyuhhi|gg
|
|t:|1729286730
|move|p2a: Cool Tim|Fire Blast|p1a: Blissey
|-damage|p1a: Blissey|0 fnt
|faint|p1a: Blissey
|c|☆incognidoqueen|This one was intense
|
|t:|1729286732
|switch|p1a: Skarmory|Skarmory, M|95/100 par
|
|-weather|Sandstorm|[upkeep]
|-damage|p2a: Cool Tim|11/100|[from] Sandstorm
|-heal|p2a: Cool Tim|17/100|[from] item: Leftovers
|-heal|p1a: Skarmory|100/100 par|[from] item: Leftovers
|upkeep
|turn|83
|c|☆diegoyuhhi|fr
|c|☆diegoyuhhi|i think i threw
|c|☆diegoyuhhi|by letting tar get toxiced
|
|t:|1729286744
|move|p2a: Cool Tim|Fire Blast|p1a: Skarmory|[miss]
|-miss|p2a: Cool Tim|p1a: Skarmory
|cant|p1a: Skarmory|par
|
|-weather|Sandstorm|[upkeep]
|-damage|p2a: Cool Tim|11/100|[from] Sandstorm
|-heal|p2a: Cool Tim|17/100|[from] item: Leftovers
|upkeep
|turn|84
|c|☆diegoyuhhi|AGH
|
|t:|1729286755
|move|p2a: Cool Tim|Fire Blast|p1a: Skarmory
|-supereffective|p1a: Skarmory
|-damage|p1a: Skarmory|0 fnt
|faint|p1a: Skarmory
|
|win|incognidoqueen
|c|☆incognidoqueen|So close
|c|☆incognidoqueen|Gg
|c|☆diegoyuhhi|gg
|player|p1|

</script>
<script type="application/json" class="data" id="replaydata-smogtours-gen3ou-799703">
{"id":"smogtours-gen3ou-799703","format":"[Gen 3] OU","players":["diegoyuhhi","incognidoqueen"],"uploadtime":1729286755,"views":91,"formatid":"gen3ou","rating":null,"private":0,"password":null}
</script>

<script defer src="js/replays.js?9d40a366"></script>
