<!DOCTYPE html>
<meta charset="utf-8" />
<meta name="viewport" content="width=device-width" />

<title>[Gen 3] OU: Greyaz vs. pdads - Replays - Pok&eacute;mon Showdown!</title>

<meta name="description" content="Watch a replay of a Pok&eacute;mon battle between Greyaz and pdads! Format: [Gen 3] OU; Date: Oct 16, 2024" />
<!--

Hey, you! Looking in the source for the replay log?

You can find them in JSON format, just add `.json` at the end of a replay URL.

https://replay.pokemonshowdown.com/gen7randomdoublesbattle-865046831.json

Or, if you only need the log itself, add `.log` instead:

https://replay.pokemonshowdown.com/gen7randomdoublesbattle-865046831.log

-->

<link rel="stylesheet" href="//pokemonshowdown.com/style/global.css?0.023195364461161105" />
<link rel="stylesheet" href="//play.pokemonshowdown.com/style/font-awesome.css?0.13261647063804238" />
<link rel="stylesheet" href="//play.pokemonshowdown.com/style/battle.css?0.8753245789963631" />
<link rel="stylesheet" href="//play.pokemonshowdown.com/style/utilichart.css?0.8627959624976733" />

<!-- Global site tag (gtag.js) - Google Analytics -->
<script async src="https://www.googletagmanager.com/gtag/js?id=UA-26211653-1"></script>
<script>
  window.dataLayer = window.dataLayer || [];
  function gtag(){dataLayer.push(arguments);}
  gtag('js', new Date());

  gtag('config', 'UA-26211653-1');
</script>
<!-- End Google Analytics -->
<!-- Venatus Ad Manager - Install in <HEAD> of page -->
	<script src="https://hb.vntsm.com/v3/live/ad-manager.min.js" type="text/javascript" data-site-id="642aba63ec9a7b11c3c9c1be" data-mode="scan" async></script>
<!-- / Venatus Ad Manager -->

<style>
	@media (max-width:820px) {
		.battle {
			margin: 0 auto;
		}
		.battle-log {
			margin: 7px auto 0;
			max-width: 640px;
			height: 300px;
			position: static;
		}
	}
	.optgroup {
		display: inline-block;
		line-height: 22px;
		font-size: 10pt;
	}
	.optgroup .button {
		height: 25px;
		padding-top: 0;
		padding-bottom: 0;
	}
	.optgroup button.button {
		padding-left: 12px;
		padding-right: 12px;
	}
	.linklist {
		list-style: none;
		margin: 0.5em 0;
		padding: 0;
	}
	.linklist li {
		padding: 2px 0;
	}
	.sidebar {
		float: left;
		width: 320px;
	}
	.bar-wrapper {
		max-width: 1100px;
		margin: 0 auto;
	}
	.bar-wrapper.has-sidebar {
		max-width: 1430px;
	}
	.mainbar {
		margin: 0;
		padding-right: 1px;
	}
	.mainbar.has-sidebar {
		margin-left: 330px;
	}
	@media (min-width: 1511px) {
		.sidebar {
			width: 400px;
		}
		.bar-wrapper.has-sidebar {
			max-width: 1510px;
		}
		.mainbar.has-sidebar {
			margin-left: 410px;
		}
	}
	.section.first-section {
		margin-top: 9px;
	}
	.blocklink small {
		white-space: normal;
	}
	.button {
		vertical-align: middle;
	}
	.replay-controls {
		padding-top: 10px;
	}
	.replay-controls h1 {
		font-size: 16pt;
		font-weight: normal;
		color: #CCC;
	}
	.pagelink {
		text-align: center;
	}
	.pagelink a {
		width: 150px;
	}
	.textbox, .button {
		font-size: 11pt;
		vertical-align: middle;
	}
	@media (max-width: 450px) {
		.button {
			font-size: 9pt;
		}
	}
</style>

<div>

	<header>
		<div class="nav-wrapper"><ul class="nav">
			<li><a class="button nav-first" href="//pokemonshowdown.com/"><img src="//pokemonshowdown.com/images/pokemonshowdownbeta.png" srcset="//pokemonshowdown.com/images/pokemonshowdownbeta.png 1x, //pokemonshowdown.com/images/pokemonshowdownbeta@2x.png 2x" alt="Pok&eacute;mon Showdown" width="146" height="44" /> Home</a></li>
			<li><a class="button" href="//pokemonshowdown.com/dex/">Pok&eacute;dex</a></li>
			<li><a class="button cur" href="/">Replays</a></li>
			<li><a class="button" href="//pokemonshowdown.com/ladder/">Ladder</a></li>
			<li><a class="button nav-last" href="//pokemonshowdown.com/forums/">Forum</a></li>
			<li><a class="button greenbutton nav-first nav-last" href="//play.pokemonshowdown.com/">Play</a></li>
		</ul></div>
	</header>

	<div class="main" id="main">

		<noscript><section class="section">You need to enable JavaScript to use this page; sorry!</section></noscript>

	</div>

</div>

<script defer nomodule src="//play.pokemonshowdown.com/js/lib/ps-polyfill.js"></script>
<script defer src="//play.pokemonshowdown.com/js/lib/preact.min.js"></script>

<script defer src="//play.pokemonshowdown.com/config/config.js?2bddbc15"></script>
<script defer src="//play.pokemonshowdown.com/js/lib/jquery-1.11.0.min.js"></script>
<script defer src="//play.pokemonshowdown.com/js/lib/html-sanitizer-minified.js"></script>
<script defer src="//play.pokemonshowdown.com/js/battle-sound.js"></script>
<script defer src="//play.pokemonshowdown.com/js/battledata.js?0.7209276989879541"></script>
<script defer src="//play.pokemonshowdown.com/data/pokedex-mini.js?0.6111056340867951"></script>
<script defer src="//play.pokemonshowdown.com/data/pokedex-mini-bw.js?0.3532142036491459"></script>
<script defer src="//play.pokemonshowdown.com/data/graphics.js?0.24223875632456182"></script>
<script defer src="//play.pokemonshowdown.com/data/pokedex.js?0.38839984266356864"></script>
<script defer src="//play.pokemonshowdown.com/data/moves.js?0.21866028504024015"></script>
<script defer src="//play.pokemonshowdown.com/data/abilities.js?0.2005157953846628"></script>
<script defer src="//play.pokemonshowdown.com/data/items.js?0.9894211263848525"></script>
<script defer src="//play.pokemonshowdown.com/data/teambuilder-tables.js?0.6008791140282215"></script>
<script defer src="//play.pokemonshowdown.com/js/battle-tooltips.js?0.7580118955022959"></script>
<script defer src="//play.pokemonshowdown.com/js/battle.js?0.6057722274234274"></script>

<script defer src="js/utils.js?e31f9a17"></script>
<script defer src="js/replays-battle.js?7008c182"></script>

<!-- don't scrape this data! just add .json or .log after the URL!
Full API docs: https://github.com/smogon/pokemon-showdown-client/blob/master/WEB-API.md -->
<script type="text/plain" class="log" id="replaylog-smogtours-gen3ou-799192">
|inactive|Battle timer is ON: inactive players will automatically lose when time's up.
|t:|1729119158
|gametype|singles
|player|p1|Greyaz|170|
|player|p2|pdads|2|
|teamsize|p1|6
|teamsize|p2|6
|gen|3
|tier|[Gen 3] OU
|rule|Sleep Clause Mod: Limit one foe put to sleep
|rule|Switch Priority Clause Mod: Faster Pokémon switch first
|rule|Species Clause: Limit one of each Pokémon
|rule|OHKO Clause: OHKO moves are banned
|rule|Evasion Items Clause: Evasion items are banned
|rule|Evasion Moves Clause: Evasion moves are banned
|rule|Endless Battle Clause: Forcing endless battles is banned
|rule|HP Percentage Mod: HP is shown in percentages
|rule|One Boost Passer Clause: Limit one Baton Passer that has a way to boost its stats
|rule|Freeze Clause Mod: Limit one foe frozen
|
|t:|1729119158
|start
|switch|p1a: Skarmory|Skarmory, F|100/100
|switch|p2a: Tyranitar|Tyranitar, M|100/100
|-weather|Sandstorm|[from] ability: Sand Stream|[of] p2a: Tyranitar
|turn|1
|
|t:|1729119167
|move|p2a: Tyranitar|Fire Blast|p1a: Skarmory
|-supereffective|p1a: Skarmory
|-damage|p1a: Skarmory|34/100
|-status|p1a: Skarmory|brn
|move|p1a: Skarmory|Spikes|p2a: Tyranitar
|-sidestart|p2: pdads|Spikes
|
|-weather|Sandstorm|[upkeep]
|-heal|p1a: Skarmory|40/100 brn|[from] item: Leftovers
|-damage|p1a: Skarmory|27/100 brn|[from] brn
|upkeep
|turn|2
|
|t:|1729119186
|switch|p1a: Swampert|Swampert, F|100/100
|move|p2a: Tyranitar|Rock Slide|p1a: Swampert
|-resisted|p1a: Swampert
|-damage|p1a: Swampert|88/100
|
|-weather|Sandstorm|[upkeep]
|-heal|p1a: Swampert|94/100|[from] item: Leftovers
|upkeep
|turn|3
|
|t:|1729119206
|switch|p2a: Blissey|Blissey, F|100/100
|-damage|p2a: Blissey|88/100|[from] Spikes
|move|p1a: Swampert|Ice Beam|p2a: Blissey
|-damage|p2a: Blissey|80/100
|
|-weather|Sandstorm|[upkeep]
|-damage|p2a: Blissey|73/100|[from] Sandstorm
|-heal|p1a: Swampert|99/100|[from] item: Leftovers
|-heal|p2a: Blissey|80/100|[from] item: Leftovers
|upkeep
|turn|4
|
|t:|1729119211
|move|p1a: Swampert|Earthquake|p2a: Blissey
|-damage|p2a: Blissey|42/100
|move|p2a: Blissey|Toxic|p1a: Swampert
|-status|p1a: Swampert|tox
|
|-weather|Sandstorm|[upkeep]
|-damage|p2a: Blissey|36/100|[from] Sandstorm
|-heal|p1a: Swampert|100/100 tox|[from] item: Leftovers
|-damage|p1a: Swampert|94/100 tox|[from] psn
|-heal|p2a: Blissey|42/100|[from] item: Leftovers
|upkeep
|turn|5
|
|t:|1729119217
|move|p1a: Swampert|Earthquake|p2a: Blissey
|-crit|p2a: Blissey
|-damage|p2a: Blissey|0 fnt
|faint|p2a: Blissey
|
|t:|1729119222
|switch|p2a: Skarmory|Skarmory, F|100/100
|
|-weather|Sandstorm|[upkeep]
|-heal|p1a: Swampert|100/100 tox|[from] item: Leftovers
|-damage|p1a: Swampert|88/100 tox|[from] psn
|upkeep
|turn|6
|
|t:|1729119233
|switch|p1a: Skarmory|Skarmory, F|27/100 brn
|move|p2a: Skarmory|Spikes|p1a: Skarmory
|-sidestart|p1: Greyaz|Spikes
|
|-weather|Sandstorm|[upkeep]
|-heal|p1a: Skarmory|33/100 brn|[from] item: Leftovers
|-damage|p1a: Skarmory|21/100 brn|[from] brn
|upkeep
|turn|7
|
|t:|1729119238
|move|p2a: Skarmory|Spikes|p1a: Skarmory
|-sidestart|p1: Greyaz|Spikes
|move|p1a: Skarmory|Spikes|p2a: Skarmory
|-sidestart|p2: pdads|Spikes
|
|-weather|Sandstorm|[upkeep]
|-heal|p1a: Skarmory|27/100 brn|[from] item: Leftovers
|-damage|p1a: Skarmory|15/100 brn|[from] brn
|upkeep
|turn|8
|
|t:|1729119244
|move|p2a: Skarmory|Spikes|p1a: Skarmory
|-sidestart|p1: Greyaz|Spikes
|move|p1a: Skarmory|Spikes|p2a: Skarmory
|-sidestart|p2: pdads|Spikes
|
|-weather|Sandstorm|[upkeep]
|-heal|p1a: Skarmory|21/100 brn|[from] item: Leftovers
|-damage|p1a: Skarmory|9/100 brn|[from] brn
|upkeep
|turn|9
|
|t:|1729119249
|move|p2a: Skarmory|Protect|p2a: Skarmory
|-singleturn|p2a: Skarmory|Protect
|move|p1a: Skarmory|Roar|p2a: Skarmory
|-activate|p2a: Skarmory|Protect
|
|-weather|Sandstorm|[upkeep]
|-heal|p1a: Skarmory|15/100 brn|[from] item: Leftovers
|-damage|p1a: Skarmory|2/100 brn|[from] brn
|upkeep
|turn|10
|
|t:|1729119256
|move|p2a: Skarmory|Roar|p1a: Skarmory
|drag|p1a: Starmie|Starmie|100/100
|-damage|p1a: Starmie|76/100|[from] Spikes
|
|-weather|Sandstorm|[upkeep]
|-damage|p1a: Starmie|70/100|[from] Sandstorm
|-heal|p1a: Starmie|76/100|[from] item: Leftovers
|upkeep
|turn|11
|
|t:|1729119276
|switch|p2a: Gengar|Gengar, M|100/100
|move|p1a: Starmie|Rapid Spin|p2a: Gengar
|-immune|p2a: Gengar
|
|-weather|Sandstorm|[upkeep]
|-damage|p1a: Starmie|70/100|[from] Sandstorm
|-damage|p2a: Gengar|94/100|[from] Sandstorm
|-heal|p1a: Starmie|76/100|[from] item: Leftovers
|-heal|p2a: Gengar|100/100|[from] item: Leftovers
|upkeep
|turn|12
|
|t:|1729119284
|switch|p1a: Blissey|Blissey, F, shiny|100/100
|-damage|p1a: Blissey|76/100|[from] Spikes
|move|p2a: Gengar|Thunderbolt|p1a: Blissey
|-damage|p1a: Blissey|63/100
|
|-weather|Sandstorm|[upkeep]
|-damage|p2a: Gengar|94/100|[from] Sandstorm
|-damage|p1a: Blissey|57/100|[from] Sandstorm
|-heal|p2a: Gengar|100/100|[from] item: Leftovers
|-heal|p1a: Blissey|63/100|[from] item: Leftovers
|upkeep
|turn|13
|
|t:|1729119305
|switch|p2a: Skarmory|Skarmory, F|100/100
|move|p1a: Blissey|Soft-Boiled|p1a: Blissey
|-heal|p1a: Blissey|100/100
|
|-weather|Sandstorm|[upkeep]
|-damage|p1a: Blissey|94/100|[from] Sandstorm
|-heal|p1a: Blissey|100/100|[from] item: Leftovers
|upkeep
|turn|14
|
|t:|1729119310
|move|p1a: Blissey|Fire Blast|p2a: Skarmory
|-supereffective|p2a: Skarmory
|-damage|p2a: Skarmory|42/100
|move|p2a: Skarmory|Roar|p1a: Blissey
|drag|p1a: Tyranitar|Tyranitar, F|100/100
|-damage|p1a: Tyranitar|76/100|[from] Spikes
|
|-weather|Sandstorm|[upkeep]
|-heal|p2a: Skarmory|48/100|[from] item: Leftovers
|-heal|p1a: Tyranitar|82/100|[from] item: Leftovers
|upkeep
|turn|15
|inactive|pdads has 270 seconds left.
|
|t:|1729119352
|move|p1a: Tyranitar|Rock Slide|p2a: Skarmory
|-damage|p2a: Skarmory|16/100
|cant|p2a: Skarmory|flinch
|
|-weather|Sandstorm|[upkeep]
|-heal|p2a: Skarmory|22/100|[from] item: Leftovers
|-heal|p1a: Tyranitar|88/100|[from] item: Leftovers
|upkeep
|turn|16
|
|t:|1729119359
|move|p1a: Tyranitar|Rock Slide|p2a: Skarmory
|-crit|p2a: Skarmory
|-damage|p2a: Skarmory|0 fnt
|faint|p2a: Skarmory
|
|t:|1729119363
|switch|p2a: Swampert|Swampert, M|100/100
|-damage|p2a: Swampert|76/100|[from] Spikes
|
|-weather|Sandstorm|[upkeep]
|-heal|p1a: Tyranitar|94/100|[from] item: Leftovers
|-heal|p2a: Swampert|82/100|[from] item: Leftovers
|upkeep
|turn|17
|
|t:|1729119369
|switch|p1a: Skarmory|Skarmory, F|2/100 brn
|move|p2a: Swampert|Earthquake|p1a: Skarmory
|-immune|p1a: Skarmory
|
|-weather|Sandstorm|[upkeep]
|-heal|p1a: Skarmory|8/100 brn|[from] item: Leftovers
|-damage|p1a: Skarmory|0 fnt|[from] brn
|faint|p1a: Skarmory
|-heal|p2a: Swampert|88/100|[from] item: Leftovers
|upkeep
|inactive|Greyaz has 270 seconds left.
|
|t:|1729119410
|switch|p1a: Starmie|Starmie|76/100
|-damage|p1a: Starmie|51/100|[from] Spikes
|turn|18
|
|t:|1729119425
|move|p2a: Swampert|Protect|p2a: Swampert
|-singleturn|p2a: Swampert|Protect
|move|p1a: Starmie|Hydro Pump|p2a: Swampert|[miss]
|-miss|p1a: Starmie|p2a: Swampert
|
|-weather|Sandstorm|[upkeep]
|-damage|p1a: Starmie|45/100|[from] Sandstorm
|-heal|p1a: Starmie|51/100|[from] item: Leftovers
|-heal|p2a: Swampert|94/100|[from] item: Leftovers
|upkeep
|turn|19
|
|t:|1729119434
|move|p1a: Starmie|Rapid Spin|p2a: Swampert
|-damage|p2a: Swampert|92/100
|-sideend|p1: Greyaz|Spikes|[from] move: Rapid Spin|[of] p1a: Starmie
|move|p2a: Swampert|Earthquake|p1a: Starmie
|-damage|p1a: Starmie|0 fnt
|faint|p1a: Starmie
|
|t:|1729119444
|switch|p1a: Gengar|Gengar, F|100/100
|
|-weather|Sandstorm|[upkeep]
|-damage|p1a: Gengar|95/100|[from] Sandstorm
|-heal|p1a: Gengar|100/100|[from] item: Leftovers
|-heal|p2a: Swampert|99/100|[from] item: Leftovers
|upkeep
|turn|20
|
|t:|1729119451
|move|p1a: Gengar|Will-O-Wisp|p2a: Swampert
|-status|p2a: Swampert|brn
|move|p2a: Swampert|Hydro Pump|p1a: Gengar
|-damage|p1a: Gengar|59/100
|
|-weather|Sandstorm|[upkeep]
|-damage|p1a: Gengar|53/100|[from] Sandstorm
|-heal|p1a: Gengar|59/100|[from] item: Leftovers
|-heal|p2a: Swampert|100/100 brn|[from] item: Leftovers
|-damage|p2a: Swampert|88/100 brn|[from] brn
|upkeep
|turn|21
|inactive|Greyaz has 270 seconds left.
|
|t:|1729119462
|switch|p1a: Blissey|Blissey, F, shiny|100/100
|move|p2a: Swampert|Hydro Pump|p1a: Blissey
|-damage|p1a: Blissey|86/100
|
|-weather|Sandstorm|[upkeep]
|-damage|p1a: Blissey|80/100|[from] Sandstorm
|-heal|p1a: Blissey|86/100|[from] item: Leftovers
|-heal|p2a: Swampert|94/100 brn|[from] item: Leftovers
|-damage|p2a: Swampert|82/100 brn|[from] brn
|upkeep
|turn|22
|
|t:|1729119474
|switch|p2a: Tyranitar|Tyranitar, M|100/100
|-damage|p2a: Tyranitar|75/100|[from] Spikes
|move|p1a: Blissey|Ice Beam|p2a: Tyranitar
|-damage|p2a: Tyranitar|50/100
|
|-weather|Sandstorm|[upkeep]
|-damage|p1a: Blissey|80/100|[from] Sandstorm
|-heal|p1a: Blissey|86/100|[from] item: Leftovers
|upkeep
|turn|23
|
|t:|1729119484
|switch|p1a: Swampert|Swampert, F|88/100 tox
|move|p2a: Tyranitar|Brick Break|p1a: Swampert
|-damage|p1a: Swampert|71/100 tox
|
|-weather|Sandstorm|[upkeep]
|-heal|p1a: Swampert|77/100 tox|[from] item: Leftovers
|-damage|p1a: Swampert|71/100 tox|[from] psn
|upkeep
|turn|24
|
|t:|1729119492
|move|p2a: Tyranitar|Hidden Power|p1a: Swampert
|-supereffective|p1a: Swampert
|-damage|p1a: Swampert|0 fnt
|faint|p1a: Swampert
|
|t:|1729119506
|switch|p1a: Tyranitar|Tyranitar, F|94/100
|
|-weather|Sandstorm|[upkeep]
|-heal|p1a: Tyranitar|100/100|[from] item: Leftovers
|upkeep
|turn|25
|
|t:|1729119514
|move|p2a: Tyranitar|Brick Break|p1a: Tyranitar
|-supereffective|p1a: Tyranitar
|-damage|p1a: Tyranitar|34/100
|move|p1a: Tyranitar|Hidden Power|p2a: Tyranitar
|-supereffective|p2a: Tyranitar
|-damage|p2a: Tyranitar|0 fnt
|faint|p2a: Tyranitar
|inactive|pdads has 270 seconds left.
|
|t:|1729119561
|switch|p2a: Charizard|Charizard, M|100/100
|
|-weather|Sandstorm|[upkeep]
|-damage|p2a: Charizard|94/100|[from] Sandstorm
|-heal|p2a: Charizard|100/100|[from] item: Leftovers
|-heal|p1a: Tyranitar|40/100|[from] item: Leftovers
|upkeep
|turn|26
|
|t:|1729119571
|switch|p1a: Blissey|Blissey, F, shiny|86/100
|move|p2a: Charizard|Hidden Power|p1a: Blissey
|-damage|p1a: Blissey|78/100
|
|-weather|Sandstorm|[upkeep]
|-damage|p2a: Charizard|94/100|[from] Sandstorm
|-damage|p1a: Blissey|72/100|[from] Sandstorm
|-heal|p2a: Charizard|100/100|[from] item: Leftovers
|-heal|p1a: Blissey|78/100|[from] item: Leftovers
|upkeep
|turn|27
|
|t:|1729119583
|move|p2a: Charizard|Fire Blast|p1a: Blissey|[miss]
|-miss|p2a: Charizard|p1a: Blissey
|move|p1a: Blissey|Ice Beam|p2a: Charizard
|-damage|p2a: Charizard|67/100
|
|-weather|Sandstorm|[upkeep]
|-damage|p2a: Charizard|61/100|[from] Sandstorm
|-damage|p1a: Blissey|72/100|[from] Sandstorm
|-heal|p2a: Charizard|67/100|[from] item: Leftovers
|-heal|p1a: Blissey|78/100|[from] item: Leftovers
|upkeep
|turn|28
|inactive|pdads has 270 seconds left.
|
|t:|1729119589
|move|p2a: Charizard|Fire Blast|p1a: Blissey
|-damage|p1a: Blissey|55/100
|-status|p1a: Blissey|brn
|move|p1a: Blissey|Toxic|p2a: Charizard
|-status|p2a: Charizard|tox
|
|-weather|Sandstorm|[upkeep]
|-damage|p2a: Charizard|61/100 tox|[from] Sandstorm
|-damage|p1a: Blissey|49/100 brn|[from] Sandstorm
|-heal|p2a: Charizard|67/100 tox|[from] item: Leftovers
|-damage|p2a: Charizard|61/100 tox|[from] psn
|-heal|p1a: Blissey|55/100 brn|[from] item: Leftovers
|-damage|p1a: Blissey|43/100 brn|[from] brn
|upkeep
|turn|29
|inactive|pdads has 270 seconds left.
|
|t:|1729119606
|switch|p2a: Gengar|Gengar, M|100/100
|move|p1a: Blissey|Soft-Boiled|p1a: Blissey
|-heal|p1a: Blissey|93/100 brn
|
|-weather|Sandstorm|[upkeep]
|-damage|p2a: Gengar|94/100|[from] Sandstorm
|-damage|p1a: Blissey|87/100 brn|[from] Sandstorm
|-heal|p2a: Gengar|100/100|[from] item: Leftovers
|-heal|p1a: Blissey|93/100 brn|[from] item: Leftovers
|-damage|p1a: Blissey|80/100 brn|[from] brn
|upkeep
|turn|30
|inactive|pdads has 270 seconds left.
|
|t:|1729119616
|-curestatus|p1a: Blissey|brn|[from] ability: Natural Cure
|switch|p1a: Gengar|Gengar, F|59/100
|move|p2a: Gengar|Explosion|p1a: Gengar
|-immune|p1a: Gengar
|faint|p2a: Gengar
|inactive|pdads has 270 seconds left.
|
|t:|1729119640
|switch|p2a: Charizard|Charizard, M|61/100 tox
|
|-weather|Sandstorm|[upkeep]
|-damage|p1a: Gengar|53/100|[from] Sandstorm
|-damage|p2a: Charizard|55/100 tox|[from] Sandstorm
|-heal|p1a: Gengar|59/100|[from] item: Leftovers
|-heal|p2a: Charizard|61/100 tox|[from] item: Leftovers
|-damage|p2a: Charizard|55/100 tox|[from] psn
|upkeep
|turn|31
|
|t:|1729119645
|switch|p2a: Swampert|Swampert, M|82/100 brn
|-damage|p2a: Swampert|57/100 brn|[from] Spikes
|move|p1a: Gengar|Thunderbolt|p2a: Swampert
|-immune|p2a: Swampert
|
|-weather|Sandstorm|[upkeep]
|-damage|p1a: Gengar|53/100|[from] Sandstorm
|-heal|p1a: Gengar|59/100|[from] item: Leftovers
|-heal|p2a: Swampert|63/100 brn|[from] item: Leftovers
|-damage|p2a: Swampert|51/100 brn|[from] brn
|upkeep
|turn|32
|
|t:|1729119648
|move|p1a: Gengar|Explosion|p2a: Swampert
|-damage|p2a: Swampert|3/100 brn
|faint|p1a: Gengar
|c|☆pdads|gg
|
|t:|1729119657
|switch|p1a: Blissey|Blissey, F, shiny|80/100
|
|-weather|Sandstorm|[upkeep]
|-damage|p1a: Blissey|74/100|[from] Sandstorm
|-heal|p1a: Blissey|80/100|[from] item: Leftovers
|-heal|p2a: Swampert|10/100 brn|[from] item: Leftovers
|-damage|p2a: Swampert|0 fnt|[from] brn
|faint|p2a: Swampert
|upkeep
|c|☆Greyaz|gg
|-message|pdads forfeited.
|
|win|Greyaz

</script>
<script type="application/json" class="data" id="replaydata-smogtours-gen3ou-799192">
{"id":"smogtours-gen3ou-799192","format":"[Gen 3] OU","players":["Greyaz","pdads"],"uploadtime":1729119663,"views":74,"formatid":"gen3ou","rating":null,"private":0,"password":null}
</script>

<script defer src="js/replays.js?9d40a366"></script>
