<!DOCTYPE html>
<meta charset="utf-8" />
<meta name="viewport" content="width=device-width" />

<title>[Gen 3] OU: troglodyte480 vs. xDeacon - Replays - Pok&eacute;mon Showdown!</title>

<meta name="description" content="Watch a replay of a Pok&eacute;mon battle between troglodyte480 and xDeacon! Format: [Gen 3] OU; Date: Oct 18, 2024" />
<!--

Hey, you! Looking in the source for the replay log?

You can find them in JSON format, just add `.json` at the end of a replay URL.

https://replay.pokemonshowdown.com/gen7randomdoublesbattle-865046831.json

Or, if you only need the log itself, add `.log` instead:

https://replay.pokemonshowdown.com/gen7randomdoublesbattle-865046831.log

-->

<link rel="stylesheet" href="//pokemonshowdown.com/style/global.css?0.023195364461161105" />
<link rel="stylesheet" href="//play.pokemonshowdown.com/style/font-awesome.css?0.13261647063804238" />
<link rel="stylesheet" href="//play.pokemonshowdown.com/style/battle.css?0.8753245789963631" />
<link rel="stylesheet" href="//play.pokemonshowdown.com/style/utilichart.css?0.8627959624976733" />

<!-- Global site tag (gtag.js) - Google Analytics -->
<script async src="https://www.googletagmanager.com/gtag/js?id=UA-26211653-1"></script>
<script>
  window.dataLayer = window.dataLayer || [];
  function gtag(){dataLayer.push(arguments);}
  gtag('js', new Date());

  gtag('config', 'UA-26211653-1');
</script>
<!-- End Google Analytics -->
<!-- Venatus Ad Manager - Install in <HEAD> of page -->
	<script src="https://hb.vntsm.com/v3/live/ad-manager.min.js" type="text/javascript" data-site-id="642aba63ec9a7b11c3c9c1be" data-mode="scan" async></script>
<!-- / Venatus Ad Manager -->

<style>
	@media (max-width:820px) {
		.battle {
			margin: 0 auto;
		}
		.battle-log {
			margin: 7px auto 0;
			max-width: 640px;
			height: 300px;
			position: static;
		}
	}
	.optgroup {
		display: inline-block;
		line-height: 22px;
		font-size: 10pt;
	}
	.optgroup .button {
		height: 25px;
		padding-top: 0;
		padding-bottom: 0;
	}
	.optgroup button.button {
		padding-left: 12px;
		padding-right: 12px;
	}
	.linklist {
		list-style: none;
		margin: 0.5em 0;
		padding: 0;
	}
	.linklist li {
		padding: 2px 0;
	}
	.sidebar {
		float: left;
		width: 320px;
	}
	.bar-wrapper {
		max-width: 1100px;
		margin: 0 auto;
	}
	.bar-wrapper.has-sidebar {
		max-width: 1430px;
	}
	.mainbar {
		margin: 0;
		padding-right: 1px;
	}
	.mainbar.has-sidebar {
		margin-left: 330px;
	}
	@media (min-width: 1511px) {
		.sidebar {
			width: 400px;
		}
		.bar-wrapper.has-sidebar {
			max-width: 1510px;
		}
		.mainbar.has-sidebar {
			margin-left: 410px;
		}
	}
	.section.first-section {
		margin-top: 9px;
	}
	.blocklink small {
		white-space: normal;
	}
	.button {
		vertical-align: middle;
	}
	.replay-controls {
		padding-top: 10px;
	}
	.replay-controls h1 {
		font-size: 16pt;
		font-weight: normal;
		color: #CCC;
	}
	.pagelink {
		text-align: center;
	}
	.pagelink a {
		width: 150px;
	}
	.textbox, .button {
		font-size: 11pt;
		vertical-align: middle;
	}
	@media (max-width: 450px) {
		.button {
			font-size: 9pt;
		}
	}
</style>

<div>

	<header>
		<div class="nav-wrapper"><ul class="nav">
			<li><a class="button nav-first" href="//pokemonshowdown.com/"><img src="//pokemonshowdown.com/images/pokemonshowdownbeta.png" srcset="//pokemonshowdown.com/images/pokemonshowdownbeta.png 1x, //pokemonshowdown.com/images/pokemonshowdownbeta@2x.png 2x" alt="Pok&eacute;mon Showdown" width="146" height="44" /> Home</a></li>
			<li><a class="button" href="//pokemonshowdown.com/dex/">Pok&eacute;dex</a></li>
			<li><a class="button cur" href="/">Replays</a></li>
			<li><a class="button" href="//pokemonshowdown.com/ladder/">Ladder</a></li>
			<li><a class="button nav-last" href="//pokemonshowdown.com/forums/">Forum</a></li>
			<li><a class="button greenbutton nav-first nav-last" href="//play.pokemonshowdown.com/">Play</a></li>
		</ul></div>
	</header>

	<div class="main" id="main">

		<noscript><section class="section">You need to enable JavaScript to use this page; sorry!</section></noscript>

	</div>

</div>

<script defer nomodule src="//play.pokemonshowdown.com/js/lib/ps-polyfill.js"></script>
<script defer src="//play.pokemonshowdown.com/js/lib/preact.min.js"></script>

<script defer src="//play.pokemonshowdown.com/config/config.js?2bddbc15"></script>
<script defer src="//play.pokemonshowdown.com/js/lib/jquery-1.11.0.min.js"></script>
<script defer src="//play.pokemonshowdown.com/js/lib/html-sanitizer-minified.js"></script>
<script defer src="//play.pokemonshowdown.com/js/battle-sound.js"></script>
<script defer src="//play.pokemonshowdown.com/js/battledata.js?0.7209276989879541"></script>
<script defer src="//play.pokemonshowdown.com/data/pokedex-mini.js?0.6111056340867951"></script>
<script defer src="//play.pokemonshowdown.com/data/pokedex-mini-bw.js?0.3532142036491459"></script>
<script defer src="//play.pokemonshowdown.com/data/graphics.js?0.24223875632456182"></script>
<script defer src="//play.pokemonshowdown.com/data/pokedex.js?0.38839984266356864"></script>
<script defer src="//play.pokemonshowdown.com/data/moves.js?0.21866028504024015"></script>
<script defer src="//play.pokemonshowdown.com/data/abilities.js?0.2005157953846628"></script>
<script defer src="//play.pokemonshowdown.com/data/items.js?0.9894211263848525"></script>
<script defer src="//play.pokemonshowdown.com/data/teambuilder-tables.js?0.6008791140282215"></script>
<script defer src="//play.pokemonshowdown.com/js/battle-tooltips.js?0.7580118955022959"></script>
<script defer src="//play.pokemonshowdown.com/js/battle.js?0.6057722274234274"></script>

<script defer src="js/utils.js?e31f9a17"></script>
<script defer src="js/replays-battle.js?7008c182"></script>

<!-- don't scrape this data! just add .json or .log after the URL!
Full API docs: https://github.com/smogon/pokemon-showdown-client/blob/master/WEB-API.md -->
<script type="text/plain" class="log" id="replaylog-smogtours-gen3ou-799432">
|inactive|Battle timer is ON: inactive players will automatically lose when time's up.
|t:|1729210379
|gametype|singles
|player|p1|troglodyte480|crasherwake|
|player|p2|xDeacon|fisherman-gen4|
|teamsize|p1|6
|teamsize|p2|6
|gen|3
|tier|[Gen 3] OU
|rule|Sleep Clause Mod: Limit one foe put to sleep
|rule|Switch Priority Clause Mod: Faster Pokémon switch first
|rule|Species Clause: Limit one of each Pokémon
|rule|OHKO Clause: OHKO moves are banned
|rule|Evasion Items Clause: Evasion items are banned
|rule|Evasion Moves Clause: Evasion moves are banned
|rule|Endless Battle Clause: Forcing endless battles is banned
|rule|HP Percentage Mod: HP is shown in percentages
|rule|One Boost Passer Clause: Limit one Baton Passer that has a way to boost its stats
|rule|Freeze Clause Mod: Limit one foe frozen
|
|t:|1729210379
|start
|switch|p1a: Swellow|Swellow, F|100/100
|switch|p2a: Salamence|Salamence, F|100/100
|-ability|p2a: Salamence|Intimidate|boost
|-unboost|p1a: Swellow|atk|1
|turn|1
|inactive|xDeacon has 270 seconds left.
|
|t:|1729210413
|move|p1a: Swellow|Substitute|p1a: Swellow
|-start|p1a: Swellow|Substitute
|-damage|p1a: Swellow|76/100
|move|p2a: Salamence|Hidden Power|p1a: Swellow
|-end|p1a: Swellow|Substitute
|
|upkeep
|turn|2
|
|t:|1729210428
|switch|p2a: Zapdos|Zapdos|100/100
|move|p1a: Swellow|Baton Pass|p1a: Swellow
|
|t:|1729210445
|switch|p1a: Jolteon|Jolteon, F|100/100|[from] Baton Pass
|
|upkeep
|turn|3
|
|t:|1729210457
|switch|p2a: Blissey|Blissey, F|100/100
|move|p1a: Jolteon|Thunderbolt|p2a: Blissey
|-damage|p2a: Blissey|84/100
|-status|p2a: Blissey|par
|
|-heal|p2a: Blissey|90/100 par|[from] item: Leftovers
|upkeep
|turn|4
|
|t:|1729210467
|move|p1a: Jolteon|Baton Pass|p1a: Jolteon
|
|t:|1729210475
|switch|p1a: Heracross|Heracross, M|100/100|[from] Baton Pass
|move|p2a: Blissey|Seismic Toss|p1a: Heracross
|-damage|p1a: Heracross|67/100
|
|-heal|p1a: Heracross|73/100|[from] item: Leftovers
|-heal|p2a: Blissey|96/100 par|[from] item: Leftovers
|upkeep
|turn|5
|
|t:|1729210484
|-curestatus|p2a: Blissey|par|[from] ability: Natural Cure
|switch|p2a: Salamence|Salamence, F|100/100
|-ability|p2a: Salamence|Intimidate|boost
|-unboost|p1a: Heracross|atk|1
|move|p1a: Heracross|Rock Slide|p2a: Salamence
|-supereffective|p2a: Salamence
|-damage|p2a: Salamence|70/100
|
|-heal|p1a: Heracross|79/100|[from] item: Leftovers
|upkeep
|turn|6
|inactive|troglodyte480 has 270 seconds left.
|
|t:|1729210522
|switch|p1a: Jolteon|Jolteon, F|100/100
|move|p2a: Salamence|Hidden Power|p1a: Jolteon
|-resisted|p1a: Jolteon
|-damage|p1a: Jolteon|50/100
|
|-heal|p1a: Jolteon|56/100|[from] item: Leftovers
|upkeep
|turn|7
|inactive|troglodyte480 has 270 seconds left.
|
|t:|1729210534
|switch|p2a: Blissey|Blissey, F|96/100
|move|p1a: Jolteon|Hidden Power|p2a: Blissey
|-damage|p2a: Blissey|87/100
|
|-heal|p1a: Jolteon|62/100|[from] item: Leftovers
|-heal|p2a: Blissey|93/100|[from] item: Leftovers
|upkeep
|turn|8
|inactive|troglodyte480 has 270 seconds left.
|
|t:|1729210546
|move|p1a: Jolteon|Wish|p1a: Jolteon
|move|p2a: Blissey|Ice Beam|p1a: Jolteon
|-damage|p1a: Jolteon|31/100
|
|-heal|p1a: Jolteon|37/100|[from] item: Leftovers
|-heal|p2a: Blissey|99/100|[from] item: Leftovers
|upkeep
|turn|9
|
|t:|1729210555
|move|p1a: Jolteon|Baton Pass|p1a: Jolteon
|
|t:|1729210565
|switch|p1a: Heracross|Heracross, M|79/100|[from] Baton Pass
|move|p2a: Blissey|Seismic Toss|p1a: Heracross
|-damage|p1a: Heracross|46/100
|
|-heal|p1a: Heracross|96/100|[from] move: Wish|[wisher] Jolteon
|-heal|p1a: Heracross|100/100|[from] item: Leftovers
|-heal|p2a: Blissey|100/100|[from] item: Leftovers
|upkeep
|turn|10
|
|t:|1729210580
|-singleturn|p1a: Heracross|move: Focus Punch
|switch|p2a: Skarmory|Skarmory, F|100/100
|move|p1a: Heracross|Focus Punch|p2a: Skarmory
|-damage|p2a: Skarmory|41/100
|
|-heal|p2a: Skarmory|47/100|[from] item: Leftovers
|upkeep
|turn|11
|
|t:|1729210596
|-singleturn|p1a: Heracross|move: Focus Punch
|move|p2a: Skarmory|Protect|p2a: Skarmory
|-singleturn|p2a: Skarmory|Protect
|move|p1a: Heracross|Focus Punch|p2a: Skarmory
|-activate|p2a: Skarmory|Protect
|
|-heal|p2a: Skarmory|53/100|[from] item: Leftovers
|upkeep
|turn|12
|
|t:|1729210605
|switch|p2a: Salamence|Salamence, F|70/100
|-ability|p2a: Salamence|Intimidate|boost
|-unboost|p1a: Heracross|atk|1
|move|p1a: Heracross|Rock Slide|p2a: Salamence
|-supereffective|p2a: Salamence
|-damage|p2a: Salamence|31/100
|
|upkeep
|turn|13
|inactive|troglodyte480 has 270 seconds left.
|
|t:|1729210638
|switch|p1a: Suicune|Suicune|100/100
|move|p2a: Salamence|Hidden Power|p1a: Suicune
|-damage|p1a: Suicune|58/100
|
|-heal|p1a: Suicune|64/100|[from] item: Leftovers
|upkeep
|turn|14
|
|t:|1729210652
|switch|p2a: Zapdos|Zapdos|100/100
|move|p1a: Suicune|Ice Beam|p2a: Zapdos
|-supereffective|p2a: Zapdos
|-damage|p2a: Zapdos|61/100
|
|-heal|p2a: Zapdos|67/100|[from] item: Leftovers
|-heal|p1a: Suicune|71/100|[from] item: Leftovers
|upkeep
|turn|15
|
|t:|1729210674
|switch|p1a: Jolteon|Jolteon, F|37/100
|move|p2a: Zapdos|Toxic|p1a: Jolteon
|-status|p1a: Jolteon|tox
|
|-heal|p1a: Jolteon|43/100 tox|[from] item: Leftovers
|-damage|p1a: Jolteon|37/100 tox|[from] psn
|-heal|p2a: Zapdos|73/100|[from] item: Leftovers
|upkeep
|turn|16
|
|t:|1729210686
|switch|p2a: Swampert|Swampert, F|100/100
|move|p1a: Jolteon|Wish|p1a: Jolteon
|
|-heal|p1a: Jolteon|43/100 tox|[from] item: Leftovers
|-damage|p1a: Jolteon|31/100 tox|[from] psn
|upkeep
|turn|17
|
|t:|1729210700
|move|p1a: Jolteon|Baton Pass|p1a: Jolteon
|
|t:|1729210702
|switch|p1a: Swellow|Swellow, F|76/100|[from] Baton Pass
|move|p2a: Swampert|Earthquake|p1a: Swellow
|-immune|p1a: Swellow
|
|-heal|p1a: Swellow|100/100|[from] move: Wish|[wisher] Jolteon
|upkeep
|turn|18
|
|t:|1729210709
|move|p1a: Swellow|Substitute|p1a: Swellow
|-start|p1a: Swellow|Substitute
|-damage|p1a: Swellow|76/100
|move|p2a: Swampert|Rock Slide|p1a: Swellow
|-supereffective|p1a: Swellow
|-end|p1a: Swellow|Substitute
|
|upkeep
|turn|19
|inactive|troglodyte480 has 270 seconds left.
|
|t:|1729210717
|switch|p2a: Skarmory|Skarmory, F|53/100
|move|p1a: Swellow|Substitute|p1a: Swellow
|-start|p1a: Swellow|Substitute
|-damage|p1a: Swellow|51/100
|
|-heal|p2a: Skarmory|59/100|[from] item: Leftovers
|upkeep
|turn|20
|
|t:|1729210724
|move|p1a: Swellow|Baton Pass|p1a: Swellow
|
|t:|1729210726
|switch|p1a: Magneton|Magneton|100/100|[from] Baton Pass
|move|p2a: Skarmory|Roar|p1a: Magneton
|drag|p1a: Heracross|Heracross, M|100/100
|
|-heal|p2a: Skarmory|65/100|[from] item: Leftovers
|upkeep
|turn|21
|
|t:|1729210734
|-singleturn|p1a: Heracross|move: Focus Punch
|switch|p2a: Magneton|Magneton|100/100
|move|p1a: Heracross|Focus Punch|p2a: Magneton
|-supereffective|p2a: Magneton
|-damage|p2a: Magneton|0 fnt
|faint|p2a: Magneton
|
|t:|1729210753
|switch|p2a: Salamence|Salamence, F|31/100
|-ability|p2a: Salamence|Intimidate|boost
|-unboost|p1a: Heracross|atk|1
|
|upkeep
|turn|22
|
|t:|1729210766
|switch|p1a: Magneton|Magneton|100/100
|move|p2a: Salamence|Hidden Power|p1a: Magneton
|-resisted|p1a: Magneton
|-damage|p1a: Magneton|78/100
|
|upkeep
|turn|23
|
|t:|1729210778
|switch|p2a: Blissey|Blissey, F|100/100
|move|p1a: Magneton|Thunderbolt|p2a: Blissey
|-damage|p2a: Blissey|77/100
|
|-heal|p2a: Blissey|83/100|[from] item: Leftovers
|upkeep
|turn|24
|
|t:|1729210786
|move|p1a: Magneton|Thunder Wave|p2a: Blissey
|-status|p2a: Blissey|par
|cant|p2a: Blissey|par
|
|-heal|p2a: Blissey|89/100 par|[from] item: Leftovers
|upkeep
|turn|25
|
|t:|1729210794
|switch|p1a: Suicune|Suicune|71/100
|move|p2a: Blissey|Seismic Toss|p1a: Suicune
|-damage|p1a: Suicune|46/100
|
|-heal|p1a: Suicune|52/100|[from] item: Leftovers
|-heal|p2a: Blissey|96/100 par|[from] item: Leftovers
|upkeep
|turn|26
|
|t:|1729210805
|move|p1a: Suicune|Substitute|p1a: Suicune
|-start|p1a: Suicune|Substitute
|-damage|p1a: Suicune|27/100
|cant|p2a: Blissey|par
|
|-heal|p1a: Suicune|33/100|[from] item: Leftovers
|-heal|p2a: Blissey|100/100 par|[from] item: Leftovers
|upkeep
|turn|27
|
|t:|1729210812
|move|p1a: Suicune|Calm Mind|p1a: Suicune
|-boost|p1a: Suicune|spa|1
|-boost|p1a: Suicune|spd|1
|move|p2a: Blissey|Seismic Toss|p1a: Suicune
|-activate|p1a: Suicune|Substitute|[damage]
|
|-heal|p1a: Suicune|39/100|[from] item: Leftovers
|upkeep
|turn|28
|
|t:|1729210820
|move|p1a: Suicune|Calm Mind|p1a: Suicune
|-boost|p1a: Suicune|spa|1
|-boost|p1a: Suicune|spd|1
|cant|p2a: Blissey|par
|
|-heal|p1a: Suicune|46/100|[from] item: Leftovers
|upkeep
|turn|29
|
|t:|1729210833
|-curestatus|p2a: Blissey|par|[from] ability: Natural Cure
|switch|p2a: Swampert|Swampert, F|100/100
|move|p1a: Suicune|Hydro Pump|p2a: Swampert
|-damage|p2a: Swampert|8/100
|
|-heal|p1a: Suicune|52/100|[from] item: Leftovers
|-heal|p2a: Swampert|15/100|[from] item: Leftovers
|upkeep
|turn|30
|
|t:|1729210842
|switch|p2a: Blissey|Blissey, F|100/100
|move|p1a: Suicune|Ice Beam|p2a: Blissey
|-damage|p2a: Blissey|80/100
|
|-heal|p1a: Suicune|58/100|[from] item: Leftovers
|-heal|p2a: Blissey|86/100|[from] item: Leftovers
|upkeep
|turn|31
|
|t:|1729210849
|move|p1a: Suicune|Calm Mind|p1a: Suicune
|-boost|p1a: Suicune|spa|1
|-boost|p1a: Suicune|spd|1
|move|p2a: Blissey|Seismic Toss|p1a: Suicune
|-end|p1a: Suicune|Substitute
|
|-heal|p1a: Suicune|64/100|[from] item: Leftovers
|-heal|p2a: Blissey|92/100|[from] item: Leftovers
|upkeep
|turn|32
|
|t:|1729210858
|move|p1a: Suicune|Substitute|p1a: Suicune
|-start|p1a: Suicune|Substitute
|-damage|p1a: Suicune|39/100
|move|p2a: Blissey|Seismic Toss|p1a: Suicune
|-activate|p1a: Suicune|Substitute|[damage]
|
|-heal|p1a: Suicune|45/100|[from] item: Leftovers
|-heal|p2a: Blissey|99/100|[from] item: Leftovers
|upkeep
|turn|33
|
|t:|1729210874
|move|p1a: Suicune|Calm Mind|p1a: Suicune
|-boost|p1a: Suicune|spa|1
|-boost|p1a: Suicune|spd|1
|move|p2a: Blissey|Seismic Toss|p1a: Suicune
|-end|p1a: Suicune|Substitute
|
|-heal|p1a: Suicune|51/100|[from] item: Leftovers
|-heal|p2a: Blissey|100/100|[from] item: Leftovers
|upkeep
|turn|34
|
|t:|1729210883
|move|p1a: Suicune|Substitute|p1a: Suicune
|-start|p1a: Suicune|Substitute
|-damage|p1a: Suicune|26/100
|move|p2a: Blissey|Seismic Toss|p1a: Suicune
|-activate|p1a: Suicune|Substitute|[damage]
|
|-heal|p1a: Suicune|33/100|[from] item: Leftovers
|upkeep
|turn|35
|
|t:|1729210897
|move|p1a: Suicune|Hydro Pump|p2a: Blissey|[miss]
|-miss|p1a: Suicune|p2a: Blissey
|move|p2a: Blissey|Seismic Toss|p1a: Suicune
|-end|p1a: Suicune|Substitute
|
|-heal|p1a: Suicune|39/100|[from] item: Leftovers
|upkeep
|turn|36
|inactive|troglodyte480 has 270 seconds left.
|
|t:|1729210927
|switch|p1a: Swampert|Swampert, M|100/100
|move|p2a: Blissey|Seismic Toss|p1a: Swampert
|-damage|p1a: Swampert|71/100
|
|upkeep
|turn|37
|
|t:|1729210934
|move|p1a: Swampert|Substitute|p1a: Swampert
|-start|p1a: Swampert|Substitute
|-damage|p1a: Swampert|46/100
|move|p2a: Blissey|Wish|p2a: Blissey
|
|upkeep
|turn|38
|
|t:|1729210938
|switch|p2a: Zapdos|Zapdos|73/100
|move|p1a: Swampert|Endeavor|p2a: Zapdos
|-damage|p2a: Zapdos|41/100
|
|-heal|p2a: Zapdos|91/100|[from] move: Wish|[wisher] Blissey
|-heal|p2a: Zapdos|97/100|[from] item: Leftovers
|upkeep
|turn|39
|
|t:|1729210951
|switch|p1a: Swellow|Swellow, F|51/100
|move|p2a: Zapdos|Roar|p1a: Swellow
|drag|p1a: Suicune|Suicune|39/100
|
|-heal|p2a: Zapdos|100/100|[from] item: Leftovers
|-heal|p1a: Suicune|45/100|[from] item: Leftovers
|upkeep
|turn|40
|
|t:|1729210959
|switch|p1a: Magneton|Magneton|78/100
|move|p2a: Zapdos|Thunderbolt|p1a: Magneton
|-resisted|p1a: Magneton
|-damage|p1a: Magneton|40/100
|-status|p1a: Magneton|par
|
|upkeep
|turn|41
|
|t:|1729210969
|switch|p2a: Blissey|Blissey, F|100/100
|cant|p1a: Magneton|par
|
|upkeep
|turn|42
|
|t:|1729210973
|move|p2a: Blissey|Wish|p2a: Blissey
|move|p1a: Magneton|Thunder Wave|p2a: Blissey
|-status|p2a: Blissey|par
|
|upkeep
|turn|43
|
|t:|1729210981
|switch|p1a: Swellow|Swellow, F|51/100
|-curestatus|p2a: Blissey|par|[from] ability: Natural Cure
|switch|p2a: Swampert|Swampert, F|15/100
|
|-heal|p2a: Swampert|65/100|[from] move: Wish|[wisher] Blissey
|-heal|p2a: Swampert|71/100|[from] item: Leftovers
|upkeep
|turn|44
|
|t:|1729210990
|switch|p2a: Skarmory|Skarmory, F|65/100
|move|p1a: Swellow|Substitute|p1a: Swellow
|-start|p1a: Swellow|Substitute
|-damage|p1a: Swellow|26/100
|
|-heal|p2a: Skarmory|71/100|[from] item: Leftovers
|upkeep
|turn|45
|
|t:|1729211002
|switch|p1a: Heracross|Heracross, M|100/100
|move|p2a: Skarmory|Roar|p1a: Heracross
|drag|p1a: Suicune|Suicune|45/100
|
|-heal|p1a: Suicune|51/100|[from] item: Leftovers
|-heal|p2a: Skarmory|77/100|[from] item: Leftovers
|upkeep
|turn|46
|
|t:|1729211010
|move|p1a: Suicune|Hydro Pump|p2a: Skarmory|[miss]
|-miss|p1a: Suicune|p2a: Skarmory
|move|p2a: Skarmory|Spikes|p1a: Suicune
|-sidestart|p1: troglodyte480|Spikes
|
|-heal|p1a: Suicune|57/100|[from] item: Leftovers
|-heal|p2a: Skarmory|83/100|[from] item: Leftovers
|upkeep
|turn|47
|
|t:|1729211018
|switch|p2a: Zapdos|Zapdos|100/100
|move|p1a: Suicune|Hydro Pump|p2a: Zapdos
|-damage|p2a: Zapdos|63/100
|
|-heal|p2a: Zapdos|69/100|[from] item: Leftovers
|-heal|p1a: Suicune|64/100|[from] item: Leftovers
|upkeep
|turn|48
|
|t:|1729211036
|move|p1a: Suicune|Ice Beam|p2a: Zapdos
|-supereffective|p2a: Zapdos
|-damage|p2a: Zapdos|31/100
|move|p2a: Zapdos|Roar|p1a: Suicune
|drag|p1a: Swampert|Swampert, M|46/100
|-damage|p1a: Swampert|34/100|[from] Spikes
|
|-heal|p2a: Zapdos|37/100|[from] item: Leftovers
|upkeep
|turn|49
|
|t:|1729211049
|switch|p1a: Magneton|Magneton|40/100 par
|-damage|p1a: Magneton|27/100 par|[from] Spikes
|move|p2a: Zapdos|Rest|p2a: Zapdos
|-status|p2a: Zapdos|slp|[from] move: Rest
|-heal|p2a: Zapdos|100/100 slp|[silent]
|
|upkeep
|turn|50
|
|t:|1729211060
|switch|p2a: Swampert|Swampert, F|71/100
|move|p1a: Magneton|Thunder Wave|p2a: Swampert
|-immune|p2a: Swampert
|
|-heal|p2a: Swampert|77/100|[from] item: Leftovers
|upkeep
|turn|51
|
|t:|1729211069
|move|p2a: Swampert|Rock Slide|p1a: Magneton
|-resisted|p1a: Magneton
|-damage|p1a: Magneton|13/100 par
|cant|p1a: Magneton|flinch
|
|-heal|p2a: Swampert|83/100|[from] item: Leftovers
|upkeep
|turn|52
|
|t:|1729211076
|move|p2a: Swampert|Earthquake|p1a: Magneton
|-supereffective|p1a: Magneton
|-damage|p1a: Magneton|0 fnt
|faint|p1a: Magneton
|
|t:|1729211090
|switch|p1a: Swellow|Swellow, F|26/100
|
|-heal|p2a: Swampert|89/100|[from] item: Leftovers
|upkeep
|turn|53
|
|t:|1729211110
|switch|p2a: Blissey|Blissey, F|100/100
|move|p1a: Swellow|Substitute|p1a: Swellow
|-start|p1a: Swellow|Substitute
|-damage|p1a: Swellow|1/100
|
|-enditem|p1a: Swellow|Starf Berry|[eat]
|-boost|p1a: Swellow|spd|2|[from] item: Starf Berry
|upkeep
|turn|54
|
|t:|1729211120
|move|p1a: Swellow|Endeavor|p2a: Blissey
|-damage|p2a: Blissey|1/100
|move|p2a: Blissey|Ice Beam|p1a: Swellow
|-supereffective|p1a: Swellow
|-end|p1a: Swellow|Substitute
|
|-heal|p2a: Blissey|7/100|[from] item: Leftovers
|upkeep
|turn|55
|inactive|xDeacon has 270 seconds left.
|
|t:|1729211148
|switch|p2a: Skarmory|Skarmory, F|83/100
|move|p1a: Swellow|Hidden Power|p2a: Skarmory
|-damage|p2a: Skarmory|70/100
|
|-heal|p2a: Skarmory|76/100|[from] item: Leftovers
|upkeep
|turn|56
|inactive|xDeacon has 270 seconds left.
|
|t:|1729211154
|move|p1a: Swellow|Endeavor|p2a: Skarmory
|-damage|p2a: Skarmory|1/100
|move|p2a: Skarmory|Roar|p1a: Swellow
|drag|p1a: Jolteon|Jolteon, F|31/100 tox
|-damage|p1a: Jolteon|18/100 tox|[from] Spikes
|
|-heal|p1a: Jolteon|24/100 tox|[from] item: Leftovers
|-damage|p1a: Jolteon|18/100 tox|[from] psn
|-heal|p2a: Skarmory|7/100|[from] item: Leftovers
|upkeep
|turn|57
|
|t:|1729211169
|move|p2a: Skarmory|Protect|p2a: Skarmory
|-singleturn|p2a: Skarmory|Protect
|move|p1a: Jolteon|Wish|p1a: Jolteon
|
|-heal|p1a: Jolteon|24/100 tox|[from] item: Leftovers
|-damage|p1a: Jolteon|12/100 tox|[from] psn
|-heal|p2a: Skarmory|13/100|[from] item: Leftovers
|upkeep
|turn|58
|inactive|xDeacon has 270 seconds left.
|
|t:|1729211191
|switch|p1a: Swampert|Swampert, M|34/100
|-damage|p1a: Swampert|22/100|[from] Spikes
|switch|p2a: Blissey|Blissey, F|7/100
|
|-heal|p1a: Swampert|71/100|[from] move: Wish|[wisher] Jolteon
|-heal|p2a: Blissey|13/100|[from] item: Leftovers
|upkeep
|turn|59
|inactive|xDeacon has 270 seconds left.
|
|t:|1729211213
|switch|p2a: Zapdos|Zapdos|100/100 slp
|move|p1a: Swampert|Surf|p2a: Zapdos
|-damage|p2a: Zapdos|74/100 slp
|
|-heal|p2a: Zapdos|80/100 slp|[from] item: Leftovers
|upkeep
|turn|60
|
|t:|1729211219
|cant|p2a: Zapdos|slp
|move|p1a: Swampert|Substitute|p1a: Swampert
|-start|p1a: Swampert|Substitute
|-damage|p1a: Swampert|47/100
|
|-heal|p2a: Zapdos|86/100 slp|[from] item: Leftovers
|upkeep
|turn|61
|
|t:|1729211226
|move|p1a: Swampert|Surf|p2a: Zapdos
|-damage|p2a: Zapdos|59/100 slp
|cant|p2a: Zapdos|slp
|
|-heal|p2a: Zapdos|65/100 slp|[from] item: Leftovers
|upkeep
|turn|62
|
|t:|1729211236
|move|p1a: Swampert|Substitute|p1a: Swampert
|-fail|p1a: Swampert|move: Substitute
|-curestatus|p2a: Zapdos|slp|[msg]
|move|p2a: Zapdos|Roar|p1a: Swampert
|drag|p1a: Swellow|Swellow, F|1/100
|
|-heal|p2a: Zapdos|71/100|[from] item: Leftovers
|upkeep
|turn|63
|
|t:|1729211246
|move|p1a: Swellow|Endeavor|p2a: Zapdos
|-damage|p2a: Zapdos|1/100
|move|p2a: Zapdos|Thunderbolt|p1a: Swellow
|-supereffective|p1a: Swellow
|-damage|p1a: Swellow|0 fnt
|faint|p1a: Swellow
|
|t:|1729211271
|switch|p1a: Heracross|Heracross, M|100/100
|-damage|p1a: Heracross|88/100|[from] Spikes
|
|-heal|p1a: Heracross|94/100|[from] item: Leftovers
|-heal|p2a: Zapdos|7/100|[from] item: Leftovers
|upkeep
|turn|64
|inactive|troglodyte480 has 270 seconds left.
|c|☆troglodyte480|this is a good one
|c|☆troglodyte480|well played
|c|☆troglodyte480|regardless of who wins
|
|t:|1729211311
|move|p1a: Heracross|Rock Slide|p2a: Zapdos
|-supereffective|p2a: Zapdos
|-damage|p2a: Zapdos|0 fnt
|faint|p2a: Zapdos
|
|t:|1729211321
|switch|p2a: Salamence|Salamence, F|31/100
|-ability|p2a: Salamence|Intimidate|boost
|-unboost|p1a: Heracross|atk|1
|
|-heal|p1a: Heracross|99/100|[from] item: Leftovers
|upkeep
|turn|65
|
|t:|1729211331
|switch|p1a: Jolteon|Jolteon, F|12/100 tox
|-damage|p1a: Jolteon|0 fnt|[from] Spikes
|faint|p1a: Jolteon
|
|t:|1729211339
|switch|p1a: Suicune|Suicune|64/100
|-damage|p1a: Suicune|51/100|[from] Spikes
|
|-heal|p1a: Suicune|57/100|[from] item: Leftovers
|upkeep
|turn|66
|inactive|troglodyte480 has 240 seconds left.
|inactive|xDeacon has 270 seconds left.
|
|t:|1729211380
|switch|p2a: Swampert|Swampert, F|89/100
|move|p1a: Suicune|Hydro Pump|p2a: Swampert|[miss]
|-miss|p1a: Suicune|p2a: Swampert
|
|-heal|p1a: Suicune|64/100|[from] item: Leftovers
|-heal|p2a: Swampert|96/100|[from] item: Leftovers
|upkeep
|turn|67
|
|t:|1729211392
|move|p1a: Suicune|Calm Mind|p1a: Suicune
|-boost|p1a: Suicune|spa|1
|-boost|p1a: Suicune|spd|1
|move|p2a: Swampert|Earthquake|p1a: Suicune
|-crit|p1a: Suicune
|-damage|p1a: Suicune|6/100
|
|-heal|p1a: Suicune|12/100|[from] item: Leftovers
|-heal|p2a: Swampert|100/100|[from] item: Leftovers
|upkeep
|turn|68
|
|t:|1729211403
|move|p1a: Suicune|Hydro Pump|p2a: Swampert
|-damage|p2a: Swampert|29/100
|move|p2a: Swampert|Earthquake|p1a: Suicune
|-damage|p1a: Suicune|0 fnt
|faint|p1a: Suicune
|
|t:|1729211409
|switch|p1a: Swampert|Swampert, M|47/100
|-damage|p1a: Swampert|34/100|[from] Spikes
|
|-heal|p2a: Swampert|35/100|[from] item: Leftovers
|upkeep
|turn|69
|inactive|xDeacon has 270 seconds left.
|
|t:|1729211424
|move|p2a: Swampert|Protect|p2a: Swampert
|-singleturn|p2a: Swampert|Protect
|move|p1a: Swampert|Substitute|p1a: Swampert
|-start|p1a: Swampert|Substitute
|-damage|p1a: Swampert|9/100
|
|-enditem|p1a: Swampert|Salac Berry|[eat]
|-boost|p1a: Swampert|spe|1|[from] item: Salac Berry
|-heal|p2a: Swampert|41/100|[from] item: Leftovers
|upkeep
|turn|70
|inactive|troglodyte480 has 240 seconds left.
|
|t:|1729211432
|move|p1a: Swampert|Surf|p2a: Swampert
|-damage|p2a: Swampert|0 fnt
|faint|p2a: Swampert
|
|t:|1729211438
|switch|p2a: Skarmory|Skarmory, F|13/100
|
|-heal|p2a: Skarmory|19/100|[from] item: Leftovers
|upkeep
|turn|71
|
|t:|1729211442
|move|p2a: Skarmory|Protect|p2a: Skarmory
|-singleturn|p2a: Skarmory|Protect
|move|p1a: Swampert|Surf|p2a: Skarmory
|-activate|p2a: Skarmory|Protect
|
|-heal|p2a: Skarmory|25/100|[from] item: Leftovers
|upkeep
|turn|72
|
|t:|1729211455
|move|p1a: Swampert|Surf|p2a: Skarmory
|-damage|p2a: Skarmory|0 fnt
|faint|p2a: Skarmory
|
|t:|1729211458
|switch|p2a: Blissey|Blissey, F|13/100
|
|-heal|p2a: Blissey|19/100|[from] item: Leftovers
|upkeep
|turn|73
|
|t:|1729211463
|move|p1a: Swampert|Surf|p2a: Blissey
|-damage|p2a: Blissey|0 fnt
|faint|p2a: Blissey
|
|t:|1729211465
|switch|p2a: Salamence|Salamence, F|31/100
|
|upkeep
|turn|74
|
|t:|1729211469
|move|p1a: Swampert|Surf|p2a: Salamence
|-resisted|p2a: Salamence
|-damage|p2a: Salamence|1/100
|move|p2a: Salamence|Hidden Power|p1a: Swampert
|-end|p1a: Swampert|Substitute
|
|upkeep
|turn|75
|
|t:|1729211475
|move|p1a: Swampert|Surf|p2a: Salamence
|-resisted|p2a: Salamence
|-damage|p2a: Salamence|0 fnt
|faint|p2a: Salamence
|
|win|troglodyte480
|c|☆troglodyte480|ggs
|c|☆xDeacon|ggs
|player|p2|

</script>
<script type="application/json" class="data" id="replaydata-smogtours-gen3ou-799432">
{"id":"smogtours-gen3ou-799432","format":"[Gen 3] OU","players":["troglodyte480","xDeacon"],"uploadtime":1729211475,"views":95,"formatid":"gen3ou","rating":null,"private":0,"password":null}
</script>

<script defer src="js/replays.js?9d40a366"></script>
