<!DOCTYPE html>
<meta charset="utf-8" />
<meta name="viewport" content="width=device-width" />

<title>[Gen 3] OU: ilikeeatingcrayons vs. smokingrocks - Replays - Pok&eacute;mon Showdown!</title>

<meta name="description" content="Watch a replay of a Pok&eacute;mon battle between ilikeeatingcrayons and smokingrocks! Format: [Gen 3] OU; Date: Oct 19, 2024" />
<!--

Hey, you! Looking in the source for the replay log?

You can find them in JSON format, just add `.json` at the end of a replay URL.

https://replay.pokemonshowdown.com/gen7randomdoublesbattle-865046831.json

Or, if you only need the log itself, add `.log` instead:

https://replay.pokemonshowdown.com/gen7randomdoublesbattle-865046831.log

-->

<link rel="stylesheet" href="//pokemonshowdown.com/style/global.css?0.023195364461161105" />
<link rel="stylesheet" href="//play.pokemonshowdown.com/style/font-awesome.css?0.13261647063804238" />
<link rel="stylesheet" href="//play.pokemonshowdown.com/style/battle.css?0.8753245789963631" />
<link rel="stylesheet" href="//play.pokemonshowdown.com/style/utilichart.css?0.8627959624976733" />

<!-- Global site tag (gtag.js) - Google Analytics -->
<script async src="https://www.googletagmanager.com/gtag/js?id=UA-26211653-1"></script>
<script>
  window.dataLayer = window.dataLayer || [];
  function gtag(){dataLayer.push(arguments);}
  gtag('js', new Date());

  gtag('config', 'UA-26211653-1');
</script>
<!-- End Google Analytics -->
<!-- Venatus Ad Manager - Install in <HEAD> of page -->
	<script src="https://hb.vntsm.com/v3/live/ad-manager.min.js" type="text/javascript" data-site-id="642aba63ec9a7b11c3c9c1be" data-mode="scan" async></script>
<!-- / Venatus Ad Manager -->

<style>
	@media (max-width:820px) {
		.battle {
			margin: 0 auto;
		}
		.battle-log {
			margin: 7px auto 0;
			max-width: 640px;
			height: 300px;
			position: static;
		}
	}
	.optgroup {
		display: inline-block;
		line-height: 22px;
		font-size: 10pt;
	}
	.optgroup .button {
		height: 25px;
		padding-top: 0;
		padding-bottom: 0;
	}
	.optgroup button.button {
		padding-left: 12px;
		padding-right: 12px;
	}
	.linklist {
		list-style: none;
		margin: 0.5em 0;
		padding: 0;
	}
	.linklist li {
		padding: 2px 0;
	}
	.sidebar {
		float: left;
		width: 320px;
	}
	.bar-wrapper {
		max-width: 1100px;
		margin: 0 auto;
	}
	.bar-wrapper.has-sidebar {
		max-width: 1430px;
	}
	.mainbar {
		margin: 0;
		padding-right: 1px;
	}
	.mainbar.has-sidebar {
		margin-left: 330px;
	}
	@media (min-width: 1511px) {
		.sidebar {
			width: 400px;
		}
		.bar-wrapper.has-sidebar {
			max-width: 1510px;
		}
		.mainbar.has-sidebar {
			margin-left: 410px;
		}
	}
	.section.first-section {
		margin-top: 9px;
	}
	.blocklink small {
		white-space: normal;
	}
	.button {
		vertical-align: middle;
	}
	.replay-controls {
		padding-top: 10px;
	}
	.replay-controls h1 {
		font-size: 16pt;
		font-weight: normal;
		color: #CCC;
	}
	.pagelink {
		text-align: center;
	}
	.pagelink a {
		width: 150px;
	}
	.textbox, .button {
		font-size: 11pt;
		vertical-align: middle;
	}
	@media (max-width: 450px) {
		.button {
			font-size: 9pt;
		}
	}
</style>

<div>

	<header>
		<div class="nav-wrapper"><ul class="nav">
			<li><a class="button nav-first" href="//pokemonshowdown.com/"><img src="//pokemonshowdown.com/images/pokemonshowdownbeta.png" srcset="//pokemonshowdown.com/images/pokemonshowdownbeta.png 1x, //pokemonshowdown.com/images/pokemonshowdownbeta@2x.png 2x" alt="Pok&eacute;mon Showdown" width="146" height="44" /> Home</a></li>
			<li><a class="button" href="//pokemonshowdown.com/dex/">Pok&eacute;dex</a></li>
			<li><a class="button cur" href="/">Replays</a></li>
			<li><a class="button" href="//pokemonshowdown.com/ladder/">Ladder</a></li>
			<li><a class="button nav-last" href="//pokemonshowdown.com/forums/">Forum</a></li>
			<li><a class="button greenbutton nav-first nav-last" href="//play.pokemonshowdown.com/">Play</a></li>
		</ul></div>
	</header>

	<div class="main" id="main">

		<noscript><section class="section">You need to enable JavaScript to use this page; sorry!</section></noscript>

	</div>

</div>

<script defer nomodule src="//play.pokemonshowdown.com/js/lib/ps-polyfill.js"></script>
<script defer src="//play.pokemonshowdown.com/js/lib/preact.min.js"></script>

<script defer src="//play.pokemonshowdown.com/config/config.js?2bddbc15"></script>
<script defer src="//play.pokemonshowdown.com/js/lib/jquery-1.11.0.min.js"></script>
<script defer src="//play.pokemonshowdown.com/js/lib/html-sanitizer-minified.js"></script>
<script defer src="//play.pokemonshowdown.com/js/battle-sound.js"></script>
<script defer src="//play.pokemonshowdown.com/js/battledata.js?0.7209276989879541"></script>
<script defer src="//play.pokemonshowdown.com/data/pokedex-mini.js?0.6111056340867951"></script>
<script defer src="//play.pokemonshowdown.com/data/pokedex-mini-bw.js?0.3532142036491459"></script>
<script defer src="//play.pokemonshowdown.com/data/graphics.js?0.24223875632456182"></script>
<script defer src="//play.pokemonshowdown.com/data/pokedex.js?0.38839984266356864"></script>
<script defer src="//play.pokemonshowdown.com/data/moves.js?0.21866028504024015"></script>
<script defer src="//play.pokemonshowdown.com/data/abilities.js?0.2005157953846628"></script>
<script defer src="//play.pokemonshowdown.com/data/items.js?0.9894211263848525"></script>
<script defer src="//play.pokemonshowdown.com/data/teambuilder-tables.js?0.6008791140282215"></script>
<script defer src="//play.pokemonshowdown.com/js/battle-tooltips.js?0.7580118955022959"></script>
<script defer src="//play.pokemonshowdown.com/js/battle.js?0.6057722274234274"></script>

<script defer src="js/utils.js?e31f9a17"></script>
<script defer src="js/replays-battle.js?7008c182"></script>

<!-- don't scrape this data! just add .json or .log after the URL!
Full API docs: https://github.com/smogon/pokemon-showdown-client/blob/master/WEB-API.md -->
<script type="text/plain" class="log" id="replaylog-smogtours-gen3ou-800003">
|inactive|Battle timer is ON: inactive players will automatically lose when time's up.
|t:|1729363416
|gametype|singles
|player|p1|ilikeeatingcrayons|youngster-gen4dp|
|player|p2|smokingrocks|101|
|teamsize|p1|6
|teamsize|p2|6
|gen|3
|tier|[Gen 3] OU
|rule|Sleep Clause Mod: Limit one foe put to sleep
|rule|Switch Priority Clause Mod: Faster Pokémon switch first
|rule|Species Clause: Limit one of each Pokémon
|rule|OHKO Clause: OHKO moves are banned
|rule|Evasion Items Clause: Evasion items are banned
|rule|Evasion Moves Clause: Evasion moves are banned
|rule|Endless Battle Clause: Forcing endless battles is banned
|rule|HP Percentage Mod: HP is shown in percentages
|rule|One Boost Passer Clause: Limit one Baton Passer that has a way to boost its stats
|rule|Freeze Clause Mod: Limit one foe frozen
|
|t:|1729363416
|start
|switch|p1a: Africa|Salamence, F|100/100
|switch|p2a: Registeel|Registeel|100/100
|-ability|p1a: Africa|Intimidate|boost
|-fail|p2a: Registeel|unboost|[from] ability: Clear Body|[of] p2a: Registeel
|turn|1
|c|☆ilikeeatingcrayons|glhf
|
|t:|1729363425
|move|p1a: Africa|Fire Blast|p2a: Registeel
|-supereffective|p2a: Registeel
|-damage|p2a: Registeel|33/100
|move|p2a: Registeel|Ice Punch|p1a: Africa
|-supereffective|p1a: Africa
|-damage|p1a: Africa|3/100
|
|-heal|p1a: Africa|9/100|[from] item: Leftovers
|-heal|p2a: Registeel|39/100|[from] item: Leftovers
|upkeep
|turn|2
|c|☆smokingrocks|gl hf
|
|t:|1729363435
|switch|p2a: Tyranitar|Tyranitar, M|100/100
|-weather|Sandstorm|[from] ability: Sand Stream|[of] p2a: Tyranitar
|move|p1a: Africa|Fire Blast|p2a: Tyranitar|[miss]
|-miss|p1a: Africa|p2a: Tyranitar
|
|-weather|Sandstorm|[upkeep]
|-damage|p1a: Africa|3/100|[from] Sandstorm
|-heal|p1a: Africa|9/100|[from] item: Leftovers
|upkeep
|turn|3
|
|t:|1729363455
|switch|p2a: Claydol|Claydol|100/100
|move|p1a: Africa|Brick Break|p2a: Claydol
|-resisted|p2a: Claydol
|-damage|p2a: Claydol|89/100
|
|-weather|Sandstorm|[upkeep]
|-damage|p1a: Africa|3/100|[from] Sandstorm
|-heal|p1a: Africa|9/100|[from] item: Leftovers
|-heal|p2a: Claydol|95/100|[from] item: Leftovers
|upkeep
|turn|4
|
|t:|1729363469
|switch|p1a: Americas|Forretress, F|100/100
|move|p2a: Claydol|Psychic|p1a: Americas
|-resisted|p1a: Americas
|-damage|p1a: Americas|91/100
|
|-weather|Sandstorm|[upkeep]
|-heal|p2a: Claydol|100/100|[from] item: Leftovers
|-heal|p1a: Americas|97/100|[from] item: Leftovers
|upkeep
|turn|5
|
|t:|1729363492
|switch|p2a: Zapdos|Zapdos|100/100
|move|p1a: Americas|Spikes|p2a: Zapdos
|-sidestart|p2: smokingrocks|Spikes
|
|-weather|Sandstorm|[upkeep]
|-damage|p2a: Zapdos|94/100|[from] Sandstorm
|-heal|p2a: Zapdos|100/100|[from] item: Leftovers
|-heal|p1a: Americas|100/100|[from] item: Leftovers
|upkeep
|turn|6
|
|t:|1729363497
|switch|p1a: Antartica|Blissey, F|100/100
|move|p2a: Zapdos|Thunderbolt|p1a: Antartica
|-damage|p1a: Antartica|82/100
|
|-weather|Sandstorm|[upkeep]
|-damage|p2a: Zapdos|94/100|[from] Sandstorm
|-damage|p1a: Antartica|76/100|[from] Sandstorm
|-heal|p2a: Zapdos|100/100|[from] item: Leftovers
|-heal|p1a: Antartica|82/100|[from] item: Leftovers
|upkeep
|turn|7
|
|t:|1729363516
|switch|p2a: Poliwrath|Poliwrath, M|100/100
|-damage|p2a: Poliwrath|88/100|[from] Spikes
|move|p1a: Antartica|Thunder Wave|p2a: Poliwrath
|-status|p2a: Poliwrath|par
|
|-weather|Sandstorm|[upkeep]
|-damage|p1a: Antartica|76/100|[from] Sandstorm
|-damage|p2a: Poliwrath|82/100 par|[from] Sandstorm
|-heal|p1a: Antartica|82/100|[from] item: Leftovers
|-heal|p2a: Poliwrath|88/100 par|[from] item: Leftovers
|upkeep
|turn|8
|
|t:|1729363533
|move|p1a: Antartica|Seismic Toss|p2a: Poliwrath
|-damage|p2a: Poliwrath|59/100 par
|move|p2a: Poliwrath|Brick Break|p1a: Antartica
|-supereffective|p1a: Antartica
|-damage|p1a: Antartica|28/100
|
|-weather|Sandstorm|[upkeep]
|-damage|p1a: Antartica|22/100|[from] Sandstorm
|-damage|p2a: Poliwrath|53/100 par|[from] Sandstorm
|-heal|p1a: Antartica|28/100|[from] item: Leftovers
|-heal|p2a: Poliwrath|59/100 par|[from] item: Leftovers
|upkeep
|turn|9
|inactive|smokingrocks has 270 seconds left.
|
|t:|1729363584
|switch|p2a: Tyranitar|Tyranitar, M|100/100
|-damage|p2a: Tyranitar|88/100|[from] Spikes
|move|p1a: Antartica|Soft-Boiled|p1a: Antartica
|-heal|p1a: Antartica|78/100
|
|-weather|Sandstorm|[upkeep]
|-damage|p1a: Antartica|72/100|[from] Sandstorm
|-heal|p1a: Antartica|78/100|[from] item: Leftovers
|-heal|p2a: Tyranitar|94/100|[from] item: Leftovers
|upkeep
|turn|10
|
|t:|1729363593
|-singleturn|p2a: Tyranitar|move: Focus Punch
|move|p1a: Antartica|Thunder Wave|p2a: Tyranitar
|-status|p2a: Tyranitar|par
|move|p2a: Tyranitar|Focus Punch|p1a: Antartica
|-supereffective|p1a: Antartica
|-damage|p1a: Antartica|8/100
|
|-weather|Sandstorm|[upkeep]
|-damage|p1a: Antartica|1/100|[from] Sandstorm
|-heal|p1a: Antartica|8/100|[from] item: Leftovers
|-heal|p2a: Tyranitar|100/100 par|[from] item: Leftovers
|upkeep
|turn|11
|
|t:|1729363605
|-singleturn|p2a: Tyranitar|move: Focus Punch
|switch|p1a: Americas|Forretress, F|100/100
|move|p2a: Tyranitar|Focus Punch|p1a: Americas
|-damage|p1a: Americas|68/100
|
|-weather|Sandstorm|[upkeep]
|-heal|p1a: Americas|74/100|[from] item: Leftovers
|upkeep
|turn|12
|
|t:|1729363618
|switch|p2a: Claydol|Claydol|100/100
|move|p1a: Americas|Earthquake|p2a: Claydol
|-immune|p2a: Claydol
|
|-weather|Sandstorm|[upkeep]
|-heal|p1a: Americas|80/100|[from] item: Leftovers
|upkeep
|turn|13
|
|t:|1729363627
|move|p2a: Claydol|Rapid Spin|p1a: Americas
|-resisted|p1a: Americas
|-damage|p1a: Americas|78/100
|-sideend|p2: smokingrocks|Spikes|[from] move: Rapid Spin|[of] p2a: Claydol
|move|p1a: Americas|Spikes|p2a: Claydol
|-sidestart|p2: smokingrocks|Spikes
|
|-weather|Sandstorm|[upkeep]
|-heal|p1a: Americas|85/100|[from] item: Leftovers
|upkeep
|turn|14
|
|t:|1729363638
|move|p2a: Claydol|Earthquake|p1a: Americas
|-damage|p1a: Americas|60/100
|move|p1a: Americas|Spikes|p2a: Claydol
|-sidestart|p2: smokingrocks|Spikes
|
|-weather|Sandstorm|[upkeep]
|-heal|p1a: Americas|66/100|[from] item: Leftovers
|upkeep
|turn|15
|
|t:|1729363642
|move|p2a: Claydol|Rapid Spin|p1a: Americas
|-resisted|p1a: Americas
|-damage|p1a: Americas|64/100
|-sideend|p2: smokingrocks|Spikes|[from] move: Rapid Spin|[of] p2a: Claydol
|move|p1a: Americas|Explosion|p2a: Claydol
|-damage|p2a: Claydol|0 fnt
|faint|p1a: Americas
|faint|p2a: Claydol
|
|t:|1729363651
|switch|p2a: Zapdos|Zapdos|100/100
|switch|p1a: Oceania|Aerodactyl, M|100/100
|
|-weather|Sandstorm|[upkeep]
|-damage|p2a: Zapdos|94/100|[from] Sandstorm
|-heal|p2a: Zapdos|100/100|[from] item: Leftovers
|upkeep
|turn|16
|inactive|smokingrocks has 270 seconds left.
|
|t:|1729363667
|switch|p2a: Poliwrath|Poliwrath, M|59/100 par
|move|p1a: Oceania|Rock Slide|p2a: Poliwrath
|-resisted|p2a: Poliwrath
|-damage|p2a: Poliwrath|33/100 par
|
|-weather|Sandstorm|[upkeep]
|-damage|p2a: Poliwrath|27/100 par|[from] Sandstorm
|-heal|p2a: Poliwrath|33/100 par|[from] item: Leftovers
|upkeep
|turn|17
|inactive|smokingrocks has 270 seconds left.
|
|t:|1729363691
|move|p1a: Oceania|Rock Slide|p2a: Poliwrath
|-resisted|p2a: Poliwrath
|-damage|p2a: Poliwrath|7/100 par
|cant|p2a: Poliwrath|flinch
|
|-weather|Sandstorm|[upkeep]
|-damage|p2a: Poliwrath|1/100 par|[from] Sandstorm
|-heal|p2a: Poliwrath|7/100 par|[from] item: Leftovers
|upkeep
|turn|18
|
|t:|1729363701
|move|p1a: Oceania|Rock Slide|p2a: Poliwrath|[miss]
|-miss|p1a: Oceania|p2a: Poliwrath
|move|p2a: Poliwrath|Hydro Pump|p1a: Oceania
|-supereffective|p1a: Oceania
|-damage|p1a: Oceania|8/100
|
|-weather|Sandstorm|[upkeep]
|-damage|p2a: Poliwrath|1/100 par|[from] Sandstorm
|-heal|p2a: Poliwrath|7/100 par|[from] item: Leftovers
|upkeep
|turn|19
|inactive|smokingrocks has 270 seconds left.
|c|☆ilikeeatingcrayons|karma lol
|
|t:|1729363713
|move|p1a: Oceania|Rock Slide|p2a: Poliwrath|[miss]
|-miss|p1a: Oceania|p2a: Poliwrath
|move|p2a: Poliwrath|Brick Break|p1a: Oceania
|-damage|p1a: Oceania|0 fnt
|faint|p1a: Oceania
|
|t:|1729363723
|switch|p1a: Asia|Jirachi|100/100
|
|-weather|Sandstorm|[upkeep]
|-damage|p2a: Poliwrath|1/100 par|[from] Sandstorm
|-heal|p2a: Poliwrath|7/100 par|[from] item: Leftovers
|upkeep
|turn|20
|inactive|smokingrocks has 270 seconds left.
|
|t:|1729363746
|move|p1a: Asia|Fire Punch|p2a: Poliwrath
|-resisted|p2a: Poliwrath
|-damage|p2a: Poliwrath|0 fnt
|faint|p2a: Poliwrath
|
|t:|1729363749
|switch|p2a: Camerupt|Camerupt, M|100/100
|
|-weather|Sandstorm|[upkeep]
|upkeep
|turn|21
|inactive|smokingrocks has 270 seconds left.
|
|t:|1729363756
|move|p1a: Asia|Wish|p1a: Asia
|move|p2a: Camerupt|Fire Blast|p1a: Asia
|-supereffective|p1a: Asia
|-damage|p1a: Asia|20/100
|
|-weather|Sandstorm|[upkeep]
|-heal|p1a: Asia|26/100|[from] item: Leftovers
|upkeep
|turn|22
|inactive|smokingrocks has 270 seconds left.
|
|t:|1729363766
|switch|p1a: Africa|Salamence, F|9/100
|-ability|p1a: Africa|Intimidate|boost
|-unboost|p2a: Camerupt|atk|1
|move|p2a: Camerupt|Fire Blast|p1a: Africa
|-resisted|p1a: Africa
|-damage|p1a: Africa|0 fnt
|faint|p1a: Africa
|
|t:|1729363773
|switch|p1a: Antartica|Blissey, F|8/100
|
|-heal|p1a: Antartica|58/100|[from] move: Wish|[wisher] Asia
|-weather|Sandstorm|[upkeep]
|-damage|p1a: Antartica|51/100|[from] Sandstorm
|-heal|p1a: Antartica|58/100|[from] item: Leftovers
|upkeep
|turn|23
|
|t:|1729363785
|move|p1a: Antartica|Soft-Boiled|p1a: Antartica
|-heal|p1a: Antartica|100/100
|move|p2a: Camerupt|Explosion|p1a: Antartica
|-damage|p1a: Antartica|14/100
|faint|p2a: Camerupt
|
|t:|1729363788
|switch|p2a: Zapdos|Zapdos|100/100
|
|-weather|Sandstorm|[upkeep]
|-damage|p2a: Zapdos|94/100|[from] Sandstorm
|-damage|p1a: Antartica|8/100|[from] Sandstorm
|-heal|p2a: Zapdos|100/100|[from] item: Leftovers
|-heal|p1a: Antartica|14/100|[from] item: Leftovers
|upkeep
|turn|24
|
|t:|1729363793
|switch|p1a: Europe|Tyranitar, F|100/100
|move|p2a: Zapdos|Drill Peck|p1a: Europe
|-resisted|p1a: Europe
|-damage|p1a: Europe|89/100
|
|-weather|Sandstorm|[upkeep]
|-damage|p2a: Zapdos|94/100|[from] Sandstorm
|-heal|p2a: Zapdos|100/100|[from] item: Leftovers
|-heal|p1a: Europe|95/100|[from] item: Leftovers
|upkeep
|turn|25
|
|t:|1729363811
|switch|p2a: Tyranitar|Tyranitar, M|100/100 par
|move|p1a: Europe|Crunch|p2a: Tyranitar
|-resisted|p2a: Tyranitar
|-damage|p2a: Tyranitar|85/100 par
|
|-weather|Sandstorm|[upkeep]
|-heal|p1a: Europe|100/100|[from] item: Leftovers
|-heal|p2a: Tyranitar|91/100 par|[from] item: Leftovers
|upkeep
|turn|26
|
|t:|1729363827
|-singleturn|p2a: Tyranitar|move: Focus Punch
|move|p2a: Tyranitar|Focus Punch|p1a: Europe
|-supereffective|p1a: Europe
|-damage|p1a: Europe|0 fnt
|faint|p1a: Europe
|
|t:|1729363831
|switch|p1a: Asia|Jirachi|26/100
|
|-weather|Sandstorm|[upkeep]
|-heal|p1a: Asia|32/100|[from] item: Leftovers
|-heal|p2a: Tyranitar|98/100 par|[from] item: Leftovers
|upkeep
|turn|27
|
|t:|1729363848
|-singleturn|p2a: Tyranitar|move: Focus Punch
|move|p1a: Asia|Wish|p1a: Asia
|move|p2a: Tyranitar|Focus Punch|p1a: Asia
|-damage|p1a: Asia|7/100
|
|-weather|Sandstorm|[upkeep]
|-heal|p1a: Asia|13/100|[from] item: Leftovers
|-heal|p2a: Tyranitar|100/100 par|[from] item: Leftovers
|upkeep
|turn|28
|
|t:|1729363856
|move|p1a: Asia|Protect|p1a: Asia
|-singleturn|p1a: Asia|Protect
|move|p2a: Tyranitar|Crunch|p1a: Asia
|-activate|p1a: Asia|Protect
|
|-heal|p1a: Asia|63/100|[from] move: Wish|[wisher] Asia
|-weather|Sandstorm|[upkeep]
|-heal|p1a: Asia|70/100|[from] item: Leftovers
|upkeep
|turn|29
|
|t:|1729363859
|move|p1a: Asia|Wish|p1a: Asia
|move|p2a: Tyranitar|Crunch|p1a: Asia
|-crit|p1a: Asia
|-damage|p1a: Asia|4/100
|
|-weather|Sandstorm|[upkeep]
|-heal|p1a: Asia|10/100|[from] item: Leftovers
|upkeep
|turn|30
|
|t:|1729363863
|move|p1a: Asia|Protect|p1a: Asia
|-singleturn|p1a: Asia|Protect
|cant|p2a: Tyranitar|par
|
|-heal|p1a: Asia|60/100|[from] move: Wish|[wisher] Asia
|-weather|Sandstorm|[upkeep]
|-heal|p1a: Asia|67/100|[from] item: Leftovers
|upkeep
|turn|31
|
|t:|1729363865
|move|p1a: Asia|Wish|p1a: Asia
|move|p2a: Tyranitar|Crunch|p1a: Asia
|-damage|p1a: Asia|35/100
|
|-weather|Sandstorm|[upkeep]
|-heal|p1a: Asia|41/100|[from] item: Leftovers
|upkeep
|turn|32
|
|t:|1729363875
|move|p1a: Asia|Protect|p1a: Asia
|-singleturn|p1a: Asia|Protect
|cant|p2a: Tyranitar|par
|
|-heal|p1a: Asia|91/100|[from] move: Wish|[wisher] Asia
|-weather|Sandstorm|[upkeep]
|-heal|p1a: Asia|97/100|[from] item: Leftovers
|upkeep
|turn|33
|
|t:|1729363879
|move|p1a: Asia|Wish|p1a: Asia
|move|p2a: Tyranitar|Crunch|p1a: Asia
|-damage|p1a: Asia|65/100
|
|-weather|Sandstorm|[upkeep]
|-heal|p1a: Asia|71/100|[from] item: Leftovers
|upkeep
|turn|34
|
|t:|1729363883
|move|p1a: Asia|Fire Punch|p2a: Tyranitar
|-resisted|p2a: Tyranitar
|-damage|p2a: Tyranitar|93/100 par
|cant|p2a: Tyranitar|par
|
|-heal|p1a: Asia|100/100|[from] move: Wish|[wisher] Asia
|-weather|Sandstorm|[upkeep]
|-heal|p2a: Tyranitar|99/100 par|[from] item: Leftovers
|upkeep
|turn|35
|
|t:|1729363888
|move|p1a: Asia|Fire Punch|p2a: Tyranitar
|-resisted|p2a: Tyranitar
|-damage|p2a: Tyranitar|93/100 par
|cant|p2a: Tyranitar|par
|
|-weather|Sandstorm|[upkeep]
|-heal|p2a: Tyranitar|99/100 par|[from] item: Leftovers
|upkeep
|turn|36
|
|t:|1729363892
|move|p1a: Asia|Fire Punch|p2a: Tyranitar
|-resisted|p2a: Tyranitar
|-damage|p2a: Tyranitar|92/100 par
|move|p2a: Tyranitar|Crunch|p1a: Asia
|-damage|p1a: Asia|70/100
|
|-weather|Sandstorm|[upkeep]
|-heal|p1a: Asia|76/100|[from] item: Leftovers
|-heal|p2a: Tyranitar|98/100 par|[from] item: Leftovers
|upkeep
|turn|37
|
|t:|1729363895
|move|p1a: Asia|Fire Punch|p2a: Tyranitar
|-resisted|p2a: Tyranitar
|-damage|p2a: Tyranitar|91/100 par
|move|p2a: Tyranitar|Crunch|p1a: Asia
|-damage|p1a: Asia|46/100
|
|-weather|Sandstorm|[upkeep]
|-heal|p1a: Asia|52/100|[from] item: Leftovers
|-heal|p2a: Tyranitar|97/100 par|[from] item: Leftovers
|upkeep
|turn|38
|
|t:|1729363900
|move|p1a: Asia|Fire Punch|p2a: Tyranitar
|-resisted|p2a: Tyranitar
|-damage|p2a: Tyranitar|90/100 par
|move|p2a: Tyranitar|Crunch|p1a: Asia
|-damage|p1a: Asia|18/100
|
|-weather|Sandstorm|[upkeep]
|-heal|p1a: Asia|24/100|[from] item: Leftovers
|-heal|p2a: Tyranitar|96/100 par|[from] item: Leftovers
|upkeep
|turn|39
|
|t:|1729363902
|move|p1a: Asia|Wish|p1a: Asia
|move|p2a: Tyranitar|Crunch|p1a: Asia
|-damage|p1a: Asia|0 fnt
|faint|p1a: Asia
|
|t:|1729363907
|switch|p1a: Antartica|Blissey, F|14/100
|
|-weather|Sandstorm|[upkeep]
|-damage|p1a: Antartica|8/100|[from] Sandstorm
|-heal|p1a: Antartica|14/100|[from] item: Leftovers
|-heal|p2a: Tyranitar|100/100 par|[from] item: Leftovers
|upkeep
|turn|40
|
|t:|1729363920
|-singleturn|p2a: Tyranitar|move: Focus Punch
|move|p1a: Antartica|Soft-Boiled|p1a: Antartica
|-heal|p1a: Antartica|64/100
|move|p2a: Tyranitar|Focus Punch|p1a: Antartica
|-supereffective|p1a: Antartica
|-damage|p1a: Antartica|0 fnt
|faint|p1a: Antartica
|
|win|smokingrocks
|c|☆ilikeeatingcrayons|gg
|c|☆smokingrocks|gg

</script>
<script type="application/json" class="data" id="replaydata-smogtours-gen3ou-800003">
{"id":"smogtours-gen3ou-800003","format":"[Gen 3] OU","players":["ilikeeatingcrayons","smokingrocks"],"uploadtime":1729363920,"views":131,"formatid":"gen3ou","rating":null,"private":0,"password":null}
</script>

<script defer src="js/replays.js?9d40a366"></script>
