<!DOCTYPE html>
<meta charset="utf-8" />
<meta name="viewport" content="width=device-width" />

<title>[Gen 3] OU: luisin vs. HoChi_Pro - Replays - Pok&eacute;mon Showdown!</title>

<meta name="description" content="Watch a replay of a Pok&eacute;mon battle between luisin and HoChi_Pro! Format: [Gen 3] OU; Date: Oct 29, 2024" />
<!--

Hey, you! Looking in the source for the replay log?

You can find them in JSON format, just add `.json` at the end of a replay URL.

https://replay.pokemonshowdown.com/gen7randomdoublesbattle-865046831.json

Or, if you only need the log itself, add `.log` instead:

https://replay.pokemonshowdown.com/gen7randomdoublesbattle-865046831.log

-->

<link rel="stylesheet" href="//pokemonshowdown.com/style/global.css?0.023195364461161105" />
<link rel="stylesheet" href="//play.pokemonshowdown.com/style/font-awesome.css?0.13261647063804238" />
<link rel="stylesheet" href="//play.pokemonshowdown.com/style/battle.css?0.8753245789963631" />
<link rel="stylesheet" href="//play.pokemonshowdown.com/style/utilichart.css?0.8627959624976733" />

<!-- Global site tag (gtag.js) - Google Analytics -->
<script async src="https://www.googletagmanager.com/gtag/js?id=UA-26211653-1"></script>
<script>
  window.dataLayer = window.dataLayer || [];
  function gtag(){dataLayer.push(arguments);}
  gtag('js', new Date());

  gtag('config', 'UA-26211653-1');
</script>
<!-- End Google Analytics -->
<!-- Venatus Ad Manager - Install in <HEAD> of page -->
	<script src="https://hb.vntsm.com/v3/live/ad-manager.min.js" type="text/javascript" data-site-id="642aba63ec9a7b11c3c9c1be" data-mode="scan" async></script>
<!-- / Venatus Ad Manager -->

<style>
	@media (max-width:820px) {
		.battle {
			margin: 0 auto;
		}
		.battle-log {
			margin: 7px auto 0;
			max-width: 640px;
			height: 300px;
			position: static;
		}
	}
	.optgroup {
		display: inline-block;
		line-height: 22px;
		font-size: 10pt;
	}
	.optgroup .button {
		height: 25px;
		padding-top: 0;
		padding-bottom: 0;
	}
	.optgroup button.button {
		padding-left: 12px;
		padding-right: 12px;
	}
	.linklist {
		list-style: none;
		margin: 0.5em 0;
		padding: 0;
	}
	.linklist li {
		padding: 2px 0;
	}
	.sidebar {
		float: left;
		width: 320px;
	}
	.bar-wrapper {
		max-width: 1100px;
		margin: 0 auto;
	}
	.bar-wrapper.has-sidebar {
		max-width: 1430px;
	}
	.mainbar {
		margin: 0;
		padding-right: 1px;
	}
	.mainbar.has-sidebar {
		margin-left: 330px;
	}
	@media (min-width: 1511px) {
		.sidebar {
			width: 400px;
		}
		.bar-wrapper.has-sidebar {
			max-width: 1510px;
		}
		.mainbar.has-sidebar {
			margin-left: 410px;
		}
	}
	.section.first-section {
		margin-top: 9px;
	}
	.blocklink small {
		white-space: normal;
	}
	.button {
		vertical-align: middle;
	}
	.replay-controls {
		padding-top: 10px;
	}
	.replay-controls h1 {
		font-size: 16pt;
		font-weight: normal;
		color: #CCC;
	}
	.pagelink {
		text-align: center;
	}
	.pagelink a {
		width: 150px;
	}
	.textbox, .button {
		font-size: 11pt;
		vertical-align: middle;
	}
	@media (max-width: 450px) {
		.button {
			font-size: 9pt;
		}
	}
</style>

<div>

	<header>
		<div class="nav-wrapper"><ul class="nav">
			<li><a class="button nav-first" href="//pokemonshowdown.com/"><img src="//pokemonshowdown.com/images/pokemonshowdownbeta.png" srcset="//pokemonshowdown.com/images/pokemonshowdownbeta.png 1x, //pokemonshowdown.com/images/pokemonshowdownbeta@2x.png 2x" alt="Pok&eacute;mon Showdown" width="146" height="44" /> Home</a></li>
			<li><a class="button" href="//pokemonshowdown.com/dex/">Pok&eacute;dex</a></li>
			<li><a class="button cur" href="/">Replays</a></li>
			<li><a class="button" href="//pokemonshowdown.com/ladder/">Ladder</a></li>
			<li><a class="button nav-last" href="//pokemonshowdown.com/forums/">Forum</a></li>
			<li><a class="button greenbutton nav-first nav-last" href="//play.pokemonshowdown.com/">Play</a></li>
		</ul></div>
	</header>

	<div class="main" id="main">

		<noscript><section class="section">You need to enable JavaScript to use this page; sorry!</section></noscript>

	</div>

</div>

<script defer nomodule src="//play.pokemonshowdown.com/js/lib/ps-polyfill.js"></script>
<script defer src="//play.pokemonshowdown.com/js/lib/preact.min.js"></script>

<script defer src="//play.pokemonshowdown.com/config/config.js?2bddbc15"></script>
<script defer src="//play.pokemonshowdown.com/js/lib/jquery-1.11.0.min.js"></script>
<script defer src="//play.pokemonshowdown.com/js/lib/html-sanitizer-minified.js"></script>
<script defer src="//play.pokemonshowdown.com/js/battle-sound.js"></script>
<script defer src="//play.pokemonshowdown.com/js/battledata.js?0.7209276989879541"></script>
<script defer src="//play.pokemonshowdown.com/data/pokedex-mini.js?0.6111056340867951"></script>
<script defer src="//play.pokemonshowdown.com/data/pokedex-mini-bw.js?0.3532142036491459"></script>
<script defer src="//play.pokemonshowdown.com/data/graphics.js?0.24223875632456182"></script>
<script defer src="//play.pokemonshowdown.com/data/pokedex.js?0.38839984266356864"></script>
<script defer src="//play.pokemonshowdown.com/data/moves.js?0.21866028504024015"></script>
<script defer src="//play.pokemonshowdown.com/data/abilities.js?0.2005157953846628"></script>
<script defer src="//play.pokemonshowdown.com/data/items.js?0.9894211263848525"></script>
<script defer src="//play.pokemonshowdown.com/data/teambuilder-tables.js?0.6008791140282215"></script>
<script defer src="//play.pokemonshowdown.com/js/battle-tooltips.js?0.7580118955022959"></script>
<script defer src="//play.pokemonshowdown.com/js/battle.js?0.6057722274234274"></script>

<script defer src="js/utils.js?e31f9a17"></script>
<script defer src="js/replays-battle.js?7008c182"></script>

<!-- don't scrape this data! just add .json or .log after the URL!
Full API docs: https://github.com/smogon/pokemon-showdown-client/blob/master/WEB-API.md -->
<script type="text/plain" class="log" id="replaylog-smogtours-gen3ou-803348">
|inactive|Battle timer is ON: inactive players will automatically lose when time's up.
|badge|p1|bronze|gen9doublesou|100-3
|uhtml|medal-msg|<div class="broadcast-blue">Curious what those medals under the avatar are? PS now has Ladder Seasons! For more information, check out the <a href="https://www.smogon.com/forums/threads/3740067/">thread on Smogon.<\/a><\/div>
|t:|1730236159
|gametype|singles
|player|p1|luisin|#luisin|
|player|p2|HoChi_Pro|pokemonbreeder-gen4|
|teamsize|p1|6
|teamsize|p2|6
|gen|3
|tier|[Gen 3] OU
|rule|Sleep Clause Mod: Limit one foe put to sleep
|rule|Switch Priority Clause Mod: Faster Pokémon switch first
|rule|Species Clause: Limit one of each Pokémon
|rule|OHKO Clause: OHKO moves are banned
|rule|Evasion Items Clause: Evasion items are banned
|rule|Evasion Moves Clause: Evasion moves are banned
|rule|Endless Battle Clause: Forcing endless battles is banned
|rule|HP Percentage Mod: HP is shown in percentages
|rule|One Boost Passer Clause: Limit one Baton Passer that has a way to boost its stats
|rule|Freeze Clause Mod: Limit one foe frozen
|
|t:|1730236159
|start
|switch|p1a: Tyranitar|Tyranitar, F|100/100
|switch|p2a: Registeel|Registeel|100/100
|-weather|Sandstorm|[from] ability: Sand Stream|[of] p1a: Tyranitar
|turn|1
|c|☆luisin|hf
|c|☆HoChi_Pro|y2
|
|t:|1730236174
|move|p1a: Tyranitar|Fire Blast|p2a: Registeel
|-supereffective|p2a: Registeel
|-damage|p2a: Registeel|67/100
|move|p2a: Registeel|Counter|p1a: Tyranitar
|
|-weather|Sandstorm|[upkeep]
|-heal|p2a: Registeel|73/100|[from] item: Leftovers
|upkeep
|turn|2
|
|t:|1730236183
|move|p1a: Tyranitar|Fire Blast|p2a: Registeel
|-supereffective|p2a: Registeel
|-damage|p2a: Registeel|35/100
|move|p2a: Registeel|Thunder Wave|p1a: Tyranitar
|-status|p1a: Tyranitar|par
|
|-weather|Sandstorm|[upkeep]
|-heal|p2a: Registeel|41/100|[from] item: Leftovers
|upkeep
|turn|3
|
|t:|1730236190
|move|p2a: Registeel|Rest|p2a: Registeel
|-status|p2a: Registeel|slp|[from] move: Rest
|-heal|p2a: Registeel|100/100 slp|[silent]
|move|p1a: Tyranitar|Fire Blast|p2a: Registeel
|-supereffective|p2a: Registeel
|-crit|p2a: Registeel
|-damage|p2a: Registeel|30/100 slp
|
|-weather|Sandstorm|[upkeep]
|-heal|p2a: Registeel|36/100 slp|[from] item: Leftovers
|upkeep
|turn|4
|
|t:|1730236199
|switch|p2a: Blissey|Blissey, F|100/100
|move|p1a: Tyranitar|Brick Break|p2a: Blissey
|-supereffective|p2a: Blissey
|-damage|p2a: Blissey|53/100
|
|-weather|Sandstorm|[upkeep]
|-damage|p2a: Blissey|47/100|[from] Sandstorm
|-heal|p2a: Blissey|53/100|[from] item: Leftovers
|upkeep
|turn|5
|
|t:|1730236205
|move|p2a: Blissey|Soft-Boiled|p2a: Blissey
|-heal|p2a: Blissey|100/100
|move|p1a: Tyranitar|Brick Break|p2a: Blissey
|-supereffective|p2a: Blissey
|-damage|p2a: Blissey|50/100
|
|-weather|Sandstorm|[upkeep]
|-damage|p2a: Blissey|44/100|[from] Sandstorm
|-heal|p2a: Blissey|50/100|[from] item: Leftovers
|upkeep
|turn|6
|
|t:|1730236209
|move|p2a: Blissey|Soft-Boiled|p2a: Blissey
|-heal|p2a: Blissey|99/100
|move|p1a: Tyranitar|Brick Break|p2a: Blissey
|-supereffective|p2a: Blissey
|-damage|p2a: Blissey|53/100
|
|-weather|Sandstorm|[upkeep]
|-damage|p2a: Blissey|46/100|[from] Sandstorm
|-heal|p2a: Blissey|53/100|[from] item: Leftovers
|upkeep
|turn|7
|
|t:|1730236213
|switch|p2a: Salamence|Salamence, M|100/100
|-ability|p2a: Salamence|Intimidate|boost
|-unboost|p1a: Tyranitar|atk|1
|move|p1a: Tyranitar|Brick Break|p2a: Salamence
|-resisted|p2a: Salamence
|-damage|p2a: Salamence|92/100
|
|-weather|Sandstorm|[upkeep]
|-damage|p2a: Salamence|86/100|[from] Sandstorm
|-heal|p2a: Salamence|92/100|[from] item: Leftovers
|upkeep
|turn|8
|
|t:|1730236240
|switch|p2a: Cloyster|Cloyster, M|100/100
|switch|p1a: Swampert|Swampert, M|100/100
|
|-weather|Sandstorm|[upkeep]
|-damage|p2a: Cloyster|94/100|[from] Sandstorm
|-heal|p2a: Cloyster|100/100|[from] item: Leftovers
|upkeep
|turn|9
|
|t:|1730236251
|move|p2a: Cloyster|Spikes|p1a: Swampert
|-sidestart|p1: luisin|Spikes
|move|p1a: Swampert|Toxic|p2a: Cloyster
|-status|p2a: Cloyster|tox
|
|-weather|Sandstorm|[upkeep]
|-damage|p2a: Cloyster|94/100 tox|[from] Sandstorm
|-heal|p2a: Cloyster|100/100 tox|[from] item: Leftovers
|-damage|p2a: Cloyster|94/100 tox|[from] psn
|upkeep
|turn|10
|
|t:|1730236266
|switch|p2a: Blissey|Blissey, F|53/100
|move|p1a: Swampert|Surf|p2a: Blissey
|-damage|p2a: Blissey|41/100
|
|-weather|Sandstorm|[upkeep]
|-damage|p2a: Blissey|35/100|[from] Sandstorm
|-heal|p2a: Blissey|41/100|[from] item: Leftovers
|upkeep
|turn|11
|
|t:|1730236270
|switch|p1a: Skarmory|Skarmory, M|100/100
|move|p2a: Blissey|Soft-Boiled|p2a: Blissey
|-heal|p2a: Blissey|91/100
|
|-weather|Sandstorm|[upkeep]
|-damage|p2a: Blissey|85/100|[from] Sandstorm
|-heal|p2a: Blissey|91/100|[from] item: Leftovers
|upkeep
|turn|12
|
|t:|1730236277
|move|p1a: Skarmory|Spikes|p2a: Blissey
|-sidestart|p2: HoChi_Pro|Spikes
|move|p2a: Blissey|Aromatherapy|p2a: Blissey
|-cureteam|p2a: Blissey|[from] move: Aromatherapy
|
|-weather|Sandstorm|[upkeep]
|-damage|p2a: Blissey|85/100|[from] Sandstorm
|-heal|p2a: Blissey|91/100|[from] item: Leftovers
|upkeep
|turn|13
|
|t:|1730236284
|switch|p2a: Registeel|Registeel|36/100
|-damage|p2a: Registeel|24/100|[from] Spikes
|move|p1a: Skarmory|Spikes|p2a: Registeel
|-sidestart|p2: HoChi_Pro|Spikes
|
|-weather|Sandstorm|[upkeep]
|-heal|p2a: Registeel|30/100|[from] item: Leftovers
|upkeep
|turn|14
|
|t:|1730236290
|move|p1a: Skarmory|Spikes|p2a: Registeel
|-sidestart|p2: HoChi_Pro|Spikes
|move|p2a: Registeel|Rest|p2a: Registeel
|-status|p2a: Registeel|slp|[from] move: Rest
|-heal|p2a: Registeel|100/100 slp|[silent]
|
|-weather|Sandstorm|[upkeep]
|upkeep
|turn|15
|
|t:|1730236296
|switch|p1a: Moltres|Moltres|100/100
|cant|p2a: Registeel|slp
|
|-weather|Sandstorm|[upkeep]
|-damage|p1a: Moltres|94/100|[from] Sandstorm
|-heal|p1a: Moltres|100/100|[from] item: Leftovers
|upkeep
|turn|16
|
|t:|1730236307
|switch|p2a: Blissey|Blissey, F|91/100
|-damage|p2a: Blissey|66/100|[from] Spikes
|move|p1a: Moltres|Roar|p2a: Blissey
|drag|p2a: Gengar|Gengar, M|100/100
|
|-weather|Sandstorm|[upkeep]
|-damage|p2a: Gengar|94/100|[from] Sandstorm
|-damage|p1a: Moltres|94/100|[from] Sandstorm
|-heal|p2a: Gengar|100/100|[from] item: Leftovers
|-heal|p1a: Moltres|100/100|[from] item: Leftovers
|upkeep
|turn|17
|
|t:|1730236316
|move|p2a: Gengar|Thunderbolt|p1a: Moltres
|-supereffective|p1a: Moltres
|-crit|p1a: Moltres
|-damage|p1a: Moltres|0 fnt
|faint|p1a: Moltres
|
|t:|1730236321
|switch|p1a: Tyranitar|Tyranitar, F|100/100 par
|-damage|p1a: Tyranitar|88/100 par|[from] Spikes
|
|-weather|Sandstorm|[upkeep]
|-damage|p2a: Gengar|94/100|[from] Sandstorm
|-heal|p2a: Gengar|100/100|[from] item: Leftovers
|-heal|p1a: Tyranitar|94/100 par|[from] item: Leftovers
|upkeep
|turn|18
|
|t:|1730236332
|move|p2a: Gengar|Hidden Power|p1a: Tyranitar
|-supereffective|p1a: Tyranitar
|-damage|p1a: Tyranitar|56/100 par
|cant|p1a: Tyranitar|par
|
|-weather|Sandstorm|[upkeep]
|-damage|p2a: Gengar|94/100|[from] Sandstorm
|-heal|p2a: Gengar|100/100|[from] item: Leftovers
|-heal|p1a: Tyranitar|62/100 par|[from] item: Leftovers
|upkeep
|turn|19
|
|t:|1730236336
|move|p2a: Gengar|Hidden Power|p1a: Tyranitar
|-supereffective|p1a: Tyranitar
|-damage|p1a: Tyranitar|20/100 par
|move|p1a: Tyranitar|Crunch|p2a: Gengar
|-supereffective|p2a: Gengar
|-damage|p2a: Gengar|0 fnt
|faint|p2a: Gengar
|
|t:|1730236347
|switch|p2a: Cloyster|Cloyster, M|94/100
|-damage|p2a: Cloyster|70/100|[from] Spikes
|
|-weather|Sandstorm|[upkeep]
|-damage|p2a: Cloyster|63/100|[from] Sandstorm
|-heal|p2a: Cloyster|70/100|[from] item: Leftovers
|-heal|p1a: Tyranitar|26/100 par|[from] item: Leftovers
|upkeep
|turn|20
|
|t:|1730236350
|move|p2a: Cloyster|Surf|p1a: Tyranitar
|-supereffective|p1a: Tyranitar
|-damage|p1a: Tyranitar|0 fnt
|faint|p1a: Tyranitar
|
|t:|1730236354
|switch|p1a: Salamence|Salamence, M|100/100
|-ability|p1a: Salamence|Intimidate|boost
|-unboost|p2a: Cloyster|atk|1
|
|-weather|Sandstorm|[upkeep]
|-damage|p1a: Salamence|94/100|[from] Sandstorm
|-damage|p2a: Cloyster|63/100|[from] Sandstorm
|-heal|p1a: Salamence|100/100|[from] item: Leftovers
|-heal|p2a: Cloyster|70/100|[from] item: Leftovers
|upkeep
|turn|21
|
|t:|1730236358
|move|p1a: Salamence|Hidden Power|p2a: Cloyster
|-supereffective|p2a: Cloyster
|-damage|p2a: Cloyster|0 fnt
|faint|p2a: Cloyster
|
|t:|1730236365
|switch|p2a: Salamence|Salamence, M|92/100
|-ability|p2a: Salamence|Intimidate|boost
|-unboost|p1a: Salamence|atk|1
|
|-weather|Sandstorm|[upkeep]
|-damage|p1a: Salamence|94/100|[from] Sandstorm
|-damage|p2a: Salamence|86/100|[from] Sandstorm
|-heal|p1a: Salamence|100/100|[from] item: Leftovers
|-heal|p2a: Salamence|92/100|[from] item: Leftovers
|upkeep
|turn|22
|
|t:|1730236386
|switch|p2a: Blissey|Blissey, F|66/100
|-damage|p2a: Blissey|41/100|[from] Spikes
|move|p1a: Salamence|Dragon Claw|p2a: Blissey
|-crit|p2a: Blissey
|-damage|p2a: Blissey|10/100
|
|-weather|Sandstorm|[upkeep]
|-damage|p1a: Salamence|94/100|[from] Sandstorm
|-damage|p2a: Blissey|3/100|[from] Sandstorm
|-heal|p1a: Salamence|100/100|[from] item: Leftovers
|-heal|p2a: Blissey|10/100|[from] item: Leftovers
|upkeep
|turn|23
|
|t:|1730236399
|move|p1a: Salamence|Dragon Claw|p2a: Blissey
|-damage|p2a: Blissey|0 fnt
|faint|p2a: Blissey
|
|t:|1730236405
|switch|p2a: Tyranitar|Tyranitar, F|100/100
|-damage|p2a: Tyranitar|76/100|[from] Spikes
|
|-weather|Sandstorm|[upkeep]
|-damage|p1a: Salamence|94/100|[from] Sandstorm
|-heal|p1a: Salamence|100/100|[from] item: Leftovers
|-heal|p2a: Tyranitar|82/100|[from] item: Leftovers
|upkeep
|turn|24
|
|t:|1730236414
|switch|p1a: Swampert|Swampert, M|100/100
|-damage|p1a: Swampert|88/100|[from] Spikes
|move|p2a: Tyranitar|Rock Slide|p1a: Swampert
|-resisted|p1a: Swampert
|-damage|p1a: Swampert|74/100
|
|-weather|Sandstorm|[upkeep]
|-heal|p1a: Swampert|80/100|[from] item: Leftovers
|-heal|p2a: Tyranitar|88/100|[from] item: Leftovers
|upkeep
|turn|25
|
|t:|1730236425
|switch|p2a: Registeel|Registeel|100/100 slp
|-damage|p2a: Registeel|75/100 slp|[from] Spikes
|move|p1a: Swampert|Surf|p2a: Registeel
|-damage|p2a: Registeel|60/100 slp
|
|-weather|Sandstorm|[upkeep]
|-heal|p1a: Swampert|86/100|[from] item: Leftovers
|-heal|p2a: Registeel|66/100 slp|[from] item: Leftovers
|upkeep
|turn|26
|
|t:|1730236432
|cant|p2a: Registeel|slp
|move|p1a: Swampert|Roar|p2a: Registeel
|drag|p2a: Tyranitar|Tyranitar, F|88/100
|-damage|p2a: Tyranitar|63/100|[from] Spikes
|
|-weather|Sandstorm|[upkeep]
|-heal|p1a: Swampert|93/100|[from] item: Leftovers
|-heal|p2a: Tyranitar|69/100|[from] item: Leftovers
|upkeep
|turn|27
|
|t:|1730236440
|switch|p2a: Salamence|Salamence, M|92/100
|-ability|p2a: Salamence|Intimidate|boost
|-unboost|p1a: Swampert|atk|1
|move|p1a: Swampert|Surf|p2a: Salamence
|-resisted|p2a: Salamence
|-damage|p2a: Salamence|77/100
|
|-weather|Sandstorm|[upkeep]
|-damage|p2a: Salamence|70/100|[from] Sandstorm
|-heal|p2a: Salamence|77/100|[from] item: Leftovers
|-heal|p1a: Swampert|99/100|[from] item: Leftovers
|upkeep
|turn|28
|
|t:|1730236449
|switch|p1a: Skarmory|Skarmory, M|100/100
|move|p2a: Salamence|Hidden Power|p1a: Skarmory
|-resisted|p1a: Skarmory
|-damage|p1a: Skarmory|85/100
|
|-weather|Sandstorm|[upkeep]
|-damage|p2a: Salamence|70/100|[from] Sandstorm
|-heal|p2a: Salamence|77/100|[from] item: Leftovers
|-heal|p1a: Skarmory|91/100|[from] item: Leftovers
|upkeep
|turn|29
|
|t:|1730236458
|move|p2a: Salamence|Rock Slide|p1a: Skarmory
|-damage|p1a: Skarmory|67/100
|move|p1a: Skarmory|Toxic|p2a: Salamence|[miss]
|-miss|p1a: Skarmory|p2a: Salamence
|
|-weather|Sandstorm|[upkeep]
|-damage|p2a: Salamence|70/100|[from] Sandstorm
|-heal|p2a: Salamence|77/100|[from] item: Leftovers
|-heal|p1a: Skarmory|73/100|[from] item: Leftovers
|upkeep
|turn|30
|
|t:|1730236462
|move|p2a: Salamence|Rock Slide|p1a: Skarmory
|-damage|p1a: Skarmory|52/100
|move|p1a: Skarmory|Toxic|p2a: Salamence
|-status|p2a: Salamence|tox
|
|-weather|Sandstorm|[upkeep]
|-damage|p2a: Salamence|70/100 tox|[from] Sandstorm
|-heal|p2a: Salamence|77/100 tox|[from] item: Leftovers
|-damage|p2a: Salamence|70/100 tox|[from] psn
|-heal|p1a: Skarmory|58/100|[from] item: Leftovers
|upkeep
|turn|31
|
|t:|1730236466
|move|p2a: Salamence|Rock Slide|p1a: Skarmory
|-damage|p1a: Skarmory|34/100
|move|p1a: Skarmory|Drill Peck|p2a: Salamence
|-crit|p2a: Salamence
|-damage|p2a: Salamence|14/100 tox
|
|-weather|Sandstorm|[upkeep]
|-damage|p2a: Salamence|8/100 tox|[from] Sandstorm
|-heal|p2a: Salamence|14/100 tox|[from] item: Leftovers
|-damage|p2a: Salamence|2/100 tox|[from] psn
|-heal|p1a: Skarmory|40/100|[from] item: Leftovers
|upkeep
|turn|32
|
|t:|1730236474
|switch|p2a: Registeel|Registeel|66/100 slp
|-damage|p2a: Registeel|41/100 slp|[from] Spikes
|move|p1a: Skarmory|Drill Peck|p2a: Registeel
|-resisted|p2a: Registeel
|-damage|p2a: Registeel|34/100 slp
|
|-weather|Sandstorm|[upkeep]
|-heal|p1a: Skarmory|46/100|[from] item: Leftovers
|-heal|p2a: Registeel|40/100 slp|[from] item: Leftovers
|upkeep
|turn|33
|
|t:|1730236479
|switch|p1a: Swampert|Swampert, M|99/100
|-damage|p1a: Swampert|86/100|[from] Spikes
|-curestatus|p2a: Registeel|slp|[msg]
|move|p2a: Registeel|Thunder Wave|p1a: Swampert
|-immune|p1a: Swampert
|
|-weather|Sandstorm|[upkeep]
|-heal|p1a: Swampert|93/100|[from] item: Leftovers
|-heal|p2a: Registeel|46/100|[from] item: Leftovers
|upkeep
|turn|34
|
|t:|1730236487
|move|p2a: Registeel|Rest|p2a: Registeel
|-status|p2a: Registeel|slp|[from] move: Rest
|-heal|p2a: Registeel|100/100 slp|[silent]
|move|p1a: Swampert|Roar|p2a: Registeel
|drag|p2a: Tyranitar|Tyranitar, F|69/100
|-damage|p2a: Tyranitar|45/100|[from] Spikes
|
|-weather|Sandstorm|[upkeep]
|-heal|p1a: Swampert|99/100|[from] item: Leftovers
|-heal|p2a: Tyranitar|51/100|[from] item: Leftovers
|upkeep
|turn|35
|
|t:|1730236496
|switch|p2a: Salamence|Salamence, M|2/100 tox
|-ability|p2a: Salamence|Intimidate|boost
|-unboost|p1a: Swampert|atk|1
|move|p1a: Swampert|Surf|p2a: Salamence
|-resisted|p2a: Salamence
|-damage|p2a: Salamence|0 fnt
|faint|p2a: Salamence
|inactive|HoChi_Pro has 270 seconds left.
|
|t:|1730236530
|switch|p2a: Tyranitar|Tyranitar, F|51/100
|-damage|p2a: Tyranitar|26/100|[from] Spikes
|
|-weather|Sandstorm|[upkeep]
|-heal|p1a: Swampert|100/100|[from] item: Leftovers
|-heal|p2a: Tyranitar|32/100|[from] item: Leftovers
|upkeep
|turn|36
|
|t:|1730236542
|move|p1a: Swampert|Surf|p2a: Tyranitar
|-supereffective|p2a: Tyranitar
|-damage|p2a: Tyranitar|0 fnt
|faint|p2a: Tyranitar
|
|t:|1730236548
|switch|p2a: Registeel|Registeel|100/100 slp
|-damage|p2a: Registeel|75/100 slp|[from] Spikes
|
|-weather|Sandstorm|[upkeep]
|-heal|p2a: Registeel|82/100 slp|[from] item: Leftovers
|upkeep
|turn|37
|
|t:|1730236553
|switch|p1a: Salamence|Salamence, M|100/100
|-ability|p1a: Salamence|Intimidate|boost
|-fail|p2a: Registeel|unboost|[from] ability: Clear Body|[of] p2a: Registeel
|cant|p2a: Registeel|slp
|
|-weather|Sandstorm|[upkeep]
|-damage|p1a: Salamence|94/100|[from] Sandstorm
|-heal|p1a: Salamence|100/100|[from] item: Leftovers
|-heal|p2a: Registeel|88/100 slp|[from] item: Leftovers
|upkeep
|turn|38
|
|t:|1730236556
|move|p1a: Salamence|Fire Blast|p2a: Registeel
|-supereffective|p2a: Registeel
|-damage|p2a: Registeel|45/100 slp
|cant|p2a: Registeel|slp
|
|-weather|Sandstorm|[upkeep]
|-damage|p1a: Salamence|94/100|[from] Sandstorm
|-heal|p1a: Salamence|100/100|[from] item: Leftovers
|-heal|p2a: Registeel|51/100 slp|[from] item: Leftovers
|upkeep
|turn|39
|
|t:|1730236559
|switch|p1a: Skarmory|Skarmory, M|46/100
|-curestatus|p2a: Registeel|slp|[msg]
|move|p2a: Registeel|Thunder Wave|p1a: Skarmory
|-status|p1a: Skarmory|par
|
|-weather|Sandstorm|[upkeep]
|-heal|p2a: Registeel|57/100|[from] item: Leftovers
|-heal|p1a: Skarmory|52/100 par|[from] item: Leftovers
|upkeep
|turn|40
|
|t:|1730236566
|cant|p1a: Skarmory|par
|move|p2a: Registeel|Counter|p1a: Skarmory
|
|-weather|Sandstorm|[upkeep]
|-heal|p2a: Registeel|63/100|[from] item: Leftovers
|-heal|p1a: Skarmory|58/100 par|[from] item: Leftovers
|upkeep
|turn|41
|
|t:|1730236569
|move|p2a: Registeel|Rest|p2a: Registeel
|-status|p2a: Registeel|slp|[from] move: Rest
|-heal|p2a: Registeel|100/100 slp|[silent]
|cant|p1a: Skarmory|par
|
|-weather|Sandstorm|[upkeep]
|-heal|p1a: Skarmory|64/100 par|[from] item: Leftovers
|upkeep
|turn|42
|
|t:|1730236573
|switch|p1a: Salamence|Salamence, M|100/100
|-ability|p1a: Salamence|Intimidate|boost
|-fail|p2a: Registeel|unboost|[from] ability: Clear Body|[of] p2a: Registeel
|cant|p2a: Registeel|slp
|
|-weather|Sandstorm|[upkeep]
|-damage|p1a: Salamence|94/100|[from] Sandstorm
|-heal|p1a: Salamence|100/100|[from] item: Leftovers
|upkeep
|turn|43
|
|t:|1730236580
|move|p1a: Salamence|Fire Blast|p2a: Registeel
|-supereffective|p2a: Registeel
|-damage|p2a: Registeel|58/100 slp
|cant|p2a: Registeel|slp
|
|-weather|Sandstorm|[upkeep]
|-damage|p1a: Salamence|94/100|[from] Sandstorm
|-heal|p1a: Salamence|100/100|[from] item: Leftovers
|-heal|p2a: Registeel|64/100 slp|[from] item: Leftovers
|upkeep
|turn|44
|
|t:|1730236584
|switch|p1a: Skarmory|Skarmory, M|64/100 par
|-curestatus|p2a: Registeel|slp|[msg]
|move|p2a: Registeel|Thunder Wave|p1a: Skarmory
|-fail|p1a: Skarmory|par
|
|-weather|Sandstorm|[upkeep]
|-heal|p2a: Registeel|70/100|[from] item: Leftovers
|-heal|p1a: Skarmory|70/100 par|[from] item: Leftovers
|upkeep
|turn|45
|
|t:|1730236588
|switch|p1a: Salamence|Salamence, M|100/100
|-ability|p1a: Salamence|Intimidate|boost
|-fail|p2a: Registeel|unboost|[from] ability: Clear Body|[of] p2a: Registeel
|move|p2a: Registeel|Rest|p2a: Registeel
|-status|p2a: Registeel|slp|[from] move: Rest
|-heal|p2a: Registeel|100/100 slp|[silent]
|
|-weather|Sandstorm|[upkeep]
|-damage|p1a: Salamence|94/100|[from] Sandstorm
|-heal|p1a: Salamence|100/100|[from] item: Leftovers
|upkeep
|turn|46
|
|t:|1730236593
|move|p1a: Salamence|Fire Blast|p2a: Registeel|[miss]
|-miss|p1a: Salamence|p2a: Registeel
|cant|p2a: Registeel|slp
|
|-weather|Sandstorm|[upkeep]
|-damage|p1a: Salamence|94/100|[from] Sandstorm
|-heal|p1a: Salamence|100/100|[from] item: Leftovers
|upkeep
|turn|47
|
|t:|1730236597
|move|p1a: Salamence|Brick Break|p2a: Registeel
|-supereffective|p2a: Registeel
|-damage|p2a: Registeel|73/100 slp
|cant|p2a: Registeel|slp
|
|-weather|Sandstorm|[upkeep]
|-damage|p1a: Salamence|94/100|[from] Sandstorm
|-heal|p1a: Salamence|100/100|[from] item: Leftovers
|-heal|p2a: Registeel|79/100 slp|[from] item: Leftovers
|upkeep
|turn|48
|
|t:|1730236599
|switch|p1a: Skarmory|Skarmory, M|70/100 par
|-curestatus|p2a: Registeel|slp|[msg]
|move|p2a: Registeel|Counter|p1a: Skarmory
|
|-weather|Sandstorm|[upkeep]
|-heal|p2a: Registeel|85/100|[from] item: Leftovers
|-heal|p1a: Skarmory|76/100 par|[from] item: Leftovers
|upkeep
|turn|49
|
|t:|1730236603
|move|p2a: Registeel|Rest|p2a: Registeel
|-status|p2a: Registeel|slp|[from] move: Rest
|-heal|p2a: Registeel|100/100 slp|[silent]
|move|p1a: Skarmory|Spikes||[still]
|-fail|p1a: Skarmory
|
|-weather|Sandstorm|[upkeep]
|-heal|p1a: Skarmory|82/100 par|[from] item: Leftovers
|upkeep
|turn|50
|
|t:|1730236608
|cant|p2a: Registeel|slp
|move|p1a: Skarmory|Spikes||[still]
|-fail|p1a: Skarmory
|
|-weather|Sandstorm|[upkeep]
|-heal|p1a: Skarmory|88/100 par|[from] item: Leftovers
|upkeep
|turn|51
|
|t:|1730236613
|cant|p2a: Registeel|slp
|move|p1a: Skarmory|Spikes||[still]
|-fail|p1a: Skarmory
|
|-weather|Sandstorm|[upkeep]
|-heal|p1a: Skarmory|94/100 par|[from] item: Leftovers
|upkeep
|turn|52
|
|t:|1730236617
|-curestatus|p2a: Registeel|slp|[msg]
|move|p2a: Registeel|Thunder Wave|p1a: Skarmory
|-fail|p1a: Skarmory|par
|move|p1a: Skarmory|Spikes||[still]
|-fail|p1a: Skarmory
|
|-weather|Sandstorm|[upkeep]
|-heal|p1a: Skarmory|99/100 par|[from] item: Leftovers
|upkeep
|turn|53
|
|t:|1730236621
|move|p1a: Skarmory|Spikes||[still]
|-fail|p1a: Skarmory
|move|p2a: Registeel|Counter|p1a: Skarmory
|
|-weather|Sandstorm|[upkeep]
|-heal|p1a: Skarmory|100/100 par|[from] item: Leftovers
|upkeep
|turn|54
|
|t:|1730236624
|move|p1a: Skarmory|Spikes||[still]
|-fail|p1a: Skarmory
|move|p2a: Registeel|Counter|p1a: Skarmory
|
|-weather|Sandstorm|[upkeep]
|upkeep
|turn|55
|
|t:|1730236626
|move|p1a: Skarmory|Spikes||[still]
|-fail|p1a: Skarmory
|move|p2a: Registeel|Counter|p1a: Skarmory
|
|-weather|Sandstorm|[upkeep]
|upkeep
|turn|56
|
|t:|1730236628
|move|p1a: Skarmory|Spikes||[still]
|-fail|p1a: Skarmory
|move|p2a: Registeel|Counter|p1a: Skarmory
|
|-weather|Sandstorm|[upkeep]
|upkeep
|turn|57
|
|t:|1730236630
|move|p1a: Skarmory|Spikes||[still]
|-fail|p1a: Skarmory
|move|p2a: Registeel|Counter|p1a: Skarmory
|
|-weather|Sandstorm|[upkeep]
|upkeep
|turn|58
|
|t:|1730236632
|move|p1a: Skarmory|Spikes||[still]
|-fail|p1a: Skarmory
|move|p2a: Registeel|Counter|p1a: Skarmory
|
|-weather|Sandstorm|[upkeep]
|upkeep
|turn|59
|
|t:|1730236633
|move|p2a: Registeel|Thunder Wave|p1a: Skarmory
|-fail|p1a: Skarmory|par
|move|p1a: Skarmory|Spikes||[still]
|-fail|p1a: Skarmory
|
|-weather|Sandstorm|[upkeep]
|upkeep
|turn|60
|
|t:|1730236635
|move|p2a: Registeel|Thunder Wave|p1a: Skarmory
|-fail|p1a: Skarmory|par
|move|p1a: Skarmory|Spikes||[still]
|-fail|p1a: Skarmory
|
|-weather|Sandstorm|[upkeep]
|upkeep
|turn|61
|
|t:|1730236636
|move|p2a: Registeel|Thunder Wave|p1a: Skarmory
|-fail|p1a: Skarmory|par
|move|p1a: Skarmory|Spikes||[still]
|-fail|p1a: Skarmory
|
|-weather|Sandstorm|[upkeep]
|upkeep
|turn|62
|
|t:|1730236638
|move|p2a: Registeel|Thunder Wave|p1a: Skarmory
|-fail|p1a: Skarmory|par
|move|p1a: Skarmory|Spikes||[still]
|-fail|p1a: Skarmory
|
|-weather|Sandstorm|[upkeep]
|upkeep
|turn|63
|
|t:|1730236640
|move|p2a: Registeel|Thunder Wave|p1a: Skarmory
|-fail|p1a: Skarmory|par
|cant|p1a: Skarmory|par
|
|-weather|Sandstorm|[upkeep]
|upkeep
|turn|64
|
|t:|1730236641
|move|p2a: Registeel|Thunder Wave|p1a: Skarmory
|-fail|p1a: Skarmory|par
|move|p1a: Skarmory|Spikes||[still]
|-fail|p1a: Skarmory
|
|-weather|Sandstorm|[upkeep]
|upkeep
|turn|65
|
|t:|1730236643
|move|p2a: Registeel|Thunder Wave|p1a: Skarmory
|-fail|p1a: Skarmory|par
|cant|p1a: Skarmory|par
|
|-weather|Sandstorm|[upkeep]
|upkeep
|turn|66
|
|t:|1730236644
|move|p2a: Registeel|Thunder Wave|p1a: Skarmory
|-fail|p1a: Skarmory|par
|move|p1a: Skarmory|Toxic|p2a: Registeel
|-immune|p2a: Registeel
|
|-weather|Sandstorm|[upkeep]
|upkeep
|turn|67
|
|t:|1730236646
|move|p2a: Registeel|Thunder Wave|p1a: Skarmory
|-fail|p1a: Skarmory|par
|move|p1a: Skarmory|Toxic|p2a: Registeel
|-immune|p2a: Registeel
|
|-weather|Sandstorm|[upkeep]
|upkeep
|turn|68
|
|t:|1730236648
|move|p2a: Registeel|Thunder Wave|p1a: Skarmory
|-fail|p1a: Skarmory|par
|cant|p1a: Skarmory|par
|
|-weather|Sandstorm|[upkeep]
|upkeep
|turn|69
|
|t:|1730236649
|move|p1a: Skarmory|Toxic|p2a: Registeel
|-immune|p2a: Registeel
|move|p2a: Registeel|Counter|p1a: Skarmory
|
|-weather|Sandstorm|[upkeep]
|upkeep
|turn|70
|
|t:|1730236653
|cant|p1a: Skarmory|par
|move|p2a: Registeel|Counter|p1a: Skarmory
|
|-weather|Sandstorm|[upkeep]
|upkeep
|turn|71
|
|t:|1730236654
|move|p1a: Skarmory|Spikes||[still]
|-fail|p1a: Skarmory
|move|p2a: Registeel|Counter|p1a: Skarmory
|
|-weather|Sandstorm|[upkeep]
|upkeep
|turn|72
|
|t:|1730236656
|move|p2a: Registeel|Thunder Wave|p1a: Skarmory
|-fail|p1a: Skarmory|par
|move|p1a: Skarmory|Spikes||[still]
|-fail|p1a: Skarmory
|
|-weather|Sandstorm|[upkeep]
|upkeep
|turn|73
|
|t:|1730236658
|move|p2a: Registeel|Thunder Wave|p1a: Skarmory
|-fail|p1a: Skarmory|par
|move|p1a: Skarmory|Toxic|p2a: Registeel
|-immune|p2a: Registeel
|
|-weather|Sandstorm|[upkeep]
|upkeep
|turn|74
|
|t:|1730236661
|move|p2a: Registeel|Thunder Wave|p1a: Skarmory
|-fail|p1a: Skarmory|par
|move|p1a: Skarmory|Toxic|p2a: Registeel
|-immune|p2a: Registeel
|
|-weather|Sandstorm|[upkeep]
|upkeep
|turn|75
|
|t:|1730236663
|move|p2a: Registeel|Thunder Wave|p1a: Skarmory
|-fail|p1a: Skarmory|par
|cant|p1a: Skarmory|par
|
|-weather|Sandstorm|[upkeep]
|upkeep
|turn|76
|
|t:|1730236665
|move|p2a: Registeel|Thunder Wave|p1a: Skarmory
|-fail|p1a: Skarmory|par
|cant|p1a: Skarmory|par
|
|-weather|Sandstorm|[upkeep]
|upkeep
|turn|77
|
|t:|1730236667
|move|p1a: Skarmory|Spikes||[still]
|-fail|p1a: Skarmory
|move|p2a: Registeel|Counter|p1a: Skarmory
|
|-weather|Sandstorm|[upkeep]
|upkeep
|turn|78
|
|t:|1730236669
|move|p1a: Skarmory|Spikes||[still]
|-fail|p1a: Skarmory
|move|p2a: Registeel|Counter|p1a: Skarmory
|
|-weather|Sandstorm|[upkeep]
|upkeep
|turn|79
|
|t:|1730236672
|move|p2a: Registeel|Thunder Wave|p1a: Skarmory
|-fail|p1a: Skarmory|par
|move|p1a: Skarmory|Spikes||[still]
|-fail|p1a: Skarmory
|
|-weather|Sandstorm|[upkeep]
|upkeep
|turn|80
|
|t:|1730236673
|move|p2a: Registeel|Thunder Wave|p1a: Skarmory
|-fail|p1a: Skarmory|par
|move|p1a: Skarmory|Spikes||[still]
|-fail|p1a: Skarmory
|
|-weather|Sandstorm|[upkeep]
|upkeep
|turn|81
|
|t:|1730236680
|switch|p1a: Swampert|Swampert, M|100/100
|-damage|p1a: Swampert|88/100|[from] Spikes
|move|p2a: Registeel|Earthquake|p1a: Swampert
|-damage|p1a: Swampert|75/100
|
|-weather|Sandstorm|[upkeep]
|-heal|p1a: Swampert|81/100|[from] item: Leftovers
|upkeep
|turn|82
|
|t:|1730236691
|move|p1a: Swampert|Protect|p1a: Swampert
|-singleturn|p1a: Swampert|Protect
|move|p2a: Registeel|Counter|p1a: Swampert
|
|-weather|Sandstorm|[upkeep]
|-heal|p1a: Swampert|87/100|[from] item: Leftovers
|upkeep
|turn|83
|
|t:|1730236696
|move|p2a: Registeel|Counter|p1a: Swampert
|move|p1a: Swampert|Roar||[still]
|-fail|p1a: Swampert
|
|-weather|Sandstorm|[upkeep]
|-heal|p1a: Swampert|93/100|[from] item: Leftovers
|upkeep
|turn|84
|
|t:|1730236700
|move|p2a: Registeel|Earthquake|p1a: Swampert
|-damage|p1a: Swampert|79/100
|move|p1a: Swampert|Roar||[still]
|-fail|p1a: Swampert
|
|-weather|Sandstorm|[upkeep]
|-heal|p1a: Swampert|85/100|[from] item: Leftovers
|upkeep
|turn|85
|
|t:|1730236704
|move|p2a: Registeel|Counter|p1a: Swampert
|move|p1a: Swampert|Roar||[still]
|-fail|p1a: Swampert
|
|-weather|Sandstorm|[upkeep]
|-heal|p1a: Swampert|91/100|[from] item: Leftovers
|upkeep
|turn|86
|
|t:|1730236706
|move|p2a: Registeel|Earthquake|p1a: Swampert
|-damage|p1a: Swampert|78/100
|move|p1a: Swampert|Roar||[still]
|-fail|p1a: Swampert
|
|-weather|Sandstorm|[upkeep]
|-heal|p1a: Swampert|84/100|[from] item: Leftovers
|upkeep
|turn|87
|
|t:|1730236709
|move|p1a: Swampert|Protect|p1a: Swampert
|-singleturn|p1a: Swampert|Protect
|move|p2a: Registeel|Earthquake|p1a: Swampert
|-activate|p1a: Swampert|Protect
|
|-weather|Sandstorm|[upkeep]
|-heal|p1a: Swampert|90/100|[from] item: Leftovers
|upkeep
|turn|88
|
|t:|1730236711
|move|p2a: Registeel|Earthquake|p1a: Swampert
|-damage|p1a: Swampert|76/100
|move|p1a: Swampert|Roar||[still]
|-fail|p1a: Swampert
|
|-weather|Sandstorm|[upkeep]
|-heal|p1a: Swampert|82/100|[from] item: Leftovers
|upkeep
|turn|89
|
|t:|1730236713
|move|p2a: Registeel|Earthquake|p1a: Swampert
|-damage|p1a: Swampert|68/100
|move|p1a: Swampert|Roar||[still]
|-fail|p1a: Swampert
|
|-weather|Sandstorm|[upkeep]
|-heal|p1a: Swampert|74/100|[from] item: Leftovers
|upkeep
|turn|90
|
|t:|1730236715
|move|p1a: Swampert|Protect|p1a: Swampert
|-singleturn|p1a: Swampert|Protect
|move|p2a: Registeel|Earthquake|p1a: Swampert
|-activate|p1a: Swampert|Protect
|
|-weather|Sandstorm|[upkeep]
|-heal|p1a: Swampert|80/100|[from] item: Leftovers
|upkeep
|turn|91
|
|t:|1730236718
|move|p2a: Registeel|Counter|p1a: Swampert
|move|p1a: Swampert|Roar||[still]
|-fail|p1a: Swampert
|
|-weather|Sandstorm|[upkeep]
|-heal|p1a: Swampert|86/100|[from] item: Leftovers
|upkeep
|turn|92
|
|t:|1730236720
|move|p2a: Registeel|Counter|p1a: Swampert
|move|p1a: Swampert|Roar||[still]
|-fail|p1a: Swampert
|
|-weather|Sandstorm|[upkeep]
|-heal|p1a: Swampert|93/100|[from] item: Leftovers
|upkeep
|turn|93
|
|t:|1730236723
|move|p1a: Swampert|Toxic|p2a: Registeel|[miss]
|-miss|p1a: Swampert|p2a: Registeel
|move|p2a: Registeel|Earthquake|p1a: Swampert
|-damage|p1a: Swampert|79/100
|
|-weather|Sandstorm|[upkeep]
|-heal|p1a: Swampert|85/100|[from] item: Leftovers
|upkeep
|turn|94
|
|t:|1730236725
|move|p1a: Swampert|Toxic|p2a: Registeel
|-immune|p2a: Registeel
|move|p2a: Registeel|Earthquake|p1a: Swampert
|-damage|p1a: Swampert|72/100
|
|-weather|Sandstorm|[upkeep]
|-heal|p1a: Swampert|78/100|[from] item: Leftovers
|upkeep
|turn|95
|
|t:|1730236727
|move|p1a: Swampert|Toxic|p2a: Registeel
|-immune|p2a: Registeel
|move|p2a: Registeel|Earthquake|p1a: Swampert
|-damage|p1a: Swampert|65/100
|
|-weather|Sandstorm|[upkeep]
|-heal|p1a: Swampert|72/100|[from] item: Leftovers
|upkeep
|turn|96
|
|t:|1730236728
|move|p1a: Swampert|Toxic|p2a: Registeel|[miss]
|-miss|p1a: Swampert|p2a: Registeel
|move|p2a: Registeel|Earthquake|p1a: Swampert
|-damage|p1a: Swampert|57/100
|
|-weather|Sandstorm|[upkeep]
|-heal|p1a: Swampert|63/100|[from] item: Leftovers
|upkeep
|turn|97
|
|t:|1730236730
|move|p2a: Registeel|Counter|p1a: Swampert
|move|p1a: Swampert|Roar||[still]
|-fail|p1a: Swampert
|
|-weather|Sandstorm|[upkeep]
|-heal|p1a: Swampert|70/100|[from] item: Leftovers
|upkeep
|turn|98
|
|t:|1730236732
|move|p1a: Swampert|Protect|p1a: Swampert
|-singleturn|p1a: Swampert|Protect
|move|p2a: Registeel|Earthquake|p1a: Swampert
|-activate|p1a: Swampert|Protect
|
|-weather|Sandstorm|[upkeep]
|-heal|p1a: Swampert|76/100|[from] item: Leftovers
|upkeep
|turn|99
|
|t:|1730236734
|move|p1a: Swampert|Toxic|p2a: Registeel
|-immune|p2a: Registeel
|move|p2a: Registeel|Thunder Wave|p1a: Swampert
|-immune|p1a: Swampert
|
|-weather|Sandstorm|[upkeep]
|-heal|p1a: Swampert|82/100|[from] item: Leftovers
|upkeep
|turn|100
|
|t:|1730236736
|move|p1a: Swampert|Toxic|p2a: Registeel|[miss]
|-miss|p1a: Swampert|p2a: Registeel
|move|p2a: Registeel|Counter|p1a: Swampert
|
|-weather|Sandstorm|[upkeep]
|-heal|p1a: Swampert|88/100|[from] item: Leftovers
|upkeep
|turn|101
|
|t:|1730236737
|move|p1a: Swampert|Toxic|p2a: Registeel
|-immune|p2a: Registeel
|move|p2a: Registeel|Earthquake|p1a: Swampert
|-damage|p1a: Swampert|76/100
|
|-weather|Sandstorm|[upkeep]
|-heal|p1a: Swampert|82/100|[from] item: Leftovers
|upkeep
|turn|102
|
|t:|1730236739
|move|p1a: Swampert|Toxic|p2a: Registeel
|-immune|p2a: Registeel
|move|p2a: Registeel|Counter|p1a: Swampert
|
|-weather|Sandstorm|[upkeep]
|-heal|p1a: Swampert|88/100|[from] item: Leftovers
|upkeep
|turn|103
|
|t:|1730236740
|move|p2a: Registeel|Counter|p1a: Swampert
|move|p1a: Swampert|Roar||[still]
|-fail|p1a: Swampert
|
|-weather|Sandstorm|[upkeep]
|-heal|p1a: Swampert|94/100|[from] item: Leftovers
|upkeep
|turn|104
|
|t:|1730236742
|move|p2a: Registeel|Earthquake|p1a: Swampert
|-damage|p1a: Swampert|81/100
|move|p1a: Swampert|Roar||[still]
|-fail|p1a: Swampert
|
|-weather|Sandstorm|[upkeep]
|-heal|p1a: Swampert|87/100|[from] item: Leftovers
|upkeep
|turn|105
|
|t:|1730236744
|move|p2a: Registeel|Counter|p1a: Swampert
|move|p1a: Swampert|Roar||[still]
|-fail|p1a: Swampert
|
|-weather|Sandstorm|[upkeep]
|-heal|p1a: Swampert|93/100|[from] item: Leftovers
|upkeep
|turn|106
|
|t:|1730236746
|move|p2a: Registeel|Counter|p1a: Swampert
|move|p1a: Swampert|Roar||[still]
|-fail|p1a: Swampert
|
|-weather|Sandstorm|[upkeep]
|-heal|p1a: Swampert|99/100|[from] item: Leftovers
|upkeep
|turn|107
|
|t:|1730236748
|move|p2a: Registeel|Thunder Wave|p1a: Swampert
|-immune|p1a: Swampert
|move|p1a: Swampert|Roar||[still]
|-fail|p1a: Swampert
|
|-weather|Sandstorm|[upkeep]
|-heal|p1a: Swampert|100/100|[from] item: Leftovers
|upkeep
|turn|108
|
|t:|1730236750
|move|p2a: Registeel|Earthquake|p1a: Swampert
|-damage|p1a: Swampert|86/100
|move|p1a: Swampert|Roar||[still]
|-fail|p1a: Swampert
|
|-weather|Sandstorm|[upkeep]
|-heal|p1a: Swampert|93/100|[from] item: Leftovers
|upkeep
|turn|109
|
|t:|1730236752
|move|p2a: Registeel|Earthquake|p1a: Swampert
|-damage|p1a: Swampert|80/100
|move|p1a: Swampert|Roar||[still]
|-fail|p1a: Swampert
|
|-weather|Sandstorm|[upkeep]
|-heal|p1a: Swampert|86/100|[from] item: Leftovers
|upkeep
|turn|110
|
|t:|1730236754
|move|p2a: Registeel|Counter|p1a: Swampert
|move|p1a: Swampert|Roar||[still]
|-fail|p1a: Swampert
|
|-weather|Sandstorm|[upkeep]
|-heal|p1a: Swampert|92/100|[from] item: Leftovers
|upkeep
|turn|111
|
|t:|1730236755
|move|p2a: Registeel|Thunder Wave|p1a: Swampert
|-immune|p1a: Swampert
|move|p1a: Swampert|Roar||[still]
|-fail|p1a: Swampert
|
|-weather|Sandstorm|[upkeep]
|-heal|p1a: Swampert|98/100|[from] item: Leftovers
|upkeep
|turn|112
|
|t:|1730236757
|move|p2a: Registeel|Counter|p1a: Swampert
|move|p1a: Swampert|Roar||[still]
|-fail|p1a: Swampert
|
|-weather|Sandstorm|[upkeep]
|-heal|p1a: Swampert|100/100|[from] item: Leftovers
|upkeep
|turn|113
|
|t:|1730236759
|move|p1a: Swampert|Toxic|p2a: Registeel|[miss]
|-miss|p1a: Swampert|p2a: Registeel
|move|p2a: Registeel|Thunder Wave|p1a: Swampert
|-immune|p1a: Swampert
|
|-weather|Sandstorm|[upkeep]
|upkeep
|turn|114
|
|t:|1730236761
|move|p2a: Registeel|Counter|p1a: Swampert
|move|p1a: Swampert|Roar||[still]
|-fail|p1a: Swampert
|
|-weather|Sandstorm|[upkeep]
|upkeep
|turn|115
|
|t:|1730236763
|move|p2a: Registeel|Thunder Wave|p1a: Swampert
|-immune|p1a: Swampert
|move|p1a: Swampert|Roar||[still]
|-fail|p1a: Swampert
|
|-weather|Sandstorm|[upkeep]
|upkeep
|turn|116
|
|t:|1730236766
|move|p2a: Registeel|Counter|p1a: Swampert
|move|p1a: Swampert|Roar||[still]
|-fail|p1a: Swampert
|
|-weather|Sandstorm|[upkeep]
|upkeep
|turn|117
|
|t:|1730236768
|move|p2a: Registeel|Thunder Wave|p1a: Swampert
|-immune|p1a: Swampert
|move|p1a: Swampert|Roar||[still]
|-fail|p1a: Swampert
|
|-weather|Sandstorm|[upkeep]
|upkeep
|turn|118
|
|t:|1730236770
|move|p2a: Registeel|Counter|p1a: Swampert
|move|p1a: Swampert|Roar||[still]
|-fail|p1a: Swampert
|
|-weather|Sandstorm|[upkeep]
|upkeep
|turn|119
|
|t:|1730236772
|move|p1a: Swampert|Toxic|p2a: Registeel
|-immune|p2a: Registeel
|move|p2a: Registeel|Thunder Wave|p1a: Swampert
|-immune|p1a: Swampert
|
|-weather|Sandstorm|[upkeep]
|upkeep
|turn|120
|
|t:|1730236774
|move|p1a: Swampert|Toxic|p2a: Registeel|[miss]
|-miss|p1a: Swampert|p2a: Registeel
|move|p2a: Registeel|Counter|p1a: Swampert
|
|-weather|Sandstorm|[upkeep]
|upkeep
|turn|121
|
|t:|1730236776
|move|p1a: Swampert|Toxic|p2a: Registeel
|-immune|p2a: Registeel
|move|p2a: Registeel|Thunder Wave|p1a: Swampert
|-immune|p1a: Swampert
|
|-weather|Sandstorm|[upkeep]
|upkeep
|turn|122
|
|t:|1730236778
|move|p1a: Swampert|Toxic|p2a: Registeel
|-immune|p2a: Registeel
|move|p2a: Registeel|Thunder Wave|p1a: Swampert
|-immune|p1a: Swampert
|
|-weather|Sandstorm|[upkeep]
|upkeep
|turn|123
|
|t:|1730236779
|move|p1a: Swampert|Toxic|p2a: Registeel
|-immune|p2a: Registeel
|move|p2a: Registeel|Thunder Wave|p1a: Swampert
|-immune|p1a: Swampert
|
|-weather|Sandstorm|[upkeep]
|upkeep
|turn|124
|
|t:|1730236781
|move|p2a: Registeel|Counter|p1a: Swampert
|move|p1a: Swampert|Roar||[still]
|-fail|p1a: Swampert
|
|-weather|Sandstorm|[upkeep]
|upkeep
|turn|125
|
|t:|1730236782
|move|p2a: Registeel|Rest|p2a: Registeel
|-fail|p2a: Registeel|heal
|move|p1a: Swampert|Roar||[still]
|-fail|p1a: Swampert
|
|-weather|Sandstorm|[upkeep]
|upkeep
|turn|126
|
|t:|1730236784
|move|p2a: Registeel|Rest|p2a: Registeel
|-fail|p2a: Registeel|heal
|move|p1a: Swampert|Roar||[still]
|-fail|p1a: Swampert
|
|-weather|Sandstorm|[upkeep]
|upkeep
|turn|127
|
|t:|1730236787
|move|p2a: Registeel|Rest|p2a: Registeel
|-fail|p2a: Registeel|heal
|move|p1a: Swampert|Roar||[still]
|-fail|p1a: Swampert
|
|-weather|Sandstorm|[upkeep]
|upkeep
|turn|128
|
|t:|1730236788
|move|p1a: Swampert|Protect|p1a: Swampert
|-singleturn|p1a: Swampert|Protect
|move|p2a: Registeel|Rest|p2a: Registeel
|-fail|p2a: Registeel|heal
|
|-weather|Sandstorm|[upkeep]
|upkeep
|turn|129
|
|t:|1730236789
|move|p1a: Swampert|Protect|p1a: Swampert
|-singleturn|p1a: Swampert|Protect
|move|p2a: Registeel|Rest|p2a: Registeel
|-fail|p2a: Registeel|heal
|
|-weather|Sandstorm|[upkeep]
|upkeep
|turn|130
|
|t:|1730236791
|move|p1a: Swampert|Protect|p1a: Swampert
|-singleturn|p1a: Swampert|Protect
|move|p2a: Registeel|Rest|p2a: Registeel
|-fail|p2a: Registeel|heal
|
|-weather|Sandstorm|[upkeep]
|upkeep
|turn|131
|
|t:|1730236794
|move|p1a: Swampert|Protect||[still]
|-fail|p1a: Swampert
|move|p2a: Registeel|Rest|p2a: Registeel
|-fail|p2a: Registeel|heal
|
|-weather|Sandstorm|[upkeep]
|upkeep
|turn|132
|
|t:|1730236795
|move|p1a: Swampert|Protect|p1a: Swampert
|-singleturn|p1a: Swampert|Protect
|move|p2a: Registeel|Rest|p2a: Registeel
|-fail|p2a: Registeel|heal
|
|-weather|Sandstorm|[upkeep]
|upkeep
|turn|133
|
|t:|1730236797
|move|p1a: Swampert|Protect|p1a: Swampert
|-singleturn|p1a: Swampert|Protect
|move|p2a: Registeel|Rest|p2a: Registeel
|-fail|p2a: Registeel|heal
|
|-weather|Sandstorm|[upkeep]
|upkeep
|turn|134
|
|t:|1730236798
|move|p1a: Swampert|Protect|p1a: Swampert
|-singleturn|p1a: Swampert|Protect
|move|p2a: Registeel|Rest|p2a: Registeel
|-fail|p2a: Registeel|heal
|
|-weather|Sandstorm|[upkeep]
|upkeep
|turn|135
|
|t:|1730236800
|move|p1a: Swampert|Protect||[still]
|-fail|p1a: Swampert
|move|p2a: Registeel|Struggle|p1a: Swampert
|-crit|p1a: Swampert
|-damage|p1a: Swampert|85/100
|-damage|p2a: Registeel|96/100|[from] Recoil|[of] p1a: Swampert
|
|-weather|Sandstorm|[upkeep]
|-heal|p1a: Swampert|91/100|[from] item: Leftovers
|-heal|p2a: Registeel|100/100|[from] item: Leftovers
|upkeep
|turn|136
|
|t:|1730236803
|move|p1a: Swampert|Toxic|p2a: Registeel
|-immune|p2a: Registeel
|move|p2a: Registeel|Struggle|p1a: Swampert
|-damage|p1a: Swampert|85/100
|-damage|p2a: Registeel|99/100|[from] Recoil|[of] p1a: Swampert
|
|-weather|Sandstorm|[upkeep]
|-heal|p1a: Swampert|91/100|[from] item: Leftovers
|-heal|p2a: Registeel|100/100|[from] item: Leftovers
|upkeep
|turn|137
|
|t:|1730236805
|move|p1a: Swampert|Surf|p2a: Registeel
|-damage|p2a: Registeel|85/100
|move|p2a: Registeel|Struggle|p1a: Swampert
|-damage|p1a: Swampert|84/100
|-damage|p2a: Registeel|83/100|[from] Recoil|[of] p1a: Swampert
|
|-weather|Sandstorm|[upkeep]
|-heal|p1a: Swampert|90/100|[from] item: Leftovers
|-heal|p2a: Registeel|89/100|[from] item: Leftovers
|upkeep
|turn|138
|
|t:|1730236807
|move|p1a: Swampert|Surf|p2a: Registeel
|-damage|p2a: Registeel|71/100
|move|p2a: Registeel|Struggle|p1a: Swampert
|-damage|p1a: Swampert|83/100
|-damage|p2a: Registeel|69/100|[from] Recoil|[of] p1a: Swampert
|
|-weather|Sandstorm|[upkeep]
|-heal|p1a: Swampert|90/100|[from] item: Leftovers
|-heal|p2a: Registeel|75/100|[from] item: Leftovers
|upkeep
|turn|139
|
|t:|1730236810
|move|p1a: Swampert|Surf|p2a: Registeel
|-damage|p2a: Registeel|58/100
|move|p2a: Registeel|Struggle|p1a: Swampert
|-damage|p1a: Swampert|82/100
|-damage|p2a: Registeel|57/100|[from] Recoil|[of] p1a: Swampert
|
|-weather|Sandstorm|[upkeep]
|-heal|p1a: Swampert|88/100|[from] item: Leftovers
|-heal|p2a: Registeel|63/100|[from] item: Leftovers
|upkeep
|turn|140
|
|t:|1730236811
|move|p1a: Swampert|Surf|p2a: Registeel
|-crit|p2a: Registeel
|-damage|p2a: Registeel|26/100
|move|p2a: Registeel|Struggle|p1a: Swampert
|-damage|p1a: Swampert|82/100
|-damage|p2a: Registeel|24/100|[from] Recoil|[of] p1a: Swampert
|
|-weather|Sandstorm|[upkeep]
|-heal|p1a: Swampert|88/100|[from] item: Leftovers
|-heal|p2a: Registeel|30/100|[from] item: Leftovers
|upkeep
|turn|141
|
|t:|1730236813
|move|p1a: Swampert|Surf|p2a: Registeel
|-crit|p2a: Registeel
|-damage|p2a: Registeel|0 fnt
|faint|p2a: Registeel
|
|win|luisin
|c|☆HoChi_Pro|gg
|c|☆luisin|gg

</script>
<script type="application/json" class="data" id="replaydata-smogtours-gen3ou-803348">
{"id":"smogtours-gen3ou-803348","format":"[Gen 3] OU","players":["luisin","HoChi_Pro"],"uploadtime":1730236813,"views":56,"formatid":"gen3ou","rating":null,"private":0,"password":null}
</script>

<script defer src="js/replays.js?9d40a366"></script>
