<!DOCTYPE html>
<meta charset="utf-8" />
<meta name="viewport" content="width=device-width" />

<title>[Gen 3] OU: OneWhoRants vs. Skittle_Skity - Replays - Pok&eacute;mon Showdown!</title>

<meta name="description" content="Watch a replay of a Pok&eacute;mon battle between OneWhoRants and Skittle_Skity! Format: [Gen 3] OU; Date: Oct 3, 2024" />
<!--

Hey, you! Looking in the source for the replay log?

You can find them in JSON format, just add `.json` at the end of a replay URL.

https://replay.pokemonshowdown.com/gen7randomdoublesbattle-865046831.json

Or, if you only need the log itself, add `.log` instead:

https://replay.pokemonshowdown.com/gen7randomdoublesbattle-865046831.log

-->

<link rel="stylesheet" href="//pokemonshowdown.com/style/global.css?0.023195364461161105" />
<link rel="stylesheet" href="//play.pokemonshowdown.com/style/font-awesome.css?0.13261647063804238" />
<link rel="stylesheet" href="//play.pokemonshowdown.com/style/battle.css?0.8753245789963631" />
<link rel="stylesheet" href="//play.pokemonshowdown.com/style/utilichart.css?0.8627959624976733" />

<!-- Global site tag (gtag.js) - Google Analytics -->
<script async src="https://www.googletagmanager.com/gtag/js?id=UA-26211653-1"></script>
<script>
  window.dataLayer = window.dataLayer || [];
  function gtag(){dataLayer.push(arguments);}
  gtag('js', new Date());

  gtag('config', 'UA-26211653-1');
</script>
<!-- End Google Analytics -->
<!-- Venatus Ad Manager - Install in <HEAD> of page -->
	<script src="https://hb.vntsm.com/v3/live/ad-manager.min.js" type="text/javascript" data-site-id="642aba63ec9a7b11c3c9c1be" data-mode="scan" async></script>
<!-- / Venatus Ad Manager -->

<style>
	@media (max-width:820px) {
		.battle {
			margin: 0 auto;
		}
		.battle-log {
			margin: 7px auto 0;
			max-width: 640px;
			height: 300px;
			position: static;
		}
	}
	.optgroup {
		display: inline-block;
		line-height: 22px;
		font-size: 10pt;
	}
	.optgroup .button {
		height: 25px;
		padding-top: 0;
		padding-bottom: 0;
	}
	.optgroup button.button {
		padding-left: 12px;
		padding-right: 12px;
	}
	.linklist {
		list-style: none;
		margin: 0.5em 0;
		padding: 0;
	}
	.linklist li {
		padding: 2px 0;
	}
	.sidebar {
		float: left;
		width: 320px;
	}
	.bar-wrapper {
		max-width: 1100px;
		margin: 0 auto;
	}
	.bar-wrapper.has-sidebar {
		max-width: 1430px;
	}
	.mainbar {
		margin: 0;
		padding-right: 1px;
	}
	.mainbar.has-sidebar {
		margin-left: 330px;
	}
	@media (min-width: 1511px) {
		.sidebar {
			width: 400px;
		}
		.bar-wrapper.has-sidebar {
			max-width: 1510px;
		}
		.mainbar.has-sidebar {
			margin-left: 410px;
		}
	}
	.section.first-section {
		margin-top: 9px;
	}
	.blocklink small {
		white-space: normal;
	}
	.button {
		vertical-align: middle;
	}
	.replay-controls {
		padding-top: 10px;
	}
	.replay-controls h1 {
		font-size: 16pt;
		font-weight: normal;
		color: #CCC;
	}
	.pagelink {
		text-align: center;
	}
	.pagelink a {
		width: 150px;
	}
	.textbox, .button {
		font-size: 11pt;
		vertical-align: middle;
	}
	@media (max-width: 450px) {
		.button {
			font-size: 9pt;
		}
	}
</style>

<div>

	<header>
		<div class="nav-wrapper"><ul class="nav">
			<li><a class="button nav-first" href="//pokemonshowdown.com/"><img src="//pokemonshowdown.com/images/pokemonshowdownbeta.png" srcset="//pokemonshowdown.com/images/pokemonshowdownbeta.png 1x, //pokemonshowdown.com/images/pokemonshowdownbeta@2x.png 2x" alt="Pok&eacute;mon Showdown" width="146" height="44" /> Home</a></li>
			<li><a class="button" href="//pokemonshowdown.com/dex/">Pok&eacute;dex</a></li>
			<li><a class="button cur" href="/">Replays</a></li>
			<li><a class="button" href="//pokemonshowdown.com/ladder/">Ladder</a></li>
			<li><a class="button nav-last" href="//pokemonshowdown.com/forums/">Forum</a></li>
			<li><a class="button greenbutton nav-first nav-last" href="//play.pokemonshowdown.com/">Play</a></li>
		</ul></div>
	</header>

	<div class="main" id="main">

		<noscript><section class="section">You need to enable JavaScript to use this page; sorry!</section></noscript>

	</div>

</div>

<script defer nomodule src="//play.pokemonshowdown.com/js/lib/ps-polyfill.js"></script>
<script defer src="//play.pokemonshowdown.com/js/lib/preact.min.js"></script>

<script defer src="//play.pokemonshowdown.com/config/config.js?2bddbc15"></script>
<script defer src="//play.pokemonshowdown.com/js/lib/jquery-1.11.0.min.js"></script>
<script defer src="//play.pokemonshowdown.com/js/lib/html-sanitizer-minified.js"></script>
<script defer src="//play.pokemonshowdown.com/js/battle-sound.js"></script>
<script defer src="//play.pokemonshowdown.com/js/battledata.js?0.7209276989879541"></script>
<script defer src="//play.pokemonshowdown.com/data/pokedex-mini.js?0.6111056340867951"></script>
<script defer src="//play.pokemonshowdown.com/data/pokedex-mini-bw.js?0.3532142036491459"></script>
<script defer src="//play.pokemonshowdown.com/data/graphics.js?0.24223875632456182"></script>
<script defer src="//play.pokemonshowdown.com/data/pokedex.js?0.38839984266356864"></script>
<script defer src="//play.pokemonshowdown.com/data/moves.js?0.21866028504024015"></script>
<script defer src="//play.pokemonshowdown.com/data/abilities.js?0.2005157953846628"></script>
<script defer src="//play.pokemonshowdown.com/data/items.js?0.9894211263848525"></script>
<script defer src="//play.pokemonshowdown.com/data/teambuilder-tables.js?0.6008791140282215"></script>
<script defer src="//play.pokemonshowdown.com/js/battle-tooltips.js?0.7580118955022959"></script>
<script defer src="//play.pokemonshowdown.com/js/battle.js?0.6057722274234274"></script>

<script defer src="js/utils.js?e31f9a17"></script>
<script defer src="js/replays-battle.js?7008c182"></script>

<!-- don't scrape this data! just add .json or .log after the URL!
Full API docs: https://github.com/smogon/pokemon-showdown-client/blob/master/WEB-API.md -->
<script type="text/plain" class="log" id="replaylog-smogtours-gen3ou-794439">
|inactive|Battle timer is ON: inactive players will automatically lose when time's up.
|t:|1727998413
|gametype|singles
|player|p1|OneWhoRants|266|
|player|p2|Skittle_Skity|266|
|teamsize|p1|6
|teamsize|p2|6
|gen|3
|tier|[Gen 3] OU
|rule|Sleep Clause Mod: Limit one foe put to sleep
|rule|Switch Priority Clause Mod: Faster Pokémon switch first
|rule|Species Clause: Limit one of each Pokémon
|rule|OHKO Clause: OHKO moves are banned
|rule|Evasion Items Clause: Evasion items are banned
|rule|Evasion Moves Clause: Evasion moves are banned
|rule|Endless Battle Clause: Forcing endless battles is banned
|rule|HP Percentage Mod: HP is shown in percentages
|rule|One Boost Passer Clause: Limit one Baton Passer that has a way to boost its stats
|rule|Freeze Clause Mod: Limit one foe frozen
|
|t:|1727998413
|start
|switch|p1a: Regice|Regice|100/100
|switch|p2a: Odozeir|Salamence, M|100/100
|-ability|p2a: Odozeir|Intimidate|boost
|-fail|p1a: Regice|unboost|[from] ability: Clear Body|[of] p1a: Regice
|turn|1
|
|t:|1727998435
|switch|p2a: Gibby|Blissey, F|100/100
|move|p1a: Regice|Ice Beam|p2a: Gibby
|-damage|p2a: Gibby|84/100
|
|-heal|p2a: Gibby|90/100|[from] item: Leftovers
|upkeep
|turn|2
|
|t:|1727998461
|switch|p1a: Forretress|Forretress, F|100/100
|move|p2a: Gibby|Wish|p2a: Gibby
|
|-heal|p2a: Gibby|96/100|[from] item: Leftovers
|upkeep
|turn|3
|
|t:|1727998467
|switch|p2a: Pongorma|Magneton|100/100
|move|p1a: Forretress|Spikes|p2a: Pongorma
|-sidestart|p2: Skittle_Skity|Spikes
|
|upkeep
|turn|4
|
|t:|1727998469
|move|p2a: Pongorma|Hidden Power|p1a: Forretress
|-supereffective|p1a: Forretress
|-damage|p1a: Forretress|3/100
|move|p1a: Forretress|Earthquake|p2a: Pongorma
|-supereffective|p2a: Pongorma
|-damage|p2a: Pongorma|0 fnt
|faint|p2a: Pongorma
|
|t:|1727998490
|switch|p2a: Wayne|Zapdos|100/100
|
|-heal|p1a: Forretress|9/100|[from] item: Leftovers
|upkeep
|turn|5
|
|t:|1727998496
|switch|p1a: Regice|Regice|100/100
|move|p2a: Wayne|Thunderbolt|p1a: Regice
|-crit|p1a: Regice
|-damage|p1a: Regice|63/100
|
|-heal|p1a: Regice|69/100|[from] item: Leftovers
|upkeep
|turn|6
|
|t:|1727998500
|switch|p2a: Gibby|Blissey, F|96/100
|-damage|p2a: Gibby|84/100|[from] Spikes
|move|p1a: Regice|Thunder Wave|p2a: Gibby
|-status|p2a: Gibby|par
|
|-heal|p1a: Regice|75/100|[from] item: Leftovers
|-heal|p2a: Gibby|90/100 par|[from] item: Leftovers
|upkeep
|turn|7
|
|t:|1727998518
|move|p1a: Regice|Superpower|p2a: Gibby
|-supereffective|p2a: Gibby
|-damage|p2a: Gibby|50/100 par
|-unboost|p1a: Regice|atk|1
|-unboost|p1a: Regice|def|1
|move|p2a: Gibby|Seismic Toss|p1a: Regice
|-damage|p1a: Regice|47/100
|
|-heal|p1a: Regice|54/100|[from] item: Leftovers
|-heal|p2a: Gibby|56/100 par|[from] item: Leftovers
|upkeep
|turn|8
|
|t:|1727998537
|switch|p1a: Metagross|Metagross|100/100
|move|p2a: Gibby|Soft-Boiled|p2a: Gibby
|-heal|p2a: Gibby|100/100 par
|
|upkeep
|turn|9
|
|t:|1727998547
|-curestatus|p2a: Gibby|par|[from] ability: Natural Cure
|switch|p2a: Old Wayne|Skarmory, M|100/100
|move|p1a: Metagross|Meteor Mash|p2a: Old Wayne
|-resisted|p2a: Old Wayne
|-damage|p2a: Old Wayne|80/100
|
|-heal|p2a: Old Wayne|86/100|[from] item: Leftovers
|upkeep
|turn|10
|
|t:|1727998551
|switch|p1a: Forretress|Forretress, F|9/100
|move|p2a: Old Wayne|Spikes|p1a: Forretress
|-sidestart|p1: OneWhoRants|Spikes
|
|-heal|p2a: Old Wayne|92/100|[from] item: Leftovers
|-heal|p1a: Forretress|15/100|[from] item: Leftovers
|upkeep
|turn|11
|
|t:|1727998557
|move|p1a: Forretress|Spikes|p2a: Old Wayne
|-sidestart|p2: Skittle_Skity|Spikes
|move|p2a: Old Wayne|Roar|p1a: Forretress
|drag|p1a: Exeggutor|Exeggutor, M|100/100
|-damage|p1a: Exeggutor|88/100|[from] Spikes
|
|-heal|p2a: Old Wayne|98/100|[from] item: Leftovers
|upkeep
|turn|12
|
|t:|1727998575
|switch|p1a: Metagross|Metagross|100/100
|-damage|p1a: Metagross|88/100|[from] Spikes
|move|p2a: Old Wayne|Spikes|p1a: Metagross
|-sidestart|p1: OneWhoRants|Spikes
|
|-heal|p2a: Old Wayne|100/100|[from] item: Leftovers
|-heal|p1a: Metagross|94/100|[from] item: Leftovers
|upkeep
|turn|13
|
|t:|1727998579
|move|p2a: Old Wayne|Spikes|p1a: Metagross
|-sidestart|p1: OneWhoRants|Spikes
|move|p1a: Metagross|Meteor Mash|p2a: Old Wayne
|-resisted|p2a: Old Wayne
|-damage|p2a: Old Wayne|78/100
|
|-heal|p2a: Old Wayne|84/100|[from] item: Leftovers
|-heal|p1a: Metagross|99/100|[from] item: Leftovers
|upkeep
|turn|14
|
|t:|1727998584
|move|p1a: Metagross|Meteor Mash|p2a: Old Wayne|[miss]
|-miss|p1a: Metagross|p2a: Old Wayne
|move|p2a: Old Wayne|Roar|p1a: Metagross
|drag|p1a: Exeggutor|Exeggutor, M|88/100
|-damage|p1a: Exeggutor|63/100|[from] Spikes
|
|-heal|p2a: Old Wayne|90/100|[from] item: Leftovers
|upkeep
|turn|15
|
|t:|1727998589
|move|p1a: Exeggutor|Hidden Power|p2a: Old Wayne
|-supereffective|p2a: Old Wayne
|-damage|p2a: Old Wayne|39/100
|move|p2a: Old Wayne|Toxic|p1a: Exeggutor
|-status|p1a: Exeggutor|tox
|
|-damage|p1a: Exeggutor|57/100 tox|[from] psn
|-heal|p2a: Old Wayne|45/100|[from] item: Leftovers
|upkeep
|turn|16
|
|t:|1727998594
|move|p2a: Old Wayne|Protect|p2a: Old Wayne
|-singleturn|p2a: Old Wayne|Protect
|move|p1a: Exeggutor|Hidden Power|p2a: Old Wayne
|-activate|p2a: Old Wayne|Protect
|
|-damage|p1a: Exeggutor|45/100 tox|[from] psn
|-heal|p2a: Old Wayne|51/100|[from] item: Leftovers
|upkeep
|turn|17
|
|t:|1727998600
|switch|p2a: Gibby|Blissey, F|100/100
|-damage|p2a: Gibby|84/100|[from] Spikes
|move|p1a: Exeggutor|Explosion|p2a: Gibby
|-damage|p2a: Gibby|0 fnt
|faint|p1a: Exeggutor
|faint|p2a: Gibby
|
|t:|1727998617
|switch|p1a: Forretress|Forretress, F|15/100
|switch|p2a: Odozeir|Salamence, M|100/100
|-ability|p2a: Odozeir|Intimidate|boost
|-unboost|p1a: Forretress|atk|1
|-damage|p1a: Forretress|0 fnt|[from] Spikes
|faint|p1a: Forretress
|
|t:|1727998621
|switch|p1a: Aerodactyl|Aerodactyl, F|100/100
|
|upkeep
|turn|18
|
|t:|1727998629
|switch|p2a: Somsnosa|Swampert, F|100/100
|-damage|p2a: Somsnosa|84/100|[from] Spikes
|move|p1a: Aerodactyl|Double-Edge|p2a: Somsnosa
|-damage|p2a: Somsnosa|49/100
|
|-heal|p2a: Somsnosa|55/100|[from] item: Leftovers
|upkeep
|turn|19
|
|t:|1727998638
|switch|p1a: Regice|Regice|54/100
|-damage|p1a: Regice|29/100|[from] Spikes
|move|p2a: Somsnosa|Earthquake|p1a: Regice
|-damage|p1a: Regice|0 fnt
|faint|p1a: Regice
|
|t:|1727998641
|switch|p1a: Moltres|Moltres|100/100
|
|-heal|p2a: Somsnosa|61/100|[from] item: Leftovers
|upkeep
|turn|20
|
|t:|1727998648
|move|p2a: Somsnosa|Protect|p2a: Somsnosa
|-singleturn|p2a: Somsnosa|Protect
|move|p1a: Moltres|Sunny Day|p1a: Moltres
|-weather|SunnyDay
|
|-weather|SunnyDay|[upkeep]
|-heal|p2a: Somsnosa|67/100|[from] item: Leftovers
|upkeep
|turn|21
|
|t:|1727998660
|switch|p2a: Odozeir|Salamence, M|100/100
|-ability|p2a: Odozeir|Intimidate|boost
|-unboost|p1a: Moltres|atk|1
|move|p1a: Moltres|Toxic|p2a: Odozeir
|-status|p2a: Odozeir|tox
|
|-weather|SunnyDay|[upkeep]
|-damage|p2a: Odozeir|94/100 tox|[from] psn
|upkeep
|turn|22
|
|t:|1727998676
|move|p2a: Odozeir|Rock Slide|p1a: Moltres
|-supereffective|p1a: Moltres
|-damage|p1a: Moltres|0 fnt
|faint|p1a: Moltres
|
|t:|1727998684
|switch|p1a: Aerodactyl|Aerodactyl, F|100/100
|
|-weather|SunnyDay|[upkeep]
|-damage|p2a: Odozeir|82/100 tox|[from] psn
|upkeep
|turn|23
|
|t:|1727998687
|switch|p2a: Old Wayne|Skarmory, M|51/100
|move|p1a: Aerodactyl|Rock Slide|p2a: Old Wayne
|-damage|p2a: Old Wayne|9/100
|
|-weather|SunnyDay|[upkeep]
|-heal|p2a: Old Wayne|15/100|[from] item: Leftovers
|upkeep
|turn|24
|
|t:|1727998691
|move|p2a: Old Wayne|Protect|p2a: Old Wayne
|-singleturn|p2a: Old Wayne|Protect
|move|p1a: Aerodactyl|Rock Slide|p2a: Old Wayne
|-activate|p2a: Old Wayne|Protect
|
|-weather|none
|-heal|p2a: Old Wayne|21/100|[from] item: Leftovers
|upkeep
|turn|25
|
|t:|1727998698
|switch|p2a: Somsnosa|Swampert, F|67/100
|-damage|p2a: Somsnosa|51/100|[from] Spikes
|move|p1a: Aerodactyl|Rock Slide|p2a: Somsnosa
|-resisted|p2a: Somsnosa
|-damage|p2a: Somsnosa|34/100
|
|-heal|p2a: Somsnosa|40/100|[from] item: Leftovers
|upkeep
|turn|26
|
|t:|1727998712
|switch|p1a: Metagross|Metagross|99/100
|-damage|p1a: Metagross|75/100|[from] Spikes
|move|p2a: Somsnosa|Rock Slide|p1a: Metagross|[miss]
|-miss|p2a: Somsnosa|p1a: Metagross
|
|-heal|p1a: Metagross|81/100|[from] item: Leftovers
|-heal|p2a: Somsnosa|46/100|[from] item: Leftovers
|upkeep
|turn|27
|
|t:|1727998723
|move|p2a: Somsnosa|Protect|p2a: Somsnosa
|-singleturn|p2a: Somsnosa|Protect
|move|p1a: Metagross|Meteor Mash|p2a: Somsnosa
|-activate|p2a: Somsnosa|Protect
|
|-heal|p1a: Metagross|87/100|[from] item: Leftovers
|-heal|p2a: Somsnosa|52/100|[from] item: Leftovers
|upkeep
|turn|28
|
|t:|1727998727
|switch|p2a: Old Wayne|Skarmory, M|21/100
|move|p1a: Metagross|Explosion|p2a: Old Wayne
|-resisted|p2a: Old Wayne
|-damage|p2a: Old Wayne|0 fnt
|faint|p1a: Metagross
|faint|p2a: Old Wayne
|
|t:|1727998730
|switch|p2a: Somsnosa|Swampert, F|52/100
|switch|p1a: Aerodactyl|Aerodactyl, F|100/100
|-damage|p2a: Somsnosa|35/100|[from] Spikes
|
|-heal|p2a: Somsnosa|42/100|[from] item: Leftovers
|upkeep
|turn|29
|
|t:|1727998742
|move|p2a: Somsnosa|Protect|p2a: Somsnosa
|-singleturn|p2a: Somsnosa|Protect
|move|p1a: Aerodactyl|Rock Slide|p2a: Somsnosa
|-activate|p2a: Somsnosa|Protect
|
|-heal|p2a: Somsnosa|48/100|[from] item: Leftovers
|upkeep
|turn|30
|
|t:|1727998745
|move|p1a: Aerodactyl|Rock Slide|p2a: Somsnosa
|-resisted|p2a: Somsnosa
|-damage|p2a: Somsnosa|30/100
|move|p2a: Somsnosa|Rock Slide|p1a: Aerodactyl
|-supereffective|p1a: Aerodactyl
|-damage|p1a: Aerodactyl|34/100
|
|-heal|p2a: Somsnosa|36/100|[from] item: Leftovers
|upkeep
|turn|31
|
|t:|1727998750
|move|p2a: Somsnosa|Protect|p2a: Somsnosa
|-singleturn|p2a: Somsnosa|Protect
|move|p1a: Aerodactyl|Rock Slide|p2a: Somsnosa
|-activate|p2a: Somsnosa|Protect
|
|-heal|p2a: Somsnosa|42/100|[from] item: Leftovers
|upkeep
|turn|32
|
|t:|1727998752
|move|p1a: Aerodactyl|Rock Slide|p2a: Somsnosa
|-resisted|p2a: Somsnosa
|-damage|p2a: Somsnosa|24/100
|move|p2a: Somsnosa|Rock Slide|p1a: Aerodactyl
|-supereffective|p1a: Aerodactyl
|-damage|p1a: Aerodactyl|0 fnt
|faint|p1a: Aerodactyl
|
|win|Skittle_Skity
|c|☆OneWhoRants|gg
|c|☆Skittle_Skity|gg

</script>
<script type="application/json" class="data" id="replaydata-smogtours-gen3ou-794439">
{"id":"smogtours-gen3ou-794439","format":"[Gen 3] OU","players":["OneWhoRants","Skittle_Skity"],"uploadtime":1727998752,"views":87,"formatid":"gen3ou","rating":null,"private":0,"password":null}
</script>

<script defer src="js/replays.js?9d40a366"></script>
