<!DOCTYPE html>
<meta charset="utf-8" />
<meta name="viewport" content="width=device-width" />

<title>[Gen 3] OU: Yuiis vs. ThisGuyMuks - Replays - Pok&eacute;mon Showdown!</title>

<meta name="description" content="Watch a replay of a Pok&eacute;mon battle between Yuiis and ThisGuyMuks! Format: [Gen 3] OU; Date: Oct 1, 2024" />
<!--

Hey, you! Looking in the source for the replay log?

You can find them in JSON format, just add `.json` at the end of a replay URL.

https://replay.pokemonshowdown.com/gen7randomdoublesbattle-865046831.json

Or, if you only need the log itself, add `.log` instead:

https://replay.pokemonshowdown.com/gen7randomdoublesbattle-865046831.log

-->

<link rel="stylesheet" href="//pokemonshowdown.com/style/global.css?0.767286132409787" />
<link rel="stylesheet" href="//play.pokemonshowdown.com/style/font-awesome.css?0.9266228007934947" />
<link rel="stylesheet" href="//play.pokemonshowdown.com/style/battle.css?0.7924700842790926" />
<link rel="stylesheet" href="//play.pokemonshowdown.com/style/utilichart.css?0.8777417872839479" />

<!-- Global site tag (gtag.js) - Google Analytics -->
<script async src="https://www.googletagmanager.com/gtag/js?id=UA-26211653-1"></script>
<script>
  window.dataLayer = window.dataLayer || [];
  function gtag(){dataLayer.push(arguments);}
  gtag('js', new Date());

  gtag('config', 'UA-26211653-1');
</script>
<!-- End Google Analytics -->
<!-- Venatus Ad Manager - Install in <HEAD> of page -->
	<script src="https://hb.vntsm.com/v3/live/ad-manager.min.js" type="text/javascript" data-site-id="642aba63ec9a7b11c3c9c1be" data-mode="scan" async></script>
<!-- / Venatus Ad Manager -->

<style>
	@media (max-width:820px) {
		.battle {
			margin: 0 auto;
		}
		.battle-log {
			margin: 7px auto 0;
			max-width: 640px;
			height: 300px;
			position: static;
		}
	}
	.optgroup {
		display: inline-block;
		line-height: 22px;
		font-size: 10pt;
	}
	.optgroup .button {
		height: 25px;
		padding-top: 0;
		padding-bottom: 0;
	}
	.optgroup button.button {
		padding-left: 12px;
		padding-right: 12px;
	}
	.linklist {
		list-style: none;
		margin: 0.5em 0;
		padding: 0;
	}
	.linklist li {
		padding: 2px 0;
	}
	.sidebar {
		float: left;
		width: 320px;
	}
	.bar-wrapper {
		max-width: 1100px;
		margin: 0 auto;
	}
	.bar-wrapper.has-sidebar {
		max-width: 1430px;
	}
	.mainbar {
		margin: 0;
		padding-right: 1px;
	}
	.mainbar.has-sidebar {
		margin-left: 330px;
	}
	@media (min-width: 1511px) {
		.sidebar {
			width: 400px;
		}
		.bar-wrapper.has-sidebar {
			max-width: 1510px;
		}
		.mainbar.has-sidebar {
			margin-left: 410px;
		}
	}
	.section.first-section {
		margin-top: 9px;
	}
	.blocklink small {
		white-space: normal;
	}
	.button {
		vertical-align: middle;
	}
	.replay-controls {
		padding-top: 10px;
	}
	.replay-controls h1 {
		font-size: 16pt;
		font-weight: normal;
		color: #CCC;
	}
	.pagelink {
		text-align: center;
	}
	.pagelink a {
		width: 150px;
	}
	.textbox, .button {
		font-size: 11pt;
		vertical-align: middle;
	}
	@media (max-width: 450px) {
		.button {
			font-size: 9pt;
		}
	}
</style>

<div>

	<header>
		<div class="nav-wrapper"><ul class="nav">
			<li><a class="button nav-first" href="//pokemonshowdown.com/"><img src="//pokemonshowdown.com/images/pokemonshowdownbeta.png" srcset="//pokemonshowdown.com/images/pokemonshowdownbeta.png 1x, //pokemonshowdown.com/images/pokemonshowdownbeta@2x.png 2x" alt="Pok&eacute;mon Showdown" width="146" height="44" /> Home</a></li>
			<li><a class="button" href="//pokemonshowdown.com/dex/">Pok&eacute;dex</a></li>
			<li><a class="button cur" href="/">Replays</a></li>
			<li><a class="button" href="//pokemonshowdown.com/ladder/">Ladder</a></li>
			<li><a class="button nav-last" href="//pokemonshowdown.com/forums/">Forum</a></li>
			<li><a class="button greenbutton nav-first nav-last" href="//play.pokemonshowdown.com/">Play</a></li>
		</ul></div>
	</header>

	<div class="main" id="main">

		<noscript><section class="section">You need to enable JavaScript to use this page; sorry!</section></noscript>

	</div>

</div>

<script defer nomodule src="//play.pokemonshowdown.com/js/lib/ps-polyfill.js"></script>
<script defer src="//play.pokemonshowdown.com/js/lib/preact.min.js"></script>

<script defer src="//play.pokemonshowdown.com/config/config.js?6dec07f6"></script>
<script defer src="//play.pokemonshowdown.com/js/lib/jquery-1.11.0.min.js"></script>
<script defer src="//play.pokemonshowdown.com/js/lib/html-sanitizer-minified.js"></script>
<script defer src="//play.pokemonshowdown.com/js/battle-sound.js"></script>
<script defer src="//play.pokemonshowdown.com/js/battledata.js?0.6315294753075389"></script>
<script defer src="//play.pokemonshowdown.com/data/pokedex-mini.js?0.7603743185311358"></script>
<script defer src="//play.pokemonshowdown.com/data/pokedex-mini-bw.js?0.030888842834281283"></script>
<script defer src="//play.pokemonshowdown.com/data/graphics.js?0.05593094747507488"></script>
<script defer src="//play.pokemonshowdown.com/data/pokedex.js?0.47064822249611904"></script>
<script defer src="//play.pokemonshowdown.com/data/moves.js?0.8583693120512459"></script>
<script defer src="//play.pokemonshowdown.com/data/abilities.js?0.16017181182386842"></script>
<script defer src="//play.pokemonshowdown.com/data/items.js?0.4163379185673943"></script>
<script defer src="//play.pokemonshowdown.com/data/teambuilder-tables.js?0.31075597372830477"></script>
<script defer src="//play.pokemonshowdown.com/js/battle-tooltips.js?0.6536193500708172"></script>
<script defer src="//play.pokemonshowdown.com/js/battle.js?0.1916591943277901"></script>

<script defer src="js/utils.js?e31f9a17"></script>
<script defer src="js/replays-battle.js?7008c182"></script>

<!-- don't scrape this data! just add .json or .log after the URL!
Full API docs: https://github.com/smogon/pokemon-showdown-client/blob/master/WEB-API.md -->
<script type="text/plain" class="log" id="replaylog-smogtours-gen3ou-793838">
|inactive|Battle timer is ON: inactive players will automatically lose when time's up.
|t:|1727815577
|gametype|singles
|player|p1|Yuiis|camper|
|player|p2|ThisGuyMuks|169|
|teamsize|p1|6
|teamsize|p2|6
|gen|3
|tier|[Gen 3] OU
|rule|Sleep Clause Mod: Limit one foe put to sleep
|rule|Switch Priority Clause Mod: Faster Pokémon switch first
|rule|Species Clause: Limit one of each Pokémon
|rule|OHKO Clause: OHKO moves are banned
|rule|Evasion Items Clause: Evasion items are banned
|rule|Evasion Moves Clause: Evasion moves are banned
|rule|Endless Battle Clause: Forcing endless battles is banned
|rule|HP Percentage Mod: HP is shown in percentages
|rule|One Boost Passer Clause: Limit one Baton Passer that has a way to boost its stats
|rule|Freeze Clause Mod: Limit one foe frozen
|
|t:|1727815577
|start
|switch|p1a: Jirachi|Jirachi|100/100
|switch|p2a: Zapdos|Zapdos|100/100
|turn|1
|
|t:|1727815590
|move|p2a: Zapdos|Thunderbolt|p1a: Jirachi
|-damage|p1a: Jirachi|60/100
|move|p1a: Jirachi|Body Slam|p2a: Zapdos
|-damage|p2a: Zapdos|73/100
|
|-heal|p2a: Zapdos|79/100|[from] item: Leftovers
|-heal|p1a: Jirachi|66/100|[from] item: Leftovers
|upkeep
|turn|2
|
|t:|1727815605
|switch|p1a: Celebi|Celebi|100/100
|move|p2a: Zapdos|Thunderbolt|p1a: Celebi
|-resisted|p1a: Celebi
|-damage|p1a: Celebi|80/100
|
|-heal|p1a: Celebi|86/100|[from] item: Leftovers
|-heal|p2a: Zapdos|85/100|[from] item: Leftovers
|upkeep
|turn|3
|
|t:|1727815618
|move|p1a: Celebi|Calm Mind|p1a: Celebi
|-boost|p1a: Celebi|spa|1
|-boost|p1a: Celebi|spd|1
|move|p2a: Zapdos|Roar|p1a: Celebi
|drag|p1a: Suicune|Suicune|100/100
|
|-heal|p2a: Zapdos|91/100|[from] item: Leftovers
|upkeep
|turn|4
|
|t:|1727815645
|switch|p1a: Celebi|Celebi|86/100
|move|p2a: Zapdos|Thunderbolt|p1a: Celebi
|-resisted|p1a: Celebi
|-damage|p1a: Celebi|66/100
|-status|p1a: Celebi|par
|
|-heal|p2a: Zapdos|98/100|[from] item: Leftovers
|-heal|p1a: Celebi|73/100 par|[from] item: Leftovers
|upkeep
|turn|5
|
|t:|1727815654
|move|p2a: Zapdos|Hidden Power|p1a: Celebi
|-supereffective|p1a: Celebi
|-damage|p1a: Celebi|37/100 par
|move|p1a: Celebi|Calm Mind|p1a: Celebi
|-boost|p1a: Celebi|spa|1
|-boost|p1a: Celebi|spd|1
|
|-heal|p2a: Zapdos|100/100|[from] item: Leftovers
|-heal|p1a: Celebi|44/100 par|[from] item: Leftovers
|upkeep
|turn|6
|
|t:|1727815663
|move|p1a: Celebi|Recover|p1a: Celebi
|-heal|p1a: Celebi|94/100 par
|move|p2a: Zapdos|Roar|p1a: Celebi
|-curestatus|p1a: Celebi|par|[from] ability: Natural Cure
|drag|p1a: Zapdos|Zapdos|100/100
|
|upkeep
|turn|7
|
|t:|1727815673
|move|p2a: Zapdos|Thunderbolt|p1a: Zapdos
|-damage|p1a: Zapdos|58/100
|move|p1a: Zapdos|Thunder Wave|p2a: Zapdos
|-status|p2a: Zapdos|par
|
|-heal|p1a: Zapdos|64/100|[from] item: Leftovers
|upkeep
|turn|8
|
|t:|1727815681
|move|p1a: Zapdos|Thunderbolt|p2a: Zapdos
|-damage|p2a: Zapdos|53/100 par
|move|p2a: Zapdos|Baton Pass|p2a: Zapdos
|
|t:|1727815699
|switch|p2a: Celebi|Celebi|100/100|[from] Baton Pass
|
|-heal|p1a: Zapdos|70/100|[from] item: Leftovers
|upkeep
|turn|9
|
|t:|1727815708
|switch|p1a: Skarmory|Skarmory, F|100/100
|move|p2a: Celebi|Calm Mind|p2a: Celebi
|-boost|p2a: Celebi|spa|1
|-boost|p2a: Celebi|spd|1
|
|upkeep
|turn|10
|
|t:|1727815713
|move|p2a: Celebi|Hidden Power|p1a: Skarmory
|-supereffective|p1a: Skarmory
|-damage|p1a: Skarmory|50/100
|move|p1a: Skarmory|Roar|p2a: Celebi
|drag|p2a: Swampert|Swampert, F|100/100
|
|-heal|p1a: Skarmory|56/100|[from] item: Leftovers
|upkeep
|turn|11
|
|t:|1727815721
|switch|p2a: Zapdos|Zapdos|53/100 par
|move|p1a: Skarmory|Spikes|p2a: Zapdos
|-sidestart|p2: ThisGuyMuks|Spikes
|
|-heal|p1a: Skarmory|62/100|[from] item: Leftovers
|-heal|p2a: Zapdos|59/100 par|[from] item: Leftovers
|upkeep
|turn|12
|
|t:|1727815731
|switch|p1a: Celebi|Celebi|94/100
|move|p2a: Zapdos|Thunderbolt|p1a: Celebi
|-resisted|p1a: Celebi
|-damage|p1a: Celebi|73/100
|
|-heal|p1a: Celebi|79/100|[from] item: Leftovers
|-heal|p2a: Zapdos|66/100 par|[from] item: Leftovers
|upkeep
|turn|13
|
|t:|1727815741
|move|p1a: Celebi|Calm Mind|p1a: Celebi
|-boost|p1a: Celebi|spa|1
|-boost|p1a: Celebi|spd|1
|cant|p2a: Zapdos|par
|
|-heal|p1a: Celebi|86/100|[from] item: Leftovers
|-heal|p2a: Zapdos|72/100 par|[from] item: Leftovers
|upkeep
|turn|14
|
|t:|1727815749
|move|p1a: Celebi|Hidden Power|p2a: Zapdos
|-damage|p2a: Zapdos|46/100 par
|move|p2a: Zapdos|Roar|p1a: Celebi
|drag|p1a: Suicune|Suicune|100/100
|
|-heal|p2a: Zapdos|52/100 par|[from] item: Leftovers
|upkeep
|turn|15
|
|t:|1727815769
|switch|p1a: Celebi|Celebi|86/100
|move|p2a: Zapdos|Thunderbolt|p1a: Celebi
|-resisted|p1a: Celebi
|-damage|p1a: Celebi|67/100
|
|-heal|p1a: Celebi|73/100|[from] item: Leftovers
|-heal|p2a: Zapdos|58/100 par|[from] item: Leftovers
|upkeep
|turn|16
|
|t:|1727815796
|move|p1a: Celebi|Calm Mind|p1a: Celebi
|-boost|p1a: Celebi|spa|1
|-boost|p1a: Celebi|spd|1
|move|p2a: Zapdos|Roar|p1a: Celebi
|drag|p1a: Rhydon|Rhydon, F|100/100
|
|-heal|p2a: Zapdos|65/100 par|[from] item: Leftovers
|upkeep
|turn|17
|inactive|ThisGuyMuks has 270 seconds left.
|
|t:|1727815827
|switch|p2a: Swampert|Swampert, F|100/100
|-damage|p2a: Swampert|88/100|[from] Spikes
|move|p1a: Rhydon|Rock Slide|p2a: Swampert|[miss]
|-miss|p1a: Rhydon|p2a: Swampert
|
|-heal|p2a: Swampert|94/100|[from] item: Leftovers
|upkeep
|turn|18
|
|t:|1727815856
|switch|p2a: Tyranitar|Tyranitar, F|100/100
|-damage|p2a: Tyranitar|88/100|[from] Spikes
|-weather|Sandstorm|[from] ability: Sand Stream|[of] p2a: Tyranitar
|switch|p1a: Celebi|Celebi|73/100
|
|-weather|Sandstorm|[upkeep]
|-damage|p1a: Celebi|67/100|[from] Sandstorm
|-heal|p1a: Celebi|73/100|[from] item: Leftovers
|upkeep
|turn|19
|
|t:|1727815867
|switch|p1a: Suicune|Suicune|100/100
|move|p2a: Tyranitar|Dragon Dance|p2a: Tyranitar
|-boost|p2a: Tyranitar|atk|1
|-boost|p2a: Tyranitar|spe|1
|
|-weather|Sandstorm|[upkeep]
|-damage|p1a: Suicune|94/100|[from] Sandstorm
|-heal|p1a: Suicune|100/100|[from] item: Leftovers
|upkeep
|turn|20
|inactive|ThisGuyMuks has 240 seconds left.
|
|t:|1727815899
|switch|p2a: Celebi|Celebi|100/100
|-damage|p2a: Celebi|88/100|[from] Spikes
|move|p1a: Suicune|Surf|p2a: Celebi
|-resisted|p2a: Celebi
|-damage|p2a: Celebi|74/100
|
|-weather|Sandstorm|[upkeep]
|-damage|p2a: Celebi|68/100|[from] Sandstorm
|-damage|p1a: Suicune|94/100|[from] Sandstorm
|-heal|p2a: Celebi|74/100|[from] item: Leftovers
|-heal|p1a: Suicune|100/100|[from] item: Leftovers
|upkeep
|turn|21
|
|t:|1727815911
|move|p2a: Celebi|Calm Mind|p2a: Celebi
|-boost|p2a: Celebi|spa|1
|-boost|p2a: Celebi|spd|1
|move|p1a: Suicune|Ice Beam|p2a: Celebi
|-supereffective|p2a: Celebi
|-damage|p2a: Celebi|52/100
|
|-weather|Sandstorm|[upkeep]
|-damage|p2a: Celebi|46/100|[from] Sandstorm
|-damage|p1a: Suicune|94/100|[from] Sandstorm
|-heal|p2a: Celebi|52/100|[from] item: Leftovers
|-heal|p1a: Suicune|100/100|[from] item: Leftovers
|upkeep
|turn|22
|
|t:|1727815930
|switch|p1a: Zapdos|Zapdos|70/100
|move|p2a: Celebi|Giga Drain|p1a: Zapdos
|-resisted|p1a: Zapdos
|-damage|p1a: Zapdos|53/100
|-heal|p2a: Celebi|59/100|[from] drain|[of] p1a: Zapdos
|
|-weather|Sandstorm|[upkeep]
|-damage|p2a: Celebi|53/100|[from] Sandstorm
|-damage|p1a: Zapdos|47/100|[from] Sandstorm
|-heal|p2a: Celebi|59/100|[from] item: Leftovers
|-heal|p1a: Zapdos|53/100|[from] item: Leftovers
|upkeep
|turn|23
|inactive|ThisGuyMuks has 210 seconds left.
|
|t:|1727815967
|move|p2a: Celebi|Hidden Power|p1a: Zapdos
|-crit|p1a: Zapdos
|-damage|p1a: Zapdos|0 fnt
|faint|p1a: Zapdos
|inactive|Yuiis has 270 seconds left.
|
|t:|1727815980
|switch|p1a: Jirachi|Jirachi|66/100
|
|-weather|Sandstorm|[upkeep]
|-damage|p2a: Celebi|53/100|[from] Sandstorm
|-heal|p2a: Celebi|59/100|[from] item: Leftovers
|-heal|p1a: Jirachi|72/100|[from] item: Leftovers
|upkeep
|turn|24
|inactive|ThisGuyMuks has 210 seconds left.
|
|t:|1727815997
|move|p2a: Celebi|Baton Pass|p2a: Celebi
|
|t:|1727815999
|switch|p2a: Zapdos|Zapdos|65/100 par|[from] Baton Pass
|move|p1a: Jirachi|Body Slam|p2a: Zapdos
|-damage|p2a: Zapdos|39/100 par
|
|-weather|Sandstorm|[upkeep]
|-damage|p2a: Zapdos|33/100 par|[from] Sandstorm
|-heal|p1a: Jirachi|78/100|[from] item: Leftovers
|-heal|p2a: Zapdos|39/100 par|[from] item: Leftovers
|upkeep
|turn|25
|
|t:|1727816012
|move|p1a: Jirachi|Substitute|p1a: Jirachi
|-start|p1a: Jirachi|Substitute
|-damage|p1a: Jirachi|54/100
|move|p2a: Zapdos|Baton Pass|p2a: Zapdos
|inactive|ThisGuyMuks has 210 seconds left.
|inactive|ThisGuyMuks has 180 seconds left.
|
|t:|1727816077
|switch|p2a: Jirachi|Jirachi|100/100|[from] Baton Pass
|-damage|p2a: Jirachi|88/100|[from] Spikes
|
|-weather|Sandstorm|[upkeep]
|-heal|p2a: Jirachi|94/100|[from] item: Leftovers
|-heal|p1a: Jirachi|60/100|[from] item: Leftovers
|upkeep
|turn|26
|
|t:|1727816085
|move|p2a: Jirachi|Substitute|p2a: Jirachi
|-start|p2a: Jirachi|Substitute
|-damage|p2a: Jirachi|69/100
|move|p1a: Jirachi|Body Slam|p2a: Jirachi
|-resisted|p2a: Jirachi
|-activate|p2a: Jirachi|Substitute|[damage]
|
|-weather|Sandstorm|[upkeep]
|-heal|p2a: Jirachi|75/100|[from] item: Leftovers
|-heal|p1a: Jirachi|66/100|[from] item: Leftovers
|upkeep
|turn|27
|
|t:|1727816099
|switch|p1a: Skarmory|Skarmory, F|62/100
|move|p2a: Jirachi|Calm Mind|p2a: Jirachi
|-boost|p2a: Jirachi|spa|1
|-boost|p2a: Jirachi|spd|1
|
|-weather|Sandstorm|[upkeep]
|-heal|p2a: Jirachi|82/100|[from] item: Leftovers
|-heal|p1a: Skarmory|68/100|[from] item: Leftovers
|upkeep
|turn|28
|
|t:|1727816108
|move|p2a: Jirachi|Thunderbolt|p1a: Skarmory
|-supereffective|p1a: Skarmory
|-damage|p1a: Skarmory|0 fnt
|faint|p1a: Skarmory
|
|t:|1727816119
|switch|p1a: Celebi|Celebi|73/100
|
|-weather|Sandstorm|[upkeep]
|-damage|p1a: Celebi|67/100|[from] Sandstorm
|-heal|p1a: Celebi|73/100|[from] item: Leftovers
|-heal|p2a: Jirachi|88/100|[from] item: Leftovers
|upkeep
|turn|29
|inactive|ThisGuyMuks has 180 seconds left.
|
|t:|1727816125
|move|p1a: Celebi|Calm Mind|p1a: Celebi
|-boost|p1a: Celebi|spa|1
|-boost|p1a: Celebi|spd|1
|move|p2a: Jirachi|Ice Punch|p1a: Celebi
|-supereffective|p1a: Celebi
|-crit|p1a: Celebi
|-damage|p1a: Celebi|0 fnt
|faint|p1a: Celebi
|
|t:|1727816137
|switch|p1a: Suicune|Suicune|100/100
|
|-weather|Sandstorm|[upkeep]
|-damage|p1a: Suicune|94/100|[from] Sandstorm
|-heal|p2a: Jirachi|94/100|[from] item: Leftovers
|-heal|p1a: Suicune|100/100|[from] item: Leftovers
|upkeep
|turn|30
|inactive|Yuiis disconnected and has 300 seconds to reconnect!
|player|p1|
|
|t:|1727816145
|move|p2a: Jirachi|Thunderbolt|p1a: Suicune
|-supereffective|p1a: Suicune
|-damage|p1a: Suicune|29/100
|-status|p1a: Suicune|par
|move|p1a: Suicune|Surf|p2a: Jirachi
|-activate|p2a: Jirachi|Substitute|[damage]
|
|-weather|Sandstorm|[upkeep]
|-damage|p1a: Suicune|23/100 par|[from] Sandstorm
|-heal|p2a: Jirachi|99/100|[from] item: Leftovers
|-heal|p1a: Suicune|29/100 par|[from] item: Leftovers
|upkeep
|turn|31
|inactive|Yuiis reconnected and has 300 seconds left.
|player|p1|Yuiis|camper|
|c|☆Yuiis|mb
|c|☆Yuiis|still i'm cooked
|c|☆Yuiis|gg 
|c|☆Yuiis|nice games
|c|☆ThisGuyMuks|its okay
|c|☆ThisGuyMuks|gg
|c|☆ThisGuyMuks|u2
|c|☆ThisGuyMuks|gl in rest
|-message|Yuiis forfeited.
|
|win|ThisGuyMuks
|c|☆Yuiis|well you will do better lol
|player|p1|

</script>
<script type="application/json" class="data" id="replaydata-smogtours-gen3ou-793838">
{"id":"smogtours-gen3ou-793838","format":"[Gen 3] OU","players":["Yuiis","ThisGuyMuks"],"uploadtime":1727816173,"views":189,"formatid":"gen3ou","rating":null,"private":0,"password":null}
</script>

<script defer src="js/replays.js?9d40a366"></script>
