<!DOCTYPE html>
<meta charset="utf-8" />
<meta name="viewport" content="width=device-width" />

<title>[Gen 3] OU: tefoshark vs. asbolus verrucosus - Replays - Pok&eacute;mon Showdown!</title>

<meta name="description" content="Watch a replay of a Pok&eacute;mon battle between tefoshark and asbolus verrucosus! Format: [Gen 3] OU; Date: Oct 29, 2024" />
<!--

Hey, you! Looking in the source for the replay log?

You can find them in JSON format, just add `.json` at the end of a replay URL.

https://replay.pokemonshowdown.com/gen7randomdoublesbattle-865046831.json

Or, if you only need the log itself, add `.log` instead:

https://replay.pokemonshowdown.com/gen7randomdoublesbattle-865046831.log

-->

<link rel="stylesheet" href="//pokemonshowdown.com/style/global.css?0.023195364461161105" />
<link rel="stylesheet" href="//play.pokemonshowdown.com/style/font-awesome.css?0.13261647063804238" />
<link rel="stylesheet" href="//play.pokemonshowdown.com/style/battle.css?0.8753245789963631" />
<link rel="stylesheet" href="//play.pokemonshowdown.com/style/utilichart.css?0.8627959624976733" />

<!-- Global site tag (gtag.js) - Google Analytics -->
<script async src="https://www.googletagmanager.com/gtag/js?id=UA-26211653-1"></script>
<script>
  window.dataLayer = window.dataLayer || [];
  function gtag(){dataLayer.push(arguments);}
  gtag('js', new Date());

  gtag('config', 'UA-26211653-1');
</script>
<!-- End Google Analytics -->
<!-- Venatus Ad Manager - Install in <HEAD> of page -->
	<script src="https://hb.vntsm.com/v3/live/ad-manager.min.js" type="text/javascript" data-site-id="642aba63ec9a7b11c3c9c1be" data-mode="scan" async></script>
<!-- / Venatus Ad Manager -->

<style>
	@media (max-width:820px) {
		.battle {
			margin: 0 auto;
		}
		.battle-log {
			margin: 7px auto 0;
			max-width: 640px;
			height: 300px;
			position: static;
		}
	}
	.optgroup {
		display: inline-block;
		line-height: 22px;
		font-size: 10pt;
	}
	.optgroup .button {
		height: 25px;
		padding-top: 0;
		padding-bottom: 0;
	}
	.optgroup button.button {
		padding-left: 12px;
		padding-right: 12px;
	}
	.linklist {
		list-style: none;
		margin: 0.5em 0;
		padding: 0;
	}
	.linklist li {
		padding: 2px 0;
	}
	.sidebar {
		float: left;
		width: 320px;
	}
	.bar-wrapper {
		max-width: 1100px;
		margin: 0 auto;
	}
	.bar-wrapper.has-sidebar {
		max-width: 1430px;
	}
	.mainbar {
		margin: 0;
		padding-right: 1px;
	}
	.mainbar.has-sidebar {
		margin-left: 330px;
	}
	@media (min-width: 1511px) {
		.sidebar {
			width: 400px;
		}
		.bar-wrapper.has-sidebar {
			max-width: 1510px;
		}
		.mainbar.has-sidebar {
			margin-left: 410px;
		}
	}
	.section.first-section {
		margin-top: 9px;
	}
	.blocklink small {
		white-space: normal;
	}
	.button {
		vertical-align: middle;
	}
	.replay-controls {
		padding-top: 10px;
	}
	.replay-controls h1 {
		font-size: 16pt;
		font-weight: normal;
		color: #CCC;
	}
	.pagelink {
		text-align: center;
	}
	.pagelink a {
		width: 150px;
	}
	.textbox, .button {
		font-size: 11pt;
		vertical-align: middle;
	}
	@media (max-width: 450px) {
		.button {
			font-size: 9pt;
		}
	}
</style>

<div>

	<header>
		<div class="nav-wrapper"><ul class="nav">
			<li><a class="button nav-first" href="//pokemonshowdown.com/"><img src="//pokemonshowdown.com/images/pokemonshowdownbeta.png" srcset="//pokemonshowdown.com/images/pokemonshowdownbeta.png 1x, //pokemonshowdown.com/images/pokemonshowdownbeta@2x.png 2x" alt="Pok&eacute;mon Showdown" width="146" height="44" /> Home</a></li>
			<li><a class="button" href="//pokemonshowdown.com/dex/">Pok&eacute;dex</a></li>
			<li><a class="button cur" href="/">Replays</a></li>
			<li><a class="button" href="//pokemonshowdown.com/ladder/">Ladder</a></li>
			<li><a class="button nav-last" href="//pokemonshowdown.com/forums/">Forum</a></li>
			<li><a class="button greenbutton nav-first nav-last" href="//play.pokemonshowdown.com/">Play</a></li>
		</ul></div>
	</header>

	<div class="main" id="main">

		<noscript><section class="section">You need to enable JavaScript to use this page; sorry!</section></noscript>

	</div>

</div>

<script defer nomodule src="//play.pokemonshowdown.com/js/lib/ps-polyfill.js"></script>
<script defer src="//play.pokemonshowdown.com/js/lib/preact.min.js"></script>

<script defer src="//play.pokemonshowdown.com/config/config.js?2bddbc15"></script>
<script defer src="//play.pokemonshowdown.com/js/lib/jquery-1.11.0.min.js"></script>
<script defer src="//play.pokemonshowdown.com/js/lib/html-sanitizer-minified.js"></script>
<script defer src="//play.pokemonshowdown.com/js/battle-sound.js"></script>
<script defer src="//play.pokemonshowdown.com/js/battledata.js?0.7209276989879541"></script>
<script defer src="//play.pokemonshowdown.com/data/pokedex-mini.js?0.6111056340867951"></script>
<script defer src="//play.pokemonshowdown.com/data/pokedex-mini-bw.js?0.3532142036491459"></script>
<script defer src="//play.pokemonshowdown.com/data/graphics.js?0.24223875632456182"></script>
<script defer src="//play.pokemonshowdown.com/data/pokedex.js?0.38839984266356864"></script>
<script defer src="//play.pokemonshowdown.com/data/moves.js?0.21866028504024015"></script>
<script defer src="//play.pokemonshowdown.com/data/abilities.js?0.2005157953846628"></script>
<script defer src="//play.pokemonshowdown.com/data/items.js?0.9894211263848525"></script>
<script defer src="//play.pokemonshowdown.com/data/teambuilder-tables.js?0.6008791140282215"></script>
<script defer src="//play.pokemonshowdown.com/js/battle-tooltips.js?0.7580118955022959"></script>
<script defer src="//play.pokemonshowdown.com/js/battle.js?0.6057722274234274"></script>

<script defer src="js/utils.js?e31f9a17"></script>
<script defer src="js/replays-battle.js?7008c182"></script>

<!-- don't scrape this data! just add .json or .log after the URL!
Full API docs: https://github.com/smogon/pokemon-showdown-client/blob/master/WEB-API.md -->
<script type="text/plain" class="log" id="replaylog-smogtours-gen3ou-803381">
|inactive|Battle timer is ON: inactive players will automatically lose when time's up.
|t:|1730243843
|gametype|singles
|player|p1|tefoshark|acetrainer|
|player|p2|asbolus verrucosus|bugsy-gen2|
|teamsize|p1|6
|teamsize|p2|6
|gen|3
|tier|[Gen 3] OU
|rule|Sleep Clause Mod: Limit one foe put to sleep
|rule|Switch Priority Clause Mod: Faster Pokémon switch first
|rule|Species Clause: Limit one of each Pokémon
|rule|OHKO Clause: OHKO moves are banned
|rule|Evasion Items Clause: Evasion items are banned
|rule|Evasion Moves Clause: Evasion moves are banned
|rule|Endless Battle Clause: Forcing endless battles is banned
|rule|HP Percentage Mod: HP is shown in percentages
|rule|One Boost Passer Clause: Limit one Baton Passer that has a way to boost its stats
|rule|Freeze Clause Mod: Limit one foe frozen
|
|t:|1730243843
|start
|switch|p1a: Tyranitar|Tyranitar, M|100/100
|switch|p2a: Machamp|Machamp, F|100/100
|-weather|Sandstorm|[from] ability: Sand Stream|[of] p1a: Tyranitar
|turn|1
|
|t:|1730243852
|switch|p1a: Swampert|Swampert, M|100/100
|move|p2a: Machamp|Bulk Up|p2a: Machamp
|-boost|p2a: Machamp|atk|1
|-boost|p2a: Machamp|def|1
|
|-weather|Sandstorm|[upkeep]
|-damage|p2a: Machamp|94/100|[from] Sandstorm
|-heal|p2a: Machamp|100/100|[from] item: Leftovers
|upkeep
|turn|2
|
|t:|1730243858
|move|p2a: Machamp|Cross Chop|p1a: Swampert
|-damage|p1a: Swampert|40/100
|move|p1a: Swampert|Earthquake|p2a: Machamp
|-crit|p2a: Machamp
|-damage|p2a: Machamp|9/100
|
|-weather|Sandstorm|[upkeep]
|-damage|p2a: Machamp|2/100|[from] Sandstorm
|-heal|p2a: Machamp|9/100|[from] item: Leftovers
|-heal|p1a: Swampert|46/100|[from] item: Leftovers
|upkeep
|turn|3
|
|t:|1730243864
|move|p1a: Swampert|Protect|p1a: Swampert
|-singleturn|p1a: Swampert|Protect
|move|p2a: Machamp|Cross Chop|p1a: Swampert|[miss]
|-miss|p2a: Machamp|p1a: Swampert
|
|-weather|Sandstorm|[upkeep]
|-damage|p2a: Machamp|2/100|[from] Sandstorm
|-heal|p2a: Machamp|9/100|[from] item: Leftovers
|-heal|p1a: Swampert|53/100|[from] item: Leftovers
|upkeep
|turn|4
|
|t:|1730243867
|switch|p1a: Gengar|Gengar, M|100/100
|move|p2a: Machamp|Rock Slide|p1a: Gengar
|-damage|p1a: Gengar|42/100
|
|-weather|Sandstorm|[upkeep]
|-damage|p1a: Gengar|35/100|[from] Sandstorm
|-damage|p2a: Machamp|2/100|[from] Sandstorm
|-heal|p1a: Gengar|42/100|[from] item: Leftovers
|-heal|p2a: Machamp|9/100|[from] item: Leftovers
|upkeep
|turn|5
|
|t:|1730243874
|switch|p2a: Houndoom|Houndoom, F|100/100
|move|p1a: Gengar|Thunderbolt|p2a: Houndoom
|-damage|p2a: Houndoom|64/100
|-status|p2a: Houndoom|par
|
|-weather|Sandstorm|[upkeep]
|-damage|p1a: Gengar|35/100|[from] Sandstorm
|-damage|p2a: Houndoom|58/100 par|[from] Sandstorm
|-heal|p1a: Gengar|42/100|[from] item: Leftovers
|-heal|p2a: Houndoom|64/100 par|[from] item: Leftovers
|upkeep
|turn|6
|
|t:|1730243880
|switch|p2a: Machamp|Machamp, F|9/100
|move|p1a: Gengar|Explosion|p2a: Machamp
|-damage|p2a: Machamp|0 fnt
|faint|p1a: Gengar
|faint|p2a: Machamp
|
|t:|1730243888
|switch|p1a: Forretress|Forretress, M|100/100
|switch|p2a: Breloom|Breloom, M|100/100
|
|-weather|Sandstorm|[upkeep]
|-damage|p2a: Breloom|94/100|[from] Sandstorm
|-heal|p2a: Breloom|100/100|[from] item: Leftovers
|upkeep
|turn|7
|
|t:|1730243894
|switch|p1a: Swampert|Swampert, M|53/100
|move|p2a: Breloom|Spore|p1a: Swampert
|-status|p1a: Swampert|slp|[from] move: Spore
|
|-weather|Sandstorm|[upkeep]
|-damage|p2a: Breloom|94/100|[from] Sandstorm
|-heal|p2a: Breloom|100/100|[from] item: Leftovers
|-heal|p1a: Swampert|59/100 slp|[from] item: Leftovers
|upkeep
|turn|8
|
|t:|1730243900
|switch|p2a: Starmie|Starmie|100/100
|switch|p1a: Forretress|Forretress, M|100/100
|
|-weather|Sandstorm|[upkeep]
|-damage|p2a: Starmie|94/100|[from] Sandstorm
|-heal|p2a: Starmie|100/100|[from] item: Leftovers
|upkeep
|turn|9
|
|t:|1730243905
|switch|p1a: Blissey|Blissey, F|100/100
|move|p2a: Starmie|Hydro Pump|p1a: Blissey
|-damage|p1a: Blissey|77/100
|
|-weather|Sandstorm|[upkeep]
|-damage|p2a: Starmie|94/100|[from] Sandstorm
|-damage|p1a: Blissey|71/100|[from] Sandstorm
|-heal|p2a: Starmie|100/100|[from] item: Leftovers
|-heal|p1a: Blissey|77/100|[from] item: Leftovers
|upkeep
|turn|10
|
|t:|1730243910
|switch|p2a: Snorlax|Snorlax, F|100/100
|move|p1a: Blissey|Seismic Toss|p2a: Snorlax
|-damage|p2a: Snorlax|80/100
|
|-weather|Sandstorm|[upkeep]
|-damage|p1a: Blissey|71/100|[from] Sandstorm
|-damage|p2a: Snorlax|74/100|[from] Sandstorm
|-heal|p1a: Blissey|77/100|[from] item: Leftovers
|-heal|p2a: Snorlax|80/100|[from] item: Leftovers
|upkeep
|turn|11
|
|t:|1730243917
|switch|p2a: Houndoom|Houndoom, F|64/100 par
|move|p1a: Blissey|Wish|p1a: Blissey
|
|-weather|Sandstorm|[upkeep]
|-damage|p1a: Blissey|71/100|[from] Sandstorm
|-damage|p2a: Houndoom|58/100 par|[from] Sandstorm
|-heal|p1a: Blissey|77/100|[from] item: Leftovers
|-heal|p2a: Houndoom|64/100 par|[from] item: Leftovers
|upkeep
|turn|12
|
|t:|1730243924
|move|p1a: Blissey|Seismic Toss|p2a: Houndoom
|-damage|p2a: Houndoom|30/100 par
|move|p2a: Houndoom|Beat Up|p1a: Blissey
|-damage|p1a: Blissey|64/100
|-damage|p1a: Blissey|49/100
|-damage|p1a: Blissey|41/100
|-damage|p1a: Blissey|25/100
|-hitcount|p1a: Blissey|4
|
|-heal|p1a: Blissey|75/100|[from] move: Wish|[wisher] Blissey
|-weather|Sandstorm|[upkeep]
|-damage|p1a: Blissey|69/100|[from] Sandstorm
|-damage|p2a: Houndoom|24/100 par|[from] Sandstorm
|-heal|p1a: Blissey|75/100|[from] item: Leftovers
|-heal|p2a: Houndoom|30/100 par|[from] item: Leftovers
|upkeep
|turn|13
|
|t:|1730243931
|move|p1a: Blissey|Seismic Toss|p2a: Houndoom
|-damage|p2a: Houndoom|0 fnt
|faint|p2a: Houndoom
|
|t:|1730243935
|switch|p2a: Breloom|Breloom, M|100/100
|
|-weather|Sandstorm|[upkeep]
|-damage|p2a: Breloom|94/100|[from] Sandstorm
|-damage|p1a: Blissey|69/100|[from] Sandstorm
|-heal|p2a: Breloom|100/100|[from] item: Leftovers
|-heal|p1a: Blissey|75/100|[from] item: Leftovers
|upkeep
|turn|14
|
|t:|1730243940
|-singleturn|p2a: Breloom|move: Focus Punch
|move|p1a: Blissey|Thunder Wave|p2a: Breloom
|-status|p2a: Breloom|par
|cant|p2a: Breloom|par
|
|-weather|Sandstorm|[upkeep]
|-damage|p1a: Blissey|69/100|[from] Sandstorm
|-damage|p2a: Breloom|94/100 par|[from] Sandstorm
|-heal|p1a: Blissey|75/100|[from] item: Leftovers
|-heal|p2a: Breloom|100/100 par|[from] item: Leftovers
|upkeep
|turn|15
|
|t:|1730243949
|switch|p2a: Snorlax|Snorlax, F|80/100
|move|p1a: Blissey|Seismic Toss|p2a: Snorlax
|-damage|p2a: Snorlax|60/100
|
|-weather|Sandstorm|[upkeep]
|-damage|p1a: Blissey|69/100|[from] Sandstorm
|-damage|p2a: Snorlax|54/100|[from] Sandstorm
|-heal|p1a: Blissey|75/100|[from] item: Leftovers
|-heal|p2a: Snorlax|60/100|[from] item: Leftovers
|upkeep
|turn|16
|c|☆tefoshark|im getting lucky this game sorry
|
|t:|1730243962
|move|p1a: Blissey|Seismic Toss|p2a: Snorlax
|-damage|p2a: Snorlax|40/100
|move|p2a: Snorlax|Curse|p2a: Snorlax
|-unboost|p2a: Snorlax|spe|1
|-boost|p2a: Snorlax|atk|1
|-boost|p2a: Snorlax|def|1
|
|-weather|Sandstorm|[upkeep]
|-damage|p1a: Blissey|69/100|[from] Sandstorm
|-damage|p2a: Snorlax|34/100|[from] Sandstorm
|-heal|p1a: Blissey|75/100|[from] item: Leftovers
|-heal|p2a: Snorlax|40/100|[from] item: Leftovers
|upkeep
|turn|17
|
|t:|1730243968
|move|p1a: Blissey|Seismic Toss|p2a: Snorlax
|-damage|p2a: Snorlax|20/100
|move|p2a: Snorlax|Body Slam|p1a: Blissey
|-damage|p1a: Blissey|29/100
|
|-weather|Sandstorm|[upkeep]
|-damage|p1a: Blissey|22/100|[from] Sandstorm
|-damage|p2a: Snorlax|14/100|[from] Sandstorm
|-heal|p1a: Blissey|29/100|[from] item: Leftovers
|-heal|p2a: Snorlax|20/100|[from] item: Leftovers
|upkeep
|turn|18
|
|t:|1730243980
|switch|p2a: Breloom|Breloom, M|100/100 par
|move|p1a: Blissey|Seismic Toss|p2a: Breloom
|-damage|p2a: Breloom|62/100 par
|
|-weather|Sandstorm|[upkeep]
|-damage|p1a: Blissey|22/100|[from] Sandstorm
|-damage|p2a: Breloom|56/100 par|[from] Sandstorm
|-heal|p1a: Blissey|29/100|[from] item: Leftovers
|-heal|p2a: Breloom|62/100 par|[from] item: Leftovers
|upkeep
|turn|19
|
|t:|1730243985
|switch|p1a: Forretress|Forretress, M|100/100
|cant|p2a: Breloom|par
|
|-weather|Sandstorm|[upkeep]
|-damage|p2a: Breloom|56/100 par|[from] Sandstorm
|-heal|p2a: Breloom|62/100 par|[from] item: Leftovers
|upkeep
|turn|20
|
|t:|1730243991
|move|p1a: Forretress|Spikes|p2a: Breloom
|-sidestart|p2: asbolus verrucosus|Spikes
|move|p2a: Breloom|Sky Uppercut|p1a: Forretress
|-damage|p1a: Forretress|63/100
|
|-weather|Sandstorm|[upkeep]
|-damage|p2a: Breloom|56/100 par|[from] Sandstorm
|-heal|p1a: Forretress|69/100|[from] item: Leftovers
|-heal|p2a: Breloom|62/100 par|[from] item: Leftovers
|upkeep
|turn|21
|
|t:|1730244002
|-singleturn|p2a: Breloom|move: Focus Punch
|move|p1a: Forretress|Earthquake|p2a: Breloom
|-resisted|p2a: Breloom
|-damage|p2a: Breloom|47/100 par
|cant|p2a: Breloom|par
|
|-weather|Sandstorm|[upkeep]
|-damage|p2a: Breloom|41/100 par|[from] Sandstorm
|-heal|p1a: Forretress|76/100|[from] item: Leftovers
|-heal|p2a: Breloom|47/100 par|[from] item: Leftovers
|upkeep
|turn|22
|
|t:|1730244009
|move|p1a: Forretress|Earthquake|p2a: Breloom
|-resisted|p2a: Breloom
|-damage|p2a: Breloom|32/100 par
|move|p2a: Breloom|Sky Uppercut|p1a: Forretress
|-damage|p1a: Forretress|43/100
|
|-weather|Sandstorm|[upkeep]
|-damage|p2a: Breloom|25/100 par|[from] Sandstorm
|-heal|p1a: Forretress|49/100|[from] item: Leftovers
|-heal|p2a: Breloom|32/100 par|[from] item: Leftovers
|upkeep
|turn|23
|
|t:|1730244027
|switch|p1a: Swampert|Swampert, M|59/100 slp
|move|p2a: Breloom|Sky Uppercut|p1a: Swampert
|-damage|p1a: Swampert|23/100 slp
|
|-weather|Sandstorm|[upkeep]
|-damage|p2a: Breloom|25/100 par|[from] Sandstorm
|-heal|p1a: Swampert|29/100 slp|[from] item: Leftovers
|-heal|p2a: Breloom|32/100 par|[from] item: Leftovers
|upkeep
|turn|24
|
|t:|1730244034
|switch|p2a: Snorlax|Snorlax, F|20/100
|-damage|p2a: Snorlax|8/100|[from] Spikes
|cant|p1a: Swampert|slp
|
|-weather|Sandstorm|[upkeep]
|-damage|p2a: Snorlax|1/100|[from] Sandstorm
|-heal|p1a: Swampert|35/100 slp|[from] item: Leftovers
|-heal|p2a: Snorlax|8/100|[from] item: Leftovers
|upkeep
|turn|25
|
|t:|1730244039
|-curestatus|p1a: Swampert|slp|[msg]
|move|p1a: Swampert|Protect|p1a: Swampert
|-singleturn|p1a: Swampert|Protect
|move|p2a: Snorlax|Rest|p2a: Snorlax
|-status|p2a: Snorlax|slp|[from] move: Rest
|-heal|p2a: Snorlax|100/100 slp|[silent]
|
|-weather|Sandstorm|[upkeep]
|-damage|p2a: Snorlax|94/100 slp|[from] Sandstorm
|-heal|p1a: Swampert|42/100|[from] item: Leftovers
|-heal|p2a: Snorlax|100/100 slp|[from] item: Leftovers
|upkeep
|turn|26
|
|t:|1730244048
|switch|p1a: Forretress|Forretress, M|49/100
|switch|p2a: Salamence|Salamence, M|100/100
|-ability|p2a: Salamence|Intimidate|boost
|-unboost|p1a: Forretress|atk|1
|
|-weather|Sandstorm|[upkeep]
|-damage|p2a: Salamence|94/100|[from] Sandstorm
|-heal|p2a: Salamence|100/100|[from] item: Leftovers
|-heal|p1a: Forretress|55/100|[from] item: Leftovers
|upkeep
|turn|27
|
|t:|1730244056
|switch|p1a: Swampert|Swampert, M|42/100
|move|p2a: Salamence|Dragon Dance|p2a: Salamence
|-boost|p2a: Salamence|atk|1
|-boost|p2a: Salamence|spe|1
|
|-weather|Sandstorm|[upkeep]
|-damage|p2a: Salamence|94/100|[from] Sandstorm
|-heal|p2a: Salamence|100/100|[from] item: Leftovers
|-heal|p1a: Swampert|48/100|[from] item: Leftovers
|upkeep
|turn|28
|
|t:|1730244060
|move|p2a: Salamence|Dragon Dance|p2a: Salamence
|-boost|p2a: Salamence|atk|1
|-boost|p2a: Salamence|spe|1
|move|p1a: Swampert|Ice Beam|p2a: Salamence
|-supereffective|p2a: Salamence
|-damage|p2a: Salamence|0 fnt
|faint|p2a: Salamence
|
|t:|1730244072
|switch|p2a: Starmie|Starmie|100/100
|-damage|p2a: Starmie|88/100|[from] Spikes
|
|-weather|Sandstorm|[upkeep]
|-damage|p2a: Starmie|82/100|[from] Sandstorm
|-heal|p2a: Starmie|88/100|[from] item: Leftovers
|-heal|p1a: Swampert|54/100|[from] item: Leftovers
|upkeep
|turn|29
|
|t:|1730244083
|move|p1a: Swampert|Protect|p1a: Swampert
|-singleturn|p1a: Swampert|Protect
|move|p2a: Starmie|Rapid Spin|p1a: Swampert
|-activate|p1a: Swampert|Protect
|
|-weather|Sandstorm|[upkeep]
|-damage|p2a: Starmie|82/100|[from] Sandstorm
|-heal|p2a: Starmie|88/100|[from] item: Leftovers
|-heal|p1a: Swampert|60/100|[from] item: Leftovers
|upkeep
|turn|30
|
|t:|1730244087
|move|p2a: Starmie|Hydro Pump|p1a: Swampert
|-damage|p1a: Swampert|4/100
|move|p1a: Swampert|Earthquake|p2a: Starmie
|-damage|p2a: Starmie|31/100
|
|-weather|Sandstorm|[upkeep]
|-damage|p2a: Starmie|25/100|[from] Sandstorm
|-heal|p2a: Starmie|31/100|[from] item: Leftovers
|-heal|p1a: Swampert|11/100|[from] item: Leftovers
|upkeep
|turn|31
|
|t:|1730244093
|move|p1a: Swampert|Protect|p1a: Swampert
|-singleturn|p1a: Swampert|Protect
|move|p2a: Starmie|Recover|p2a: Starmie
|-heal|p2a: Starmie|81/100
|
|-weather|Sandstorm|[upkeep]
|-damage|p2a: Starmie|75/100|[from] Sandstorm
|-heal|p2a: Starmie|81/100|[from] item: Leftovers
|-heal|p1a: Swampert|17/100|[from] item: Leftovers
|upkeep
|turn|32
|
|t:|1730244100
|move|p2a: Starmie|Ice Beam|p1a: Swampert
|-damage|p1a: Swampert|0 fnt
|faint|p1a: Swampert
|
|t:|1730244105
|switch|p1a: Blissey|Blissey, F|29/100
|
|-weather|Sandstorm|[upkeep]
|-damage|p2a: Starmie|75/100|[from] Sandstorm
|-damage|p1a: Blissey|22/100|[from] Sandstorm
|-heal|p2a: Starmie|81/100|[from] item: Leftovers
|-heal|p1a: Blissey|29/100|[from] item: Leftovers
|upkeep
|turn|33
|
|t:|1730244119
|switch|p2a: Breloom|Breloom, M|32/100 par
|-damage|p2a: Breloom|19/100 par|[from] Spikes
|move|p1a: Blissey|Soft-Boiled|p1a: Blissey
|-heal|p1a: Blissey|78/100
|
|-weather|Sandstorm|[upkeep]
|-damage|p1a: Blissey|72/100|[from] Sandstorm
|-damage|p2a: Breloom|13/100 par|[from] Sandstorm
|-heal|p1a: Blissey|78/100|[from] item: Leftovers
|-heal|p2a: Breloom|19/100 par|[from] item: Leftovers
|upkeep
|turn|34
|
|t:|1730244125
|cant|p2a: Breloom|par
|move|p1a: Blissey|Seismic Toss|p2a: Breloom
|-damage|p2a: Breloom|0 fnt
|faint|p2a: Breloom
|
|t:|1730244129
|switch|p2a: Snorlax|Snorlax, F|100/100 slp
|-damage|p2a: Snorlax|88/100 slp|[from] Spikes
|
|-weather|Sandstorm|[upkeep]
|-damage|p1a: Blissey|72/100|[from] Sandstorm
|-damage|p2a: Snorlax|82/100 slp|[from] Sandstorm
|-heal|p1a: Blissey|78/100|[from] item: Leftovers
|-heal|p2a: Snorlax|88/100 slp|[from] item: Leftovers
|upkeep
|turn|35
|
|t:|1730244135
|switch|p1a: Forretress|Forretress, M|55/100
|cant|p2a: Snorlax|slp
|
|-weather|Sandstorm|[upkeep]
|-damage|p2a: Snorlax|82/100 slp|[from] Sandstorm
|-heal|p1a: Forretress|62/100|[from] item: Leftovers
|-heal|p2a: Snorlax|88/100 slp|[from] item: Leftovers
|upkeep
|turn|36
|
|t:|1730244139
|move|p1a: Forretress|Explosion|p2a: Snorlax
|-damage|p2a: Snorlax|7/100 slp
|faint|p1a: Forretress
|
|t:|1730244142
|switch|p1a: Dugtrio|Dugtrio, M|100/100
|
|-weather|Sandstorm|[upkeep]
|-damage|p2a: Snorlax|0 fnt|[from] Sandstorm
|faint|p2a: Snorlax
|upkeep
|
|t:|1730244146
|switch|p2a: Starmie|Starmie|81/100
|-damage|p2a: Starmie|68/100|[from] Spikes
|turn|37
|
|t:|1730244148
|move|p1a: Dugtrio|Hidden Power|p2a: Starmie
|-supereffective|p2a: Starmie
|-damage|p2a: Starmie|0 fnt
|faint|p2a: Starmie
|
|win|tefoshark
|c|☆tefoshark|gg
|c|☆asbolus verrucosus|yeah whatev
|c|☆asbolus verrucosus|gg
|c|☆tefoshark|sorry for the hax
|player|p2|

</script>
<script type="application/json" class="data" id="replaydata-smogtours-gen3ou-803381">
{"id":"smogtours-gen3ou-803381","format":"[Gen 3] OU","players":["tefoshark","asbolus verrucosus"],"uploadtime":1730244148,"views":60,"formatid":"gen3ou","rating":null,"private":0,"password":null}
</script>

<script defer src="js/replays.js?9d40a366"></script>
