<!DOCTYPE html>
<meta charset="utf-8" />
<meta name="viewport" content="width=device-width" />

<title>[Gen 3] OU: mobjamin vs. Jahim the Cream - Replays - Pok&eacute;mon Showdown!</title>

<meta name="description" content="Watch a replay of a Pok&eacute;mon battle between mobjamin and Jahim the Cream! Format: [Gen 3] OU; Date: Oct 12, 2024" />
<!--

Hey, you! Looking in the source for the replay log?

You can find them in JSON format, just add `.json` at the end of a replay URL.

https://replay.pokemonshowdown.com/gen7randomdoublesbattle-865046831.json

Or, if you only need the log itself, add `.log` instead:

https://replay.pokemonshowdown.com/gen7randomdoublesbattle-865046831.log

-->

<link rel="stylesheet" href="//pokemonshowdown.com/style/global.css?0.023195364461161105" />
<link rel="stylesheet" href="//play.pokemonshowdown.com/style/font-awesome.css?0.13261647063804238" />
<link rel="stylesheet" href="//play.pokemonshowdown.com/style/battle.css?0.8753245789963631" />
<link rel="stylesheet" href="//play.pokemonshowdown.com/style/utilichart.css?0.8627959624976733" />

<!-- Global site tag (gtag.js) - Google Analytics -->
<script async src="https://www.googletagmanager.com/gtag/js?id=UA-26211653-1"></script>
<script>
  window.dataLayer = window.dataLayer || [];
  function gtag(){dataLayer.push(arguments);}
  gtag('js', new Date());

  gtag('config', 'UA-26211653-1');
</script>
<!-- End Google Analytics -->
<!-- Venatus Ad Manager - Install in <HEAD> of page -->
	<script src="https://hb.vntsm.com/v3/live/ad-manager.min.js" type="text/javascript" data-site-id="642aba63ec9a7b11c3c9c1be" data-mode="scan" async></script>
<!-- / Venatus Ad Manager -->

<style>
	@media (max-width:820px) {
		.battle {
			margin: 0 auto;
		}
		.battle-log {
			margin: 7px auto 0;
			max-width: 640px;
			height: 300px;
			position: static;
		}
	}
	.optgroup {
		display: inline-block;
		line-height: 22px;
		font-size: 10pt;
	}
	.optgroup .button {
		height: 25px;
		padding-top: 0;
		padding-bottom: 0;
	}
	.optgroup button.button {
		padding-left: 12px;
		padding-right: 12px;
	}
	.linklist {
		list-style: none;
		margin: 0.5em 0;
		padding: 0;
	}
	.linklist li {
		padding: 2px 0;
	}
	.sidebar {
		float: left;
		width: 320px;
	}
	.bar-wrapper {
		max-width: 1100px;
		margin: 0 auto;
	}
	.bar-wrapper.has-sidebar {
		max-width: 1430px;
	}
	.mainbar {
		margin: 0;
		padding-right: 1px;
	}
	.mainbar.has-sidebar {
		margin-left: 330px;
	}
	@media (min-width: 1511px) {
		.sidebar {
			width: 400px;
		}
		.bar-wrapper.has-sidebar {
			max-width: 1510px;
		}
		.mainbar.has-sidebar {
			margin-left: 410px;
		}
	}
	.section.first-section {
		margin-top: 9px;
	}
	.blocklink small {
		white-space: normal;
	}
	.button {
		vertical-align: middle;
	}
	.replay-controls {
		padding-top: 10px;
	}
	.replay-controls h1 {
		font-size: 16pt;
		font-weight: normal;
		color: #CCC;
	}
	.pagelink {
		text-align: center;
	}
	.pagelink a {
		width: 150px;
	}
	.textbox, .button {
		font-size: 11pt;
		vertical-align: middle;
	}
	@media (max-width: 450px) {
		.button {
			font-size: 9pt;
		}
	}
</style>

<div>

	<header>
		<div class="nav-wrapper"><ul class="nav">
			<li><a class="button nav-first" href="//pokemonshowdown.com/"><img src="//pokemonshowdown.com/images/pokemonshowdownbeta.png" srcset="//pokemonshowdown.com/images/pokemonshowdownbeta.png 1x, //pokemonshowdown.com/images/pokemonshowdownbeta@2x.png 2x" alt="Pok&eacute;mon Showdown" width="146" height="44" /> Home</a></li>
			<li><a class="button" href="//pokemonshowdown.com/dex/">Pok&eacute;dex</a></li>
			<li><a class="button cur" href="/">Replays</a></li>
			<li><a class="button" href="//pokemonshowdown.com/ladder/">Ladder</a></li>
			<li><a class="button nav-last" href="//pokemonshowdown.com/forums/">Forum</a></li>
			<li><a class="button greenbutton nav-first nav-last" href="//play.pokemonshowdown.com/">Play</a></li>
		</ul></div>
	</header>

	<div class="main" id="main">

		<noscript><section class="section">You need to enable JavaScript to use this page; sorry!</section></noscript>

	</div>

</div>

<script defer nomodule src="//play.pokemonshowdown.com/js/lib/ps-polyfill.js"></script>
<script defer src="//play.pokemonshowdown.com/js/lib/preact.min.js"></script>

<script defer src="//play.pokemonshowdown.com/config/config.js?2bddbc15"></script>
<script defer src="//play.pokemonshowdown.com/js/lib/jquery-1.11.0.min.js"></script>
<script defer src="//play.pokemonshowdown.com/js/lib/html-sanitizer-minified.js"></script>
<script defer src="//play.pokemonshowdown.com/js/battle-sound.js"></script>
<script defer src="//play.pokemonshowdown.com/js/battledata.js?0.7209276989879541"></script>
<script defer src="//play.pokemonshowdown.com/data/pokedex-mini.js?0.6111056340867951"></script>
<script defer src="//play.pokemonshowdown.com/data/pokedex-mini-bw.js?0.3532142036491459"></script>
<script defer src="//play.pokemonshowdown.com/data/graphics.js?0.24223875632456182"></script>
<script defer src="//play.pokemonshowdown.com/data/pokedex.js?0.38839984266356864"></script>
<script defer src="//play.pokemonshowdown.com/data/moves.js?0.21866028504024015"></script>
<script defer src="//play.pokemonshowdown.com/data/abilities.js?0.2005157953846628"></script>
<script defer src="//play.pokemonshowdown.com/data/items.js?0.9894211263848525"></script>
<script defer src="//play.pokemonshowdown.com/data/teambuilder-tables.js?0.6008791140282215"></script>
<script defer src="//play.pokemonshowdown.com/js/battle-tooltips.js?0.7580118955022959"></script>
<script defer src="//play.pokemonshowdown.com/js/battle.js?0.6057722274234274"></script>

<script defer src="js/utils.js?e31f9a17"></script>
<script defer src="js/replays-battle.js?7008c182"></script>

<!-- don't scrape this data! just add .json or .log after the URL!
Full API docs: https://github.com/smogon/pokemon-showdown-client/blob/master/WEB-API.md -->
<script type="text/plain" class="log" id="replaylog-smogtours-gen3ou-797556">
|inactive|Battle timer is ON: inactive players will automatically lose when time's up.
|t:|1728751022
|gametype|singles
|player|p1|mobjamin|170|
|player|p2|Jahim the Cream|1|
|teamsize|p1|6
|teamsize|p2|6
|gen|3
|tier|[Gen 3] OU
|rule|Sleep Clause Mod: Limit one foe put to sleep
|rule|Switch Priority Clause Mod: Faster Pokémon switch first
|rule|Species Clause: Limit one of each Pokémon
|rule|OHKO Clause: OHKO moves are banned
|rule|Evasion Items Clause: Evasion items are banned
|rule|Evasion Moves Clause: Evasion moves are banned
|rule|Endless Battle Clause: Forcing endless battles is banned
|rule|HP Percentage Mod: HP is shown in percentages
|rule|One Boost Passer Clause: Limit one Baton Passer that has a way to boost its stats
|rule|Freeze Clause Mod: Limit one foe frozen
|
|t:|1728751022
|start
|switch|p1a: Regice|Regice|100/100
|switch|p2a: Skarmory|Skarmory, F|100/100
|turn|1
|c|☆Jahim the Cream|hf
|
|t:|1728751046
|move|p2a: Skarmory|Spikes|p1a: Regice
|-sidestart|p1: mobjamin|Spikes
|move|p1a: Regice|Thunderbolt|p2a: Skarmory
|-supereffective|p2a: Skarmory
|-damage|p2a: Skarmory|49/100
|
|-heal|p2a: Skarmory|55/100|[from] item: Leftovers
|upkeep
|turn|2
|
|t:|1728751051
|switch|p1a: Forretress|Forretress, M|100/100
|-damage|p1a: Forretress|88/100|[from] Spikes
|move|p2a: Skarmory|Protect||[still]
|-fail|p2a: Skarmory
|
|-heal|p2a: Skarmory|61/100|[from] item: Leftovers
|-heal|p1a: Forretress|94/100|[from] item: Leftovers
|upkeep
|turn|3
|
|t:|1728751059
|move|p2a: Skarmory|Spikes|p1a: Forretress
|-sidestart|p1: mobjamin|Spikes
|move|p1a: Forretress|Rapid Spin|p2a: Skarmory
|-resisted|p2a: Skarmory
|-damage|p2a: Skarmory|59/100
|-sideend|p1: mobjamin|Spikes|[from] move: Rapid Spin|[of] p1a: Forretress
|
|-heal|p2a: Skarmory|65/100|[from] item: Leftovers
|-heal|p1a: Forretress|100/100|[from] item: Leftovers
|upkeep
|turn|4
|
|t:|1728751062
|move|p2a: Skarmory|Spikes|p1a: Forretress
|-sidestart|p1: mobjamin|Spikes
|move|p1a: Forretress|Spikes|p2a: Skarmory
|-sidestart|p2: Jahim the Cream|Spikes
|
|-heal|p2a: Skarmory|71/100|[from] item: Leftovers
|upkeep
|turn|5
|
|t:|1728751067
|switch|p2a: Gengar|Gengar, F|100/100
|move|p1a: Forretress|Spikes|p2a: Gengar
|-sidestart|p2: Jahim the Cream|Spikes
|
|upkeep
|turn|6
|
|t:|1728751075
|switch|p1a: Regice|Regice|100/100
|-damage|p1a: Regice|88/100|[from] Spikes
|move|p2a: Gengar|Will-O-Wisp|p1a: Regice|[miss]
|-miss|p2a: Gengar|p1a: Regice
|
|-heal|p1a: Regice|94/100|[from] item: Leftovers
|upkeep
|turn|7
|
|t:|1728751080
|move|p2a: Gengar|Will-O-Wisp|p1a: Regice|[miss]
|-miss|p2a: Gengar|p1a: Regice
|move|p1a: Regice|Ice Beam|p2a: Gengar
|-damage|p2a: Gengar|50/100
|
|-heal|p2a: Gengar|56/100|[from] item: Leftovers
|-heal|p1a: Regice|99/100|[from] item: Leftovers
|upkeep
|turn|8
|
|t:|1728751082
|move|p2a: Gengar|Will-O-Wisp|p1a: Regice
|-status|p1a: Regice|brn
|move|p1a: Regice|Ice Beam|p2a: Gengar
|-damage|p2a: Gengar|1/100
|
|-heal|p2a: Gengar|7/100|[from] item: Leftovers
|-heal|p1a: Regice|100/100 brn|[from] item: Leftovers
|-damage|p1a: Regice|88/100 brn|[from] brn
|upkeep
|turn|9
|
|t:|1728751091
|switch|p2a: Blissey|Blissey, F, shiny|100/100
|-damage|p2a: Blissey|84/100|[from] Spikes
|switch|p1a: Forretress|Forretress, M|100/100
|-damage|p1a: Forretress|88/100|[from] Spikes
|
|-heal|p2a: Blissey|90/100|[from] item: Leftovers
|-heal|p1a: Forretress|94/100|[from] item: Leftovers
|upkeep
|turn|10
|
|t:|1728751095
|switch|p1a: Regice|Regice|88/100 brn
|-damage|p1a: Regice|76/100 brn|[from] Spikes
|move|p2a: Blissey|Fire Blast|p1a: Regice
|-supereffective|p1a: Regice
|-damage|p1a: Regice|45/100 brn
|
|-heal|p2a: Blissey|96/100|[from] item: Leftovers
|-heal|p1a: Regice|51/100 brn|[from] item: Leftovers
|-damage|p1a: Regice|38/100 brn|[from] brn
|upkeep
|turn|11
|
|t:|1728751113
|move|p2a: Blissey|Fire Blast|p1a: Regice
|-supereffective|p1a: Regice
|-damage|p1a: Regice|8/100 brn
|move|p1a: Regice|Rest|p1a: Regice
|-status|p1a: Regice|slp|[from] move: Rest
|-heal|p1a: Regice|100/100 slp|[silent]
|
|-heal|p2a: Blissey|100/100|[from] item: Leftovers
|upkeep
|turn|12
|
|t:|1728751119
|switch|p2a: Tyranitar|Tyranitar, F|100/100
|-damage|p2a: Tyranitar|84/100|[from] Spikes
|-weather|Sandstorm|[from] ability: Sand Stream|[of] p2a: Tyranitar
|switch|p1a: Miltank|Miltank, F|100/100
|-damage|p1a: Miltank|88/100|[from] Spikes
|
|-weather|Sandstorm|[upkeep]
|-damage|p1a: Miltank|82/100|[from] Sandstorm
|-heal|p1a: Miltank|88/100|[from] item: Leftovers
|-heal|p2a: Tyranitar|90/100|[from] item: Leftovers
|upkeep
|turn|13
|
|t:|1728751124
|-singleturn|p2a: Tyranitar|move: Focus Punch
|switch|p1a: Donphan|Donphan, F|100/100
|-damage|p1a: Donphan|88/100|[from] Spikes
|move|p2a: Tyranitar|Focus Punch|p1a: Donphan
|-damage|p1a: Donphan|54/100
|
|-weather|Sandstorm|[upkeep]
|-heal|p2a: Tyranitar|96/100|[from] item: Leftovers
|-heal|p1a: Donphan|60/100|[from] item: Leftovers
|upkeep
|turn|14
|
|t:|1728751131
|switch|p2a: Gengar|Gengar, F|7/100
|move|p1a: Donphan|Hidden Power|p2a: Gengar
|-damage|p2a: Gengar|0 fnt
|faint|p2a: Gengar
|
|t:|1728751136
|switch|p2a: Starmie|Starmie|100/100
|-damage|p2a: Starmie|84/100|[from] Spikes
|
|-weather|Sandstorm|[upkeep]
|-damage|p2a: Starmie|78/100|[from] Sandstorm
|-heal|p2a: Starmie|84/100|[from] item: Leftovers
|-heal|p1a: Donphan|67/100|[from] item: Leftovers
|upkeep
|turn|15
|
|t:|1728751141
|switch|p1a: Regice|Regice|100/100 slp
|-damage|p1a: Regice|88/100 slp|[from] Spikes
|move|p2a: Starmie|Rapid Spin|p1a: Regice
|-damage|p1a: Regice|85/100 slp
|-sideend|p2: Jahim the Cream|Spikes|[from] move: Rapid Spin|[of] p2a: Starmie
|
|-weather|Sandstorm|[upkeep]
|-damage|p2a: Starmie|78/100|[from] Sandstorm
|-damage|p1a: Regice|79/100 slp|[from] Sandstorm
|-heal|p2a: Starmie|84/100|[from] item: Leftovers
|-heal|p1a: Regice|85/100 slp|[from] item: Leftovers
|upkeep
|turn|16
|
|t:|1728751150
|switch|p2a: Tyranitar|Tyranitar, F|96/100
|switch|p1a: Miltank|Miltank, F|88/100
|-damage|p1a: Miltank|76/100|[from] Spikes
|
|-weather|Sandstorm|[upkeep]
|-damage|p1a: Miltank|70/100|[from] Sandstorm
|-heal|p1a: Miltank|76/100|[from] item: Leftovers
|-heal|p2a: Tyranitar|100/100|[from] item: Leftovers
|upkeep
|turn|17
|
|t:|1728751164
|move|p1a: Miltank|Body Slam|p2a: Tyranitar
|-resisted|p2a: Tyranitar
|-damage|p2a: Tyranitar|91/100
|-status|p2a: Tyranitar|par
|move|p2a: Tyranitar|Rock Slide|p1a: Miltank
|-damage|p1a: Miltank|38/100
|
|-weather|Sandstorm|[upkeep]
|-damage|p1a: Miltank|31/100|[from] Sandstorm
|-heal|p1a: Miltank|38/100|[from] item: Leftovers
|-heal|p2a: Tyranitar|97/100 par|[from] item: Leftovers
|upkeep
|turn|18
|
|t:|1728751173
|move|p1a: Miltank|Heal Bell|p1a: Miltank
|-activate|p1a: Miltank|move: Heal Bell
|-curestatus|p1: Regice|slp|[silent]
|move|p2a: Tyranitar|Rock Slide|p1a: Miltank|[miss]
|-miss|p2a: Tyranitar|p1a: Miltank
|
|-weather|Sandstorm|[upkeep]
|-damage|p1a: Miltank|31/100|[from] Sandstorm
|-heal|p1a: Miltank|38/100|[from] item: Leftovers
|-heal|p2a: Tyranitar|100/100 par|[from] item: Leftovers
|upkeep
|turn|19
|
|t:|1728751176
|-singleturn|p2a: Tyranitar|move: Focus Punch
|move|p1a: Miltank|Milk Drink|p1a: Miltank
|-heal|p1a: Miltank|88/100
|cant|p2a: Tyranitar|par
|
|-weather|Sandstorm|[upkeep]
|-damage|p1a: Miltank|81/100|[from] Sandstorm
|-heal|p1a: Miltank|88/100|[from] item: Leftovers
|upkeep
|turn|20
|
|t:|1728751182
|switch|p1a: Forretress|Forretress, M|94/100
|-damage|p1a: Forretress|82/100|[from] Spikes
|move|p2a: Tyranitar|Rock Slide|p1a: Forretress
|-damage|p1a: Forretress|51/100
|
|-weather|Sandstorm|[upkeep]
|-heal|p1a: Forretress|58/100|[from] item: Leftovers
|upkeep
|turn|21
|
|t:|1728751191
|switch|p2a: Starmie|Starmie|84/100
|move|p1a: Forretress|Rapid Spin|p2a: Starmie
|-damage|p2a: Starmie|78/100
|-sideend|p1: mobjamin|Spikes|[from] move: Rapid Spin|[of] p1a: Forretress
|
|-weather|Sandstorm|[upkeep]
|-damage|p2a: Starmie|71/100|[from] Sandstorm
|-heal|p2a: Starmie|78/100|[from] item: Leftovers
|-heal|p1a: Forretress|64/100|[from] item: Leftovers
|upkeep
|turn|22
|
|t:|1728751194
|move|p2a: Starmie|Hydro Pump|p1a: Forretress
|-damage|p1a: Forretress|11/100
|move|p1a: Forretress|Hidden Power|p2a: Starmie
|-supereffective|p2a: Starmie
|-crit|p2a: Starmie
|-damage|p2a: Starmie|0 fnt
|faint|p2a: Starmie
|
|t:|1728751204
|switch|p2a: Swampert|Swampert, F|100/100
|
|-weather|Sandstorm|[upkeep]
|-heal|p1a: Forretress|17/100|[from] item: Leftovers
|upkeep
|turn|23
|
|t:|1728751209
|switch|p1a: Regice|Regice|85/100
|move|p2a: Swampert|Hydro Pump|p1a: Regice
|-damage|p1a: Regice|66/100
|
|-weather|Sandstorm|[upkeep]
|-damage|p1a: Regice|59/100|[from] Sandstorm
|-heal|p1a: Regice|66/100|[from] item: Leftovers
|upkeep
|turn|24
|
|t:|1728751212
|move|p2a: Swampert|Earthquake|p1a: Regice
|-crit|p1a: Regice
|-damage|p1a: Regice|0 fnt
|faint|p1a: Regice
|
|t:|1728751216
|switch|p1a: Moltres|Moltres|100/100
|
|-weather|Sandstorm|[upkeep]
|-damage|p1a: Moltres|94/100|[from] Sandstorm
|-heal|p1a: Moltres|100/100|[from] item: Leftovers
|upkeep
|turn|25
|
|t:|1728751221
|switch|p2a: Tyranitar|Tyranitar, F|100/100 par
|move|p1a: Moltres|Will-O-Wisp||[still]
|-fail|p1a: Moltres
|
|-weather|Sandstorm|[upkeep]
|-damage|p1a: Moltres|94/100|[from] Sandstorm
|-heal|p1a: Moltres|100/100|[from] item: Leftovers
|upkeep
|turn|26
|
|t:|1728751227
|switch|p1a: Forretress|Forretress, M|17/100
|move|p2a: Tyranitar|Rock Slide|p1a: Forretress
|-crit|p1a: Forretress
|-damage|p1a: Forretress|0 fnt
|faint|p1a: Forretress
|
|t:|1728751230
|switch|p1a: Donphan|Donphan, F|67/100
|
|-weather|Sandstorm|[upkeep]
|-heal|p1a: Donphan|73/100|[from] item: Leftovers
|upkeep
|turn|27
|
|t:|1728751235
|switch|p2a: Skarmory|Skarmory, F|71/100
|move|p1a: Donphan|Earthquake|p2a: Skarmory
|-immune|p2a: Skarmory
|
|-weather|Sandstorm|[upkeep]
|-heal|p2a: Skarmory|77/100|[from] item: Leftovers
|-heal|p1a: Donphan|79/100|[from] item: Leftovers
|upkeep
|turn|28
|
|t:|1728751239
|switch|p1a: Moltres|Moltres|100/100
|move|p2a: Skarmory|Spikes|p1a: Moltres
|-sidestart|p1: mobjamin|Spikes
|
|-weather|Sandstorm|[upkeep]
|-damage|p1a: Moltres|94/100|[from] Sandstorm
|-heal|p1a: Moltres|100/100|[from] item: Leftovers
|-heal|p2a: Skarmory|83/100|[from] item: Leftovers
|upkeep
|turn|29
|
|t:|1728751243
|move|p2a: Skarmory|Protect|p2a: Skarmory
|-singleturn|p2a: Skarmory|Protect
|move|p1a: Moltres|Flamethrower|p2a: Skarmory
|-activate|p2a: Skarmory|Protect
|
|-weather|Sandstorm|[upkeep]
|-damage|p1a: Moltres|94/100|[from] Sandstorm
|-heal|p1a: Moltres|100/100|[from] item: Leftovers
|-heal|p2a: Skarmory|89/100|[from] item: Leftovers
|upkeep
|turn|30
|
|t:|1728751247
|switch|p2a: Tyranitar|Tyranitar, F|100/100 par
|move|p1a: Moltres|Flamethrower|p2a: Tyranitar
|-resisted|p2a: Tyranitar
|-damage|p2a: Tyranitar|81/100 par
|
|-weather|Sandstorm|[upkeep]
|-damage|p1a: Moltres|94/100|[from] Sandstorm
|-heal|p1a: Moltres|100/100|[from] item: Leftovers
|-heal|p2a: Tyranitar|87/100 par|[from] item: Leftovers
|upkeep
|turn|31
|
|t:|1728751251
|move|p1a: Moltres|Hidden Power|p2a: Tyranitar
|-supereffective|p2a: Tyranitar
|-damage|p2a: Tyranitar|50/100 par
|move|p2a: Tyranitar|Rock Slide|p1a: Moltres
|-supereffective|p1a: Moltres
|-damage|p1a: Moltres|0 fnt
|faint|p1a: Moltres
|
|t:|1728751258
|switch|p1a: Donphan|Donphan, F|79/100
|-damage|p1a: Donphan|67/100|[from] Spikes
|
|-weather|Sandstorm|[upkeep]
|-heal|p1a: Donphan|73/100|[from] item: Leftovers
|-heal|p2a: Tyranitar|56/100 par|[from] item: Leftovers
|upkeep
|turn|32
|inactive|Jahim the Cream has 270 seconds left.
|
|t:|1728751290
|switch|p1a: Miltank|Miltank, F|88/100
|-damage|p1a: Miltank|75/100|[from] Spikes
|switch|p2a: Skarmory|Skarmory, F|89/100
|
|-weather|Sandstorm|[upkeep]
|-damage|p1a: Miltank|69/100|[from] Sandstorm
|-heal|p1a: Miltank|75/100|[from] item: Leftovers
|-heal|p2a: Skarmory|95/100|[from] item: Leftovers
|upkeep
|turn|33
|
|t:|1728751297
|move|p1a: Miltank|Thunder Wave|p2a: Skarmory
|-status|p2a: Skarmory|par
|move|p2a: Skarmory|Spikes|p1a: Miltank
|-sidestart|p1: mobjamin|Spikes
|
|-weather|Sandstorm|[upkeep]
|-damage|p1a: Miltank|69/100|[from] Sandstorm
|-heal|p1a: Miltank|75/100|[from] item: Leftovers
|-heal|p2a: Skarmory|100/100 par|[from] item: Leftovers
|upkeep
|turn|34
|
|t:|1728751301
|switch|p1a: Aerodactyl|Aerodactyl, F|100/100
|move|p2a: Skarmory|Spikes|p1a: Aerodactyl
|-sidestart|p1: mobjamin|Spikes
|
|-weather|Sandstorm|[upkeep]
|upkeep
|turn|35
|
|t:|1728751308
|move|p1a: Aerodactyl|Rock Slide|p2a: Skarmory
|-damage|p2a: Skarmory|63/100 par
|cant|p2a: Skarmory|flinch
|
|-weather|Sandstorm|[upkeep]
|-heal|p2a: Skarmory|69/100 par|[from] item: Leftovers
|upkeep
|turn|36
|
|t:|1728751315
|switch|p1a: Donphan|Donphan, F|73/100
|-damage|p1a: Donphan|48/100|[from] Spikes
|move|p2a: Skarmory|Toxic|p1a: Donphan|[miss]
|-miss|p2a: Skarmory|p1a: Donphan
|
|-weather|Sandstorm|[upkeep]
|-heal|p1a: Donphan|54/100|[from] item: Leftovers
|-heal|p2a: Skarmory|75/100 par|[from] item: Leftovers
|upkeep
|turn|37
|
|t:|1728751324
|move|p1a: Donphan|Hidden Power|p2a: Skarmory
|-damage|p2a: Skarmory|59/100 par
|move|p2a: Skarmory|Toxic|p1a: Donphan
|-status|p1a: Donphan|tox
|
|-weather|Sandstorm|[upkeep]
|-heal|p1a: Donphan|60/100 tox|[from] item: Leftovers
|-damage|p1a: Donphan|54/100 tox|[from] psn
|-heal|p2a: Skarmory|65/100 par|[from] item: Leftovers
|upkeep
|turn|38
|
|t:|1728751327
|move|p2a: Skarmory|Protect|p2a: Skarmory
|-singleturn|p2a: Skarmory|Protect
|move|p1a: Donphan|Hidden Power|p2a: Skarmory
|-activate|p2a: Skarmory|Protect
|
|-weather|Sandstorm|[upkeep]
|-heal|p1a: Donphan|60/100 tox|[from] item: Leftovers
|-damage|p1a: Donphan|48/100 tox|[from] psn
|-heal|p2a: Skarmory|71/100 par|[from] item: Leftovers
|upkeep
|turn|39
|
|t:|1728751332
|move|p1a: Donphan|Hidden Power|p2a: Skarmory
|-crit|p2a: Skarmory
|-damage|p2a: Skarmory|43/100 par
|cant|p2a: Skarmory|par
|
|-weather|Sandstorm|[upkeep]
|-heal|p1a: Donphan|54/100 tox|[from] item: Leftovers
|-damage|p1a: Donphan|35/100 tox|[from] psn
|-heal|p2a: Skarmory|49/100 par|[from] item: Leftovers
|upkeep
|turn|40
|
|t:|1728751335
|move|p2a: Skarmory|Protect|p2a: Skarmory
|-singleturn|p2a: Skarmory|Protect
|move|p1a: Donphan|Hidden Power|p2a: Skarmory
|-activate|p2a: Skarmory|Protect
|
|-weather|Sandstorm|[upkeep]
|-heal|p1a: Donphan|42/100 tox|[from] item: Leftovers
|-damage|p1a: Donphan|17/100 tox|[from] psn
|-heal|p2a: Skarmory|55/100 par|[from] item: Leftovers
|upkeep
|turn|41
|
|t:|1728751338
|move|p1a: Donphan|Hidden Power|p2a: Skarmory
|-damage|p2a: Skarmory|39/100 par
|move|p2a: Skarmory|Roar|p1a: Donphan
|drag|p1a: Aerodactyl|Aerodactyl, F|100/100
|
|-weather|Sandstorm|[upkeep]
|-heal|p2a: Skarmory|45/100 par|[from] item: Leftovers
|upkeep
|turn|42
|
|t:|1728751342
|move|p1a: Aerodactyl|Rock Slide|p2a: Skarmory
|-damage|p2a: Skarmory|6/100 par
|cant|p2a: Skarmory|flinch
|
|-weather|Sandstorm|[upkeep]
|-heal|p2a: Skarmory|12/100 par|[from] item: Leftovers
|upkeep
|turn|43
|
|t:|1728751347
|switch|p1a: Donphan|Donphan, F|17/100 tox
|-damage|p1a: Donphan|0 fnt|[from] Spikes
|faint|p1a: Donphan
|
|t:|1728751352
|switch|p1a: Aerodactyl|Aerodactyl, F|100/100
|
|-weather|Sandstorm|[upkeep]
|-heal|p2a: Skarmory|18/100 par|[from] item: Leftovers
|upkeep
|turn|44
|
|t:|1728751358
|move|p1a: Aerodactyl|Rock Slide|p2a: Skarmory
|-damage|p2a: Skarmory|0 fnt
|faint|p2a: Skarmory
|
|t:|1728751361
|switch|p2a: Swampert|Swampert, F|100/100
|
|-weather|Sandstorm|[upkeep]
|upkeep
|turn|45
|
|t:|1728751364
|switch|p1a: Miltank|Miltank, F|75/100
|-damage|p1a: Miltank|50/100|[from] Spikes
|move|p2a: Swampert|Hydro Pump|p1a: Miltank
|-damage|p1a: Miltank|7/100
|
|-weather|Sandstorm|[upkeep]
|-damage|p1a: Miltank|0 fnt|[from] Sandstorm
|faint|p1a: Miltank
|upkeep
|
|t:|1728751366
|switch|p1a: Aerodactyl|Aerodactyl, F|100/100
|turn|46
|
|t:|1728751369
|move|p1a: Aerodactyl|Double-Edge|p2a: Swampert
|-damage|p2a: Swampert|60/100
|move|p2a: Swampert|Hydro Pump|p1a: Aerodactyl
|-supereffective|p1a: Aerodactyl
|-damage|p1a: Aerodactyl|0 fnt
|faint|p1a: Aerodactyl
|
|win|Jahim the Cream
|player|p1|

</script>
<script type="application/json" class="data" id="replaydata-smogtours-gen3ou-797556">
{"id":"smogtours-gen3ou-797556","format":"[Gen 3] OU","players":["mobjamin","Jahim the Cream"],"uploadtime":1728751369,"views":77,"formatid":"gen3ou","rating":null,"private":0,"password":null}
</script>

<script defer src="js/replays.js?9d40a366"></script>
