<!DOCTYPE html>
<meta charset="utf-8" />
<meta name="viewport" content="width=device-width" />

<title>[Gen 3] OU: Void vs. Depres_ionCher_y - Replays - Pok&eacute;mon Showdown!</title>

<meta name="description" content="Watch a replay of a Pok&eacute;mon battle between Void and Depres_ionCher_y! Format: [Gen 3] OU; Date: Oct 9, 2024" />
<!--

Hey, you! Looking in the source for the replay log?

You can find them in JSON format, just add `.json` at the end of a replay URL.

https://replay.pokemonshowdown.com/gen7randomdoublesbattle-865046831.json

Or, if you only need the log itself, add `.log` instead:

https://replay.pokemonshowdown.com/gen7randomdoublesbattle-865046831.log

-->

<link rel="stylesheet" href="//pokemonshowdown.com/style/global.css?0.023195364461161105" />
<link rel="stylesheet" href="//play.pokemonshowdown.com/style/font-awesome.css?0.13261647063804238" />
<link rel="stylesheet" href="//play.pokemonshowdown.com/style/battle.css?0.8753245789963631" />
<link rel="stylesheet" href="//play.pokemonshowdown.com/style/utilichart.css?0.8627959624976733" />

<!-- Global site tag (gtag.js) - Google Analytics -->
<script async src="https://www.googletagmanager.com/gtag/js?id=UA-26211653-1"></script>
<script>
  window.dataLayer = window.dataLayer || [];
  function gtag(){dataLayer.push(arguments);}
  gtag('js', new Date());

  gtag('config', 'UA-26211653-1');
</script>
<!-- End Google Analytics -->
<!-- Venatus Ad Manager - Install in <HEAD> of page -->
	<script src="https://hb.vntsm.com/v3/live/ad-manager.min.js" type="text/javascript" data-site-id="642aba63ec9a7b11c3c9c1be" data-mode="scan" async></script>
<!-- / Venatus Ad Manager -->

<style>
	@media (max-width:820px) {
		.battle {
			margin: 0 auto;
		}
		.battle-log {
			margin: 7px auto 0;
			max-width: 640px;
			height: 300px;
			position: static;
		}
	}
	.optgroup {
		display: inline-block;
		line-height: 22px;
		font-size: 10pt;
	}
	.optgroup .button {
		height: 25px;
		padding-top: 0;
		padding-bottom: 0;
	}
	.optgroup button.button {
		padding-left: 12px;
		padding-right: 12px;
	}
	.linklist {
		list-style: none;
		margin: 0.5em 0;
		padding: 0;
	}
	.linklist li {
		padding: 2px 0;
	}
	.sidebar {
		float: left;
		width: 320px;
	}
	.bar-wrapper {
		max-width: 1100px;
		margin: 0 auto;
	}
	.bar-wrapper.has-sidebar {
		max-width: 1430px;
	}
	.mainbar {
		margin: 0;
		padding-right: 1px;
	}
	.mainbar.has-sidebar {
		margin-left: 330px;
	}
	@media (min-width: 1511px) {
		.sidebar {
			width: 400px;
		}
		.bar-wrapper.has-sidebar {
			max-width: 1510px;
		}
		.mainbar.has-sidebar {
			margin-left: 410px;
		}
	}
	.section.first-section {
		margin-top: 9px;
	}
	.blocklink small {
		white-space: normal;
	}
	.button {
		vertical-align: middle;
	}
	.replay-controls {
		padding-top: 10px;
	}
	.replay-controls h1 {
		font-size: 16pt;
		font-weight: normal;
		color: #CCC;
	}
	.pagelink {
		text-align: center;
	}
	.pagelink a {
		width: 150px;
	}
	.textbox, .button {
		font-size: 11pt;
		vertical-align: middle;
	}
	@media (max-width: 450px) {
		.button {
			font-size: 9pt;
		}
	}
</style>

<div>

	<header>
		<div class="nav-wrapper"><ul class="nav">
			<li><a class="button nav-first" href="//pokemonshowdown.com/"><img src="//pokemonshowdown.com/images/pokemonshowdownbeta.png" srcset="//pokemonshowdown.com/images/pokemonshowdownbeta.png 1x, //pokemonshowdown.com/images/pokemonshowdownbeta@2x.png 2x" alt="Pok&eacute;mon Showdown" width="146" height="44" /> Home</a></li>
			<li><a class="button" href="//pokemonshowdown.com/dex/">Pok&eacute;dex</a></li>
			<li><a class="button cur" href="/">Replays</a></li>
			<li><a class="button" href="//pokemonshowdown.com/ladder/">Ladder</a></li>
			<li><a class="button nav-last" href="//pokemonshowdown.com/forums/">Forum</a></li>
			<li><a class="button greenbutton nav-first nav-last" href="//play.pokemonshowdown.com/">Play</a></li>
		</ul></div>
	</header>

	<div class="main" id="main">

		<noscript><section class="section">You need to enable JavaScript to use this page; sorry!</section></noscript>

	</div>

</div>

<script defer nomodule src="//play.pokemonshowdown.com/js/lib/ps-polyfill.js"></script>
<script defer src="//play.pokemonshowdown.com/js/lib/preact.min.js"></script>

<script defer src="//play.pokemonshowdown.com/config/config.js?2bddbc15"></script>
<script defer src="//play.pokemonshowdown.com/js/lib/jquery-1.11.0.min.js"></script>
<script defer src="//play.pokemonshowdown.com/js/lib/html-sanitizer-minified.js"></script>
<script defer src="//play.pokemonshowdown.com/js/battle-sound.js"></script>
<script defer src="//play.pokemonshowdown.com/js/battledata.js?0.7209276989879541"></script>
<script defer src="//play.pokemonshowdown.com/data/pokedex-mini.js?0.6111056340867951"></script>
<script defer src="//play.pokemonshowdown.com/data/pokedex-mini-bw.js?0.3532142036491459"></script>
<script defer src="//play.pokemonshowdown.com/data/graphics.js?0.24223875632456182"></script>
<script defer src="//play.pokemonshowdown.com/data/pokedex.js?0.38839984266356864"></script>
<script defer src="//play.pokemonshowdown.com/data/moves.js?0.21866028504024015"></script>
<script defer src="//play.pokemonshowdown.com/data/abilities.js?0.2005157953846628"></script>
<script defer src="//play.pokemonshowdown.com/data/items.js?0.9894211263848525"></script>
<script defer src="//play.pokemonshowdown.com/data/teambuilder-tables.js?0.6008791140282215"></script>
<script defer src="//play.pokemonshowdown.com/js/battle-tooltips.js?0.7580118955022959"></script>
<script defer src="//play.pokemonshowdown.com/js/battle.js?0.6057722274234274"></script>

<script defer src="js/utils.js?e31f9a17"></script>
<script defer src="js/replays-battle.js?7008c182"></script>

<!-- don't scrape this data! just add .json or .log after the URL!
Full API docs: https://github.com/smogon/pokemon-showdown-client/blob/master/WEB-API.md -->
<script type="text/plain" class="log" id="replaylog-smogtours-gen3ou-796627">
|inactive|Battle timer is ON: inactive players will automatically lose when time's up.
|t:|1728486233
|gametype|singles
|player|p1|Void|#splxvwolfpack|
|player|p2|Depres_ionCher_y|waitress-gen4|
|teamsize|p1|6
|teamsize|p2|6
|gen|3
|tier|[Gen 3] OU
|rule|Sleep Clause Mod: Limit one foe put to sleep
|rule|Switch Priority Clause Mod: Faster Pokémon switch first
|rule|Species Clause: Limit one of each Pokémon
|rule|OHKO Clause: OHKO moves are banned
|rule|Evasion Items Clause: Evasion items are banned
|rule|Evasion Moves Clause: Evasion moves are banned
|rule|Endless Battle Clause: Forcing endless battles is banned
|rule|HP Percentage Mod: HP is shown in percentages
|rule|One Boost Passer Clause: Limit one Baton Passer that has a way to boost its stats
|rule|Freeze Clause Mod: Limit one foe frozen
|
|t:|1728486233
|start
|switch|p1a: Salamence|Salamence, F|100/100
|switch|p2a: Skarmory|Skarmory, F|100/100
|-ability|p1a: Salamence|Intimidate|boost
|-unboost|p2a: Skarmory|atk|1
|turn|1
|c|☆Depres_ionCher_y|glhf
|c|☆Void|u2
|
|t:|1728486246
|move|p1a: Salamence|Rock Slide|p2a: Skarmory
|-damage|p2a: Skarmory|70/100
|cant|p2a: Skarmory|flinch
|
|-heal|p2a: Skarmory|76/100|[from] item: Leftovers
|upkeep
|turn|2
|
|t:|1728486255
|switch|p1a: Hariyama|Hariyama, M|100/100
|move|p2a: Skarmory|Spikes|p1a: Hariyama
|-sidestart|p1: Void|Spikes
|
|-heal|p2a: Skarmory|82/100|[from] item: Leftovers
|upkeep
|turn|3
|
|t:|1728486262
|move|p2a: Skarmory|Protect|p2a: Skarmory
|-singleturn|p2a: Skarmory|Protect
|move|p1a: Hariyama|Knock Off|p2a: Skarmory
|-activate|p2a: Skarmory|Protect
|
|-heal|p2a: Skarmory|88/100|[from] item: Leftovers
|upkeep
|turn|4
|
|t:|1728486274
|move|p1a: Hariyama|Knock Off|p2a: Skarmory
|-resisted|p2a: Skarmory
|-damage|p2a: Skarmory|87/100
|-enditem|p2a: Skarmory|Leftovers|[from] move: Knock Off|[of] p1a: Hariyama
|-hint|In Gens 3-4, Knock Off only makes the target's item unusable; it cannot obtain a new item.
|move|p2a: Skarmory|Roar|p1a: Hariyama
|drag|p1a: Claydol|Claydol|100/100
|
|upkeep
|turn|5
|
|t:|1728486288
|switch|p2a: Gengar|Gengar, M|100/100
|move|p1a: Claydol|Rapid Spin|p2a: Gengar
|-immune|p2a: Gengar
|
|upkeep
|turn|6
|
|t:|1728486300
|move|p2a: Gengar|Will-O-Wisp|p1a: Claydol
|-status|p1a: Claydol|brn
|move|p1a: Claydol|Shadow Ball|p2a: Gengar
|-supereffective|p2a: Gengar
|-damage|p2a: Gengar|67/100
|
|-heal|p2a: Gengar|73/100|[from] item: Leftovers
|-damage|p1a: Claydol|88/100 brn|[from] brn
|upkeep
|turn|7
|
|t:|1728486311
|switch|p1a: Blissey|Blissey, F|100/100
|-damage|p1a: Blissey|88/100|[from] Spikes
|move|p2a: Gengar|Giga Drain|p1a: Blissey
|-damage|p1a: Blissey|81/100
|-heal|p2a: Gengar|81/100|[from] drain|[of] p1a: Blissey
|
|-heal|p2a: Gengar|87/100|[from] item: Leftovers
|-heal|p1a: Blissey|87/100|[from] item: Leftovers
|upkeep
|turn|8
|
|t:|1728486320
|switch|p2a: Tyranitar|Tyranitar, F|100/100
|-weather|Sandstorm|[from] ability: Sand Stream|[of] p2a: Tyranitar
|move|p1a: Blissey|Aromatherapy|p1a: Blissey
|-cureteam|p1a: Blissey|[from] move: Aromatherapy
|
|-weather|Sandstorm|[upkeep]
|-damage|p1a: Blissey|81/100|[from] Sandstorm
|-heal|p1a: Blissey|87/100|[from] item: Leftovers
|upkeep
|turn|9
|
|t:|1728486329
|switch|p1a: Hariyama|Hariyama, M|100/100
|-damage|p1a: Hariyama|88/100|[from] Spikes
|move|p2a: Tyranitar|Fire Blast|p1a: Hariyama|[miss]
|-miss|p2a: Tyranitar|p1a: Hariyama
|
|-weather|Sandstorm|[upkeep]
|-damage|p1a: Hariyama|82/100|[from] Sandstorm
|-heal|p1a: Hariyama|88/100|[from] item: Leftovers
|upkeep
|turn|10
|
|t:|1728486334
|switch|p2a: Skarmory|Skarmory, F|87/100
|move|p1a: Hariyama|Knock Off|p2a: Skarmory
|-resisted|p2a: Skarmory
|-damage|p2a: Skarmory|86/100
|
|-weather|Sandstorm|[upkeep]
|-damage|p1a: Hariyama|82/100|[from] Sandstorm
|-heal|p1a: Hariyama|88/100|[from] item: Leftovers
|upkeep
|turn|11
|
|t:|1728486342
|-singleturn|p1a: Hariyama|move: Focus Punch
|move|p2a: Skarmory|Hidden Power|p1a: Hariyama
|-damage|p1a: Hariyama|70/100
|move|p1a: Hariyama|Focus Punch||[still]
|cant|p1a: Hariyama|Focus Punch|Focus Punch
|
|-weather|Sandstorm|[upkeep]
|-damage|p1a: Hariyama|64/100|[from] Sandstorm
|-heal|p1a: Hariyama|70/100|[from] item: Leftovers
|upkeep
|turn|12
|
|t:|1728486350
|move|p2a: Skarmory|Hidden Power|p1a: Hariyama
|-damage|p1a: Hariyama|52/100
|move|p1a: Hariyama|Brick Break|p2a: Skarmory
|-damage|p2a: Skarmory|58/100
|
|-weather|Sandstorm|[upkeep]
|-damage|p1a: Hariyama|46/100|[from] Sandstorm
|-heal|p1a: Hariyama|52/100|[from] item: Leftovers
|upkeep
|turn|13
|
|t:|1728486357
|switch|p1a: Claydol|Claydol|88/100
|move|p2a: Skarmory|Hidden Power|p1a: Claydol
|-damage|p1a: Claydol|67/100
|
|-weather|Sandstorm|[upkeep]
|-heal|p1a: Claydol|73/100|[from] item: Leftovers
|upkeep
|turn|14
|
|t:|1728486365
|switch|p2a: Moltres|Moltres|100/100
|move|p1a: Claydol|Shadow Ball|p2a: Moltres
|-crit|p2a: Moltres
|-damage|p2a: Moltres|57/100
|-unboost|p2a: Moltres|spd|1
|
|-weather|Sandstorm|[upkeep]
|-damage|p2a: Moltres|51/100|[from] Sandstorm
|-heal|p2a: Moltres|57/100|[from] item: Leftovers
|-heal|p1a: Claydol|79/100|[from] item: Leftovers
|upkeep
|turn|15
|
|t:|1728486376
|switch|p2a: Tyranitar|Tyranitar, F|100/100
|move|p1a: Claydol|Rapid Spin|p2a: Tyranitar
|-resisted|p2a: Tyranitar
|-damage|p2a: Tyranitar|98/100
|-sideend|p1: Void|Spikes|[from] move: Rapid Spin|[of] p1a: Claydol
|
|-weather|Sandstorm|[upkeep]
|-heal|p2a: Tyranitar|100/100|[from] item: Leftovers
|-heal|p1a: Claydol|85/100|[from] item: Leftovers
|upkeep
|turn|16
|
|t:|1728486387
|move|p2a: Tyranitar|Hidden Power|p1a: Claydol
|-supereffective|p1a: Claydol
|-damage|p1a: Claydol|43/100
|move|p1a: Claydol|Earthquake|p2a: Tyranitar
|-supereffective|p2a: Tyranitar
|-damage|p2a: Tyranitar|16/100
|
|-weather|Sandstorm|[upkeep]
|-heal|p2a: Tyranitar|22/100|[from] item: Leftovers
|-heal|p1a: Claydol|49/100|[from] item: Leftovers
|upkeep
|turn|17
|
|t:|1728486397
|switch|p1a: Suicune|Suicune|100/100
|move|p2a: Tyranitar|Hidden Power|p1a: Suicune
|-supereffective|p1a: Suicune
|-damage|p1a: Suicune|70/100
|
|-weather|Sandstorm|[upkeep]
|-damage|p1a: Suicune|64/100|[from] Sandstorm
|-heal|p1a: Suicune|70/100|[from] item: Leftovers
|-heal|p2a: Tyranitar|29/100|[from] item: Leftovers
|upkeep
|turn|18
|
|t:|1728486406
|switch|p2a: Blissey|Blissey, F|100/100
|move|p1a: Suicune|Surf|p2a: Blissey
|-damage|p2a: Blissey|89/100
|
|-weather|Sandstorm|[upkeep]
|-damage|p1a: Suicune|64/100|[from] Sandstorm
|-damage|p2a: Blissey|83/100|[from] Sandstorm
|-heal|p1a: Suicune|70/100|[from] item: Leftovers
|-heal|p2a: Blissey|89/100|[from] item: Leftovers
|upkeep
|turn|19
|
|t:|1728486418
|switch|p1a: Hariyama|Hariyama, M|52/100
|move|p2a: Blissey|Thunderbolt|p1a: Hariyama
|-damage|p1a: Hariyama|28/100
|
|-weather|Sandstorm|[upkeep]
|-damage|p2a: Blissey|83/100|[from] Sandstorm
|-damage|p1a: Hariyama|22/100|[from] Sandstorm
|-heal|p2a: Blissey|89/100|[from] item: Leftovers
|-heal|p1a: Hariyama|28/100|[from] item: Leftovers
|upkeep
|turn|20
|
|t:|1728486428
|switch|p2a: Moltres|Moltres|57/100
|move|p1a: Hariyama|Brick Break|p2a: Moltres
|-resisted|p2a: Moltres
|-damage|p2a: Moltres|37/100
|
|-weather|Sandstorm|[upkeep]
|-damage|p2a: Moltres|31/100|[from] Sandstorm
|-damage|p1a: Hariyama|22/100|[from] Sandstorm
|-heal|p2a: Moltres|37/100|[from] item: Leftovers
|-heal|p1a: Hariyama|28/100|[from] item: Leftovers
|upkeep
|turn|21
|
|t:|1728486439
|switch|p2a: Skarmory|Skarmory, F|58/100
|switch|p1a: Blissey|Blissey, F|87/100
|
|-weather|Sandstorm|[upkeep]
|-damage|p1a: Blissey|81/100|[from] Sandstorm
|-heal|p1a: Blissey|87/100|[from] item: Leftovers
|upkeep
|turn|22
|
|t:|1728486443
|move|p2a: Skarmory|Spikes|p1a: Blissey
|-sidestart|p1: Void|Spikes
|move|p1a: Blissey|Thunderbolt|p2a: Skarmory
|-supereffective|p2a: Skarmory
|-damage|p2a: Skarmory|7/100
|
|-weather|Sandstorm|[upkeep]
|-damage|p1a: Blissey|81/100|[from] Sandstorm
|-heal|p1a: Blissey|87/100|[from] item: Leftovers
|upkeep
|turn|23
|
|t:|1728486452
|switch|p2a: Blissey|Blissey, F|89/100
|move|p1a: Blissey|Thunderbolt|p2a: Blissey
|-damage|p2a: Blissey|78/100
|
|-weather|Sandstorm|[upkeep]
|-damage|p2a: Blissey|72/100|[from] Sandstorm
|-damage|p1a: Blissey|81/100|[from] Sandstorm
|-heal|p2a: Blissey|78/100|[from] item: Leftovers
|-heal|p1a: Blissey|87/100|[from] item: Leftovers
|upkeep
|turn|24
|
|t:|1728486462
|switch|p1a: Jirachi|Jirachi|100/100
|-damage|p1a: Jirachi|88/100|[from] Spikes
|move|p2a: Blissey|Ice Beam|p1a: Jirachi
|-resisted|p1a: Jirachi
|-damage|p1a: Jirachi|78/100
|
|-weather|Sandstorm|[upkeep]
|-damage|p2a: Blissey|72/100|[from] Sandstorm
|-heal|p1a: Jirachi|85/100|[from] item: Leftovers
|-heal|p2a: Blissey|78/100|[from] item: Leftovers
|upkeep
|turn|25
|
|t:|1728486471
|switch|p2a: Gengar|Gengar, M|87/100
|move|p1a: Jirachi|Wish|p1a: Jirachi
|
|-weather|Sandstorm|[upkeep]
|-damage|p2a: Gengar|81/100|[from] Sandstorm
|-heal|p2a: Gengar|87/100|[from] item: Leftovers
|-heal|p1a: Jirachi|91/100|[from] item: Leftovers
|upkeep
|turn|26
|
|t:|1728486488
|switch|p1a: Claydol|Claydol|49/100
|move|p2a: Gengar|Will-O-Wisp|p1a: Claydol
|-status|p1a: Claydol|brn
|
|-heal|p1a: Claydol|99/100 brn|[from] move: Wish|[wisher] Jirachi
|-weather|Sandstorm|[upkeep]
|-damage|p2a: Gengar|81/100|[from] Sandstorm
|-heal|p2a: Gengar|87/100|[from] item: Leftovers
|-heal|p1a: Claydol|100/100 brn|[from] item: Leftovers
|-damage|p1a: Claydol|88/100 brn|[from] brn
|upkeep
|turn|27
|
|t:|1728486492
|switch|p1a: Blissey|Blissey, F|87/100
|-damage|p1a: Blissey|74/100|[from] Spikes
|move|p2a: Gengar|Giga Drain|p1a: Blissey
|-crit|p1a: Blissey
|-damage|p1a: Blissey|57/100
|-heal|p2a: Gengar|100/100|[from] drain|[of] p1a: Blissey
|
|-weather|Sandstorm|[upkeep]
|-damage|p2a: Gengar|95/100|[from] Sandstorm
|-damage|p1a: Blissey|51/100|[from] Sandstorm
|-heal|p2a: Gengar|100/100|[from] item: Leftovers
|-heal|p1a: Blissey|57/100|[from] item: Leftovers
|upkeep
|turn|28
|
|t:|1728486496
|move|p2a: Gengar|Taunt|p1a: Blissey
|-start|p1a: Blissey|move: Taunt
|cant|p1a: Blissey|move: Taunt|Soft-Boiled
|
|-weather|Sandstorm|[upkeep]
|-damage|p2a: Gengar|95/100|[from] Sandstorm
|-damage|p1a: Blissey|51/100|[from] Sandstorm
|-heal|p2a: Gengar|100/100|[from] item: Leftovers
|-heal|p1a: Blissey|57/100|[from] item: Leftovers
|upkeep
|turn|29
|
|t:|1728486508
|move|p2a: Gengar|Will-O-Wisp|p1a: Blissey
|-status|p1a: Blissey|brn
|move|p1a: Blissey|Thunderbolt|p2a: Gengar
|-damage|p2a: Gengar|73/100
|
|-weather|Sandstorm|[upkeep]
|-damage|p2a: Gengar|67/100|[from] Sandstorm
|-damage|p1a: Blissey|51/100 brn|[from] Sandstorm
|-heal|p2a: Gengar|73/100|[from] item: Leftovers
|-heal|p1a: Blissey|57/100 brn|[from] item: Leftovers
|-damage|p1a: Blissey|45/100 brn|[from] brn
|-end|p1a: Blissey|move: Taunt|[silent]
|upkeep
|turn|30
|
|t:|1728486515
|-curestatus|p1a: Blissey|brn|[from] ability: Natural Cure
|switch|p1a: Jirachi|Jirachi|91/100
|-damage|p1a: Jirachi|78/100|[from] Spikes
|move|p2a: Gengar|Giga Drain|p1a: Jirachi
|-resisted|p1a: Jirachi
|-damage|p1a: Jirachi|70/100
|-heal|p2a: Gengar|78/100|[from] drain|[of] p1a: Jirachi
|
|-weather|Sandstorm|[upkeep]
|-damage|p2a: Gengar|72/100|[from] Sandstorm
|-heal|p2a: Gengar|78/100|[from] item: Leftovers
|-heal|p1a: Jirachi|77/100|[from] item: Leftovers
|upkeep
|turn|31
|
|t:|1728486525
|move|p1a: Jirachi|Protect|p1a: Jirachi
|-singleturn|p1a: Jirachi|Protect
|move|p2a: Gengar|Will-O-Wisp|p1a: Jirachi
|-activate|p1a: Jirachi|Protect
|
|-weather|Sandstorm|[upkeep]
|-damage|p2a: Gengar|72/100|[from] Sandstorm
|-heal|p2a: Gengar|78/100|[from] item: Leftovers
|-heal|p1a: Jirachi|83/100|[from] item: Leftovers
|upkeep
|turn|32
|
|t:|1728486532
|move|p2a: Gengar|Will-O-Wisp|p1a: Jirachi
|-status|p1a: Jirachi|brn
|move|p1a: Jirachi|Fire Punch|p2a: Gengar
|-damage|p2a: Gengar|57/100
|-status|p2a: Gengar|brn
|
|-weather|Sandstorm|[upkeep]
|-damage|p2a: Gengar|51/100 brn|[from] Sandstorm
|-heal|p2a: Gengar|57/100 brn|[from] item: Leftovers
|-damage|p2a: Gengar|45/100 brn|[from] brn
|-heal|p1a: Jirachi|89/100 brn|[from] item: Leftovers
|-damage|p1a: Jirachi|77/100 brn|[from] brn
|upkeep
|turn|33
|
|t:|1728486539
|switch|p2a: Moltres|Moltres|37/100
|move|p1a: Jirachi|Wish|p1a: Jirachi
|
|-weather|Sandstorm|[upkeep]
|-damage|p2a: Moltres|31/100|[from] Sandstorm
|-heal|p2a: Moltres|37/100|[from] item: Leftovers
|-heal|p1a: Jirachi|83/100 brn|[from] item: Leftovers
|-damage|p1a: Jirachi|70/100 brn|[from] brn
|upkeep
|turn|34
|
|t:|1728486566
|switch|p1a: Blissey|Blissey, F|45/100
|-damage|p1a: Blissey|32/100|[from] Spikes
|move|p2a: Moltres|Overheat|p1a: Blissey
|-damage|p1a: Blissey|2/100
|-unboost|p2a: Moltres|spa|2
|
|-heal|p1a: Blissey|52/100|[from] move: Wish|[wisher] Jirachi
|-weather|Sandstorm|[upkeep]
|-damage|p2a: Moltres|31/100|[from] Sandstorm
|-damage|p1a: Blissey|46/100|[from] Sandstorm
|-heal|p2a: Moltres|37/100|[from] item: Leftovers
|-heal|p1a: Blissey|52/100|[from] item: Leftovers
|upkeep
|turn|35
|
|t:|1728486574
|switch|p2a: Tyranitar|Tyranitar, F|29/100
|move|p1a: Blissey|Soft-Boiled|p1a: Blissey
|-heal|p1a: Blissey|100/100
|
|-weather|Sandstorm|[upkeep]
|-damage|p1a: Blissey|94/100|[from] Sandstorm
|-heal|p2a: Tyranitar|35/100|[from] item: Leftovers
|-heal|p1a: Blissey|100/100|[from] item: Leftovers
|upkeep
|turn|36
|
|t:|1728486581
|switch|p1a: Suicune|Suicune|70/100
|-damage|p1a: Suicune|58/100|[from] Spikes
|move|p2a: Tyranitar|Brick Break|p1a: Suicune
|-crit|p1a: Suicune
|-damage|p1a: Suicune|29/100
|
|-weather|Sandstorm|[upkeep]
|-damage|p1a: Suicune|23/100|[from] Sandstorm
|-heal|p1a: Suicune|29/100|[from] item: Leftovers
|-heal|p2a: Tyranitar|41/100|[from] item: Leftovers
|upkeep
|turn|37
|
|t:|1728486599
|move|p1a: Suicune|Rest|p1a: Suicune
|-status|p1a: Suicune|slp|[from] move: Rest
|-heal|p1a: Suicune|100/100 slp|[silent]
|move|p2a: Tyranitar|Ancient Power|p1a: Suicune
|-damage|p1a: Suicune|84/100 slp
|
|-weather|Sandstorm|[upkeep]
|-damage|p1a: Suicune|78/100 slp|[from] Sandstorm
|-heal|p1a: Suicune|84/100 slp|[from] item: Leftovers
|-heal|p2a: Tyranitar|47/100|[from] item: Leftovers
|upkeep
|turn|38
|
|t:|1728486603
|cant|p1a: Suicune|slp
|move|p2a: Tyranitar|Ancient Power|p1a: Suicune
|-damage|p1a: Suicune|70/100 slp
|
|-weather|Sandstorm|[upkeep]
|-damage|p1a: Suicune|64/100 slp|[from] Sandstorm
|-heal|p1a: Suicune|70/100 slp|[from] item: Leftovers
|-heal|p2a: Tyranitar|53/100|[from] item: Leftovers
|upkeep
|turn|39
|
|t:|1728486606
|cant|p1a: Suicune|slp
|move|p2a: Tyranitar|Hidden Power|p1a: Suicune
|-supereffective|p1a: Suicune
|-crit|p1a: Suicune
|-damage|p1a: Suicune|5/100 slp
|
|-weather|Sandstorm|[upkeep]
|-damage|p1a: Suicune|0 fnt|[from] Sandstorm
|faint|p1a: Suicune
|-heal|p2a: Tyranitar|59/100|[from] item: Leftovers
|upkeep
|
|t:|1728486614
|switch|p1a: Salamence|Salamence, F|100/100
|-ability|p1a: Salamence|Intimidate|boost
|-unboost|p2a: Tyranitar|atk|1
|turn|40
|
|t:|1728486622
|switch|p2a: Flygon|Flygon, M|100/100
|move|p1a: Salamence|Brick Break|p2a: Flygon
|-crit|p2a: Flygon
|-damage|p2a: Flygon|25/100
|
|-weather|Sandstorm|[upkeep]
|-damage|p1a: Salamence|94/100|[from] Sandstorm
|-heal|p2a: Flygon|32/100|[from] item: Leftovers
|upkeep
|turn|41
|
|t:|1728486641
|switch|p2a: Gengar|Gengar, M|45/100 brn
|move|p1a: Salamence|Brick Break|p2a: Gengar
|-immune|p2a: Gengar
|
|-weather|Sandstorm|[upkeep]
|-damage|p1a: Salamence|88/100|[from] Sandstorm
|-damage|p2a: Gengar|39/100 brn|[from] Sandstorm
|-heal|p2a: Gengar|45/100 brn|[from] item: Leftovers
|-damage|p2a: Gengar|33/100 brn|[from] brn
|upkeep
|turn|42
|
|t:|1728486650
|switch|p1a: Jirachi|Jirachi|70/100 brn
|-damage|p1a: Jirachi|58/100 brn|[from] Spikes
|switch|p2a: Tyranitar|Tyranitar, F|59/100
|
|-weather|Sandstorm|[upkeep]
|-heal|p1a: Jirachi|64/100 brn|[from] item: Leftovers
|-damage|p1a: Jirachi|52/100 brn|[from] brn
|-heal|p2a: Tyranitar|66/100|[from] item: Leftovers
|upkeep
|turn|43
|
|t:|1728486658
|move|p1a: Jirachi|Toxic|p2a: Tyranitar|[miss]
|-miss|p1a: Jirachi|p2a: Tyranitar
|move|p2a: Tyranitar|Fire Blast|p1a: Jirachi
|-supereffective|p1a: Jirachi
|-damage|p1a: Jirachi|0 fnt
|faint|p1a: Jirachi
|
|t:|1728486664
|switch|p1a: Salamence|Salamence, F|88/100
|-ability|p1a: Salamence|Intimidate|boost
|-unboost|p2a: Tyranitar|atk|1
|
|-weather|Sandstorm|[upkeep]
|-damage|p1a: Salamence|82/100|[from] Sandstorm
|-heal|p2a: Tyranitar|72/100|[from] item: Leftovers
|upkeep
|turn|44
|
|t:|1728486669
|switch|p2a: Skarmory|Skarmory, F|7/100
|move|p1a: Salamence|Rock Slide|p2a: Skarmory
|-damage|p2a: Skarmory|0 fnt
|faint|p2a: Skarmory
|
|t:|1728486673
|switch|p2a: Flygon|Flygon, M|32/100
|
|-weather|Sandstorm|[upkeep]
|-damage|p1a: Salamence|76/100|[from] Sandstorm
|-heal|p2a: Flygon|38/100|[from] item: Leftovers
|upkeep
|turn|45
|
|t:|1728486680
|switch|p1a: Claydol|Claydol|88/100 brn
|switch|p2a: Tyranitar|Tyranitar, F|72/100
|
|-weather|Sandstorm|[upkeep]
|-heal|p2a: Tyranitar|78/100|[from] item: Leftovers
|-heal|p1a: Claydol|94/100 brn|[from] item: Leftovers
|-damage|p1a: Claydol|82/100 brn|[from] brn
|upkeep
|turn|46
|
|t:|1728486685
|move|p2a: Tyranitar|Hidden Power|p1a: Claydol
|-supereffective|p1a: Claydol
|-damage|p1a: Claydol|40/100 brn
|move|p1a: Claydol|Rapid Spin|p2a: Tyranitar
|-resisted|p2a: Tyranitar
|-damage|p2a: Tyranitar|77/100
|-sideend|p1: Void|Spikes|[from] move: Rapid Spin|[of] p1a: Claydol
|
|-weather|Sandstorm|[upkeep]
|-heal|p2a: Tyranitar|83/100|[from] item: Leftovers
|-heal|p1a: Claydol|46/100 brn|[from] item: Leftovers
|-damage|p1a: Claydol|34/100 brn|[from] brn
|upkeep
|turn|47
|
|t:|1728486689
|switch|p1a: Salamence|Salamence, F|76/100
|-ability|p1a: Salamence|Intimidate|boost
|-unboost|p2a: Tyranitar|atk|1
|move|p2a: Tyranitar|Hidden Power|p1a: Salamence
|-resisted|p1a: Salamence
|-damage|p1a: Salamence|69/100
|
|-weather|Sandstorm|[upkeep]
|-damage|p1a: Salamence|63/100|[from] Sandstorm
|-heal|p2a: Tyranitar|89/100|[from] item: Leftovers
|upkeep
|turn|48
|
|t:|1728486699
|switch|p2a: Gengar|Gengar, M|33/100 brn
|move|p1a: Salamence|Rock Slide|p2a: Gengar
|-damage|p2a: Gengar|0 fnt
|faint|p2a: Gengar
|
|t:|1728486704
|switch|p2a: Tyranitar|Tyranitar, F|89/100
|
|-weather|Sandstorm|[upkeep]
|-damage|p1a: Salamence|57/100|[from] Sandstorm
|-heal|p2a: Tyranitar|95/100|[from] item: Leftovers
|upkeep
|turn|49
|
|t:|1728486710
|switch|p1a: Claydol|Claydol|34/100 brn
|move|p2a: Tyranitar|Ancient Power|p1a: Claydol
|-resisted|p1a: Claydol
|-damage|p1a: Claydol|20/100 brn
|
|-weather|Sandstorm|[upkeep]
|-heal|p2a: Tyranitar|100/100|[from] item: Leftovers
|-heal|p1a: Claydol|26/100 brn|[from] item: Leftovers
|-damage|p1a: Claydol|13/100 brn|[from] brn
|upkeep
|turn|50
|
|t:|1728486716
|move|p2a: Tyranitar|Hidden Power|p1a: Claydol
|-supereffective|p1a: Claydol
|-damage|p1a: Claydol|0 fnt
|faint|p1a: Claydol
|
|t:|1728486720
|switch|p1a: Salamence|Salamence, F|57/100
|-ability|p1a: Salamence|Intimidate|boost
|-unboost|p2a: Tyranitar|atk|1
|
|-weather|Sandstorm|[upkeep]
|-damage|p1a: Salamence|51/100|[from] Sandstorm
|upkeep
|turn|51
|
|t:|1728486724
|switch|p2a: Moltres|Moltres|37/100
|move|p1a: Salamence|Brick Break|p2a: Moltres
|-resisted|p2a: Moltres
|-damage|p2a: Moltres|14/100
|
|-weather|Sandstorm|[upkeep]
|-damage|p1a: Salamence|45/100|[from] Sandstorm
|-damage|p2a: Moltres|8/100|[from] Sandstorm
|-heal|p2a: Moltres|14/100|[from] item: Leftovers
|upkeep
|turn|52
|
|t:|1728486727
|move|p1a: Salamence|Brick Break|p2a: Moltres
|-resisted|p2a: Moltres
|-crit|p2a: Moltres
|-damage|p2a: Moltres|0 fnt
|faint|p2a: Moltres
|
|t:|1728486731
|switch|p2a: Flygon|Flygon, M|38/100
|
|-weather|Sandstorm|[upkeep]
|-damage|p1a: Salamence|39/100|[from] Sandstorm
|-heal|p2a: Flygon|44/100|[from] item: Leftovers
|upkeep
|turn|53
|
|t:|1728486735
|switch|p1a: Blissey|Blissey, F|100/100
|move|p2a: Flygon|Toxic|p1a: Blissey|[miss]
|-miss|p2a: Flygon|p1a: Blissey
|
|-weather|Sandstorm|[upkeep]
|-damage|p1a: Blissey|94/100|[from] Sandstorm
|-heal|p2a: Flygon|50/100|[from] item: Leftovers
|-heal|p1a: Blissey|100/100|[from] item: Leftovers
|upkeep
|turn|54
|
|t:|1728486738
|switch|p2a: Blissey|Blissey, F|78/100
|move|p1a: Blissey|Ice Beam|p2a: Blissey
|-crit|p2a: Blissey
|-damage|p2a: Blissey|56/100
|
|-weather|Sandstorm|[upkeep]
|-damage|p2a: Blissey|50/100|[from] Sandstorm
|-damage|p1a: Blissey|94/100|[from] Sandstorm
|-heal|p1a: Blissey|100/100|[from] item: Leftovers
|-heal|p2a: Blissey|56/100|[from] item: Leftovers
|upkeep
|turn|55
|
|t:|1728486743
|move|p2a: Blissey|Soft-Boiled|p2a: Blissey
|-heal|p2a: Blissey|100/100
|move|p1a: Blissey|Ice Beam|p2a: Blissey
|-damage|p2a: Blissey|91/100
|
|-weather|Sandstorm|[upkeep]
|-damage|p1a: Blissey|94/100|[from] Sandstorm
|-damage|p2a: Blissey|85/100|[from] Sandstorm
|-heal|p2a: Blissey|91/100|[from] item: Leftovers
|-heal|p1a: Blissey|100/100|[from] item: Leftovers
|upkeep
|turn|56
|
|t:|1728486746
|move|p2a: Blissey|Calm Mind|p2a: Blissey
|-boost|p2a: Blissey|spa|1
|-boost|p2a: Blissey|spd|1
|move|p1a: Blissey|Ice Beam|p2a: Blissey
|-damage|p2a: Blissey|84/100
|-status|p2a: Blissey|frz
|
|-weather|Sandstorm|[upkeep]
|-damage|p1a: Blissey|94/100|[from] Sandstorm
|-damage|p2a: Blissey|78/100 frz|[from] Sandstorm
|-heal|p2a: Blissey|84/100 frz|[from] item: Leftovers
|-heal|p1a: Blissey|100/100|[from] item: Leftovers
|upkeep
|turn|57
|
|t:|1728486757
|switch|p1a: Hariyama|Hariyama, M|28/100
|-curestatus|p2a: Blissey|frz|[from] ability: Natural Cure
|switch|p2a: Tyranitar|Tyranitar, F|100/100
|
|-weather|Sandstorm|[upkeep]
|-damage|p1a: Hariyama|22/100|[from] Sandstorm
|-heal|p1a: Hariyama|28/100|[from] item: Leftovers
|upkeep
|turn|58
|
|t:|1728486767
|move|p2a: Tyranitar|Fire Blast|p1a: Hariyama
|-damage|p1a: Hariyama|0 fnt
|faint|p1a: Hariyama
|
|t:|1728486769
|switch|p1a: Salamence|Salamence, F|39/100
|-ability|p1a: Salamence|Intimidate|boost
|-unboost|p2a: Tyranitar|atk|1
|
|-weather|Sandstorm|[upkeep]
|-damage|p1a: Salamence|33/100|[from] Sandstorm
|upkeep
|turn|59
|inactive|Depres_ionCher_y has 270 seconds left.
|
|t:|1728486816
|switch|p2a: Blissey|Blissey, F|84/100
|move|p1a: Salamence|Brick Break|p2a: Blissey
|-supereffective|p2a: Blissey
|-damage|p2a: Blissey|4/100
|
|-weather|Sandstorm|[upkeep]
|-damage|p1a: Salamence|27/100|[from] Sandstorm
|-damage|p2a: Blissey|0 fnt|[from] Sandstorm
|faint|p2a: Blissey
|upkeep
|
|t:|1728486818
|switch|p2a: Flygon|Flygon, M|50/100
|turn|60
|
|t:|1728486824
|switch|p1a: Blissey|Blissey, F|100/100
|move|p2a: Flygon|Toxic|p1a: Blissey
|-status|p1a: Blissey|tox
|
|-weather|Sandstorm|[upkeep]
|-damage|p1a: Blissey|94/100 tox|[from] Sandstorm
|-heal|p2a: Flygon|56/100|[from] item: Leftovers
|-heal|p1a: Blissey|100/100 tox|[from] item: Leftovers
|-damage|p1a: Blissey|94/100 tox|[from] psn
|upkeep
|turn|61
|inactive|Depres_ionCher_y has 270 seconds left.
|
|t:|1728486832
|-curestatus|p1a: Blissey|tox|[from] ability: Natural Cure
|switch|p1a: Salamence|Salamence, F|27/100
|-ability|p1a: Salamence|Intimidate|boost
|-unboost|p2a: Flygon|atk|1
|move|p2a: Flygon|Substitute|p2a: Flygon
|-start|p2a: Flygon|Substitute
|-damage|p2a: Flygon|31/100
|
|-weather|Sandstorm|[upkeep]
|-damage|p1a: Salamence|21/100|[from] Sandstorm
|-heal|p2a: Flygon|37/100|[from] item: Leftovers
|upkeep
|turn|62
|
|t:|1728486842
|switch|p1a: Blissey|Blissey, F|94/100
|move|p2a: Flygon|Protect||[still]
|-fail|p2a: Flygon
|
|-weather|Sandstorm|[upkeep]
|-damage|p1a: Blissey|88/100|[from] Sandstorm
|-heal|p2a: Flygon|43/100|[from] item: Leftovers
|-heal|p1a: Blissey|94/100|[from] item: Leftovers
|upkeep
|turn|63
|
|t:|1728486846
|move|p2a: Flygon|Protect|p2a: Flygon
|-singleturn|p2a: Flygon|Protect
|move|p1a: Blissey|Ice Beam|p2a: Flygon
|-activate|p2a: Flygon|Protect
|
|-weather|Sandstorm|[upkeep]
|-damage|p1a: Blissey|88/100|[from] Sandstorm
|-heal|p2a: Flygon|49/100|[from] item: Leftovers
|-heal|p1a: Blissey|94/100|[from] item: Leftovers
|upkeep
|turn|64
|
|t:|1728486848
|move|p2a: Flygon|Toxic|p1a: Blissey
|-status|p1a: Blissey|tox
|move|p1a: Blissey|Ice Beam|p2a: Flygon
|-supereffective|p2a: Flygon
|-crit|p2a: Flygon
|-end|p2a: Flygon|Substitute
|
|-weather|Sandstorm|[upkeep]
|-damage|p1a: Blissey|88/100 tox|[from] Sandstorm
|-heal|p2a: Flygon|55/100|[from] item: Leftovers
|-heal|p1a: Blissey|94/100 tox|[from] item: Leftovers
|-damage|p1a: Blissey|88/100 tox|[from] psn
|upkeep
|turn|65
|
|t:|1728486853
|move|p2a: Flygon|Substitute|p2a: Flygon
|-start|p2a: Flygon|Substitute
|-damage|p2a: Flygon|30/100
|move|p1a: Blissey|Aromatherapy|p1a: Blissey
|-cureteam|p1a: Blissey|[from] move: Aromatherapy
|
|-weather|Sandstorm|[upkeep]
|-damage|p1a: Blissey|82/100|[from] Sandstorm
|-heal|p2a: Flygon|36/100|[from] item: Leftovers
|-heal|p1a: Blissey|88/100|[from] item: Leftovers
|upkeep
|turn|66
|
|t:|1728486857
|move|p2a: Flygon|Protect|p2a: Flygon
|-singleturn|p2a: Flygon|Protect
|move|p1a: Blissey|Ice Beam|p2a: Flygon
|-activate|p2a: Flygon|Protect
|
|-weather|Sandstorm|[upkeep]
|-damage|p1a: Blissey|82/100|[from] Sandstorm
|-heal|p2a: Flygon|42/100|[from] item: Leftovers
|-heal|p1a: Blissey|88/100|[from] item: Leftovers
|upkeep
|turn|67
|
|t:|1728486860
|move|p2a: Flygon|Toxic|p1a: Blissey
|-status|p1a: Blissey|tox
|move|p1a: Blissey|Ice Beam|p2a: Flygon
|-supereffective|p2a: Flygon
|-end|p2a: Flygon|Substitute
|
|-weather|Sandstorm|[upkeep]
|-damage|p1a: Blissey|82/100 tox|[from] Sandstorm
|-heal|p2a: Flygon|48/100|[from] item: Leftovers
|-heal|p1a: Blissey|88/100 tox|[from] item: Leftovers
|-damage|p1a: Blissey|82/100 tox|[from] psn
|upkeep
|turn|68
|
|t:|1728486870
|switch|p2a: Tyranitar|Tyranitar, F|100/100
|move|p1a: Blissey|Ice Beam|p2a: Tyranitar
|-damage|p2a: Tyranitar|74/100
|
|-weather|Sandstorm|[upkeep]
|-damage|p1a: Blissey|76/100 tox|[from] Sandstorm
|-heal|p2a: Tyranitar|80/100|[from] item: Leftovers
|-heal|p1a: Blissey|82/100 tox|[from] item: Leftovers
|-damage|p1a: Blissey|70/100 tox|[from] psn
|upkeep
|turn|69
|
|t:|1728486879
|move|p2a: Tyranitar|Ancient Power|p1a: Blissey
|-damage|p1a: Blissey|42/100 tox
|move|p1a: Blissey|Aromatherapy|p1a: Blissey
|-cureteam|p1a: Blissey|[from] move: Aromatherapy
|
|-weather|Sandstorm|[upkeep]
|-damage|p1a: Blissey|36/100|[from] Sandstorm
|-heal|p2a: Tyranitar|86/100|[from] item: Leftovers
|-heal|p1a: Blissey|42/100|[from] item: Leftovers
|upkeep
|turn|70
|
|t:|1728486882
|move|p2a: Tyranitar|Ancient Power|p1a: Blissey
|-damage|p1a: Blissey|12/100
|move|p1a: Blissey|Soft-Boiled|p1a: Blissey
|-heal|p1a: Blissey|62/100
|
|-weather|Sandstorm|[upkeep]
|-damage|p1a: Blissey|56/100|[from] Sandstorm
|-heal|p2a: Tyranitar|93/100|[from] item: Leftovers
|-heal|p1a: Blissey|62/100|[from] item: Leftovers
|upkeep
|turn|71
|
|t:|1728486884
|move|p2a: Tyranitar|Ancient Power|p1a: Blissey
|-damage|p1a: Blissey|32/100
|move|p1a: Blissey|Soft-Boiled|p1a: Blissey
|-heal|p1a: Blissey|82/100
|
|-weather|Sandstorm|[upkeep]
|-damage|p1a: Blissey|76/100|[from] Sandstorm
|-heal|p2a: Tyranitar|99/100|[from] item: Leftovers
|-heal|p1a: Blissey|82/100|[from] item: Leftovers
|upkeep
|turn|72
|
|t:|1728486890
|move|p2a: Tyranitar|Brick Break|p1a: Blissey
|-supereffective|p1a: Blissey
|-crit|p1a: Blissey
|-damage|p1a: Blissey|0 fnt
|faint|p1a: Blissey
|
|t:|1728486893
|switch|p1a: Salamence|Salamence, F|21/100
|-ability|p1a: Salamence|Intimidate|boost
|-unboost|p2a: Tyranitar|atk|1
|
|-weather|Sandstorm|[upkeep]
|-damage|p1a: Salamence|15/100|[from] Sandstorm
|-heal|p2a: Tyranitar|100/100|[from] item: Leftovers
|upkeep
|turn|73
|
|t:|1728486896
|move|p1a: Salamence|Brick Break|p2a: Tyranitar
|-supereffective|p2a: Tyranitar
|-damage|p2a: Tyranitar|0 fnt
|faint|p2a: Tyranitar
|
|t:|1728486899
|switch|p2a: Flygon|Flygon, M|48/100
|
|-weather|Sandstorm|[upkeep]
|-damage|p1a: Salamence|9/100|[from] Sandstorm
|-heal|p2a: Flygon|54/100|[from] item: Leftovers
|upkeep
|turn|74
|
|t:|1728486901
|move|p2a: Flygon|Protect|p2a: Flygon
|-singleturn|p2a: Flygon|Protect
|move|p1a: Salamence|Brick Break|p2a: Flygon
|-activate|p2a: Flygon|Protect
|
|-weather|Sandstorm|[upkeep]
|-damage|p1a: Salamence|3/100|[from] Sandstorm
|-heal|p2a: Flygon|60/100|[from] item: Leftovers
|upkeep
|turn|75
|
|t:|1728486910
|move|p2a: Flygon|Protect||[still]
|-fail|p2a: Flygon
|move|p1a: Salamence|Brick Break|p2a: Flygon
|-damage|p2a: Flygon|27/100
|
|-weather|Sandstorm|[upkeep]
|-damage|p1a: Salamence|0 fnt|[from] Sandstorm
|faint|p1a: Salamence
|
|win|Depres_ionCher_y
|upkeep
|player|p1|
|c|☆Depres_ionCher_y|gg

</script>
<script type="application/json" class="data" id="replaydata-smogtours-gen3ou-796627">
{"id":"smogtours-gen3ou-796627","format":"[Gen 3] OU","players":["Void","Depres_ionCher_y"],"uploadtime":1728486910,"views":172,"formatid":"gen3ou","rating":null,"private":0,"password":null}
</script>

<script defer src="js/replays.js?9d40a366"></script>
