<!DOCTYPE html>
<meta charset="utf-8" />
<meta name="viewport" content="width=device-width" />

<title>[Gen 3] OU: salto vs. troglodyte480 - Replays - Pok&eacute;mon Showdown!</title>

<meta name="description" content="Watch a replay of a Pok&eacute;mon battle between salto and troglodyte480! Format: [Gen 3] OU; Date: Oct 22, 2024" />
<!--

Hey, you! Looking in the source for the replay log?

You can find them in JSON format, just add `.json` at the end of a replay URL.

https://replay.pokemonshowdown.com/gen7randomdoublesbattle-865046831.json

Or, if you only need the log itself, add `.log` instead:

https://replay.pokemonshowdown.com/gen7randomdoublesbattle-865046831.log

-->

<link rel="stylesheet" href="//pokemonshowdown.com/style/global.css?0.023195364461161105" />
<link rel="stylesheet" href="//play.pokemonshowdown.com/style/font-awesome.css?0.13261647063804238" />
<link rel="stylesheet" href="//play.pokemonshowdown.com/style/battle.css?0.8753245789963631" />
<link rel="stylesheet" href="//play.pokemonshowdown.com/style/utilichart.css?0.8627959624976733" />

<!-- Global site tag (gtag.js) - Google Analytics -->
<script async src="https://www.googletagmanager.com/gtag/js?id=UA-26211653-1"></script>
<script>
  window.dataLayer = window.dataLayer || [];
  function gtag(){dataLayer.push(arguments);}
  gtag('js', new Date());

  gtag('config', 'UA-26211653-1');
</script>
<!-- End Google Analytics -->
<!-- Venatus Ad Manager - Install in <HEAD> of page -->
	<script src="https://hb.vntsm.com/v3/live/ad-manager.min.js" type="text/javascript" data-site-id="642aba63ec9a7b11c3c9c1be" data-mode="scan" async></script>
<!-- / Venatus Ad Manager -->

<style>
	@media (max-width:820px) {
		.battle {
			margin: 0 auto;
		}
		.battle-log {
			margin: 7px auto 0;
			max-width: 640px;
			height: 300px;
			position: static;
		}
	}
	.optgroup {
		display: inline-block;
		line-height: 22px;
		font-size: 10pt;
	}
	.optgroup .button {
		height: 25px;
		padding-top: 0;
		padding-bottom: 0;
	}
	.optgroup button.button {
		padding-left: 12px;
		padding-right: 12px;
	}
	.linklist {
		list-style: none;
		margin: 0.5em 0;
		padding: 0;
	}
	.linklist li {
		padding: 2px 0;
	}
	.sidebar {
		float: left;
		width: 320px;
	}
	.bar-wrapper {
		max-width: 1100px;
		margin: 0 auto;
	}
	.bar-wrapper.has-sidebar {
		max-width: 1430px;
	}
	.mainbar {
		margin: 0;
		padding-right: 1px;
	}
	.mainbar.has-sidebar {
		margin-left: 330px;
	}
	@media (min-width: 1511px) {
		.sidebar {
			width: 400px;
		}
		.bar-wrapper.has-sidebar {
			max-width: 1510px;
		}
		.mainbar.has-sidebar {
			margin-left: 410px;
		}
	}
	.section.first-section {
		margin-top: 9px;
	}
	.blocklink small {
		white-space: normal;
	}
	.button {
		vertical-align: middle;
	}
	.replay-controls {
		padding-top: 10px;
	}
	.replay-controls h1 {
		font-size: 16pt;
		font-weight: normal;
		color: #CCC;
	}
	.pagelink {
		text-align: center;
	}
	.pagelink a {
		width: 150px;
	}
	.textbox, .button {
		font-size: 11pt;
		vertical-align: middle;
	}
	@media (max-width: 450px) {
		.button {
			font-size: 9pt;
		}
	}
</style>

<div>

	<header>
		<div class="nav-wrapper"><ul class="nav">
			<li><a class="button nav-first" href="//pokemonshowdown.com/"><img src="//pokemonshowdown.com/images/pokemonshowdownbeta.png" srcset="//pokemonshowdown.com/images/pokemonshowdownbeta.png 1x, //pokemonshowdown.com/images/pokemonshowdownbeta@2x.png 2x" alt="Pok&eacute;mon Showdown" width="146" height="44" /> Home</a></li>
			<li><a class="button" href="//pokemonshowdown.com/dex/">Pok&eacute;dex</a></li>
			<li><a class="button cur" href="/">Replays</a></li>
			<li><a class="button" href="//pokemonshowdown.com/ladder/">Ladder</a></li>
			<li><a class="button nav-last" href="//pokemonshowdown.com/forums/">Forum</a></li>
			<li><a class="button greenbutton nav-first nav-last" href="//play.pokemonshowdown.com/">Play</a></li>
		</ul></div>
	</header>

	<div class="main" id="main">

		<noscript><section class="section">You need to enable JavaScript to use this page; sorry!</section></noscript>

	</div>

</div>

<script defer nomodule src="//play.pokemonshowdown.com/js/lib/ps-polyfill.js"></script>
<script defer src="//play.pokemonshowdown.com/js/lib/preact.min.js"></script>

<script defer src="//play.pokemonshowdown.com/config/config.js?2bddbc15"></script>
<script defer src="//play.pokemonshowdown.com/js/lib/jquery-1.11.0.min.js"></script>
<script defer src="//play.pokemonshowdown.com/js/lib/html-sanitizer-minified.js"></script>
<script defer src="//play.pokemonshowdown.com/js/battle-sound.js"></script>
<script defer src="//play.pokemonshowdown.com/js/battledata.js?0.7209276989879541"></script>
<script defer src="//play.pokemonshowdown.com/data/pokedex-mini.js?0.6111056340867951"></script>
<script defer src="//play.pokemonshowdown.com/data/pokedex-mini-bw.js?0.3532142036491459"></script>
<script defer src="//play.pokemonshowdown.com/data/graphics.js?0.24223875632456182"></script>
<script defer src="//play.pokemonshowdown.com/data/pokedex.js?0.38839984266356864"></script>
<script defer src="//play.pokemonshowdown.com/data/moves.js?0.21866028504024015"></script>
<script defer src="//play.pokemonshowdown.com/data/abilities.js?0.2005157953846628"></script>
<script defer src="//play.pokemonshowdown.com/data/items.js?0.9894211263848525"></script>
<script defer src="//play.pokemonshowdown.com/data/teambuilder-tables.js?0.6008791140282215"></script>
<script defer src="//play.pokemonshowdown.com/js/battle-tooltips.js?0.7580118955022959"></script>
<script defer src="//play.pokemonshowdown.com/js/battle.js?0.6057722274234274"></script>

<script defer src="js/utils.js?e31f9a17"></script>
<script defer src="js/replays-battle.js?7008c182"></script>

<!-- don't scrape this data! just add .json or .log after the URL!
Full API docs: https://github.com/smogon/pokemon-showdown-client/blob/master/WEB-API.md -->
<script type="text/plain" class="log" id="replaylog-smogtours-gen3ou-801284">
|inactive|Battle timer is ON: inactive players will automatically lose when time's up.
|t:|1729635441
|gametype|singles
|player|p1|salto|grimsley|
|player|p2|troglodyte480|pokemonbreeder|
|teamsize|p1|6
|teamsize|p2|6
|gen|3
|tier|[Gen 3] OU
|rule|Sleep Clause Mod: Limit one foe put to sleep
|rule|Switch Priority Clause Mod: Faster Pokémon switch first
|rule|Species Clause: Limit one of each Pokémon
|rule|OHKO Clause: OHKO moves are banned
|rule|Evasion Items Clause: Evasion items are banned
|rule|Evasion Moves Clause: Evasion moves are banned
|rule|Endless Battle Clause: Forcing endless battles is banned
|rule|HP Percentage Mod: HP is shown in percentages
|rule|One Boost Passer Clause: Limit one Baton Passer that has a way to boost its stats
|rule|Freeze Clause Mod: Limit one foe frozen
|
|t:|1729635441
|start
|switch|p1a: Jolteon|Jolteon, M|100/100
|switch|p2a: Blissey|Blissey, F|100/100
|turn|1
|
|t:|1729635455
|move|p1a: Jolteon|Baton Pass|p1a: Jolteon
|
|t:|1729635457
|switch|p1a: Forretress|Forretress, M|100/100|[from] Baton Pass
|move|p2a: Blissey|Seismic Toss|p1a: Forretress
|-damage|p1a: Forretress|72/100
|
|-heal|p1a: Forretress|78/100|[from] item: Leftovers
|upkeep
|turn|2
|
|t:|1729635466
|switch|p2a: Moltres|Moltres|100/100
|switch|p1a: Tyranitar|Tyranitar, F|100/100
|-weather|Sandstorm|[from] ability: Sand Stream|[of] p1a: Tyranitar
|
|-weather|Sandstorm|[upkeep]
|-damage|p2a: Moltres|94/100|[from] Sandstorm
|-heal|p2a: Moltres|100/100|[from] item: Leftovers
|upkeep
|turn|3
|
|t:|1729635480
|switch|p2a: Flygon|Flygon, M|100/100
|switch|p1a: Zapdos|Zapdos|100/100
|
|-weather|Sandstorm|[upkeep]
|-damage|p1a: Zapdos|94/100|[from] Sandstorm
|-heal|p1a: Zapdos|100/100|[from] item: Leftovers
|upkeep
|turn|4
|
|t:|1729635488
|switch|p1a: Forretress|Forretress, M|78/100
|move|p2a: Flygon|Protect||[still]
|-fail|p2a: Flygon
|
|-weather|Sandstorm|[upkeep]
|-heal|p1a: Forretress|85/100|[from] item: Leftovers
|upkeep
|turn|5
|
|t:|1729635509
|switch|p2a: Moltres|Moltres|100/100
|move|p1a: Forretress|Spikes|p2a: Moltres
|-sidestart|p2: troglodyte480|Spikes
|
|-weather|Sandstorm|[upkeep]
|-damage|p2a: Moltres|94/100|[from] Sandstorm
|-heal|p2a: Moltres|100/100|[from] item: Leftovers
|-heal|p1a: Forretress|91/100|[from] item: Leftovers
|upkeep
|turn|6
|
|t:|1729635534
|switch|p1a: Tyranitar|Tyranitar, F|100/100
|move|p2a: Moltres|Will-O-Wisp|p1a: Tyranitar
|-status|p1a: Tyranitar|brn
|
|-weather|Sandstorm|[upkeep]
|-damage|p2a: Moltres|94/100|[from] Sandstorm
|-heal|p2a: Moltres|100/100|[from] item: Leftovers
|-damage|p1a: Tyranitar|88/100 brn|[from] brn
|upkeep
|turn|7
|
|t:|1729635545
|switch|p2a: Skarmory|Skarmory, F|100/100
|switch|p1a: Zapdos|Zapdos|100/100
|
|-weather|Sandstorm|[upkeep]
|-damage|p1a: Zapdos|94/100|[from] Sandstorm
|-heal|p1a: Zapdos|100/100|[from] item: Leftovers
|upkeep
|turn|8
|inactive|troglodyte480 has 270 seconds left.
|
|t:|1729635566
|switch|p1a: Jolteon|Jolteon, M|100/100
|switch|p2a: Blissey|Blissey, F|100/100
|-damage|p2a: Blissey|88/100|[from] Spikes
|
|-weather|Sandstorm|[upkeep]
|-damage|p1a: Jolteon|94/100|[from] Sandstorm
|-damage|p2a: Blissey|82/100|[from] Sandstorm
|-heal|p1a: Jolteon|100/100|[from] item: Leftovers
|-heal|p2a: Blissey|88/100|[from] item: Leftovers
|upkeep
|turn|9
|inactive|troglodyte480 has 270 seconds left.
|
|t:|1729635575
|switch|p1a: Forretress|Forretress, M|91/100
|move|p2a: Blissey|Seismic Toss|p1a: Forretress
|-damage|p1a: Forretress|63/100
|
|-weather|Sandstorm|[upkeep]
|-damage|p2a: Blissey|82/100|[from] Sandstorm
|-heal|p2a: Blissey|88/100|[from] item: Leftovers
|-heal|p1a: Forretress|69/100|[from] item: Leftovers
|upkeep
|turn|10
|
|t:|1729635586
|move|p2a: Blissey|Seismic Toss|p1a: Forretress
|-damage|p1a: Forretress|41/100
|move|p1a: Forretress|Hidden Power|p2a: Blissey
|-damage|p2a: Blissey|70/100
|
|-weather|Sandstorm|[upkeep]
|-damage|p2a: Blissey|64/100|[from] Sandstorm
|-heal|p2a: Blissey|70/100|[from] item: Leftovers
|-heal|p1a: Forretress|47/100|[from] item: Leftovers
|upkeep
|turn|11
|
|t:|1729635596
|switch|p2a: Skarmory|Skarmory, F|100/100
|switch|p1a: Hariyama|Hariyama, M|100/100
|
|-weather|Sandstorm|[upkeep]
|-damage|p1a: Hariyama|94/100|[from] Sandstorm
|-heal|p1a: Hariyama|100/100|[from] item: Leftovers
|upkeep
|turn|12
|
|t:|1729635609
|switch|p1a: Forretress|Forretress, M|47/100
|move|p2a: Skarmory|Spikes|p1a: Forretress
|-sidestart|p1: salto|Spikes
|
|-weather|Sandstorm|[upkeep]
|-heal|p1a: Forretress|53/100|[from] item: Leftovers
|upkeep
|turn|13
|
|t:|1729635617
|switch|p2a: Moltres|Moltres|100/100
|move|p1a: Forretress|Spikes|p2a: Moltres
|-sidestart|p2: troglodyte480|Spikes
|
|-weather|Sandstorm|[upkeep]
|-damage|p2a: Moltres|94/100|[from] Sandstorm
|-heal|p2a: Moltres|100/100|[from] item: Leftovers
|-heal|p1a: Forretress|59/100|[from] item: Leftovers
|upkeep
|turn|14
|
|t:|1729635626
|switch|p1a: Tyranitar|Tyranitar, F|88/100 brn
|-damage|p1a: Tyranitar|76/100 brn|[from] Spikes
|move|p2a: Moltres|Flamethrower|p1a: Tyranitar
|-resisted|p1a: Tyranitar
|-damage|p1a: Tyranitar|55/100 brn
|
|-weather|Sandstorm|[upkeep]
|-damage|p2a: Moltres|94/100|[from] Sandstorm
|-heal|p2a: Moltres|100/100|[from] item: Leftovers
|-heal|p1a: Tyranitar|61/100 brn|[from] item: Leftovers
|-damage|p1a: Tyranitar|49/100 brn|[from] brn
|upkeep
|turn|15
|
|t:|1729635643
|switch|p1a: Zapdos|Zapdos|100/100
|move|p2a: Moltres|Hidden Power|p1a: Zapdos
|-resisted|p1a: Zapdos
|-damage|p1a: Zapdos|86/100
|
|-weather|Sandstorm|[upkeep]
|-damage|p1a: Zapdos|80/100|[from] Sandstorm
|-damage|p2a: Moltres|94/100|[from] Sandstorm
|-heal|p1a: Zapdos|86/100|[from] item: Leftovers
|-heal|p2a: Moltres|100/100|[from] item: Leftovers
|upkeep
|turn|16
|
|t:|1729635659
|switch|p2a: Blissey|Blissey, F|70/100
|-damage|p2a: Blissey|53/100|[from] Spikes
|move|p1a: Zapdos|Hidden Power|p2a: Blissey
|-damage|p2a: Blissey|44/100
|
|-weather|Sandstorm|[upkeep]
|-damage|p1a: Zapdos|80/100|[from] Sandstorm
|-damage|p2a: Blissey|38/100|[from] Sandstorm
|-heal|p1a: Zapdos|86/100|[from] item: Leftovers
|-heal|p2a: Blissey|44/100|[from] item: Leftovers
|upkeep
|turn|17
|
|t:|1729635669
|switch|p1a: Hariyama|Hariyama, M|100/100
|-damage|p1a: Hariyama|88/100|[from] Spikes
|move|p2a: Blissey|Soft-Boiled|p2a: Blissey
|-heal|p2a: Blissey|94/100
|
|-weather|Sandstorm|[upkeep]
|-damage|p2a: Blissey|88/100|[from] Sandstorm
|-damage|p1a: Hariyama|82/100|[from] Sandstorm
|-heal|p2a: Blissey|94/100|[from] item: Leftovers
|-heal|p1a: Hariyama|88/100|[from] item: Leftovers
|upkeep
|turn|18
|inactive|troglodyte480 has 270 seconds left.
|
|t:|1729635691
|switch|p2a: Skarmory|Skarmory, F|100/100
|move|p1a: Hariyama|Cross Chop|p2a: Skarmory
|-damage|p2a: Skarmory|70/100
|
|-weather|Sandstorm|[upkeep]
|-damage|p1a: Hariyama|82/100|[from] Sandstorm
|-heal|p2a: Skarmory|76/100|[from] item: Leftovers
|-heal|p1a: Hariyama|88/100|[from] item: Leftovers
|upkeep
|turn|19
|inactive|troglodyte480 has 270 seconds left.
|
|t:|1729635701
|switch|p1a: Forretress|Forretress, M|59/100
|-damage|p1a: Forretress|47/100|[from] Spikes
|move|p2a: Skarmory|Spikes|p1a: Forretress
|-sidestart|p1: salto|Spikes
|
|-weather|Sandstorm|[upkeep]
|-heal|p2a: Skarmory|82/100|[from] item: Leftovers
|-heal|p1a: Forretress|53/100|[from] item: Leftovers
|upkeep
|turn|20
|
|t:|1729635710
|switch|p2a: Moltres|Moltres|100/100
|move|p1a: Forretress|Rapid Spin|p2a: Moltres
|-damage|p2a: Moltres|95/100
|-sideend|p1: salto|Spikes|[from] move: Rapid Spin|[of] p1a: Forretress
|
|-weather|Sandstorm|[upkeep]
|-damage|p2a: Moltres|89/100|[from] Sandstorm
|-heal|p2a: Moltres|95/100|[from] item: Leftovers
|-heal|p1a: Forretress|59/100|[from] item: Leftovers
|upkeep
|turn|21
|
|t:|1729635719
|switch|p1a: Tyranitar|Tyranitar, F|49/100 brn
|move|p2a: Moltres|Flamethrower|p1a: Tyranitar
|-resisted|p1a: Tyranitar
|-damage|p1a: Tyranitar|28/100 brn
|
|-weather|Sandstorm|[upkeep]
|-damage|p2a: Moltres|89/100|[from] Sandstorm
|-heal|p2a: Moltres|95/100|[from] item: Leftovers
|-heal|p1a: Tyranitar|34/100 brn|[from] item: Leftovers
|-damage|p1a: Tyranitar|22/100 brn|[from] brn
|upkeep
|turn|22
|
|t:|1729635731
|move|p2a: Moltres|Hidden Power|p1a: Tyranitar
|-supereffective|p1a: Tyranitar
|-damage|p1a: Tyranitar|0 fnt
|faint|p1a: Tyranitar
|
|t:|1729635734
|switch|p1a: Jolteon|Jolteon, M|100/100
|
|-weather|Sandstorm|[upkeep]
|-damage|p1a: Jolteon|94/100|[from] Sandstorm
|-damage|p2a: Moltres|89/100|[from] Sandstorm
|-heal|p1a: Jolteon|100/100|[from] item: Leftovers
|-heal|p2a: Moltres|95/100|[from] item: Leftovers
|upkeep
|turn|23
|
|t:|1729635743
|switch|p2a: Flygon|Flygon, M|100/100
|move|p1a: Jolteon|Thunderbolt|p2a: Flygon
|-immune|p2a: Flygon
|
|-weather|Sandstorm|[upkeep]
|-damage|p1a: Jolteon|94/100|[from] Sandstorm
|-heal|p1a: Jolteon|100/100|[from] item: Leftovers
|upkeep
|turn|24
|
|t:|1729635751
|move|p2a: Flygon|Protect|p2a: Flygon
|-singleturn|p2a: Flygon|Protect
|move|p1a: Jolteon|Hidden Power|p2a: Flygon
|-activate|p2a: Flygon|Protect
|
|-weather|Sandstorm|[upkeep]
|-damage|p1a: Jolteon|94/100|[from] Sandstorm
|-heal|p1a: Jolteon|100/100|[from] item: Leftovers
|upkeep
|turn|25
|
|t:|1729635763
|switch|p2a: Blissey|Blissey, F|94/100
|-damage|p2a: Blissey|78/100|[from] Spikes
|move|p1a: Jolteon|Baton Pass|p1a: Jolteon
|
|t:|1729635773
|switch|p1a: Hariyama|Hariyama, M|88/100|[from] Baton Pass
|
|-weather|Sandstorm|[upkeep]
|-damage|p2a: Blissey|71/100|[from] Sandstorm
|-damage|p1a: Hariyama|82/100|[from] Sandstorm
|-heal|p2a: Blissey|78/100|[from] item: Leftovers
|-heal|p1a: Hariyama|88/100|[from] item: Leftovers
|upkeep
|turn|26
|
|t:|1729635787
|switch|p2a: Skarmory|Skarmory, F|82/100
|switch|p1a: Forretress|Forretress, M|59/100
|
|-weather|Sandstorm|[upkeep]
|-heal|p2a: Skarmory|88/100|[from] item: Leftovers
|-heal|p1a: Forretress|65/100|[from] item: Leftovers
|upkeep
|turn|27
|
|t:|1729635794
|move|p2a: Skarmory|Spikes|p1a: Forretress
|-sidestart|p1: salto|Spikes
|move|p1a: Forretress|Spikes|p2a: Skarmory
|-sidestart|p2: troglodyte480|Spikes
|
|-weather|Sandstorm|[upkeep]
|-heal|p2a: Skarmory|94/100|[from] item: Leftovers
|-heal|p1a: Forretress|72/100|[from] item: Leftovers
|upkeep
|turn|28
|
|t:|1729635801
|move|p1a: Forretress|Rapid Spin|p2a: Skarmory
|-resisted|p2a: Skarmory
|-damage|p2a: Skarmory|92/100
|-sideend|p1: salto|Spikes|[from] move: Rapid Spin|[of] p1a: Forretress
|move|p2a: Skarmory|Roar|p1a: Forretress
|drag|p1a: Raikou|Raikou|100/100
|
|-weather|Sandstorm|[upkeep]
|-damage|p1a: Raikou|94/100|[from] Sandstorm
|-heal|p1a: Raikou|100/100|[from] item: Leftovers
|-heal|p2a: Skarmory|98/100|[from] item: Leftovers
|upkeep
|turn|29
|
|t:|1729635811
|switch|p1a: Forretress|Forretress, M|72/100
|switch|p2a: Flygon|Flygon, M|100/100
|
|-weather|Sandstorm|[upkeep]
|-heal|p1a: Forretress|78/100|[from] item: Leftovers
|upkeep
|turn|30
|
|t:|1729635826
|move|p2a: Flygon|Toxic|p1a: Forretress
|-immune|p1a: Forretress
|move|p1a: Forretress|Hidden Power|p2a: Flygon
|-damage|p2a: Flygon|81/100
|
|-weather|Sandstorm|[upkeep]
|-heal|p2a: Flygon|87/100|[from] item: Leftovers
|-heal|p1a: Forretress|84/100|[from] item: Leftovers
|upkeep
|turn|31
|
|t:|1729635835
|move|p2a: Flygon|Protect|p2a: Flygon
|-singleturn|p2a: Flygon|Protect
|move|p1a: Forretress|Hidden Power|p2a: Flygon
|-activate|p2a: Flygon|Protect
|
|-weather|Sandstorm|[upkeep]
|-heal|p2a: Flygon|93/100|[from] item: Leftovers
|-heal|p1a: Forretress|90/100|[from] item: Leftovers
|upkeep
|turn|32
|
|t:|1729635850
|move|p2a: Flygon|Toxic|p1a: Forretress
|-immune|p1a: Forretress
|move|p1a: Forretress|Hidden Power|p2a: Flygon
|-damage|p2a: Flygon|74/100
|
|-weather|Sandstorm|[upkeep]
|-heal|p2a: Flygon|80/100|[from] item: Leftovers
|-heal|p1a: Forretress|97/100|[from] item: Leftovers
|upkeep
|turn|33
|
|t:|1729635858
|move|p2a: Flygon|Protect|p2a: Flygon
|-singleturn|p2a: Flygon|Protect
|move|p1a: Forretress|Rapid Spin|p2a: Flygon
|-activate|p2a: Flygon|Protect
|
|-weather|Sandstorm|[upkeep]
|-heal|p2a: Flygon|86/100|[from] item: Leftovers
|-heal|p1a: Forretress|100/100|[from] item: Leftovers
|upkeep
|turn|34
|
|t:|1729635866
|switch|p2a: Moltres|Moltres|95/100
|move|p1a: Forretress|Hidden Power|p2a: Moltres
|-resisted|p2a: Moltres
|-damage|p2a: Moltres|90/100
|
|-weather|Sandstorm|[upkeep]
|-damage|p2a: Moltres|83/100|[from] Sandstorm
|-heal|p2a: Moltres|90/100|[from] item: Leftovers
|upkeep
|turn|35
|
|t:|1729635874
|switch|p1a: Zapdos|Zapdos|86/100
|move|p2a: Moltres|Will-O-Wisp|p1a: Zapdos|[miss]
|-miss|p2a: Moltres|p1a: Zapdos
|
|-weather|Sandstorm|[upkeep]
|-damage|p1a: Zapdos|80/100|[from] Sandstorm
|-damage|p2a: Moltres|83/100|[from] Sandstorm
|-heal|p1a: Zapdos|86/100|[from] item: Leftovers
|-heal|p2a: Moltres|90/100|[from] item: Leftovers
|upkeep
|turn|36
|
|t:|1729635886
|move|p1a: Zapdos|Thunderbolt|p2a: Moltres
|-supereffective|p2a: Moltres
|-damage|p2a: Moltres|0 fnt
|faint|p2a: Moltres
|c|☆troglodyte480|good play
|
|t:|1729635908
|switch|p2a: Tyranitar|Tyranitar, F|100/100
|-damage|p2a: Tyranitar|75/100|[from] Spikes
|
|-weather|Sandstorm|[upkeep]
|-damage|p1a: Zapdos|80/100|[from] Sandstorm
|-heal|p1a: Zapdos|86/100|[from] item: Leftovers
|-heal|p2a: Tyranitar|82/100|[from] item: Leftovers
|upkeep
|turn|37
|
|t:|1729635922
|switch|p1a: Hariyama|Hariyama, M|88/100
|move|p2a: Tyranitar|Earthquake|p1a: Hariyama
|-damage|p1a: Hariyama|61/100
|
|-weather|Sandstorm|[upkeep]
|-damage|p1a: Hariyama|55/100|[from] Sandstorm
|-heal|p2a: Tyranitar|88/100|[from] item: Leftovers
|-heal|p1a: Hariyama|61/100|[from] item: Leftovers
|upkeep
|turn|38
|
|t:|1729635935
|switch|p2a: Skarmory|Skarmory, F|98/100
|move|p1a: Hariyama|Cross Chop|p2a: Skarmory
|-damage|p2a: Skarmory|65/100
|
|-weather|Sandstorm|[upkeep]
|-damage|p1a: Hariyama|55/100|[from] Sandstorm
|-heal|p2a: Skarmory|71/100|[from] item: Leftovers
|-heal|p1a: Hariyama|61/100|[from] item: Leftovers
|upkeep
|turn|39
|inactive|troglodyte480 has 270 seconds left.
|
|t:|1729635962
|switch|p1a: Forretress|Forretress, M|100/100
|move|p2a: Skarmory|Spikes|p1a: Forretress
|-sidestart|p1: salto|Spikes
|
|-weather|Sandstorm|[upkeep]
|-heal|p2a: Skarmory|77/100|[from] item: Leftovers
|upkeep
|turn|40
|
|t:|1729635969
|move|p2a: Skarmory|Spikes|p1a: Forretress
|-sidestart|p1: salto|Spikes
|move|p1a: Forretress|Rapid Spin|p2a: Skarmory
|-resisted|p2a: Skarmory
|-damage|p2a: Skarmory|76/100
|-sideend|p1: salto|Spikes|[from] move: Rapid Spin|[of] p1a: Forretress
|
|-weather|Sandstorm|[upkeep]
|-heal|p2a: Skarmory|82/100|[from] item: Leftovers
|upkeep
|turn|41
|inactive|troglodyte480 has 270 seconds left.
|
|t:|1729635978
|move|p2a: Skarmory|Spikes|p1a: Forretress
|-sidestart|p1: salto|Spikes
|move|p1a: Forretress|Rapid Spin|p2a: Skarmory
|-resisted|p2a: Skarmory
|-damage|p2a: Skarmory|80/100
|-sideend|p1: salto|Spikes|[from] move: Rapid Spin|[of] p1a: Forretress
|
|-weather|Sandstorm|[upkeep]
|-heal|p2a: Skarmory|86/100|[from] item: Leftovers
|upkeep
|turn|42
|inactive|troglodyte480 has 270 seconds left.
|
|t:|1729635989
|switch|p2a: Blissey|Blissey, F|78/100
|-damage|p2a: Blissey|53/100|[from] Spikes
|move|p1a: Forretress|Rapid Spin|p2a: Blissey
|-damage|p2a: Blissey|49/100
|
|-weather|Sandstorm|[upkeep]
|-damage|p2a: Blissey|43/100|[from] Sandstorm
|-heal|p2a: Blissey|49/100|[from] item: Leftovers
|upkeep
|turn|43
|
|t:|1729635998
|switch|p1a: Hariyama|Hariyama, M|61/100
|move|p2a: Blissey|Soft-Boiled|p2a: Blissey
|-heal|p2a: Blissey|99/100
|
|-weather|Sandstorm|[upkeep]
|-damage|p2a: Blissey|93/100|[from] Sandstorm
|-damage|p1a: Hariyama|55/100|[from] Sandstorm
|-heal|p2a: Blissey|99/100|[from] item: Leftovers
|-heal|p1a: Hariyama|61/100|[from] item: Leftovers
|upkeep
|turn|44
|inactive|troglodyte480 has 270 seconds left.
|
|t:|1729636014
|switch|p2a: Mantine|Mantine, M|100/100
|move|p1a: Hariyama|Cross Chop|p2a: Mantine
|-resisted|p2a: Mantine
|-crit|p2a: Mantine
|-damage|p2a: Mantine|56/100
|
|-weather|Sandstorm|[upkeep]
|-damage|p2a: Mantine|50/100|[from] Sandstorm
|-damage|p1a: Hariyama|55/100|[from] Sandstorm
|-heal|p2a: Mantine|56/100|[from] item: Leftovers
|-heal|p1a: Hariyama|61/100|[from] item: Leftovers
|upkeep
|turn|45
|inactive|troglodyte480 has 270 seconds left.
|inactive|salto has 270 seconds left.
|
|t:|1729636046
|switch|p1a: Zapdos|Zapdos|86/100
|move|p2a: Mantine|Toxic|p1a: Zapdos
|-status|p1a: Zapdos|tox
|
|-weather|Sandstorm|[upkeep]
|-damage|p1a: Zapdos|80/100 tox|[from] Sandstorm
|-damage|p2a: Mantine|50/100|[from] Sandstorm
|-heal|p1a: Zapdos|86/100 tox|[from] item: Leftovers
|-damage|p1a: Zapdos|80/100 tox|[from] psn
|-heal|p2a: Mantine|56/100|[from] item: Leftovers
|upkeep
|turn|46
|inactive|salto has 270 seconds left.
|inactive|troglodyte480 has 270 seconds left.
|
|t:|1729636062
|switch|p1a: Jolteon|Jolteon, M|100/100
|switch|p2a: Blissey|Blissey, F|99/100
|-damage|p2a: Blissey|74/100|[from] Spikes
|
|-weather|Sandstorm|[upkeep]
|-damage|p1a: Jolteon|94/100|[from] Sandstorm
|-damage|p2a: Blissey|68/100|[from] Sandstorm
|-heal|p1a: Jolteon|100/100|[from] item: Leftovers
|-heal|p2a: Blissey|74/100|[from] item: Leftovers
|upkeep
|turn|47
|inactive|salto has 270 seconds left.
|
|t:|1729636073
|switch|p1a: Forretress|Forretress, M|100/100
|move|p2a: Blissey|Seismic Toss|p1a: Forretress
|-damage|p1a: Forretress|72/100
|
|-weather|Sandstorm|[upkeep]
|-damage|p2a: Blissey|68/100|[from] Sandstorm
|-heal|p2a: Blissey|74/100|[from] item: Leftovers
|-heal|p1a: Forretress|78/100|[from] item: Leftovers
|upkeep
|turn|48
|
|t:|1729636081
|move|p2a: Blissey|Seismic Toss|p1a: Forretress
|-damage|p1a: Forretress|50/100
|move|p1a: Forretress|Hidden Power|p2a: Blissey
|-damage|p2a: Blissey|54/100
|
|-weather|Sandstorm|[upkeep]
|-damage|p2a: Blissey|48/100|[from] Sandstorm
|-heal|p2a: Blissey|54/100|[from] item: Leftovers
|-heal|p1a: Forretress|56/100|[from] item: Leftovers
|upkeep
|turn|49
|
|t:|1729636092
|switch|p1a: Hariyama|Hariyama, M|61/100
|move|p2a: Blissey|Soft-Boiled|p2a: Blissey
|-heal|p2a: Blissey|100/100
|
|-weather|Sandstorm|[upkeep]
|-damage|p2a: Blissey|94/100|[from] Sandstorm
|-damage|p1a: Hariyama|55/100|[from] Sandstorm
|-heal|p2a: Blissey|100/100|[from] item: Leftovers
|-heal|p1a: Hariyama|61/100|[from] item: Leftovers
|upkeep
|turn|50
|
|t:|1729636104
|switch|p2a: Skarmory|Skarmory, F|86/100
|switch|p1a: Jolteon|Jolteon, M|100/100
|
|-weather|Sandstorm|[upkeep]
|-damage|p1a: Jolteon|94/100|[from] Sandstorm
|-heal|p1a: Jolteon|100/100|[from] item: Leftovers
|-heal|p2a: Skarmory|92/100|[from] item: Leftovers
|upkeep
|turn|51
|
|t:|1729636115
|move|p1a: Jolteon|Baton Pass|p1a: Jolteon
|
|t:|1729636117
|switch|p1a: Forretress|Forretress, M|56/100|[from] Baton Pass
|move|p2a: Skarmory|Spikes|p1a: Forretress
|-sidestart|p1: salto|Spikes
|
|-weather|Sandstorm|[upkeep]
|-heal|p2a: Skarmory|98/100|[from] item: Leftovers
|-heal|p1a: Forretress|63/100|[from] item: Leftovers
|upkeep
|turn|52
|
|t:|1729636124
|switch|p2a: Flygon|Flygon, M|86/100
|move|p1a: Forretress|Rapid Spin|p2a: Flygon
|-damage|p2a: Flygon|83/100
|-sideend|p1: salto|Spikes|[from] move: Rapid Spin|[of] p1a: Forretress
|
|-weather|Sandstorm|[upkeep]
|-heal|p2a: Flygon|89/100|[from] item: Leftovers
|-heal|p1a: Forretress|69/100|[from] item: Leftovers
|upkeep
|turn|53
|
|t:|1729636132
|move|p2a: Flygon|Earthquake|p1a: Forretress
|-damage|p1a: Forretress|46/100
|move|p1a: Forretress|Hidden Power|p2a: Flygon
|-damage|p2a: Flygon|70/100
|
|-weather|Sandstorm|[upkeep]
|-heal|p2a: Flygon|76/100|[from] item: Leftovers
|-heal|p1a: Forretress|52/100|[from] item: Leftovers
|upkeep
|turn|54
|
|t:|1729636145
|switch|p1a: Zapdos|Zapdos|80/100 tox
|move|p2a: Flygon|Toxic|p1a: Zapdos
|-fail|p1a: Zapdos|tox
|
|-weather|Sandstorm|[upkeep]
|-damage|p1a: Zapdos|73/100 tox|[from] Sandstorm
|-heal|p1a: Zapdos|80/100 tox|[from] item: Leftovers
|-damage|p1a: Zapdos|73/100 tox|[from] psn
|-heal|p2a: Flygon|82/100|[from] item: Leftovers
|upkeep
|turn|55
|
|t:|1729636154
|move|p2a: Flygon|Protect|p2a: Flygon
|-singleturn|p2a: Flygon|Protect
|move|p1a: Zapdos|Hidden Power|p2a: Flygon
|-activate|p2a: Flygon|Protect
|
|-weather|Sandstorm|[upkeep]
|-damage|p1a: Zapdos|67/100 tox|[from] Sandstorm
|-heal|p1a: Zapdos|73/100 tox|[from] item: Leftovers
|-damage|p1a: Zapdos|61/100 tox|[from] psn
|-heal|p2a: Flygon|88/100|[from] item: Leftovers
|upkeep
|turn|56
|
|t:|1729636167
|switch|p2a: Blissey|Blissey, F|100/100
|-damage|p2a: Blissey|76/100|[from] Spikes
|move|p1a: Zapdos|Hidden Power|p2a: Blissey
|-damage|p2a: Blissey|67/100
|
|-weather|Sandstorm|[upkeep]
|-damage|p1a: Zapdos|55/100 tox|[from] Sandstorm
|-damage|p2a: Blissey|61/100|[from] Sandstorm
|-heal|p1a: Zapdos|61/100 tox|[from] item: Leftovers
|-damage|p1a: Zapdos|42/100 tox|[from] psn
|-heal|p2a: Blissey|67/100|[from] item: Leftovers
|upkeep
|turn|57
|
|t:|1729636184
|switch|p1a: Hariyama|Hariyama, M|61/100
|move|p2a: Blissey|Seismic Toss|p1a: Hariyama
|-damage|p1a: Hariyama|39/100
|
|-weather|Sandstorm|[upkeep]
|-damage|p2a: Blissey|61/100|[from] Sandstorm
|-damage|p1a: Hariyama|33/100|[from] Sandstorm
|-heal|p2a: Blissey|67/100|[from] item: Leftovers
|-heal|p1a: Hariyama|39/100|[from] item: Leftovers
|upkeep
|turn|58
|inactive|troglodyte480 has 270 seconds left.
|
|t:|1729636222
|switch|p2a: Flygon|Flygon, M|88/100
|switch|p1a: Jolteon|Jolteon, M|100/100
|
|-weather|Sandstorm|[upkeep]
|-damage|p1a: Jolteon|94/100|[from] Sandstorm
|-heal|p1a: Jolteon|100/100|[from] item: Leftovers
|-heal|p2a: Flygon|94/100|[from] item: Leftovers
|upkeep
|turn|59
|
|t:|1729636230
|move|p2a: Flygon|Protect|p2a: Flygon
|-singleturn|p2a: Flygon|Protect
|move|p1a: Jolteon|Hidden Power|p2a: Flygon
|-activate|p2a: Flygon|Protect
|
|-weather|Sandstorm|[upkeep]
|-damage|p1a: Jolteon|94/100|[from] Sandstorm
|-heal|p1a: Jolteon|100/100|[from] item: Leftovers
|-heal|p2a: Flygon|100/100|[from] item: Leftovers
|upkeep
|turn|60
|inactive|troglodyte480 has 270 seconds left.
|
|t:|1729636242
|switch|p2a: Blissey|Blissey, F|67/100
|-damage|p2a: Blissey|42/100|[from] Spikes
|move|p1a: Jolteon|Hidden Power|p2a: Blissey
|-crit|p2a: Blissey
|-damage|p2a: Blissey|26/100
|
|-weather|Sandstorm|[upkeep]
|-damage|p1a: Jolteon|94/100|[from] Sandstorm
|-damage|p2a: Blissey|20/100|[from] Sandstorm
|-heal|p1a: Jolteon|100/100|[from] item: Leftovers
|-heal|p2a: Blissey|26/100|[from] item: Leftovers
|upkeep
|turn|61
|inactive|troglodyte480 has 270 seconds left.
|
|t:|1729636253
|move|p1a: Jolteon|Thunderbolt|p2a: Blissey
|-damage|p2a: Blissey|11/100
|move|p2a: Blissey|Soft-Boiled|p2a: Blissey
|-heal|p2a: Blissey|61/100
|
|-weather|Sandstorm|[upkeep]
|-damage|p1a: Jolteon|94/100|[from] Sandstorm
|-damage|p2a: Blissey|54/100|[from] Sandstorm
|-heal|p1a: Jolteon|100/100|[from] item: Leftovers
|-heal|p2a: Blissey|61/100|[from] item: Leftovers
|upkeep
|turn|62
|inactive|troglodyte480 has 270 seconds left.
|
|t:|1729636270
|move|p1a: Jolteon|Baton Pass|p1a: Jolteon
|
|t:|1729636274
|switch|p1a: Hariyama|Hariyama, M|39/100|[from] Baton Pass
|move|p2a: Blissey|Soft-Boiled|p2a: Blissey
|-heal|p2a: Blissey|100/100
|
|-weather|Sandstorm|[upkeep]
|-damage|p2a: Blissey|94/100|[from] Sandstorm
|-damage|p1a: Hariyama|33/100|[from] Sandstorm
|-heal|p2a: Blissey|100/100|[from] item: Leftovers
|-heal|p1a: Hariyama|39/100|[from] item: Leftovers
|upkeep
|turn|63
|inactive|troglodyte480 has 270 seconds left.
|
|t:|1729636291
|switch|p2a: Skarmory|Skarmory, F|98/100
|move|p1a: Hariyama|Cross Chop|p2a: Skarmory
|-damage|p2a: Skarmory|65/100
|
|-weather|Sandstorm|[upkeep]
|-damage|p1a: Hariyama|33/100|[from] Sandstorm
|-heal|p2a: Skarmory|71/100|[from] item: Leftovers
|-heal|p1a: Hariyama|39/100|[from] item: Leftovers
|upkeep
|turn|64
|
|t:|1729636301
|switch|p1a: Forretress|Forretress, M|52/100
|move|p2a: Skarmory|Spikes|p1a: Forretress
|-sidestart|p1: salto|Spikes
|
|-weather|Sandstorm|[upkeep]
|-heal|p2a: Skarmory|77/100|[from] item: Leftovers
|-heal|p1a: Forretress|58/100|[from] item: Leftovers
|upkeep
|turn|65
|inactive|troglodyte480 has 270 seconds left.
|
|t:|1729636311
|switch|p2a: Flygon|Flygon, M|100/100
|move|p1a: Forretress|Rapid Spin|p2a: Flygon
|-damage|p2a: Flygon|97/100
|-sideend|p1: salto|Spikes|[from] move: Rapid Spin|[of] p1a: Forretress
|
|-weather|Sandstorm|[upkeep]
|-heal|p2a: Flygon|100/100|[from] item: Leftovers
|-heal|p1a: Forretress|64/100|[from] item: Leftovers
|upkeep
|turn|66
|
|t:|1729636318
|move|p2a: Flygon|Earthquake|p1a: Forretress
|-damage|p1a: Forretress|39/100
|move|p1a: Forretress|Hidden Power|p2a: Flygon
|-damage|p2a: Flygon|81/100
|
|-weather|Sandstorm|[upkeep]
|-heal|p2a: Flygon|87/100|[from] item: Leftovers
|-heal|p1a: Forretress|45/100|[from] item: Leftovers
|upkeep
|turn|67
|
|t:|1729636327
|switch|p1a: Zapdos|Zapdos|42/100 tox
|move|p2a: Flygon|Earthquake|p1a: Zapdos
|-immune|p1a: Zapdos
|
|-weather|Sandstorm|[upkeep]
|-damage|p1a: Zapdos|36/100 tox|[from] Sandstorm
|-heal|p1a: Zapdos|42/100 tox|[from] item: Leftovers
|-damage|p1a: Zapdos|36/100 tox|[from] psn
|-heal|p2a: Flygon|93/100|[from] item: Leftovers
|upkeep
|turn|68
|
|t:|1729636337
|switch|p1a: Jolteon|Jolteon, M|100/100
|move|p2a: Flygon|Protect||[still]
|-fail|p2a: Flygon
|
|-weather|Sandstorm|[upkeep]
|-damage|p1a: Jolteon|94/100|[from] Sandstorm
|-heal|p1a: Jolteon|100/100|[from] item: Leftovers
|-heal|p2a: Flygon|99/100|[from] item: Leftovers
|upkeep
|turn|69
|
|t:|1729636345
|move|p2a: Flygon|Protect|p2a: Flygon
|-singleturn|p2a: Flygon|Protect
|move|p1a: Jolteon|Hidden Power|p2a: Flygon
|-activate|p2a: Flygon|Protect
|
|-weather|Sandstorm|[upkeep]
|-damage|p1a: Jolteon|94/100|[from] Sandstorm
|-heal|p1a: Jolteon|100/100|[from] item: Leftovers
|-heal|p2a: Flygon|100/100|[from] item: Leftovers
|upkeep
|turn|70
|
|t:|1729636357
|switch|p2a: Skarmory|Skarmory, F|77/100
|move|p1a: Jolteon|Hidden Power|p2a: Skarmory
|-damage|p2a: Skarmory|57/100
|
|-weather|Sandstorm|[upkeep]
|-damage|p1a: Jolteon|94/100|[from] Sandstorm
|-heal|p1a: Jolteon|100/100|[from] item: Leftovers
|-heal|p2a: Skarmory|63/100|[from] item: Leftovers
|upkeep
|turn|71
|
|t:|1729636366
|move|p2a: Skarmory|Protect|p2a: Skarmory
|-singleturn|p2a: Skarmory|Protect
|move|p1a: Jolteon|Thunderbolt|p2a: Skarmory
|-activate|p2a: Skarmory|Protect
|
|-weather|Sandstorm|[upkeep]
|-damage|p1a: Jolteon|94/100|[from] Sandstorm
|-heal|p1a: Jolteon|100/100|[from] item: Leftovers
|-heal|p2a: Skarmory|69/100|[from] item: Leftovers
|upkeep
|turn|72
|
|t:|1729636376
|switch|p2a: Blissey|Blissey, F|100/100
|-damage|p2a: Blissey|76/100|[from] Spikes
|move|p1a: Jolteon|Thunderbolt|p2a: Blissey
|-damage|p2a: Blissey|60/100
|
|-weather|Sandstorm|[upkeep]
|-damage|p1a: Jolteon|94/100|[from] Sandstorm
|-damage|p2a: Blissey|54/100|[from] Sandstorm
|-heal|p1a: Jolteon|100/100|[from] item: Leftovers
|-heal|p2a: Blissey|60/100|[from] item: Leftovers
|upkeep
|turn|73
|
|t:|1729636387
|move|p1a: Jolteon|Baton Pass|p1a: Jolteon
|
|t:|1729636389
|switch|p1a: Hariyama|Hariyama, M|39/100|[from] Baton Pass
|move|p2a: Blissey|Seismic Toss|p1a: Hariyama
|-damage|p1a: Hariyama|17/100
|
|-weather|Sandstorm|[upkeep]
|-damage|p2a: Blissey|54/100|[from] Sandstorm
|-damage|p1a: Hariyama|11/100|[from] Sandstorm
|-heal|p2a: Blissey|60/100|[from] item: Leftovers
|-heal|p1a: Hariyama|17/100|[from] item: Leftovers
|upkeep
|turn|74
|
|t:|1729636400
|switch|p2a: Mantine|Mantine, M|56/100
|move|p1a: Hariyama|Rest|p1a: Hariyama
|-status|p1a: Hariyama|slp|[from] move: Rest
|-heal|p1a: Hariyama|100/100 slp|[silent]
|
|-weather|Sandstorm|[upkeep]
|-damage|p2a: Mantine|50/100|[from] Sandstorm
|-damage|p1a: Hariyama|94/100 slp|[from] Sandstorm
|-heal|p2a: Mantine|56/100|[from] item: Leftovers
|-heal|p1a: Hariyama|100/100 slp|[from] item: Leftovers
|upkeep
|turn|75
|
|t:|1729636414
|switch|p2a: Skarmory|Skarmory, F|69/100
|cant|p1a: Hariyama|slp
|move|p1a: Hariyama|Sleep Talk|p1a: Hariyama
|move|p1a: Hariyama|Whirlwind|p2a: Skarmory|[from]Sleep Talk
|drag|p2a: Mantine|Mantine, M|56/100
|
|-weather|Sandstorm|[upkeep]
|-damage|p2a: Mantine|50/100|[from] Sandstorm
|-damage|p1a: Hariyama|94/100 slp|[from] Sandstorm
|-heal|p2a: Mantine|56/100|[from] item: Leftovers
|-heal|p1a: Hariyama|100/100 slp|[from] item: Leftovers
|upkeep
|turn|76
|
|t:|1729636425
|move|p2a: Mantine|Surf|p1a: Hariyama
|-damage|p1a: Hariyama|78/100 slp
|cant|p1a: Hariyama|slp
|move|p1a: Hariyama|Sleep Talk|p1a: Hariyama
|move|p1a: Hariyama|Rest|p1a: Hariyama|[from]Sleep Talk
|
|-weather|Sandstorm|[upkeep]
|-damage|p2a: Mantine|50/100|[from] Sandstorm
|-damage|p1a: Hariyama|72/100 slp|[from] Sandstorm
|-heal|p2a: Mantine|56/100|[from] item: Leftovers
|-heal|p1a: Hariyama|78/100 slp|[from] item: Leftovers
|upkeep
|turn|77
|
|t:|1729636435
|move|p2a: Mantine|Surf|p1a: Hariyama
|-damage|p1a: Hariyama|60/100 slp
|-curestatus|p1a: Hariyama|slp|[msg]
|move|p1a: Hariyama|Whirlwind|p2a: Mantine
|drag|p2a: Flygon|Flygon, M|100/100
|
|-weather|Sandstorm|[upkeep]
|-damage|p1a: Hariyama|53/100|[from] Sandstorm
|-heal|p1a: Hariyama|60/100|[from] item: Leftovers
|upkeep
|turn|78
|
|t:|1729636449
|move|p2a: Flygon|Earthquake|p1a: Hariyama
|-damage|p1a: Hariyama|29/100
|move|p1a: Hariyama|Whirlwind|p2a: Flygon
|drag|p2a: Blissey|Blissey, F|60/100
|-damage|p2a: Blissey|35/100|[from] Spikes
|
|-weather|Sandstorm|[upkeep]
|-damage|p2a: Blissey|29/100|[from] Sandstorm
|-damage|p1a: Hariyama|23/100|[from] Sandstorm
|-heal|p2a: Blissey|35/100|[from] item: Leftovers
|-heal|p1a: Hariyama|29/100|[from] item: Leftovers
|upkeep
|turn|79
|
|t:|1729636466
|switch|p2a: Skarmory|Skarmory, F|69/100
|move|p1a: Hariyama|Rest|p1a: Hariyama
|-status|p1a: Hariyama|slp|[from] move: Rest
|-heal|p1a: Hariyama|100/100 slp|[silent]
|
|-weather|Sandstorm|[upkeep]
|-damage|p1a: Hariyama|94/100 slp|[from] Sandstorm
|-heal|p2a: Skarmory|75/100|[from] item: Leftovers
|-heal|p1a: Hariyama|100/100 slp|[from] item: Leftovers
|upkeep
|turn|80
|
|t:|1729636475
|switch|p1a: Forretress|Forretress, M|45/100
|move|p2a: Skarmory|Spikes|p1a: Forretress
|-sidestart|p1: salto|Spikes
|
|-weather|Sandstorm|[upkeep]
|-heal|p2a: Skarmory|81/100|[from] item: Leftovers
|-heal|p1a: Forretress|51/100|[from] item: Leftovers
|upkeep
|turn|81
|
|t:|1729636493
|switch|p2a: Flygon|Flygon, M|100/100
|move|p1a: Forretress|Hidden Power|p2a: Flygon
|-damage|p2a: Flygon|83/100
|
|-weather|Sandstorm|[upkeep]
|-heal|p2a: Flygon|90/100|[from] item: Leftovers
|-heal|p1a: Forretress|57/100|[from] item: Leftovers
|upkeep
|turn|82
|
|t:|1729636502
|move|p2a: Flygon|Earthquake|p1a: Forretress
|-damage|p1a: Forretress|33/100
|move|p1a: Forretress|Rapid Spin|p2a: Flygon
|-damage|p2a: Flygon|86/100
|-sideend|p1: salto|Spikes|[from] move: Rapid Spin|[of] p1a: Forretress
|
|-weather|Sandstorm|[upkeep]
|-heal|p2a: Flygon|92/100|[from] item: Leftovers
|-heal|p1a: Forretress|39/100|[from] item: Leftovers
|upkeep
|turn|83
|
|t:|1729636510
|switch|p1a: Zapdos|Zapdos|36/100 tox
|move|p2a: Flygon|Earthquake|p1a: Zapdos
|-immune|p1a: Zapdos
|
|-weather|Sandstorm|[upkeep]
|-damage|p1a: Zapdos|30/100 tox|[from] Sandstorm
|-heal|p1a: Zapdos|36/100 tox|[from] item: Leftovers
|-damage|p1a: Zapdos|30/100 tox|[from] psn
|-heal|p2a: Flygon|98/100|[from] item: Leftovers
|upkeep
|turn|84
|
|t:|1729636521
|move|p2a: Flygon|Protect|p2a: Flygon
|-singleturn|p2a: Flygon|Protect
|move|p1a: Zapdos|Hidden Power|p2a: Flygon
|-activate|p2a: Flygon|Protect
|
|-weather|Sandstorm|[upkeep]
|-damage|p1a: Zapdos|24/100 tox|[from] Sandstorm
|-heal|p1a: Zapdos|30/100 tox|[from] item: Leftovers
|-damage|p1a: Zapdos|18/100 tox|[from] psn
|-heal|p2a: Flygon|100/100|[from] item: Leftovers
|upkeep
|turn|85
|inactive|troglodyte480 has 270 seconds left.
|c|☆troglodyte480|you're good at this game
|
|t:|1729636576
|switch|p2a: Tyranitar|Tyranitar, F|88/100
|-damage|p2a: Tyranitar|63/100|[from] Spikes
|move|p1a: Zapdos|Hidden Power|p2a: Tyranitar
|-supereffective|p2a: Tyranitar
|-damage|p2a: Tyranitar|20/100
|
|-weather|Sandstorm|[upkeep]
|-damage|p1a: Zapdos|11/100 tox|[from] Sandstorm
|-heal|p1a: Zapdos|18/100 tox|[from] item: Leftovers
|-damage|p1a: Zapdos|0 fnt|[from] psn
|faint|p1a: Zapdos
|-heal|p2a: Tyranitar|26/100|[from] item: Leftovers
|upkeep
|c|☆salto|usually my limit is like 100 turns
|c|☆troglodyte480|it was grass haha
|c|☆salto|then I start making bad decisions
|c|☆troglodyte480|good bluff
|inactive|salto has 270 seconds left.
|
|t:|1729636607
|switch|p1a: Jolteon|Jolteon, M|100/100
|turn|86
|
|t:|1729636611
|move|p1a: Jolteon|Thunderbolt|p2a: Tyranitar
|-damage|p2a: Tyranitar|0 fnt
|faint|p2a: Tyranitar
|c|☆salto|I was kinda just sacing zapdos
|inactive|troglodyte480 has 240 seconds left.
|
|t:|1729636651
|switch|p2a: Flygon|Flygon, M|100/100
|
|-weather|Sandstorm|[upkeep]
|-damage|p1a: Jolteon|94/100|[from] Sandstorm
|-heal|p1a: Jolteon|100/100|[from] item: Leftovers
|upkeep
|turn|87
|
|t:|1729636656
|move|p1a: Jolteon|Hidden Power|p2a: Flygon
|-supereffective|p2a: Flygon
|-damage|p2a: Flygon|9/100
|move|p2a: Flygon|Earthquake|p1a: Jolteon
|-supereffective|p1a: Jolteon
|-damage|p1a: Jolteon|0 fnt
|faint|p1a: Jolteon
|
|t:|1729636660
|switch|p1a: Raikou|Raikou|100/100
|
|-weather|Sandstorm|[upkeep]
|-damage|p1a: Raikou|94/100|[from] Sandstorm
|-heal|p1a: Raikou|100/100|[from] item: Leftovers
|-heal|p2a: Flygon|15/100|[from] item: Leftovers
|upkeep
|turn|88
|
|t:|1729636668
|move|p2a: Flygon|Protect|p2a: Flygon
|-singleturn|p2a: Flygon|Protect
|move|p1a: Raikou|Hidden Power|p2a: Flygon
|-activate|p2a: Flygon|Protect
|
|-weather|Sandstorm|[upkeep]
|-damage|p1a: Raikou|94/100|[from] Sandstorm
|-heal|p1a: Raikou|100/100|[from] item: Leftovers
|-heal|p2a: Flygon|21/100|[from] item: Leftovers
|upkeep
|turn|89
|inactive|troglodyte480 has 240 seconds left.
|
|t:|1729636684
|switch|p2a: Skarmory|Skarmory, F|81/100
|move|p1a: Raikou|Hidden Power|p2a: Skarmory
|-resisted|p2a: Skarmory
|-damage|p2a: Skarmory|76/100
|
|-weather|Sandstorm|[upkeep]
|-damage|p1a: Raikou|94/100|[from] Sandstorm
|-heal|p1a: Raikou|100/100|[from] item: Leftovers
|-heal|p2a: Skarmory|82/100|[from] item: Leftovers
|upkeep
|turn|90
|inactive|troglodyte480 has 240 seconds left.
|
|t:|1729636696
|move|p2a: Skarmory|Protect|p2a: Skarmory
|-singleturn|p2a: Skarmory|Protect
|move|p1a: Raikou|Calm Mind|p1a: Raikou
|-boost|p1a: Raikou|spa|1
|-boost|p1a: Raikou|spd|1
|
|-weather|Sandstorm|[upkeep]
|-damage|p1a: Raikou|94/100|[from] Sandstorm
|-heal|p1a: Raikou|100/100|[from] item: Leftovers
|-heal|p2a: Skarmory|88/100|[from] item: Leftovers
|upkeep
|turn|91
|
|t:|1729636706
|switch|p2a: Mantine|Mantine, M|56/100
|move|p1a: Raikou|Thunderbolt|p2a: Mantine
|-supereffective|p2a: Mantine
|-damage|p2a: Mantine|0 fnt
|faint|p2a: Mantine
|
|t:|1729636714
|switch|p2a: Flygon|Flygon, M|21/100
|
|-weather|Sandstorm|[upkeep]
|-damage|p1a: Raikou|94/100|[from] Sandstorm
|-heal|p1a: Raikou|100/100|[from] item: Leftovers
|-heal|p2a: Flygon|27/100|[from] item: Leftovers
|upkeep
|turn|92
|
|t:|1729636729
|move|p1a: Raikou|Hidden Power|p2a: Flygon
|-damage|p2a: Flygon|0 fnt
|faint|p2a: Flygon
|c|☆troglodyte480|gg
|
|t:|1729636736
|switch|p2a: Skarmory|Skarmory, F|88/100
|
|-weather|Sandstorm|[upkeep]
|-damage|p1a: Raikou|94/100|[from] Sandstorm
|-heal|p1a: Raikou|100/100|[from] item: Leftovers
|-heal|p2a: Skarmory|94/100|[from] item: Leftovers
|upkeep
|turn|93
|c|☆salto|gg
|
|t:|1729636742
|move|p1a: Raikou|Thunderbolt|p2a: Skarmory
|-supereffective|p2a: Skarmory
|-damage|p2a: Skarmory|0 fnt
|faint|p2a: Skarmory
|
|t:|1729636746
|switch|p2a: Blissey|Blissey, F|35/100
|-damage|p2a: Blissey|10/100|[from] Spikes
|
|-weather|Sandstorm|[upkeep]
|-damage|p1a: Raikou|94/100|[from] Sandstorm
|-damage|p2a: Blissey|4/100|[from] Sandstorm
|-heal|p1a: Raikou|100/100|[from] item: Leftovers
|-heal|p2a: Blissey|10/100|[from] item: Leftovers
|upkeep
|turn|94
|
|t:|1729636754
|move|p1a: Raikou|Thunderbolt|p2a: Blissey
|-crit|p2a: Blissey
|-damage|p2a: Blissey|0 fnt
|faint|p2a: Blissey
|
|win|salto
|player|p1|
|player|p1|salto|grimsley|

</script>
<script type="application/json" class="data" id="replaydata-smogtours-gen3ou-801284">
{"id":"smogtours-gen3ou-801284","format":"[Gen 3] OU","players":["salto","troglodyte480"],"uploadtime":1729636754,"views":72,"formatid":"gen3ou","rating":null,"private":0,"password":null}
</script>

<script defer src="js/replays.js?9d40a366"></script>
