<!DOCTYPE html>
<meta charset="utf-8" />
<meta name="viewport" content="width=device-width" />

<title>[Gen 3] OU: lax vs. PotatoZ4 - Replays - Pok&eacute;mon Showdown!</title>

<meta name="description" content="Watch a replay of a Pok&eacute;mon battle between lax and PotatoZ4! Format: [Gen 3] OU; Date: Oct 7, 2024" />
<!--

Hey, you! Looking in the source for the replay log?

You can find them in JSON format, just add `.json` at the end of a replay URL.

https://replay.pokemonshowdown.com/gen7randomdoublesbattle-865046831.json

Or, if you only need the log itself, add `.log` instead:

https://replay.pokemonshowdown.com/gen7randomdoublesbattle-865046831.log

-->

<link rel="stylesheet" href="//pokemonshowdown.com/style/global.css?0.023195364461161105" />
<link rel="stylesheet" href="//play.pokemonshowdown.com/style/font-awesome.css?0.13261647063804238" />
<link rel="stylesheet" href="//play.pokemonshowdown.com/style/battle.css?0.8753245789963631" />
<link rel="stylesheet" href="//play.pokemonshowdown.com/style/utilichart.css?0.8627959624976733" />

<!-- Global site tag (gtag.js) - Google Analytics -->
<script async src="https://www.googletagmanager.com/gtag/js?id=UA-26211653-1"></script>
<script>
  window.dataLayer = window.dataLayer || [];
  function gtag(){dataLayer.push(arguments);}
  gtag('js', new Date());

  gtag('config', 'UA-26211653-1');
</script>
<!-- End Google Analytics -->
<!-- Venatus Ad Manager - Install in <HEAD> of page -->
	<script src="https://hb.vntsm.com/v3/live/ad-manager.min.js" type="text/javascript" data-site-id="642aba63ec9a7b11c3c9c1be" data-mode="scan" async></script>
<!-- / Venatus Ad Manager -->

<style>
	@media (max-width:820px) {
		.battle {
			margin: 0 auto;
		}
		.battle-log {
			margin: 7px auto 0;
			max-width: 640px;
			height: 300px;
			position: static;
		}
	}
	.optgroup {
		display: inline-block;
		line-height: 22px;
		font-size: 10pt;
	}
	.optgroup .button {
		height: 25px;
		padding-top: 0;
		padding-bottom: 0;
	}
	.optgroup button.button {
		padding-left: 12px;
		padding-right: 12px;
	}
	.linklist {
		list-style: none;
		margin: 0.5em 0;
		padding: 0;
	}
	.linklist li {
		padding: 2px 0;
	}
	.sidebar {
		float: left;
		width: 320px;
	}
	.bar-wrapper {
		max-width: 1100px;
		margin: 0 auto;
	}
	.bar-wrapper.has-sidebar {
		max-width: 1430px;
	}
	.mainbar {
		margin: 0;
		padding-right: 1px;
	}
	.mainbar.has-sidebar {
		margin-left: 330px;
	}
	@media (min-width: 1511px) {
		.sidebar {
			width: 400px;
		}
		.bar-wrapper.has-sidebar {
			max-width: 1510px;
		}
		.mainbar.has-sidebar {
			margin-left: 410px;
		}
	}
	.section.first-section {
		margin-top: 9px;
	}
	.blocklink small {
		white-space: normal;
	}
	.button {
		vertical-align: middle;
	}
	.replay-controls {
		padding-top: 10px;
	}
	.replay-controls h1 {
		font-size: 16pt;
		font-weight: normal;
		color: #CCC;
	}
	.pagelink {
		text-align: center;
	}
	.pagelink a {
		width: 150px;
	}
	.textbox, .button {
		font-size: 11pt;
		vertical-align: middle;
	}
	@media (max-width: 450px) {
		.button {
			font-size: 9pt;
		}
	}
</style>

<div>

	<header>
		<div class="nav-wrapper"><ul class="nav">
			<li><a class="button nav-first" href="//pokemonshowdown.com/"><img src="//pokemonshowdown.com/images/pokemonshowdownbeta.png" srcset="//pokemonshowdown.com/images/pokemonshowdownbeta.png 1x, //pokemonshowdown.com/images/pokemonshowdownbeta@2x.png 2x" alt="Pok&eacute;mon Showdown" width="146" height="44" /> Home</a></li>
			<li><a class="button" href="//pokemonshowdown.com/dex/">Pok&eacute;dex</a></li>
			<li><a class="button cur" href="/">Replays</a></li>
			<li><a class="button" href="//pokemonshowdown.com/ladder/">Ladder</a></li>
			<li><a class="button nav-last" href="//pokemonshowdown.com/forums/">Forum</a></li>
			<li><a class="button greenbutton nav-first nav-last" href="//play.pokemonshowdown.com/">Play</a></li>
		</ul></div>
	</header>

	<div class="main" id="main">

		<noscript><section class="section">You need to enable JavaScript to use this page; sorry!</section></noscript>

	</div>

</div>

<script defer nomodule src="//play.pokemonshowdown.com/js/lib/ps-polyfill.js"></script>
<script defer src="//play.pokemonshowdown.com/js/lib/preact.min.js"></script>

<script defer src="//play.pokemonshowdown.com/config/config.js?2bddbc15"></script>
<script defer src="//play.pokemonshowdown.com/js/lib/jquery-1.11.0.min.js"></script>
<script defer src="//play.pokemonshowdown.com/js/lib/html-sanitizer-minified.js"></script>
<script defer src="//play.pokemonshowdown.com/js/battle-sound.js"></script>
<script defer src="//play.pokemonshowdown.com/js/battledata.js?0.7209276989879541"></script>
<script defer src="//play.pokemonshowdown.com/data/pokedex-mini.js?0.6111056340867951"></script>
<script defer src="//play.pokemonshowdown.com/data/pokedex-mini-bw.js?0.3532142036491459"></script>
<script defer src="//play.pokemonshowdown.com/data/graphics.js?0.24223875632456182"></script>
<script defer src="//play.pokemonshowdown.com/data/pokedex.js?0.38839984266356864"></script>
<script defer src="//play.pokemonshowdown.com/data/moves.js?0.21866028504024015"></script>
<script defer src="//play.pokemonshowdown.com/data/abilities.js?0.2005157953846628"></script>
<script defer src="//play.pokemonshowdown.com/data/items.js?0.9894211263848525"></script>
<script defer src="//play.pokemonshowdown.com/data/teambuilder-tables.js?0.6008791140282215"></script>
<script defer src="//play.pokemonshowdown.com/js/battle-tooltips.js?0.7580118955022959"></script>
<script defer src="//play.pokemonshowdown.com/js/battle.js?0.6057722274234274"></script>

<script defer src="js/utils.js?e31f9a17"></script>
<script defer src="js/replays-battle.js?7008c182"></script>

<!-- don't scrape this data! just add .json or .log after the URL!
Full API docs: https://github.com/smogon/pokemon-showdown-client/blob/master/WEB-API.md -->
<script type="text/plain" class="log" id="replaylog-smogtours-gen3ou-796177">
|inactive|Battle timer is ON: inactive players will automatically lose when time's up.
|t:|1728324123
|gametype|singles
|player|p1|lax|#lax|
|player|p2|PotatoZ4|ethan-masters|
|teamsize|p1|6
|teamsize|p2|6
|gen|3
|tier|[Gen 3] OU
|rule|Sleep Clause Mod: Limit one foe put to sleep
|rule|Switch Priority Clause Mod: Faster Pokémon switch first
|rule|Species Clause: Limit one of each Pokémon
|rule|OHKO Clause: OHKO moves are banned
|rule|Evasion Items Clause: Evasion items are banned
|rule|Evasion Moves Clause: Evasion moves are banned
|rule|Endless Battle Clause: Forcing endless battles is banned
|rule|HP Percentage Mod: HP is shown in percentages
|rule|One Boost Passer Clause: Limit one Baton Passer that has a way to boost its stats
|rule|Freeze Clause Mod: Limit one foe frozen
|
|t:|1728324123
|start
|switch|p1a: Skarmory|Skarmory, M|100/100
|switch|p2a: Zapdos|Zapdos|100/100
|turn|1
|
|t:|1728324138
|switch|p1a: Blissey|Blissey, F|100/100
|move|p2a: Zapdos|Thunder Wave|p1a: Blissey
|-status|p1a: Blissey|par
|
|upkeep
|turn|2
|
|t:|1728324160
|move|p2a: Zapdos|Baton Pass|p2a: Zapdos
|
|t:|1728324163
|switch|p2a: Skarmory|Skarmory, F|100/100|[from] Baton Pass
|move|p1a: Blissey|Ice Beam|p2a: Skarmory
|-damage|p2a: Skarmory|77/100
|
|-heal|p2a: Skarmory|83/100|[from] item: Leftovers
|upkeep
|turn|3
|
|t:|1728324170
|-curestatus|p1a: Blissey|par|[from] ability: Natural Cure
|switch|p1a: Skarmory|Skarmory, M|100/100
|move|p2a: Skarmory|Spikes|p1a: Skarmory
|-sidestart|p1: lax|Spikes
|
|-heal|p2a: Skarmory|89/100|[from] item: Leftovers
|upkeep
|turn|4
|
|t:|1728324178
|move|p1a: Skarmory|Spikes|p2a: Skarmory
|-sidestart|p2: PotatoZ4|Spikes
|move|p2a: Skarmory|Roar|p1a: Skarmory
|drag|p1a: Blissey|Blissey, F|100/100
|-damage|p1a: Blissey|88/100|[from] Spikes
|
|-heal|p2a: Skarmory|95/100|[from] item: Leftovers
|-heal|p1a: Blissey|94/100|[from] item: Leftovers
|upkeep
|turn|5
|
|t:|1728324183
|move|p2a: Skarmory|Spikes|p1a: Blissey
|-sidestart|p1: lax|Spikes
|move|p1a: Blissey|Thunderbolt|p2a: Skarmory
|-supereffective|p2a: Skarmory
|-damage|p2a: Skarmory|49/100
|
|-heal|p2a: Skarmory|55/100|[from] item: Leftovers
|-heal|p1a: Blissey|99/100|[from] item: Leftovers
|upkeep
|turn|6
|
|t:|1728324192
|switch|p1a: Claydol|Claydol|100/100
|move|p2a: Skarmory|Protect||[still]
|-fail|p2a: Skarmory
|
|-heal|p2a: Skarmory|61/100|[from] item: Leftovers
|upkeep
|turn|7
|
|t:|1728324196
|move|p2a: Skarmory|Toxic|p1a: Claydol|[miss]
|-miss|p2a: Skarmory|p1a: Claydol
|move|p1a: Claydol|Rapid Spin|p2a: Skarmory
|-resisted|p2a: Skarmory
|-damage|p2a: Skarmory|59/100
|-sideend|p1: lax|Spikes|[from] move: Rapid Spin|[of] p1a: Claydol
|
|-heal|p2a: Skarmory|65/100|[from] item: Leftovers
|upkeep
|turn|8
|
|t:|1728324202
|switch|p1a: Skarmory|Skarmory, M|100/100
|move|p2a: Skarmory|Toxic|p1a: Skarmory
|-immune|p1a: Skarmory
|
|-heal|p2a: Skarmory|71/100|[from] item: Leftovers
|upkeep
|turn|9
|
|t:|1728324205
|move|p2a: Skarmory|Spikes|p1a: Skarmory
|-sidestart|p1: lax|Spikes
|move|p1a: Skarmory|Spikes|p2a: Skarmory
|-sidestart|p2: PotatoZ4|Spikes
|
|-heal|p2a: Skarmory|77/100|[from] item: Leftovers
|upkeep
|turn|10
|
|t:|1728324210
|move|p2a: Skarmory|Spikes|p1a: Skarmory
|-sidestart|p1: lax|Spikes
|move|p1a: Skarmory|Spikes|p2a: Skarmory
|-sidestart|p2: PotatoZ4|Spikes
|
|-heal|p2a: Skarmory|83/100|[from] item: Leftovers
|upkeep
|turn|11
|
|t:|1728324212
|switch|p1a: Claydol|Claydol|100/100
|move|p2a: Skarmory|Spikes|p1a: Claydol
|-sidestart|p1: lax|Spikes
|
|-heal|p2a: Skarmory|89/100|[from] item: Leftovers
|upkeep
|turn|12
|
|t:|1728324216
|move|p2a: Skarmory|Toxic|p1a: Claydol
|-status|p1a: Claydol|tox
|move|p1a: Claydol|Rapid Spin|p2a: Skarmory
|-resisted|p2a: Skarmory
|-damage|p2a: Skarmory|88/100
|-sideend|p1: lax|Spikes|[from] move: Rapid Spin|[of] p1a: Claydol
|
|-heal|p2a: Skarmory|94/100|[from] item: Leftovers
|-damage|p1a: Claydol|94/100 tox|[from] psn
|upkeep
|turn|13
|
|t:|1728324218
|move|p2a: Skarmory|Spikes|p1a: Claydol
|-sidestart|p1: lax|Spikes
|move|p1a: Claydol|Refresh|p1a: Claydol
|-curestatus|p1a: Claydol|tox|[msg]
|
|-heal|p2a: Skarmory|99/100|[from] item: Leftovers
|-heal|p1a: Claydol|100/100|[from] item: Leftovers
|upkeep
|turn|14
|
|t:|1728324222
|move|p2a: Skarmory|Toxic|p1a: Claydol
|-status|p1a: Claydol|tox
|move|p1a: Claydol|Rapid Spin|p2a: Skarmory
|-resisted|p2a: Skarmory
|-damage|p2a: Skarmory|99/100
|-sideend|p1: lax|Spikes|[from] move: Rapid Spin|[of] p1a: Claydol
|
|-heal|p2a: Skarmory|100/100|[from] item: Leftovers
|-damage|p1a: Claydol|94/100 tox|[from] psn
|upkeep
|turn|15
|
|t:|1728324224
|move|p2a: Skarmory|Toxic|p1a: Claydol
|-fail|p1a: Claydol|tox
|move|p1a: Claydol|Refresh|p1a: Claydol
|-curestatus|p1a: Claydol|tox|[msg]
|
|-heal|p1a: Claydol|100/100|[from] item: Leftovers
|upkeep
|turn|16
|
|t:|1728324231
|move|p2a: Skarmory|Spikes|p1a: Claydol
|-sidestart|p1: lax|Spikes
|move|p1a: Claydol|Rapid Spin|p2a: Skarmory
|-resisted|p2a: Skarmory
|-crit|p2a: Skarmory
|-damage|p2a: Skarmory|98/100
|-sideend|p1: lax|Spikes|[from] move: Rapid Spin|[of] p1a: Claydol
|
|-heal|p2a: Skarmory|100/100|[from] item: Leftovers
|upkeep
|turn|17
|
|t:|1728324234
|move|p1a: Claydol|Rapid Spin|p2a: Skarmory
|-resisted|p2a: Skarmory
|-damage|p2a: Skarmory|99/100
|move|p2a: Skarmory|Roar|p1a: Claydol
|drag|p1a: Aerodactyl|Aerodactyl, M|100/100
|
|-heal|p2a: Skarmory|100/100|[from] item: Leftovers
|upkeep
|turn|18
|
|t:|1728324239
|switch|p1a: Claydol|Claydol|100/100
|move|p2a: Skarmory|Toxic|p1a: Claydol
|-status|p1a: Claydol|tox
|
|-damage|p1a: Claydol|94/100 tox|[from] psn
|upkeep
|turn|19
|
|t:|1728324242
|move|p2a: Skarmory|Spikes|p1a: Claydol
|-sidestart|p1: lax|Spikes
|move|p1a: Claydol|Refresh|p1a: Claydol
|-curestatus|p1a: Claydol|tox|[msg]
|
|-heal|p1a: Claydol|100/100|[from] item: Leftovers
|upkeep
|turn|20
|
|t:|1728324245
|move|p1a: Claydol|Rapid Spin|p2a: Skarmory
|-resisted|p2a: Skarmory
|-crit|p2a: Skarmory
|-damage|p2a: Skarmory|98/100
|-sideend|p1: lax|Spikes|[from] move: Rapid Spin|[of] p1a: Claydol
|move|p2a: Skarmory|Roar|p1a: Claydol
|drag|p1a: Milotic|Milotic, F|100/100
|
|-heal|p2a: Skarmory|100/100|[from] item: Leftovers
|upkeep
|turn|21
|
|t:|1728324249
|switch|p1a: Claydol|Claydol|100/100
|move|p2a: Skarmory|Toxic|p1a: Claydol
|-status|p1a: Claydol|tox
|
|-damage|p1a: Claydol|94/100 tox|[from] psn
|upkeep
|turn|22
|
|t:|1728324253
|move|p1a: Claydol|Refresh|p1a: Claydol
|-curestatus|p1a: Claydol|tox|[msg]
|move|p2a: Skarmory|Roar|p1a: Claydol
|drag|p1a: Milotic|Milotic, F|100/100
|
|upkeep
|turn|23
|
|t:|1728324256
|switch|p1a: Claydol|Claydol|94/100
|move|p2a: Skarmory|Roar|p1a: Claydol
|drag|p1a: Blissey|Blissey, F|99/100
|
|-heal|p1a: Blissey|100/100|[from] item: Leftovers
|upkeep
|turn|24
|
|t:|1728324260
|move|p2a: Skarmory|Toxic|p1a: Blissey|[miss]
|-miss|p2a: Skarmory|p1a: Blissey
|move|p1a: Blissey|Thunderbolt|p2a: Skarmory
|-supereffective|p2a: Skarmory
|-damage|p2a: Skarmory|56/100
|
|-heal|p2a: Skarmory|62/100|[from] item: Leftovers
|upkeep
|turn|25
|
|t:|1728324264
|move|p2a: Skarmory|Protect|p2a: Skarmory
|-singleturn|p2a: Skarmory|Protect
|move|p1a: Blissey|Thunderbolt|p2a: Skarmory
|-activate|p2a: Skarmory|Protect
|
|-heal|p2a: Skarmory|68/100|[from] item: Leftovers
|upkeep
|turn|26
|
|t:|1728324278
|move|p1a: Blissey|Thunderbolt|p2a: Skarmory
|-supereffective|p2a: Skarmory
|-damage|p2a: Skarmory|21/100
|move|p2a: Skarmory|Roar|p1a: Blissey
|drag|p1a: Milotic|Milotic, F|100/100
|
|-heal|p2a: Skarmory|27/100|[from] item: Leftovers
|upkeep
|turn|27
|
|t:|1728324282
|move|p1a: Milotic|Surf|p2a: Skarmory
|-crit|p2a: Skarmory
|-damage|p2a: Skarmory|0 fnt
|faint|p2a: Skarmory
|
|t:|1728324300
|switch|p2a: Tyranitar|Tyranitar, M|100/100
|-damage|p2a: Tyranitar|76/100|[from] Spikes
|-weather|Sandstorm|[from] ability: Sand Stream|[of] p2a: Tyranitar
|
|-weather|Sandstorm|[upkeep]
|-damage|p1a: Milotic|94/100|[from] Sandstorm
|-heal|p1a: Milotic|100/100|[from] item: Leftovers
|upkeep
|turn|28
|
|t:|1728324310
|switch|p2a: Zapdos|Zapdos|100/100
|move|p1a: Milotic|Surf|p2a: Zapdos
|-damage|p2a: Zapdos|63/100
|
|-weather|Sandstorm|[upkeep]
|-damage|p2a: Zapdos|57/100|[from] Sandstorm
|-damage|p1a: Milotic|94/100|[from] Sandstorm
|-heal|p2a: Zapdos|63/100|[from] item: Leftovers
|-heal|p1a: Milotic|100/100|[from] item: Leftovers
|upkeep
|turn|29
|
|t:|1728324320
|switch|p1a: Blissey|Blissey, F|100/100
|move|p2a: Zapdos|Hidden Power|p1a: Blissey
|-damage|p1a: Blissey|91/100
|
|-weather|Sandstorm|[upkeep]
|-damage|p2a: Zapdos|57/100|[from] Sandstorm
|-damage|p1a: Blissey|84/100|[from] Sandstorm
|-heal|p2a: Zapdos|63/100|[from] item: Leftovers
|-heal|p1a: Blissey|91/100|[from] item: Leftovers
|upkeep
|turn|30
|
|t:|1728324327
|move|p2a: Zapdos|Baton Pass|p2a: Zapdos
|
|t:|1728324328
|switch|p2a: Metagross|Metagross|100/100|[from] Baton Pass
|-damage|p2a: Metagross|76/100|[from] Spikes
|move|p1a: Blissey|Ice Beam|p2a: Metagross
|-resisted|p2a: Metagross
|-damage|p2a: Metagross|60/100
|
|-weather|Sandstorm|[upkeep]
|-damage|p1a: Blissey|84/100|[from] Sandstorm
|-heal|p1a: Blissey|91/100|[from] item: Leftovers
|upkeep
|turn|31
|
|t:|1728324342
|switch|p1a: Skarmory|Skarmory, M|100/100
|move|p2a: Metagross|Meteor Mash|p1a: Skarmory
|-resisted|p1a: Skarmory
|-damage|p1a: Skarmory|70/100
|
|-weather|Sandstorm|[upkeep]
|-heal|p1a: Skarmory|76/100|[from] item: Leftovers
|upkeep
|turn|32
|
|t:|1728324350
|move|p1a: Skarmory|Protect|p1a: Skarmory
|-singleturn|p1a: Skarmory|Protect
|move|p2a: Metagross|Meteor Mash|p1a: Skarmory
|-activate|p1a: Skarmory|Protect
|
|-weather|Sandstorm|[upkeep]
|-heal|p1a: Skarmory|82/100|[from] item: Leftovers
|upkeep
|turn|33
|
|t:|1728324353
|move|p2a: Metagross|Meteor Mash|p1a: Skarmory
|-resisted|p1a: Skarmory
|-damage|p1a: Skarmory|47/100
|-boost|p2a: Metagross|atk|1
|move|p1a: Skarmory|Roar|p2a: Metagross
|drag|p2a: Swampert|Swampert, M|100/100
|-damage|p2a: Swampert|76/100|[from] Spikes
|
|-weather|Sandstorm|[upkeep]
|-heal|p1a: Skarmory|53/100|[from] item: Leftovers
|upkeep
|turn|34
|
|t:|1728324361
|move|p2a: Swampert|Hydro Pump|p1a: Skarmory
|-damage|p1a: Skarmory|7/100
|move|p1a: Skarmory|Roar|p2a: Swampert
|drag|p2a: Tyranitar|Tyranitar, M|76/100
|-damage|p2a: Tyranitar|51/100|[from] Spikes
|
|-weather|Sandstorm|[upkeep]
|-heal|p1a: Skarmory|13/100|[from] item: Leftovers
|upkeep
|turn|35
|
|t:|1728324378
|move|p2a: Tyranitar|Dragon Dance|p2a: Tyranitar
|-boost|p2a: Tyranitar|atk|1
|-boost|p2a: Tyranitar|spe|1
|move|p1a: Skarmory|Roar|p2a: Tyranitar
|drag|p2a: Aerodactyl|Aerodactyl, F|100/100
|
|-weather|Sandstorm|[upkeep]
|-heal|p1a: Skarmory|19/100|[from] item: Leftovers
|upkeep
|turn|36
|
|t:|1728324385
|move|p1a: Skarmory|Protect|p1a: Skarmory
|-singleturn|p1a: Skarmory|Protect
|move|p2a: Aerodactyl|Double-Edge|p1a: Skarmory
|-activate|p1a: Skarmory|Protect
|
|-weather|Sandstorm|[upkeep]
|-heal|p1a: Skarmory|25/100|[from] item: Leftovers
|upkeep
|turn|37
|
|t:|1728324389
|switch|p1a: Sableye|Sableye, M|100/100
|move|p2a: Aerodactyl|Double-Edge|p1a: Sableye
|-immune|p1a: Sableye
|
|-weather|Sandstorm|[upkeep]
|-damage|p1a: Sableye|94/100|[from] Sandstorm
|-heal|p1a: Sableye|100/100|[from] item: Leftovers
|upkeep
|turn|38
|
|t:|1728324395
|switch|p2a: Zapdos|Zapdos|63/100
|move|p1a: Sableye|Knock Off|p2a: Zapdos
|-damage|p2a: Zapdos|58/100
|-enditem|p2a: Zapdos|Leftovers|[from] move: Knock Off|[of] p1a: Sableye
|-hint|In Gens 3-4, Knock Off only makes the target's item unusable; it cannot obtain a new item.
|
|-weather|Sandstorm|[upkeep]
|-damage|p2a: Zapdos|52/100|[from] Sandstorm
|-damage|p1a: Sableye|94/100|[from] Sandstorm
|-heal|p1a: Sableye|100/100|[from] item: Leftovers
|upkeep
|turn|39
|
|t:|1728324405
|switch|p1a: Blissey|Blissey, F|91/100
|move|p2a: Zapdos|Thunder Wave|p1a: Blissey
|-status|p1a: Blissey|par
|
|-weather|Sandstorm|[upkeep]
|-damage|p2a: Zapdos|46/100|[from] Sandstorm
|-damage|p1a: Blissey|84/100 par|[from] Sandstorm
|-heal|p1a: Blissey|91/100 par|[from] item: Leftovers
|upkeep
|turn|40
|
|t:|1728324421
|-curestatus|p1a: Blissey|par|[from] ability: Natural Cure
|switch|p1a: Skarmory|Skarmory, M|25/100
|move|p2a: Zapdos|Thunderbolt|p1a: Skarmory
|-supereffective|p1a: Skarmory
|-damage|p1a: Skarmory|0 fnt
|faint|p1a: Skarmory
|
|t:|1728324427
|switch|p1a: Aerodactyl|Aerodactyl, M|100/100
|
|-weather|Sandstorm|[upkeep]
|-damage|p2a: Zapdos|40/100|[from] Sandstorm
|upkeep
|turn|41
|
|t:|1728324441
|switch|p2a: Swampert|Swampert, M|76/100
|-damage|p2a: Swampert|51/100|[from] Spikes
|move|p1a: Aerodactyl|Double-Edge|p2a: Swampert
|-damage|p2a: Swampert|0 fnt
|faint|p2a: Swampert
|
|t:|1728324448
|switch|p2a: Tyranitar|Tyranitar, M|51/100
|-damage|p2a: Tyranitar|26/100|[from] Spikes
|
|-weather|Sandstorm|[upkeep]
|upkeep
|turn|42
|
|t:|1728324456
|switch|p1a: Milotic|Milotic, F|100/100
|move|p2a: Tyranitar|Rock Slide|p1a: Milotic
|-damage|p1a: Milotic|72/100
|
|-weather|Sandstorm|[upkeep]
|-damage|p1a: Milotic|66/100|[from] Sandstorm
|-heal|p1a: Milotic|72/100|[from] item: Leftovers
|upkeep
|turn|43
|
|t:|1728324461
|move|p2a: Tyranitar|Rock Slide|p1a: Milotic
|-damage|p1a: Milotic|41/100
|cant|p1a: Milotic|flinch
|
|-weather|Sandstorm|[upkeep]
|-damage|p1a: Milotic|35/100|[from] Sandstorm
|-heal|p1a: Milotic|41/100|[from] item: Leftovers
|upkeep
|turn|44
|
|t:|1728324467
|move|p2a: Tyranitar|Rock Slide|p1a: Milotic
|-damage|p1a: Milotic|11/100
|move|p1a: Milotic|Surf|p2a: Tyranitar
|-supereffective|p2a: Tyranitar
|-crit|p2a: Tyranitar
|-damage|p2a: Tyranitar|0 fnt
|faint|p2a: Tyranitar
|
|t:|1728324473
|switch|p2a: Aerodactyl|Aerodactyl, F|100/100
|
|-weather|Sandstorm|[upkeep]
|-damage|p1a: Milotic|5/100|[from] Sandstorm
|-heal|p1a: Milotic|11/100|[from] item: Leftovers
|upkeep
|turn|45
|
|t:|1728324481
|move|p2a: Aerodactyl|Rock Slide|p1a: Milotic|[miss]
|-miss|p2a: Aerodactyl|p1a: Milotic
|move|p1a: Milotic|Surf|p2a: Aerodactyl
|-supereffective|p2a: Aerodactyl
|-damage|p2a: Aerodactyl|0 fnt
|faint|p2a: Aerodactyl
|
|t:|1728324489
|switch|p2a: Metagross|Metagross|60/100
|-damage|p2a: Metagross|36/100|[from] Spikes
|
|-weather|Sandstorm|[upkeep]
|-damage|p1a: Milotic|5/100|[from] Sandstorm
|-heal|p1a: Milotic|11/100|[from] item: Leftovers
|upkeep
|turn|46
|
|t:|1728324492
|move|p2a: Metagross|Meteor Mash|p1a: Milotic
|-resisted|p1a: Milotic
|-damage|p1a: Milotic|0 fnt
|faint|p1a: Milotic
|
|t:|1728324497
|switch|p1a: Aerodactyl|Aerodactyl, M|100/100
|
|-weather|Sandstorm|[upkeep]
|upkeep
|turn|47
|
|t:|1728324501
|move|p1a: Aerodactyl|Earthquake|p2a: Metagross
|-supereffective|p2a: Metagross
|-damage|p2a: Metagross|0 fnt
|faint|p2a: Metagross
|
|t:|1728324504
|switch|p2a: Zapdos|Zapdos|40/100
|
|-weather|Sandstorm|[upkeep]
|-damage|p2a: Zapdos|34/100|[from] Sandstorm
|upkeep
|turn|48
|
|t:|1728324507
|switch|p1a: Blissey|Blissey, F|91/100
|move|p2a: Zapdos|Thunder Wave|p1a: Blissey
|-status|p1a: Blissey|par
|
|-weather|Sandstorm|[upkeep]
|-damage|p2a: Zapdos|28/100|[from] Sandstorm
|-damage|p1a: Blissey|84/100 par|[from] Sandstorm
|-heal|p1a: Blissey|91/100 par|[from] item: Leftovers
|upkeep
|turn|49
|
|t:|1728324509
|move|p2a: Zapdos|Thunderbolt|p1a: Blissey
|-crit|p1a: Blissey
|-damage|p1a: Blissey|46/100 par
|move|p1a: Blissey|Ice Beam|p2a: Zapdos
|-supereffective|p2a: Zapdos
|-damage|p2a: Zapdos|0 fnt
|faint|p2a: Zapdos
|
|win|lax
|c|☆lax|gg

</script>
<script type="application/json" class="data" id="replaydata-smogtours-gen3ou-796177">
{"id":"smogtours-gen3ou-796177","format":"[Gen 3] OU","players":["lax","PotatoZ4"],"uploadtime":1728324509,"views":87,"formatid":"gen3ou","rating":null,"private":1,"password":null}
</script>

<script defer src="js/replays.js?9d40a366"></script>
