<!DOCTYPE html>
<meta charset="utf-8" />
<meta name="viewport" content="width=device-width" />

<title>[Gen 3] OU: kalarse vs. RetiredBohrier - Replays - Pok&eacute;mon Showdown!</title>

<meta name="description" content="Watch a replay of a Pok&eacute;mon battle between kalarse and RetiredBohrier! Format: [Gen 3] OU; Date: Oct 20, 2024" />
<!--

Hey, you! Looking in the source for the replay log?

You can find them in JSON format, just add `.json` at the end of a replay URL.

https://replay.pokemonshowdown.com/gen7randomdoublesbattle-865046831.json

Or, if you only need the log itself, add `.log` instead:

https://replay.pokemonshowdown.com/gen7randomdoublesbattle-865046831.log

-->

<link rel="stylesheet" href="//pokemonshowdown.com/style/global.css?0.767286132409787" />
<link rel="stylesheet" href="//play.pokemonshowdown.com/style/font-awesome.css?0.9266228007934947" />
<link rel="stylesheet" href="//play.pokemonshowdown.com/style/battle.css?0.7924700842790926" />
<link rel="stylesheet" href="//play.pokemonshowdown.com/style/utilichart.css?0.8777417872839479" />

<!-- Global site tag (gtag.js) - Google Analytics -->
<script async src="https://www.googletagmanager.com/gtag/js?id=UA-26211653-1"></script>
<script>
  window.dataLayer = window.dataLayer || [];
  function gtag(){dataLayer.push(arguments);}
  gtag('js', new Date());

  gtag('config', 'UA-26211653-1');
</script>
<!-- End Google Analytics -->
<!-- Venatus Ad Manager - Install in <HEAD> of page -->
	<script src="https://hb.vntsm.com/v3/live/ad-manager.min.js" type="text/javascript" data-site-id="642aba63ec9a7b11c3c9c1be" data-mode="scan" async></script>
<!-- / Venatus Ad Manager -->

<style>
	@media (max-width:820px) {
		.battle {
			margin: 0 auto;
		}
		.battle-log {
			margin: 7px auto 0;
			max-width: 640px;
			height: 300px;
			position: static;
		}
	}
	.optgroup {
		display: inline-block;
		line-height: 22px;
		font-size: 10pt;
	}
	.optgroup .button {
		height: 25px;
		padding-top: 0;
		padding-bottom: 0;
	}
	.optgroup button.button {
		padding-left: 12px;
		padding-right: 12px;
	}
	.linklist {
		list-style: none;
		margin: 0.5em 0;
		padding: 0;
	}
	.linklist li {
		padding: 2px 0;
	}
	.sidebar {
		float: left;
		width: 320px;
	}
	.bar-wrapper {
		max-width: 1100px;
		margin: 0 auto;
	}
	.bar-wrapper.has-sidebar {
		max-width: 1430px;
	}
	.mainbar {
		margin: 0;
		padding-right: 1px;
	}
	.mainbar.has-sidebar {
		margin-left: 330px;
	}
	@media (min-width: 1511px) {
		.sidebar {
			width: 400px;
		}
		.bar-wrapper.has-sidebar {
			max-width: 1510px;
		}
		.mainbar.has-sidebar {
			margin-left: 410px;
		}
	}
	.section.first-section {
		margin-top: 9px;
	}
	.blocklink small {
		white-space: normal;
	}
	.button {
		vertical-align: middle;
	}
	.replay-controls {
		padding-top: 10px;
	}
	.replay-controls h1 {
		font-size: 16pt;
		font-weight: normal;
		color: #CCC;
	}
	.pagelink {
		text-align: center;
	}
	.pagelink a {
		width: 150px;
	}
	.textbox, .button {
		font-size: 11pt;
		vertical-align: middle;
	}
	@media (max-width: 450px) {
		.button {
			font-size: 9pt;
		}
	}
</style>

<div>

	<header>
		<div class="nav-wrapper"><ul class="nav">
			<li><a class="button nav-first" href="//pokemonshowdown.com/"><img src="//pokemonshowdown.com/images/pokemonshowdownbeta.png" srcset="//pokemonshowdown.com/images/pokemonshowdownbeta.png 1x, //pokemonshowdown.com/images/pokemonshowdownbeta@2x.png 2x" alt="Pok&eacute;mon Showdown" width="146" height="44" /> Home</a></li>
			<li><a class="button" href="//pokemonshowdown.com/dex/">Pok&eacute;dex</a></li>
			<li><a class="button cur" href="/">Replays</a></li>
			<li><a class="button" href="//pokemonshowdown.com/ladder/">Ladder</a></li>
			<li><a class="button nav-last" href="//pokemonshowdown.com/forums/">Forum</a></li>
			<li><a class="button greenbutton nav-first nav-last" href="//play.pokemonshowdown.com/">Play</a></li>
		</ul></div>
	</header>

	<div class="main" id="main">

		<noscript><section class="section">You need to enable JavaScript to use this page; sorry!</section></noscript>

	</div>

</div>

<script defer nomodule src="//play.pokemonshowdown.com/js/lib/ps-polyfill.js"></script>
<script defer src="//play.pokemonshowdown.com/js/lib/preact.min.js"></script>

<script defer src="//play.pokemonshowdown.com/config/config.js?6dec07f6"></script>
<script defer src="//play.pokemonshowdown.com/js/lib/jquery-1.11.0.min.js"></script>
<script defer src="//play.pokemonshowdown.com/js/lib/html-sanitizer-minified.js"></script>
<script defer src="//play.pokemonshowdown.com/js/battle-sound.js"></script>
<script defer src="//play.pokemonshowdown.com/js/battledata.js?0.6315294753075389"></script>
<script defer src="//play.pokemonshowdown.com/data/pokedex-mini.js?0.7603743185311358"></script>
<script defer src="//play.pokemonshowdown.com/data/pokedex-mini-bw.js?0.030888842834281283"></script>
<script defer src="//play.pokemonshowdown.com/data/graphics.js?0.05593094747507488"></script>
<script defer src="//play.pokemonshowdown.com/data/pokedex.js?0.47064822249611904"></script>
<script defer src="//play.pokemonshowdown.com/data/moves.js?0.8583693120512459"></script>
<script defer src="//play.pokemonshowdown.com/data/abilities.js?0.16017181182386842"></script>
<script defer src="//play.pokemonshowdown.com/data/items.js?0.4163379185673943"></script>
<script defer src="//play.pokemonshowdown.com/data/teambuilder-tables.js?0.31075597372830477"></script>
<script defer src="//play.pokemonshowdown.com/js/battle-tooltips.js?0.6536193500708172"></script>
<script defer src="//play.pokemonshowdown.com/js/battle.js?0.1916591943277901"></script>

<script defer src="js/utils.js?e31f9a17"></script>
<script defer src="js/replays-battle.js?7008c182"></script>

<!-- don't scrape this data! just add .json or .log after the URL!
Full API docs: https://github.com/smogon/pokemon-showdown-client/blob/master/WEB-API.md -->
<script type="text/plain" class="log" id="replaylog-smogtours-gen3ou-800356">
|inactive|Battle timer is ON: inactive players will automatically lose when time's up.
|t:|1729431162
|gametype|singles
|player|p1|kalarse|fantina|
|player|p2|RetiredBohrier|265|
|teamsize|p1|6
|teamsize|p2|6
|gen|3
|tier|[Gen 3] OU
|rule|Sleep Clause Mod: Limit one foe put to sleep
|rule|Switch Priority Clause Mod: Faster Pokémon switch first
|rule|Species Clause: Limit one of each Pokémon
|rule|OHKO Clause: OHKO moves are banned
|rule|Evasion Items Clause: Evasion items are banned
|rule|Evasion Moves Clause: Evasion moves are banned
|rule|Endless Battle Clause: Forcing endless battles is banned
|rule|HP Percentage Mod: HP is shown in percentages
|rule|One Boost Passer Clause: Limit one Baton Passer that has a way to boost its stats
|rule|Freeze Clause Mod: Limit one foe frozen
|
|t:|1729431162
|start
|switch|p1a: Forry|Forretress, M|100/100
|switch|p2a: Salamence|Salamence, M|100/100
|-ability|p2a: Salamence|Intimidate|boost
|-unboost|p1a: Forry|atk|1
|turn|1
|c|☆kalarse|glhf
|c|☆RetiredBohrier|glhf
|
|t:|1729431175
|switch|p1a: MyDog|Arcanine, M|100/100
|-ability|p1a: MyDog|Intimidate|boost
|-unboost|p2a: Salamence|atk|1
|move|p2a: Salamence|Hidden Power|p1a: MyDog
|-damage|p1a: MyDog|59/100
|
|-heal|p1a: MyDog|65/100|[from] item: Leftovers
|upkeep
|turn|2
|
|t:|1729431195
|switch|p2a: Blissey|Blissey, F|100/100
|switch|p1a: Forry|Forretress, M|100/100
|
|upkeep
|turn|3
|c|☆RetiredBohrier|Damn
|
|t:|1729431205
|move|p2a: Blissey|Thunderbolt|p1a: Forry
|-damage|p1a: Forry|68/100
|move|p1a: Forry|Spikes|p2a: Blissey
|-sidestart|p2: RetiredBohrier|Spikes
|
|-heal|p1a: Forry|74/100|[from] item: Leftovers
|upkeep
|turn|4
|
|t:|1729431216
|move|p2a: Blissey|Thunderbolt|p1a: Forry
|-damage|p1a: Forry|41/100
|-status|p1a: Forry|par
|move|p1a: Forry|Explosion|p2a: Blissey
|-damage|p2a: Blissey|0 fnt
|faint|p1a: Forry
|faint|p2a: Blissey
|
|t:|1729431227
|switch|p2a: Salamence|Salamence, M|100/100
|switch|p1a: MyDog|Arcanine, M|65/100
|-ability|p2a: Salamence|Intimidate|boost
|-unboost|p1a: MyDog|atk|1
|-ability|p1a: MyDog|Intimidate|boost
|-unboost|p2a: Salamence|atk|1
|
|-heal|p1a: MyDog|71/100|[from] item: Leftovers
|upkeep
|turn|5
|
|t:|1729431239
|switch|p1a: Swampert|Swampert, M|100/100
|move|p2a: Salamence|Earthquake|p1a: Swampert
|-damage|p1a: Swampert|75/100
|
|-heal|p1a: Swampert|81/100|[from] item: Leftovers
|upkeep
|turn|6
|
|t:|1729431251
|switch|p2a: Suicune|Suicune|100/100
|-damage|p2a: Suicune|88/100|[from] Spikes
|switch|p1a: Gengar|Gengar, F|100/100
|
|-heal|p2a: Suicune|94/100|[from] item: Leftovers
|upkeep
|turn|7
|
|t:|1729431263
|switch|p2a: Jirachi|Jirachi|100/100
|-damage|p2a: Jirachi|88/100|[from] Spikes
|move|p1a: Gengar|Thunderbolt|p2a: Jirachi
|-damage|p2a: Jirachi|64/100
|
|-heal|p2a: Jirachi|70/100|[from] item: Leftovers
|upkeep
|turn|8
|
|t:|1729431275
|switch|p1a: MyDog|Arcanine, M|71/100
|-ability|p1a: MyDog|Intimidate|boost
|-unboost|p2a: Jirachi|atk|1
|move|p2a: Jirachi|Toxic|p1a: MyDog
|-status|p1a: MyDog|tox
|
|-heal|p2a: Jirachi|76/100|[from] item: Leftovers
|-heal|p1a: MyDog|77/100 tox|[from] item: Leftovers
|-damage|p1a: MyDog|71/100 tox|[from] psn
|upkeep
|turn|9
|
|t:|1729431293
|switch|p1a: Magneton|Magneton|100/100
|move|p2a: Jirachi|Protect||[still]
|-fail|p2a: Jirachi
|
|-heal|p2a: Jirachi|83/100|[from] item: Leftovers
|upkeep
|turn|10
|
|t:|1729431304
|move|p1a: Magneton|Substitute|p1a: Magneton
|-start|p1a: Magneton|Substitute
|-damage|p1a: Magneton|76/100
|move|p2a: Jirachi|Fire Punch|p1a: Magneton
|-supereffective|p1a: Magneton
|-end|p1a: Magneton|Substitute
|
|-heal|p2a: Jirachi|89/100|[from] item: Leftovers
|upkeep
|turn|11
|
|t:|1729431317
|switch|p1a: Swampert|Swampert, M|81/100
|move|p2a: Jirachi|Fire Punch|p1a: Swampert
|-resisted|p1a: Swampert
|-damage|p1a: Swampert|74/100
|
|-heal|p2a: Jirachi|95/100|[from] item: Leftovers
|-heal|p1a: Swampert|80/100|[from] item: Leftovers
|upkeep
|turn|12
|
|t:|1729431330
|move|p1a: Swampert|Protect|p1a: Swampert
|-singleturn|p1a: Swampert|Protect
|move|p2a: Jirachi|Toxic|p1a: Swampert
|-activate|p1a: Swampert|Protect
|
|-heal|p2a: Jirachi|100/100|[from] item: Leftovers
|-heal|p1a: Swampert|87/100|[from] item: Leftovers
|upkeep
|turn|13
|
|t:|1729431343
|switch|p2a: Hariyama|Hariyama, M|100/100
|-damage|p2a: Hariyama|88/100|[from] Spikes
|move|p1a: Swampert|Earthquake|p2a: Hariyama
|-damage|p2a: Hariyama|55/100
|
|-heal|p1a: Swampert|93/100|[from] item: Leftovers
|-heal|p2a: Hariyama|61/100|[from] item: Leftovers
|upkeep
|turn|14
|
|t:|1729431356
|move|p1a: Swampert|Protect|p1a: Swampert
|-singleturn|p1a: Swampert|Protect
|move|p2a: Hariyama|Knock Off|p1a: Swampert
|-activate|p1a: Swampert|Protect
|
|-heal|p1a: Swampert|99/100|[from] item: Leftovers
|-heal|p2a: Hariyama|67/100|[from] item: Leftovers
|upkeep
|turn|15
|
|t:|1729431369
|switch|p1a: MyDog|Arcanine, M|71/100 tox
|-ability|p1a: MyDog|Intimidate|boost
|-unboost|p2a: Hariyama|atk|1
|move|p2a: Hariyama|Knock Off|p1a: MyDog
|-damage|p1a: MyDog|69/100 tox
|-enditem|p1a: MyDog|Leftovers|[from] move: Knock Off|[of] p2a: Hariyama
|-hint|In Gens 3-4, Knock Off only makes the target's item unusable; it cannot obtain a new item.
|
|-damage|p1a: MyDog|63/100 tox|[from] psn
|-heal|p2a: Hariyama|74/100|[from] item: Leftovers
|upkeep
|turn|16
|
|t:|1729431392
|switch|p2a: Suicune|Suicune|94/100
|-damage|p2a: Suicune|82/100|[from] Spikes
|move|p1a: MyDog|Overheat|p2a: Suicune
|-resisted|p2a: Suicune
|-damage|p2a: Suicune|65/100
|-unboost|p1a: MyDog|spa|2
|
|-heal|p2a: Suicune|71/100|[from] item: Leftovers
|-damage|p1a: MyDog|50/100 tox|[from] psn
|upkeep
|turn|17
|
|t:|1729431407
|switch|p1a: Suicune|Suicune|100/100
|move|p2a: Suicune|Calm Mind|p2a: Suicune
|-boost|p2a: Suicune|spa|1
|-boost|p2a: Suicune|spd|1
|
|-heal|p2a: Suicune|77/100|[from] item: Leftovers
|upkeep
|turn|18
|
|t:|1729431419
|move|p2a: Suicune|Calm Mind|p2a: Suicune
|-boost|p2a: Suicune|spa|1
|-boost|p2a: Suicune|spd|1
|move|p1a: Suicune|Calm Mind|p1a: Suicune
|-boost|p1a: Suicune|spa|1
|-boost|p1a: Suicune|spd|1
|
|-heal|p2a: Suicune|83/100|[from] item: Leftovers
|upkeep
|turn|19
|
|t:|1729431431
|move|p1a: Suicune|Calm Mind|p1a: Suicune
|-boost|p1a: Suicune|spa|1
|-boost|p1a: Suicune|spd|1
|move|p2a: Suicune|Roar|p1a: Suicune
|drag|p1a: MyDog|Arcanine, M|50/100 tox
|-ability|p1a: MyDog|Intimidate|boost
|-unboost|p2a: Suicune|atk|1
|
|-heal|p2a: Suicune|89/100|[from] item: Leftovers
|-damage|p1a: MyDog|44/100 tox|[from] psn
|upkeep
|turn|20
|inactive|kalarse has 270 seconds left.
|
|t:|1729431452
|move|p1a: MyDog|Extreme Speed|p2a: Suicune
|-crit|p2a: Suicune
|-damage|p2a: Suicune|55/100
|move|p2a: Suicune|Surf|p1a: MyDog
|-supereffective|p1a: MyDog
|-damage|p1a: MyDog|0 fnt
|faint|p1a: MyDog
|
|t:|1729431477
|switch|p1a: Magneton|Magneton|76/100
|
|-heal|p2a: Suicune|61/100|[from] item: Leftovers
|upkeep
|turn|21
|
|t:|1729431486
|move|p1a: Magneton|Endure|p1a: Magneton
|-singleturn|p1a: Magneton|move: Endure
|move|p2a: Suicune|Surf|p1a: Magneton
|-activate|p1a: Magneton|move: Endure
|-damage|p1a: Magneton|1/100
|
|-enditem|p1a: Magneton|Salac Berry|[eat]
|-boost|p1a: Magneton|spe|1|[from] item: Salac Berry
|-heal|p2a: Suicune|67/100|[from] item: Leftovers
|upkeep
|turn|22
|
|t:|1729431500
|move|p1a: Magneton|Thunderbolt|p2a: Suicune
|-supereffective|p2a: Suicune
|-crit|p2a: Suicune
|-damage|p2a: Suicune|0 fnt
|faint|p2a: Suicune
|c|☆RetiredBohrier|BRUH
|
|t:|1729431508
|switch|p2a: Claydol|Claydol|100/100
|
|upkeep
|turn|23
|c|☆kalarse|yikes
|c|☆kalarse|sry
|c|☆RetiredBohrier|Np np
|
|t:|1729431525
|move|p1a: Magneton|Hidden Power|p2a: Claydol
|-supereffective|p2a: Claydol
|-damage|p2a: Claydol|55/100
|move|p2a: Claydol|Rapid Spin|p1a: Magneton
|-resisted|p1a: Magneton
|-damage|p1a: Magneton|0 fnt
|-sideend|p2: RetiredBohrier|Spikes|[from] move: Rapid Spin|[of] p2a: Claydol
|faint|p1a: Magneton
|c|☆RetiredBohrier|It's just idk I think I lose now 
|inactive|kalarse has 240 seconds left.
|
|t:|1729431547
|switch|p1a: Swampert|Swampert, M|99/100
|
|-heal|p2a: Claydol|61/100|[from] item: Leftovers
|-heal|p1a: Swampert|100/100|[from] item: Leftovers
|upkeep
|turn|24
|inactive|kalarse has 240 seconds left.
|
|t:|1729431560
|switch|p2a: Hariyama|Hariyama, M|74/100
|move|p1a: Swampert|Ice Beam|p2a: Hariyama
|-damage|p2a: Hariyama|54/100
|
|-heal|p2a: Hariyama|60/100|[from] item: Leftovers
|upkeep
|turn|25
|inactive|kalarse has 240 seconds left.
|
|t:|1729431579
|switch|p1a: Suicune|Suicune|100/100
|move|p2a: Hariyama|Knock Off|p1a: Suicune
|-damage|p1a: Suicune|99/100
|-enditem|p1a: Suicune|Leftovers|[from] move: Knock Off|[of] p2a: Hariyama
|
|-heal|p2a: Hariyama|66/100|[from] item: Leftovers
|upkeep
|turn|26
|inactive|kalarse has 240 seconds left.
|inactive|RetiredBohrier has 270 seconds left.
|
|t:|1729431611
|-singleturn|p2a: Hariyama|move: Focus Punch
|move|p1a: Suicune|Calm Mind|p1a: Suicune
|-boost|p1a: Suicune|spa|1
|-boost|p1a: Suicune|spd|1
|move|p2a: Hariyama|Focus Punch|p1a: Suicune
|-damage|p1a: Suicune|61/100
|
|-heal|p2a: Hariyama|72/100|[from] item: Leftovers
|upkeep
|turn|27
|inactive|kalarse has 240 seconds left.
|
|t:|1729431624
|move|p1a: Suicune|Surf|p2a: Hariyama
|-damage|p2a: Hariyama|27/100
|move|p2a: Hariyama|Brick Break|p1a: Suicune
|-damage|p1a: Suicune|43/100
|
|-heal|p2a: Hariyama|33/100|[from] item: Leftovers
|upkeep
|turn|28
|inactive|kalarse has 240 seconds left.
|inactive|RetiredBohrier has 270 seconds left.
|
|t:|1729431664
|switch|p2a: Salamence|Salamence, M|100/100
|-ability|p2a: Salamence|Intimidate|boost
|-unboost|p1a: Suicune|atk|1
|move|p1a: Suicune|Surf|p2a: Salamence
|-resisted|p2a: Salamence
|-damage|p2a: Salamence|73/100
|
|upkeep
|turn|29
|inactive|kalarse has 240 seconds left.
|
|t:|1729431688
|move|p2a: Salamence|Hidden Power|p1a: Suicune
|-damage|p1a: Suicune|10/100
|move|p1a: Suicune|Rest|p1a: Suicune
|-status|p1a: Suicune|slp|[from] move: Rest
|-heal|p1a: Suicune|100/100 slp|[silent]
|
|upkeep
|turn|30
|inactive|RetiredBohrier has 270 seconds left.
|
|t:|1729431700
|move|p2a: Salamence|Hidden Power|p1a: Suicune
|-damage|p1a: Suicune|72/100 slp
|cant|p1a: Suicune|slp
|move|p1a: Suicune|Sleep Talk|p1a: Suicune
|move|p1a: Suicune|Surf|p2a: Salamence|[from]Sleep Talk
|-resisted|p2a: Salamence
|-damage|p2a: Salamence|43/100
|
|upkeep
|turn|31
|
|t:|1729431713
|move|p2a: Salamence|Hidden Power|p1a: Suicune
|-damage|p1a: Suicune|39/100 slp
|cant|p1a: Suicune|slp
|move|p1a: Suicune|Sleep Talk|p1a: Suicune
|move|p1a: Suicune|Calm Mind|p1a: Suicune|[from]Sleep Talk
|-boost|p1a: Suicune|spa|1
|-boost|p1a: Suicune|spd|1
|
|upkeep
|turn|32
|c|☆RetiredBohrier|Gg 
|
|t:|1729431726
|move|p2a: Salamence|Hidden Power|p1a: Suicune
|-damage|p1a: Suicune|8/100 slp
|-curestatus|p1a: Suicune|slp|[msg]
|move|p1a: Suicune|Rest|p1a: Suicune
|-status|p1a: Suicune|slp|[from] move: Rest
|-heal|p1a: Suicune|100/100 slp|[silent]
|
|upkeep
|turn|33
|
|t:|1729431739
|move|p2a: Salamence|Hidden Power|p1a: Suicune
|-crit|p1a: Suicune
|-damage|p1a: Suicune|39/100 slp
|cant|p1a: Suicune|slp
|move|p1a: Suicune|Sleep Talk|p1a: Suicune
|move|p1a: Suicune|Calm Mind|p1a: Suicune|[from]Sleep Talk
|-boost|p1a: Suicune|spa|1
|-boost|p1a: Suicune|spd|1
|
|upkeep
|turn|34
|c|☆RetiredBohrier|suicune is too good when it doesn't get crit 
|c|☆RetiredBohrier|OH EHAT
|
|t:|1729431752
|move|p2a: Salamence|Hidden Power|p1a: Suicune
|-damage|p1a: Suicune|9/100 slp
|cant|p1a: Suicune|slp
|move|p1a: Suicune|Sleep Talk|p1a: Suicune
|move|p1a: Suicune|Calm Mind|p1a: Suicune|[from]Sleep Talk
|-boost|p1a: Suicune|spa|1
|-boost|p1a: Suicune|spd|1
|
|upkeep
|turn|35
|c|☆RetiredBohrier|plz get good rolls 
|c|☆RetiredBohrier|lfg
|c|☆kalarse|sleep talk be like that ahaha
|
|t:|1729431769
|move|p2a: Salamence|Hidden Power|p1a: Suicune
|-damage|p1a: Suicune|0 fnt
|faint|p1a: Suicune
|
|t:|1729431776
|switch|p1a: Gengar|Gengar, F|100/100
|
|upkeep
|turn|36
|
|t:|1729431786
|switch|p2a: Jirachi|Jirachi|100/100
|move|p1a: Gengar|Ice Punch|p2a: Jirachi
|-resisted|p2a: Jirachi
|-damage|p2a: Jirachi|91/100
|
|-heal|p2a: Jirachi|98/100|[from] item: Leftovers
|upkeep
|turn|37
|c|☆RetiredBohrier|Live by the wheel, die by the wheel
|
|t:|1729431799
|switch|p1a: Swampert|Swampert, M|100/100
|move|p2a: Jirachi|Protect||[still]
|-fail|p2a: Jirachi
|
|-heal|p2a: Jirachi|100/100|[from] item: Leftovers
|upkeep
|turn|38
|
|t:|1729431810
|move|p2a: Jirachi|Toxic|p1a: Swampert
|-status|p1a: Swampert|tox
|move|p1a: Swampert|Earthquake|p2a: Jirachi
|-supereffective|p2a: Jirachi
|-damage|p2a: Jirachi|52/100
|
|-heal|p2a: Jirachi|58/100|[from] item: Leftovers
|-damage|p1a: Swampert|94/100 tox|[from] psn
|upkeep
|turn|39
|
|t:|1729431823
|move|p2a: Jirachi|Wish|p2a: Jirachi
|move|p1a: Swampert|Refresh|p1a: Swampert
|-curestatus|p1a: Swampert|tox|[msg]
|
|-heal|p2a: Jirachi|65/100|[from] item: Leftovers
|-heal|p1a: Swampert|100/100|[from] item: Leftovers
|upkeep
|turn|40
|
|t:|1729431834
|move|p2a: Jirachi|Fire Punch|p1a: Swampert
|-resisted|p1a: Swampert
|-damage|p1a: Swampert|93/100
|move|p1a: Swampert|Ice Beam|p2a: Jirachi
|-resisted|p2a: Jirachi
|-damage|p2a: Jirachi|57/100
|
|-heal|p2a: Jirachi|100/100|[from] move: Wish|[wisher] Jirachi
|-heal|p1a: Swampert|99/100|[from] item: Leftovers
|upkeep
|turn|41
|inactive|RetiredBohrier has 270 seconds left.
|
|t:|1729431882
|move|p2a: Jirachi|Toxic|p1a: Swampert
|-status|p1a: Swampert|tox
|move|p1a: Swampert|Earthquake|p2a: Jirachi
|-supereffective|p2a: Jirachi
|-damage|p2a: Jirachi|55/100
|
|-heal|p2a: Jirachi|61/100|[from] item: Leftovers
|-heal|p1a: Swampert|100/100 tox|[from] item: Leftovers
|-damage|p1a: Swampert|94/100 tox|[from] psn
|upkeep
|turn|42
|
|t:|1729431897
|switch|p2a: Hariyama|Hariyama, M|33/100
|move|p1a: Swampert|Earthquake|p2a: Hariyama
|-damage|p2a: Hariyama|0 fnt
|faint|p2a: Hariyama
|c|☆RetiredBohrier|Good play
|
|t:|1729431904
|switch|p2a: Claydol|Claydol|61/100
|
|-heal|p2a: Claydol|67/100|[from] item: Leftovers
|-heal|p1a: Swampert|100/100 tox|[from] item: Leftovers
|-damage|p1a: Swampert|88/100 tox|[from] psn
|upkeep
|turn|43
|
|t:|1729431919
|switch|p1a: Gengar|Gengar, F|100/100
|move|p2a: Claydol|Earthquake|p1a: Gengar
|-immune|p1a: Gengar
|
|-heal|p2a: Claydol|73/100|[from] item: Leftovers
|upkeep
|turn|44
|
|t:|1729431940
|move|p1a: Gengar|Ice Punch|p2a: Claydol
|-supereffective|p2a: Claydol
|-damage|p2a: Claydol|23/100
|move|p2a: Claydol|Shadow Ball|p1a: Gengar
|-supereffective|p1a: Gengar
|-damage|p1a: Gengar|5/100
|-unboost|p1a: Gengar|spd|1
|
|-heal|p1a: Gengar|12/100|[from] item: Leftovers
|-heal|p2a: Claydol|29/100|[from] item: Leftovers
|upkeep
|turn|45
|
|t:|1729431959
|switch|p2a: Jirachi|Jirachi|61/100
|move|p1a: Gengar|Ice Punch|p2a: Jirachi
|-resisted|p2a: Jirachi
|-damage|p2a: Jirachi|51/100
|
|-heal|p1a: Gengar|18/100|[from] item: Leftovers
|-heal|p2a: Jirachi|57/100|[from] item: Leftovers
|upkeep
|turn|46
|
|t:|1729431973
|switch|p1a: Swampert|Swampert, M|88/100 tox
|move|p2a: Jirachi|Wish|p2a: Jirachi
|
|-heal|p2a: Jirachi|63/100|[from] item: Leftovers
|-heal|p1a: Swampert|94/100 tox|[from] item: Leftovers
|-damage|p1a: Swampert|88/100 tox|[from] psn
|upkeep
|turn|47
|
|t:|1729431986
|switch|p2a: Claydol|Claydol|29/100
|move|p1a: Swampert|Refresh|p1a: Swampert
|-curestatus|p1a: Swampert|tox|[msg]
|
|-heal|p2a: Claydol|79/100|[from] move: Wish|[wisher] Jirachi
|-heal|p2a: Claydol|85/100|[from] item: Leftovers
|-heal|p1a: Swampert|94/100|[from] item: Leftovers
|upkeep
|turn|48
|inactive|kalarse has 210 seconds left.
|
|t:|1729432001
|move|p2a: Claydol|Earthquake|p1a: Swampert
|-damage|p1a: Swampert|67/100
|move|p1a: Swampert|Ice Beam|p2a: Claydol
|-supereffective|p2a: Claydol
|-damage|p2a: Claydol|50/100
|
|-heal|p2a: Claydol|56/100|[from] item: Leftovers
|-heal|p1a: Swampert|73/100|[from] item: Leftovers
|upkeep
|turn|49
|inactive|kalarse has 210 seconds left.
|
|t:|1729432016
|move|p1a: Swampert|Protect|p1a: Swampert
|-singleturn|p1a: Swampert|Protect
|move|p2a: Claydol|Earthquake|p1a: Swampert
|-activate|p1a: Swampert|Protect
|
|-heal|p2a: Claydol|62/100|[from] item: Leftovers
|-heal|p1a: Swampert|80/100|[from] item: Leftovers
|upkeep
|turn|50
|inactive|kalarse has 210 seconds left.
|
|t:|1729432028
|move|p2a: Claydol|Shadow Ball|p1a: Swampert
|-damage|p1a: Swampert|65/100
|move|p1a: Swampert|Ice Beam|p2a: Claydol
|-supereffective|p2a: Claydol
|-damage|p2a: Claydol|27/100
|
|-heal|p2a: Claydol|33/100|[from] item: Leftovers
|-heal|p1a: Swampert|71/100|[from] item: Leftovers
|upkeep
|turn|51
|inactive|kalarse has 210 seconds left.
|
|t:|1729432046
|switch|p2a: Jirachi|Jirachi|63/100
|move|p1a: Swampert|Protect||[still]
|-fail|p1a: Swampert
|
|-heal|p2a: Jirachi|69/100|[from] item: Leftovers
|-heal|p1a: Swampert|78/100|[from] item: Leftovers
|upkeep
|turn|52
|inactive|kalarse has 210 seconds left.
|
|t:|1729432058
|move|p2a: Jirachi|Wish|p2a: Jirachi
|move|p1a: Swampert|Earthquake|p2a: Jirachi
|-supereffective|p2a: Jirachi
|-crit|p2a: Jirachi
|-damage|p2a: Jirachi|0 fnt
|faint|p2a: Jirachi
|
|t:|1729432062
|switch|p2a: Salamence|Salamence, M|43/100
|-ability|p2a: Salamence|Intimidate|boost
|-unboost|p1a: Swampert|atk|1
|
|-heal|p1a: Swampert|84/100|[from] item: Leftovers
|upkeep
|turn|53
|c|☆RetiredBohrier|Gg
|inactive|kalarse has 210 seconds left.
|
|t:|1729432073
|move|p2a: Salamence|Hidden Power|p1a: Swampert
|-damage|p1a: Swampert|47/100
|move|p1a: Swampert|Ice Beam|p2a: Salamence
|-supereffective|p2a: Salamence
|-damage|p2a: Salamence|0 fnt
|faint|p2a: Salamence
|
|t:|1729432076
|switch|p2a: Claydol|Claydol|33/100
|
|-heal|p2a: Claydol|83/100|[from] move: Wish|[wisher] Jirachi
|-heal|p2a: Claydol|89/100|[from] item: Leftovers
|-heal|p1a: Swampert|53/100|[from] item: Leftovers
|upkeep
|turn|54
|inactive|kalarse has 210 seconds left.
|
|t:|1729432095
|move|p2a: Claydol|Earthquake|p1a: Swampert
|-damage|p1a: Swampert|26/100
|move|p1a: Swampert|Ice Beam|p2a: Claydol
|-supereffective|p2a: Claydol
|-damage|p2a: Claydol|54/100
|
|-heal|p2a: Claydol|60/100|[from] item: Leftovers
|-heal|p1a: Swampert|32/100|[from] item: Leftovers
|upkeep
|turn|55
|inactive|kalarse has 210 seconds left.
|
|t:|1729432108
|move|p1a: Swampert|Protect|p1a: Swampert
|-singleturn|p1a: Swampert|Protect
|move|p2a: Claydol|Earthquake|p1a: Swampert
|-activate|p1a: Swampert|Protect
|
|-heal|p2a: Claydol|66/100|[from] item: Leftovers
|-heal|p1a: Swampert|38/100|[from] item: Leftovers
|upkeep
|turn|56
|inactive|kalarse has 210 seconds left.
|
|t:|1729432121
|move|p2a: Claydol|Earthquake|p1a: Swampert
|-damage|p1a: Swampert|13/100
|move|p1a: Swampert|Ice Beam|p2a: Claydol
|-supereffective|p2a: Claydol
|-damage|p2a: Claydol|26/100
|
|-heal|p2a: Claydol|32/100|[from] item: Leftovers
|-heal|p1a: Swampert|20/100|[from] item: Leftovers
|upkeep
|turn|57
|inactive|kalarse has 210 seconds left.
|
|t:|1729432134
|move|p2a: Claydol|Earthquake|p1a: Swampert
|-damage|p1a: Swampert|0 fnt
|faint|p1a: Swampert
|
|t:|1729432138
|switch|p1a: Gengar|Gengar, F|18/100
|
|-heal|p1a: Gengar|24/100|[from] item: Leftovers
|-heal|p2a: Claydol|38/100|[from] item: Leftovers
|upkeep
|turn|58
|c|☆RetiredBohrier|0-1
|
|t:|1729432148
|move|p1a: Gengar|Ice Punch|p2a: Claydol
|-supereffective|p2a: Claydol
|-damage|p2a: Claydol|0 fnt
|faint|p2a: Claydol
|
|win|kalarse
|c|☆kalarse|gg

</script>
<script type="application/json" class="data" id="replaydata-smogtours-gen3ou-800356">
{"id":"smogtours-gen3ou-800356","format":"[Gen 3] OU","players":["kalarse","RetiredBohrier"],"uploadtime":1729432148,"views":110,"formatid":"gen3ou","rating":null,"private":0,"password":null}
</script>

<script defer src="js/replays.js?9d40a366"></script>
