<!DOCTYPE html>
<meta charset="utf-8" />
<meta name="viewport" content="width=device-width" />

<title>[Gen 3] OU: Hydreigon &gt; Latias vs. banana plus plus - Replays - Pok&eacute;mon Showdown!</title>

<meta name="description" content="Watch a replay of a Pok&eacute;mon battle between Hydreigon &gt; Latias and banana plus plus! Format: [Gen 3] OU; Date: Oct 14, 2024" />
<!--

Hey, you! Looking in the source for the replay log?

You can find them in JSON format, just add `.json` at the end of a replay URL.

https://replay.pokemonshowdown.com/gen7randomdoublesbattle-865046831.json

Or, if you only need the log itself, add `.log` instead:

https://replay.pokemonshowdown.com/gen7randomdoublesbattle-865046831.log

-->

<link rel="stylesheet" href="//pokemonshowdown.com/style/global.css?0.023195364461161105" />
<link rel="stylesheet" href="//play.pokemonshowdown.com/style/font-awesome.css?0.13261647063804238" />
<link rel="stylesheet" href="//play.pokemonshowdown.com/style/battle.css?0.8753245789963631" />
<link rel="stylesheet" href="//play.pokemonshowdown.com/style/utilichart.css?0.8627959624976733" />

<!-- Global site tag (gtag.js) - Google Analytics -->
<script async src="https://www.googletagmanager.com/gtag/js?id=UA-26211653-1"></script>
<script>
  window.dataLayer = window.dataLayer || [];
  function gtag(){dataLayer.push(arguments);}
  gtag('js', new Date());

  gtag('config', 'UA-26211653-1');
</script>
<!-- End Google Analytics -->
<!-- Venatus Ad Manager - Install in <HEAD> of page -->
	<script src="https://hb.vntsm.com/v3/live/ad-manager.min.js" type="text/javascript" data-site-id="642aba63ec9a7b11c3c9c1be" data-mode="scan" async></script>
<!-- / Venatus Ad Manager -->

<style>
	@media (max-width:820px) {
		.battle {
			margin: 0 auto;
		}
		.battle-log {
			margin: 7px auto 0;
			max-width: 640px;
			height: 300px;
			position: static;
		}
	}
	.optgroup {
		display: inline-block;
		line-height: 22px;
		font-size: 10pt;
	}
	.optgroup .button {
		height: 25px;
		padding-top: 0;
		padding-bottom: 0;
	}
	.optgroup button.button {
		padding-left: 12px;
		padding-right: 12px;
	}
	.linklist {
		list-style: none;
		margin: 0.5em 0;
		padding: 0;
	}
	.linklist li {
		padding: 2px 0;
	}
	.sidebar {
		float: left;
		width: 320px;
	}
	.bar-wrapper {
		max-width: 1100px;
		margin: 0 auto;
	}
	.bar-wrapper.has-sidebar {
		max-width: 1430px;
	}
	.mainbar {
		margin: 0;
		padding-right: 1px;
	}
	.mainbar.has-sidebar {
		margin-left: 330px;
	}
	@media (min-width: 1511px) {
		.sidebar {
			width: 400px;
		}
		.bar-wrapper.has-sidebar {
			max-width: 1510px;
		}
		.mainbar.has-sidebar {
			margin-left: 410px;
		}
	}
	.section.first-section {
		margin-top: 9px;
	}
	.blocklink small {
		white-space: normal;
	}
	.button {
		vertical-align: middle;
	}
	.replay-controls {
		padding-top: 10px;
	}
	.replay-controls h1 {
		font-size: 16pt;
		font-weight: normal;
		color: #CCC;
	}
	.pagelink {
		text-align: center;
	}
	.pagelink a {
		width: 150px;
	}
	.textbox, .button {
		font-size: 11pt;
		vertical-align: middle;
	}
	@media (max-width: 450px) {
		.button {
			font-size: 9pt;
		}
	}
</style>

<div>

	<header>
		<div class="nav-wrapper"><ul class="nav">
			<li><a class="button nav-first" href="//pokemonshowdown.com/"><img src="//pokemonshowdown.com/images/pokemonshowdownbeta.png" srcset="//pokemonshowdown.com/images/pokemonshowdownbeta.png 1x, //pokemonshowdown.com/images/pokemonshowdownbeta@2x.png 2x" alt="Pok&eacute;mon Showdown" width="146" height="44" /> Home</a></li>
			<li><a class="button" href="//pokemonshowdown.com/dex/">Pok&eacute;dex</a></li>
			<li><a class="button cur" href="/">Replays</a></li>
			<li><a class="button" href="//pokemonshowdown.com/ladder/">Ladder</a></li>
			<li><a class="button nav-last" href="//pokemonshowdown.com/forums/">Forum</a></li>
			<li><a class="button greenbutton nav-first nav-last" href="//play.pokemonshowdown.com/">Play</a></li>
		</ul></div>
	</header>

	<div class="main" id="main">

		<noscript><section class="section">You need to enable JavaScript to use this page; sorry!</section></noscript>

	</div>

</div>

<script defer nomodule src="//play.pokemonshowdown.com/js/lib/ps-polyfill.js"></script>
<script defer src="//play.pokemonshowdown.com/js/lib/preact.min.js"></script>

<script defer src="//play.pokemonshowdown.com/config/config.js?2bddbc15"></script>
<script defer src="//play.pokemonshowdown.com/js/lib/jquery-1.11.0.min.js"></script>
<script defer src="//play.pokemonshowdown.com/js/lib/html-sanitizer-minified.js"></script>
<script defer src="//play.pokemonshowdown.com/js/battle-sound.js"></script>
<script defer src="//play.pokemonshowdown.com/js/battledata.js?0.7209276989879541"></script>
<script defer src="//play.pokemonshowdown.com/data/pokedex-mini.js?0.6111056340867951"></script>
<script defer src="//play.pokemonshowdown.com/data/pokedex-mini-bw.js?0.3532142036491459"></script>
<script defer src="//play.pokemonshowdown.com/data/graphics.js?0.24223875632456182"></script>
<script defer src="//play.pokemonshowdown.com/data/pokedex.js?0.38839984266356864"></script>
<script defer src="//play.pokemonshowdown.com/data/moves.js?0.21866028504024015"></script>
<script defer src="//play.pokemonshowdown.com/data/abilities.js?0.2005157953846628"></script>
<script defer src="//play.pokemonshowdown.com/data/items.js?0.9894211263848525"></script>
<script defer src="//play.pokemonshowdown.com/data/teambuilder-tables.js?0.6008791140282215"></script>
<script defer src="//play.pokemonshowdown.com/js/battle-tooltips.js?0.7580118955022959"></script>
<script defer src="//play.pokemonshowdown.com/js/battle.js?0.6057722274234274"></script>

<script defer src="js/utils.js?e31f9a17"></script>
<script defer src="js/replays-battle.js?7008c182"></script>

<!-- don't scrape this data! just add .json or .log after the URL!
Full API docs: https://github.com/smogon/pokemon-showdown-client/blob/master/WEB-API.md -->
<script type="text/plain" class="log" id="replaylog-smogtours-gen3ou-798570">
|inactive|Battle timer is ON: inactive players will automatically lose when time's up.
|badge|p1|bronze|gen9uu|100-3
|uhtml|medal-msg|<div class="broadcast-blue">Curious what those medals under the avatar are? PS now has Ladder Seasons! For more information, check out the <a href="https://www.smogon.com/forums/threads/3740067/">thread on Smogon.<\/a><\/div>
|t:|1728869672
|gametype|singles
|player|p1|Hydreigon > Latias|guitarist|
|player|p2|banana plus plus|265|
|teamsize|p1|6
|teamsize|p2|6
|gen|3
|tier|[Gen 3] OU
|rule|Sleep Clause Mod: Limit one foe put to sleep
|rule|Switch Priority Clause Mod: Faster Pokémon switch first
|rule|Species Clause: Limit one of each Pokémon
|rule|OHKO Clause: OHKO moves are banned
|rule|Evasion Items Clause: Evasion items are banned
|rule|Evasion Moves Clause: Evasion moves are banned
|rule|Endless Battle Clause: Forcing endless battles is banned
|rule|HP Percentage Mod: HP is shown in percentages
|rule|One Boost Passer Clause: Limit one Baton Passer that has a way to boost its stats
|rule|Freeze Clause Mod: Limit one foe frozen
|
|t:|1728869672
|start
|switch|p1a: Raikou|Raikou|100/100
|switch|p2a: GOOPU LOOPU|Tyranitar, F|100/100
|-weather|Sandstorm|[from] ability: Sand Stream|[of] p2a: GOOPU LOOPU
|turn|1
|
|t:|1728869694
|move|p1a: Raikou|Thunderbolt|p2a: GOOPU LOOPU
|-damage|p2a: GOOPU LOOPU|61/100
|move|p2a: GOOPU LOOPU|Earthquake|p1a: Raikou
|-supereffective|p1a: Raikou
|-damage|p1a: Raikou|2/100
|
|-weather|Sandstorm|[upkeep]
|-damage|p1a: Raikou|0 fnt|[from] Sandstorm
|faint|p1a: Raikou
|-heal|p2a: GOOPU LOOPU|68/100|[from] item: Leftovers
|upkeep
|
|t:|1728869698
|switch|p1a: Dugtrio|Dugtrio, F|100/100
|turn|2
|
|t:|1728869708
|move|p1a: Dugtrio|Earthquake|p2a: GOOPU LOOPU
|-supereffective|p2a: GOOPU LOOPU
|-damage|p2a: GOOPU LOOPU|0 fnt
|faint|p2a: GOOPU LOOPU
|
|t:|1728869715
|switch|p2a: STOOPU DOOPU|Gengar, F|100/100
|
|-weather|Sandstorm|[upkeep]
|-damage|p2a: STOOPU DOOPU|94/100|[from] Sandstorm
|-heal|p2a: STOOPU DOOPU|100/100|[from] item: Leftovers
|upkeep
|turn|3
|
|t:|1728869725
|switch|p1a: Brеloom|Tyranitar, M|100/100
|move|p2a: STOOPU DOOPU|Will-O-Wisp|p1a: Brеloom
|-status|p1a: Brеloom|brn
|-enditem|p1a: Brеloom|Lum Berry|[eat]
|-curestatus|p1a: Brеloom|brn|[msg]
|
|-weather|Sandstorm|[upkeep]
|-damage|p2a: STOOPU DOOPU|94/100|[from] Sandstorm
|-heal|p2a: STOOPU DOOPU|100/100|[from] item: Leftovers
|upkeep
|turn|4
|
|t:|1728869743
|switch|p2a: DJ KREEN|Skarmory, M|100/100
|move|p1a: Brеloom|Fire Blast|p2a: DJ KREEN
|-supereffective|p2a: DJ KREEN
|-damage|p2a: DJ KREEN|43/100
|
|-weather|Sandstorm|[upkeep]
|-heal|p2a: DJ KREEN|49/100|[from] item: Leftovers
|upkeep
|turn|5
|
|t:|1728869761
|switch|p2a: ERËN|Salamence, M|100/100
|-ability|p2a: ERËN|Intimidate|boost
|-unboost|p1a: Brеloom|atk|1
|move|p1a: Brеloom|Fire Blast|p2a: ERËN
|-resisted|p2a: ERËN
|-damage|p2a: ERËN|82/100
|
|-weather|Sandstorm|[upkeep]
|-damage|p2a: ERËN|76/100|[from] Sandstorm
|-heal|p2a: ERËN|82/100|[from] item: Leftovers
|upkeep
|turn|6
|
|t:|1728869775
|switch|p1a: Vаporeon|Porygon2|100/100
|-ability|p1a: Vаporeon|Intimidate|[from] ability: Trace|[of] p2a: ERËN
|move|p2a: ERËN|Hydro Pump|p1a: Vаporeon|[miss]
|-miss|p2a: ERËN|p1a: Vаporeon
|
|-weather|Sandstorm|[upkeep]
|-damage|p2a: ERËN|76/100|[from] Sandstorm
|-damage|p1a: Vаporeon|94/100|[from] Sandstorm
|-heal|p2a: ERËN|82/100|[from] item: Leftovers
|-heal|p1a: Vаporeon|100/100|[from] item: Leftovers
|upkeep
|turn|7
|inactive|banana plus plus has 270 seconds left.
|
|t:|1728869796
|switch|p2a: GUB GUB|Celebi|100/100
|switch|p1a: Brеloom|Tyranitar, M|100/100
|
|-weather|Sandstorm|[upkeep]
|-damage|p2a: GUB GUB|94/100|[from] Sandstorm
|-heal|p2a: GUB GUB|100/100|[from] item: Leftovers
|upkeep
|turn|8
|inactive|banana plus plus has 270 seconds left.
|
|t:|1728869806
|move|p2a: GUB GUB|Leech Seed|p1a: Brеloom
|-start|p1a: Brеloom|move: Leech Seed
|move|p1a: Brеloom|Fire Blast|p2a: GUB GUB
|-supereffective|p2a: GUB GUB
|-damage|p2a: GUB GUB|39/100
|-status|p2a: GUB GUB|brn
|
|-weather|Sandstorm|[upkeep]
|-damage|p2a: GUB GUB|33/100 brn|[from] Sandstorm
|-heal|p2a: GUB GUB|39/100 brn|[from] item: Leftovers
|-damage|p2a: GUB GUB|26/100 brn|[from] brn
|-damage|p1a: Brеloom|88/100|[from] Leech Seed|[of] p2a: GUB GUB
|-heal|p2a: GUB GUB|37/100 brn|[silent]
|upkeep
|turn|9
|inactive|banana plus plus has 270 seconds left.
|
|t:|1728869824
|-curestatus|p2a: GUB GUB|brn|[from] ability: Natural Cure
|switch|p2a: ERËN|Salamence, M|82/100
|-ability|p2a: ERËN|Intimidate|boost
|-unboost|p1a: Brеloom|atk|1
|switch|p1a: Dugtrio|Dugtrio, F|100/100
|
|-weather|Sandstorm|[upkeep]
|-damage|p2a: ERËN|76/100|[from] Sandstorm
|-heal|p2a: ERËN|82/100|[from] item: Leftovers
|upkeep
|turn|10
|inactive|banana plus plus has 270 seconds left.
|
|t:|1728869838
|switch|p1a: Vаporeon|Porygon2|100/100
|-ability|p1a: Vаporeon|Intimidate|[from] ability: Trace|[of] p2a: ERËN
|move|p2a: ERËN|Hydro Pump|p1a: Vаporeon
|-damage|p1a: Vаporeon|64/100
|
|-weather|Sandstorm|[upkeep]
|-damage|p2a: ERËN|76/100|[from] Sandstorm
|-damage|p1a: Vаporeon|58/100|[from] Sandstorm
|-heal|p2a: ERËN|82/100|[from] item: Leftovers
|-heal|p1a: Vаporeon|64/100|[from] item: Leftovers
|upkeep
|turn|11
|inactive|banana plus plus has 270 seconds left.
|
|t:|1728869857
|move|p2a: ERËN|Brick Break|p1a: Vаporeon
|-supereffective|p1a: Vаporeon
|-damage|p1a: Vаporeon|28/100
|move|p1a: Vаporeon|Thunder Wave|p2a: ERËN
|-status|p2a: ERËN|par
|
|-weather|Sandstorm|[upkeep]
|-damage|p1a: Vаporeon|22/100|[from] Sandstorm
|-damage|p2a: ERËN|76/100 par|[from] Sandstorm
|-heal|p1a: Vаporeon|28/100|[from] item: Leftovers
|-heal|p2a: ERËN|82/100 par|[from] item: Leftovers
|upkeep
|turn|12
|
|t:|1728869868
|move|p1a: Vаporeon|Recover|p1a: Vаporeon
|-heal|p1a: Vаporeon|78/100
|cant|p2a: ERËN|par
|
|-weather|Sandstorm|[upkeep]
|-damage|p1a: Vаporeon|72/100|[from] Sandstorm
|-damage|p2a: ERËN|76/100 par|[from] Sandstorm
|-heal|p1a: Vаporeon|78/100|[from] item: Leftovers
|-heal|p2a: ERËN|82/100 par|[from] item: Leftovers
|upkeep
|turn|13
|
|t:|1728869890
|switch|p2a: STOOPU DOOPU|Gengar, F|100/100
|move|p1a: Vаporeon|Thunder Wave|p2a: STOOPU DOOPU
|-status|p2a: STOOPU DOOPU|par
|
|-weather|Sandstorm|[upkeep]
|-damage|p1a: Vаporeon|72/100|[from] Sandstorm
|-damage|p2a: STOOPU DOOPU|94/100 par|[from] Sandstorm
|-heal|p1a: Vаporeon|78/100|[from] item: Leftovers
|-heal|p2a: STOOPU DOOPU|100/100 par|[from] item: Leftovers
|upkeep
|turn|14
|inactive|banana plus plus has 240 seconds left.
|inactive|Hydreigon > Latias has 270 seconds left.
|
|t:|1728869927
|switch|p1a: Brеloom|Tyranitar, M|88/100
|cant|p2a: STOOPU DOOPU|par
|
|-weather|Sandstorm|[upkeep]
|-damage|p2a: STOOPU DOOPU|94/100 par|[from] Sandstorm
|-heal|p2a: STOOPU DOOPU|100/100 par|[from] item: Leftovers
|upkeep
|turn|15
|
|t:|1728869935
|move|p1a: Brеloom|Fire Blast|p2a: STOOPU DOOPU
|-damage|p2a: STOOPU DOOPU|59/100 par
|move|p2a: STOOPU DOOPU|Will-O-Wisp|p1a: Brеloom
|-status|p1a: Brеloom|brn
|
|-weather|Sandstorm|[upkeep]
|-damage|p2a: STOOPU DOOPU|53/100 par|[from] Sandstorm
|-damage|p1a: Brеloom|76/100 brn|[from] brn
|-heal|p2a: STOOPU DOOPU|59/100 par|[from] item: Leftovers
|upkeep
|turn|16
|
|t:|1728869949
|move|p1a: Brеloom|Fire Blast|p2a: STOOPU DOOPU
|-damage|p2a: STOOPU DOOPU|17/100 par
|move|p2a: STOOPU DOOPU|Thunderbolt|p1a: Brеloom
|-damage|p1a: Brеloom|50/100 brn
|
|-weather|Sandstorm|[upkeep]
|-damage|p2a: STOOPU DOOPU|10/100 par|[from] Sandstorm
|-damage|p1a: Brеloom|37/100 brn|[from] brn
|-heal|p2a: STOOPU DOOPU|17/100 par|[from] item: Leftovers
|upkeep
|turn|17
|
|t:|1728869964
|move|p1a: Brеloom|Ice Beam|p2a: STOOPU DOOPU
|-damage|p2a: STOOPU DOOPU|0 fnt
|faint|p2a: STOOPU DOOPU
|inactive|banana plus plus has 240 seconds left.
|
|t:|1728869981
|switch|p2a: DJ KREEN|Skarmory, M|49/100
|
|-weather|Sandstorm|[upkeep]
|-damage|p1a: Brеloom|25/100 brn|[from] brn
|-heal|p2a: DJ KREEN|55/100|[from] item: Leftovers
|upkeep
|turn|18
|inactive|banana plus plus has 240 seconds left.
|
|t:|1728869993
|move|p1a: Brеloom|Fire Blast|p2a: DJ KREEN
|-supereffective|p2a: DJ KREEN
|-damage|p2a: DJ KREEN|0 fnt
|faint|p2a: DJ KREEN
|inactive|banana plus plus has 240 seconds left.
|
|t:|1728870015
|switch|p2a: GUB GUB|Celebi|37/100
|
|-weather|Sandstorm|[upkeep]
|-damage|p2a: GUB GUB|31/100|[from] Sandstorm
|-heal|p2a: GUB GUB|37/100|[from] item: Leftovers
|-damage|p1a: Brеloom|13/100 brn|[from] brn
|upkeep
|turn|19
|
|t:|1728870031
|move|p2a: GUB GUB|Giga Drain|p1a: Brеloom
|-supereffective|p1a: Brеloom
|-damage|p1a: Brеloom|0 fnt
|-heal|p2a: GUB GUB|43/100|[from] drain|[of] p1a: Brеloom
|faint|p1a: Brеloom
|
|t:|1728870033
|switch|p1a: Dugtrio|Dugtrio, F|100/100
|
|-weather|Sandstorm|[upkeep]
|-damage|p2a: GUB GUB|36/100|[from] Sandstorm
|-heal|p2a: GUB GUB|43/100|[from] item: Leftovers
|upkeep
|turn|20
|
|t:|1728870041
|move|p1a: Dugtrio|Hidden Power|p2a: GUB GUB
|-supereffective|p2a: GUB GUB
|-damage|p2a: GUB GUB|0 fnt
|faint|p2a: GUB GUB
|
|t:|1728870047
|switch|p2a: GLUB TUBBUS WEPPLE|Metagross|100/100
|
|-weather|Sandstorm|[upkeep]
|upkeep
|turn|21
|
|t:|1728870051
|switch|p1a: Chаrizard|Zapdos|100/100
|move|p2a: GLUB TUBBUS WEPPLE|Agility|p2a: GLUB TUBBUS WEPPLE
|-boost|p2a: GLUB TUBBUS WEPPLE|spe|2
|
|-weather|Sandstorm|[upkeep]
|-damage|p1a: Chаrizard|94/100|[from] Sandstorm
|-heal|p1a: Chаrizard|100/100|[from] item: Leftovers
|upkeep
|turn|22
|
|t:|1728870060
|move|p2a: GLUB TUBBUS WEPPLE|Rock Slide|p1a: Chаrizard
|-supereffective|p1a: Chаrizard
|-damage|p1a: Chаrizard|27/100
|cant|p1a: Chаrizard|flinch
|
|-weather|Sandstorm|[upkeep]
|-damage|p1a: Chаrizard|20/100|[from] Sandstorm
|-heal|p1a: Chаrizard|27/100|[from] item: Leftovers
|upkeep
|turn|23
|
|t:|1728870069
|move|p2a: GLUB TUBBUS WEPPLE|Meteor Mash|p1a: Chаrizard
|-resisted|p1a: Chаrizard
|-damage|p1a: Chаrizard|0 fnt
|faint|p1a: Chаrizard
|
|t:|1728870071
|switch|p1a: Vаporeon|Porygon2|78/100
|-ability|p1a: Vаporeon|Clear Body|[from] ability: Trace|[of] p2a: GLUB TUBBUS WEPPLE
|
|-weather|Sandstorm|[upkeep]
|-damage|p1a: Vаporeon|72/100|[from] Sandstorm
|-heal|p1a: Vаporeon|78/100|[from] item: Leftovers
|upkeep
|turn|24
|inactive|banana plus plus has 240 seconds left.
|inactive|Hydreigon > Latias has 270 seconds left.
|
|t:|1728870109
|move|p2a: GLUB TUBBUS WEPPLE|Meteor Mash|p1a: Vаporeon|[miss]
|-miss|p2a: GLUB TUBBUS WEPPLE|p1a: Vаporeon
|move|p1a: Vаporeon|Thunder Wave|p2a: GLUB TUBBUS WEPPLE
|-status|p2a: GLUB TUBBUS WEPPLE|par
|
|-weather|Sandstorm|[upkeep]
|-damage|p1a: Vаporeon|72/100|[from] Sandstorm
|-heal|p1a: Vаporeon|78/100|[from] item: Leftovers
|upkeep
|turn|25
|
|t:|1728870118
|switch|p1a: Gyаrados|Jirachi|100/100
|move|p2a: GLUB TUBBUS WEPPLE|Agility|p2a: GLUB TUBBUS WEPPLE
|-boost|p2a: GLUB TUBBUS WEPPLE|spe|2
|
|-weather|Sandstorm|[upkeep]
|upkeep
|turn|26
|
|t:|1728870126
|move|p1a: Gyаrados|Fire Punch|p2a: GLUB TUBBUS WEPPLE
|-supereffective|p2a: GLUB TUBBUS WEPPLE
|-damage|p2a: GLUB TUBBUS WEPPLE|54/100 par
|move|p2a: GLUB TUBBUS WEPPLE|Earthquake|p1a: Gyаrados
|-supereffective|p1a: Gyаrados
|-damage|p1a: Gyаrados|37/100
|
|-weather|Sandstorm|[upkeep]
|-heal|p1a: Gyаrados|43/100|[from] item: Leftovers
|-heal|p2a: GLUB TUBBUS WEPPLE|61/100 par|[from] item: Leftovers
|upkeep
|turn|27
|inactive|banana plus plus has 240 seconds left.
|
|t:|1728870151
|move|p1a: Gyаrados|Fire Punch|p2a: GLUB TUBBUS WEPPLE
|-supereffective|p2a: GLUB TUBBUS WEPPLE
|-damage|p2a: GLUB TUBBUS WEPPLE|9/100 par
|cant|p2a: GLUB TUBBUS WEPPLE|par
|
|-weather|Sandstorm|[upkeep]
|-heal|p1a: Gyаrados|49/100|[from] item: Leftovers
|-heal|p2a: GLUB TUBBUS WEPPLE|15/100 par|[from] item: Leftovers
|upkeep
|turn|28
|inactive|banana plus plus has 240 seconds left.
|
|t:|1728870159
|move|p1a: Gyаrados|Fire Punch|p2a: GLUB TUBBUS WEPPLE
|-supereffective|p2a: GLUB TUBBUS WEPPLE
|-damage|p2a: GLUB TUBBUS WEPPLE|0 fnt
|faint|p2a: GLUB TUBBUS WEPPLE
|
|t:|1728870163
|switch|p2a: ERËN|Salamence, M|82/100 par
|-ability|p2a: ERËN|Intimidate|boost
|-unboost|p1a: Gyаrados|atk|1
|
|-weather|Sandstorm|[upkeep]
|-damage|p2a: ERËN|76/100 par|[from] Sandstorm
|-heal|p1a: Gyаrados|55/100|[from] item: Leftovers
|-heal|p2a: ERËN|82/100 par|[from] item: Leftovers
|upkeep
|turn|29
|
|t:|1728870171
|move|p1a: Gyаrados|Psychic|p2a: ERËN
|-damage|p2a: ERËN|34/100 par
|cant|p2a: ERËN|par
|
|-weather|Sandstorm|[upkeep]
|-damage|p2a: ERËN|28/100 par|[from] Sandstorm
|-heal|p1a: Gyаrados|62/100|[from] item: Leftovers
|-heal|p2a: ERËN|34/100 par|[from] item: Leftovers
|upkeep
|turn|30
|
|t:|1728870179
|move|p1a: Gyаrados|Psychic|p2a: ERËN
|-damage|p2a: ERËN|0 fnt
|faint|p2a: ERËN
|
|win|Hydreigon > Latias
|c|☆banana plus plus|gg
|player|p1|
|player|p2|
|player|p1|Hydreigon > Latias|guitarist|

</script>
<script type="application/json" class="data" id="replaydata-smogtours-gen3ou-798570">
{"id":"smogtours-gen3ou-798570","format":"[Gen 3] OU","players":["Hydreigon > Latias","banana plus plus"],"uploadtime":1728870179,"views":100,"formatid":"gen3ou","rating":null,"private":0,"password":null}
</script>

<script defer src="js/replays.js?9d40a366"></script>
