<!DOCTYPE html>
<meta charset="utf-8" />
<meta name="viewport" content="width=device-width" />

<title>[Gen 3] OU: yt-cyber-dj vs. resen65 - Replays - Pok&eacute;mon Showdown!</title>

<meta name="description" content="Watch a replay of a Pok&eacute;mon battle between yt-cyber-dj and resen65! Format: [Gen 3] OU; Date: Oct 21, 2024" />
<!--

Hey, you! Looking in the source for the replay log?

You can find them in JSON format, just add `.json` at the end of a replay URL.

https://replay.pokemonshowdown.com/gen7randomdoublesbattle-865046831.json

Or, if you only need the log itself, add `.log` instead:

https://replay.pokemonshowdown.com/gen7randomdoublesbattle-865046831.log

-->

<link rel="stylesheet" href="//pokemonshowdown.com/style/global.css?0.023195364461161105" />
<link rel="stylesheet" href="//play.pokemonshowdown.com/style/font-awesome.css?0.13261647063804238" />
<link rel="stylesheet" href="//play.pokemonshowdown.com/style/battle.css?0.8753245789963631" />
<link rel="stylesheet" href="//play.pokemonshowdown.com/style/utilichart.css?0.8627959624976733" />

<!-- Global site tag (gtag.js) - Google Analytics -->
<script async src="https://www.googletagmanager.com/gtag/js?id=UA-26211653-1"></script>
<script>
  window.dataLayer = window.dataLayer || [];
  function gtag(){dataLayer.push(arguments);}
  gtag('js', new Date());

  gtag('config', 'UA-26211653-1');
</script>
<!-- End Google Analytics -->
<!-- Venatus Ad Manager - Install in <HEAD> of page -->
	<script src="https://hb.vntsm.com/v3/live/ad-manager.min.js" type="text/javascript" data-site-id="642aba63ec9a7b11c3c9c1be" data-mode="scan" async></script>
<!-- / Venatus Ad Manager -->

<style>
	@media (max-width:820px) {
		.battle {
			margin: 0 auto;
		}
		.battle-log {
			margin: 7px auto 0;
			max-width: 640px;
			height: 300px;
			position: static;
		}
	}
	.optgroup {
		display: inline-block;
		line-height: 22px;
		font-size: 10pt;
	}
	.optgroup .button {
		height: 25px;
		padding-top: 0;
		padding-bottom: 0;
	}
	.optgroup button.button {
		padding-left: 12px;
		padding-right: 12px;
	}
	.linklist {
		list-style: none;
		margin: 0.5em 0;
		padding: 0;
	}
	.linklist li {
		padding: 2px 0;
	}
	.sidebar {
		float: left;
		width: 320px;
	}
	.bar-wrapper {
		max-width: 1100px;
		margin: 0 auto;
	}
	.bar-wrapper.has-sidebar {
		max-width: 1430px;
	}
	.mainbar {
		margin: 0;
		padding-right: 1px;
	}
	.mainbar.has-sidebar {
		margin-left: 330px;
	}
	@media (min-width: 1511px) {
		.sidebar {
			width: 400px;
		}
		.bar-wrapper.has-sidebar {
			max-width: 1510px;
		}
		.mainbar.has-sidebar {
			margin-left: 410px;
		}
	}
	.section.first-section {
		margin-top: 9px;
	}
	.blocklink small {
		white-space: normal;
	}
	.button {
		vertical-align: middle;
	}
	.replay-controls {
		padding-top: 10px;
	}
	.replay-controls h1 {
		font-size: 16pt;
		font-weight: normal;
		color: #CCC;
	}
	.pagelink {
		text-align: center;
	}
	.pagelink a {
		width: 150px;
	}
	.textbox, .button {
		font-size: 11pt;
		vertical-align: middle;
	}
	@media (max-width: 450px) {
		.button {
			font-size: 9pt;
		}
	}
</style>

<div>

	<header>
		<div class="nav-wrapper"><ul class="nav">
			<li><a class="button nav-first" href="//pokemonshowdown.com/"><img src="//pokemonshowdown.com/images/pokemonshowdownbeta.png" srcset="//pokemonshowdown.com/images/pokemonshowdownbeta.png 1x, //pokemonshowdown.com/images/pokemonshowdownbeta@2x.png 2x" alt="Pok&eacute;mon Showdown" width="146" height="44" /> Home</a></li>
			<li><a class="button" href="//pokemonshowdown.com/dex/">Pok&eacute;dex</a></li>
			<li><a class="button cur" href="/">Replays</a></li>
			<li><a class="button" href="//pokemonshowdown.com/ladder/">Ladder</a></li>
			<li><a class="button nav-last" href="//pokemonshowdown.com/forums/">Forum</a></li>
			<li><a class="button greenbutton nav-first nav-last" href="//play.pokemonshowdown.com/">Play</a></li>
		</ul></div>
	</header>

	<div class="main" id="main">

		<noscript><section class="section">You need to enable JavaScript to use this page; sorry!</section></noscript>

	</div>

</div>

<script defer nomodule src="//play.pokemonshowdown.com/js/lib/ps-polyfill.js"></script>
<script defer src="//play.pokemonshowdown.com/js/lib/preact.min.js"></script>

<script defer src="//play.pokemonshowdown.com/config/config.js?2bddbc15"></script>
<script defer src="//play.pokemonshowdown.com/js/lib/jquery-1.11.0.min.js"></script>
<script defer src="//play.pokemonshowdown.com/js/lib/html-sanitizer-minified.js"></script>
<script defer src="//play.pokemonshowdown.com/js/battle-sound.js"></script>
<script defer src="//play.pokemonshowdown.com/js/battledata.js?0.7209276989879541"></script>
<script defer src="//play.pokemonshowdown.com/data/pokedex-mini.js?0.6111056340867951"></script>
<script defer src="//play.pokemonshowdown.com/data/pokedex-mini-bw.js?0.3532142036491459"></script>
<script defer src="//play.pokemonshowdown.com/data/graphics.js?0.24223875632456182"></script>
<script defer src="//play.pokemonshowdown.com/data/pokedex.js?0.38839984266356864"></script>
<script defer src="//play.pokemonshowdown.com/data/moves.js?0.21866028504024015"></script>
<script defer src="//play.pokemonshowdown.com/data/abilities.js?0.2005157953846628"></script>
<script defer src="//play.pokemonshowdown.com/data/items.js?0.9894211263848525"></script>
<script defer src="//play.pokemonshowdown.com/data/teambuilder-tables.js?0.6008791140282215"></script>
<script defer src="//play.pokemonshowdown.com/js/battle-tooltips.js?0.7580118955022959"></script>
<script defer src="//play.pokemonshowdown.com/js/battle.js?0.6057722274234274"></script>

<script defer src="js/utils.js?e31f9a17"></script>
<script defer src="js/replays-battle.js?7008c182"></script>

<!-- don't scrape this data! just add .json or .log after the URL!
Full API docs: https://github.com/smogon/pokemon-showdown-client/blob/master/WEB-API.md -->
<script type="text/plain" class="log" id="replaylog-smogtours-gen3ou-801075">
|inactive|Battle timer is ON: inactive players will automatically lose when time's up.
|t:|1729538487
|gametype|singles
|player|p1|yt-cyber-dj|gambler|
|player|p2|resen65|170|
|teamsize|p1|6
|teamsize|p2|6
|gen|3
|tier|[Gen 3] OU
|rule|Sleep Clause Mod: Limit one foe put to sleep
|rule|Switch Priority Clause Mod: Faster Pokémon switch first
|rule|Species Clause: Limit one of each Pokémon
|rule|OHKO Clause: OHKO moves are banned
|rule|Evasion Items Clause: Evasion items are banned
|rule|Evasion Moves Clause: Evasion moves are banned
|rule|Endless Battle Clause: Forcing endless battles is banned
|rule|HP Percentage Mod: HP is shown in percentages
|rule|One Boost Passer Clause: Limit one Baton Passer that has a way to boost its stats
|rule|Freeze Clause Mod: Limit one foe frozen
|
|t:|1729538487
|start
|switch|p1a: Oceanic Gamer|Salamence, M, shiny|100/100
|switch|p2a: Gengar|Gengar, M|100/100
|-ability|p1a: Oceanic Gamer|Intimidate|boost
|-unboost|p2a: Gengar|atk|1
|turn|1
|c|☆yt-cyber-dj|GLHF
|c|☆resen65|glhf!
|
|t:|1729538506
|switch|p1a: Sotina's Journey|Blissey, F|100/100
|move|p2a: Gengar|Hypnosis|p1a: Sotina's Journey|[miss]
|-miss|p2a: Gengar|p1a: Sotina's Journey
|
|upkeep
|turn|2
|
|t:|1729538535
|switch|p2a: Tyranitar|Tyranitar, F|100/100
|-weather|Sandstorm|[from] ability: Sand Stream|[of] p2a: Tyranitar
|move|p1a: Sotina's Journey|Sing|p2a: Tyranitar
|-status|p2a: Tyranitar|slp|[from] move: Sing
|-enditem|p2a: Tyranitar|Lum Berry|[eat]
|-curestatus|p2a: Tyranitar|slp|[msg]
|
|-weather|Sandstorm|[upkeep]
|-damage|p1a: Sotina's Journey|94/100|[from] Sandstorm
|-heal|p1a: Sotina's Journey|100/100|[from] item: Leftovers
|upkeep
|turn|3
|inactive|resen65 has 270 seconds left.
|
|t:|1729538556
|-singleturn|p2a: Tyranitar|move: Focus Punch
|switch|p1a: Oceanic Gamer|Salamence, M, shiny|100/100
|-ability|p1a: Oceanic Gamer|Intimidate|boost
|-unboost|p2a: Tyranitar|atk|1
|move|p2a: Tyranitar|Focus Punch|p1a: Oceanic Gamer
|-resisted|p1a: Oceanic Gamer
|-damage|p1a: Oceanic Gamer|77/100
|
|-weather|Sandstorm|[upkeep]
|-damage|p1a: Oceanic Gamer|71/100|[from] Sandstorm
|-heal|p1a: Oceanic Gamer|77/100|[from] item: Leftovers
|upkeep
|turn|4
|inactive|resen65 has 270 seconds left.
|inactive|resen65 has 240 seconds left.
|inactive|resen65 has 210 seconds left.
|
|t:|1729538623
|switch|p1a: Sotina's Journey|Blissey, F|100/100
|move|p2a: Tyranitar|Ice Beam|p1a: Sotina's Journey
|-damage|p1a: Sotina's Journey|91/100
|
|-weather|Sandstorm|[upkeep]
|-damage|p1a: Sotina's Journey|85/100|[from] Sandstorm
|-heal|p1a: Sotina's Journey|91/100|[from] item: Leftovers
|upkeep
|turn|5
|inactive|resen65 has 210 seconds left.
|
|t:|1729538650
|-singleturn|p2a: Tyranitar|move: Focus Punch
|move|p1a: Sotina's Journey|Sing|p2a: Tyranitar
|-status|p2a: Tyranitar|slp|[from] move: Sing
|cant|p2a: Tyranitar|slp
|
|-weather|Sandstorm|[upkeep]
|-damage|p1a: Sotina's Journey|85/100|[from] Sandstorm
|-heal|p1a: Sotina's Journey|91/100|[from] item: Leftovers
|upkeep
|turn|6
|inactive|resen65 has 180 seconds left.
|
|t:|1729538680
|switch|p2a: Metagross|Metagross|100/100
|move|p1a: Sotina's Journey|Thunderbolt|p2a: Metagross
|-damage|p2a: Metagross|70/100
|
|-weather|Sandstorm|[upkeep]
|-damage|p1a: Sotina's Journey|85/100|[from] Sandstorm
|-heal|p2a: Metagross|76/100|[from] item: Leftovers
|-heal|p1a: Sotina's Journey|91/100|[from] item: Leftovers
|upkeep
|turn|7
|inactive|resen65 has 180 seconds left.
|inactive|yt-cyber-dj has 270 seconds left.
|
|t:|1729538716
|switch|p2a: Celebi|Celebi|100/100
|switch|p1a: Lemon LC|Skarmory, M|100/100
|
|-weather|Sandstorm|[upkeep]
|-damage|p2a: Celebi|94/100|[from] Sandstorm
|-heal|p2a: Celebi|100/100|[from] item: Leftovers
|upkeep
|turn|8
|
|t:|1729538725
|move|p2a: Celebi|Leech Seed|p1a: Lemon LC
|-start|p1a: Lemon LC|move: Leech Seed
|move|p1a: Lemon LC|Spikes|p2a: Celebi
|-sidestart|p2: resen65|Spikes
|
|-weather|Sandstorm|[upkeep]
|-damage|p2a: Celebi|94/100|[from] Sandstorm
|-heal|p2a: Celebi|100/100|[from] item: Leftovers
|-damage|p1a: Lemon LC|88/100|[from] Leech Seed|[of] p2a: Celebi
|upkeep
|turn|9
|inactive|yt-cyber-dj has 270 seconds left.
|
|t:|1729538741
|switch|p1a: Oceanic Gamer|Salamence, M, shiny|77/100
|-ability|p1a: Oceanic Gamer|Intimidate|boost
|-unboost|p2a: Celebi|atk|1
|move|p2a: Celebi|Hidden Power|p1a: Oceanic Gamer
|-resisted|p1a: Oceanic Gamer
|-damage|p1a: Oceanic Gamer|63/100
|
|-weather|Sandstorm|[upkeep]
|-damage|p2a: Celebi|94/100|[from] Sandstorm
|-damage|p1a: Oceanic Gamer|57/100|[from] Sandstorm
|-heal|p2a: Celebi|100/100|[from] item: Leftovers
|-heal|p1a: Oceanic Gamer|63/100|[from] item: Leftovers
|upkeep
|turn|10
|inactive|yt-cyber-dj has 270 seconds left.
|inactive|resen65 has 150 seconds left.
|
|t:|1729538774
|switch|p2a: Gengar|Gengar, M|100/100
|move|p1a: Oceanic Gamer|Dragon Claw|p2a: Gengar
|-damage|p2a: Gengar|35/100
|
|-weather|Sandstorm|[upkeep]
|-damage|p2a: Gengar|28/100|[from] Sandstorm
|-damage|p1a: Oceanic Gamer|57/100|[from] Sandstorm
|-heal|p1a: Oceanic Gamer|63/100|[from] item: Leftovers
|upkeep
|turn|11
|inactive|resen65 has 150 seconds left.
|
|t:|1729538790
|switch|p1a: KineSquad|Claydol|100/100
|move|p2a: Gengar|Explosion|p1a: KineSquad
|-damage|p1a: KineSquad|0 fnt
|faint|p2a: Gengar
|faint|p1a: KineSquad
|inactive|resen65 has 150 seconds left.
|inactive|yt-cyber-dj has 240 seconds left.
|
|t:|1729538827
|switch|p2a: Zapdos|Zapdos|100/100
|switch|p1a: Oceanic Gamer|Salamence, M, shiny|63/100
|-ability|p1a: Oceanic Gamer|Intimidate|boost
|-unboost|p2a: Zapdos|atk|1
|
|-weather|Sandstorm|[upkeep]
|-damage|p1a: Oceanic Gamer|57/100|[from] Sandstorm
|-damage|p2a: Zapdos|94/100|[from] Sandstorm
|-heal|p1a: Oceanic Gamer|63/100|[from] item: Leftovers
|-heal|p2a: Zapdos|100/100|[from] item: Leftovers
|upkeep
|turn|12
|inactive|resen65 has 120 seconds left.
|
|t:|1729538856
|switch|p1a: Sotina's Journey|Blissey, F|91/100
|move|p2a: Zapdos|Agility|p2a: Zapdos
|-boost|p2a: Zapdos|spe|2
|
|-weather|Sandstorm|[upkeep]
|-damage|p2a: Zapdos|94/100|[from] Sandstorm
|-damage|p1a: Sotina's Journey|85/100|[from] Sandstorm
|-heal|p2a: Zapdos|100/100|[from] item: Leftovers
|-heal|p1a: Sotina's Journey|91/100|[from] item: Leftovers
|upkeep
|turn|13
|inactive|yt-cyber-dj has 240 seconds left.
|
|t:|1729538867
|move|p2a: Zapdos|Baton Pass|p2a: Zapdos
|
|t:|1729538870
|switch|p2a: Tyranitar|Tyranitar, F|100/100 slp|[from] Baton Pass
|-damage|p2a: Tyranitar|88/100 slp|[from] Spikes
|move|p1a: Sotina's Journey|Ice Beam|p2a: Tyranitar
|-crit|p2a: Tyranitar
|-damage|p2a: Tyranitar|35/100 slp
|
|-weather|Sandstorm|[upkeep]
|-damage|p1a: Sotina's Journey|85/100|[from] Sandstorm
|-heal|p1a: Sotina's Journey|91/100|[from] item: Leftovers
|upkeep
|turn|14
|inactive|yt-cyber-dj has 240 seconds left.
|
|t:|1729538890
|cant|p2a: Tyranitar|slp
|move|p1a: Sotina's Journey|Thunderbolt|p2a: Tyranitar
|-damage|p2a: Tyranitar|8/100 slp
|
|-weather|Sandstorm|[upkeep]
|-damage|p1a: Sotina's Journey|85/100|[from] Sandstorm
|-heal|p1a: Sotina's Journey|91/100|[from] item: Leftovers
|upkeep
|turn|15
|
|t:|1729538894
|cant|p2a: Tyranitar|slp
|move|p1a: Sotina's Journey|Thunderbolt|p2a: Tyranitar
|-damage|p2a: Tyranitar|0 fnt
|faint|p2a: Tyranitar
|
|t:|1729538904
|switch|p2a: Metagross|Metagross|76/100
|-damage|p2a: Metagross|63/100|[from] Spikes
|
|-weather|Sandstorm|[upkeep]
|-damage|p1a: Sotina's Journey|85/100|[from] Sandstorm
|-heal|p2a: Metagross|69/100|[from] item: Leftovers
|-heal|p1a: Sotina's Journey|91/100|[from] item: Leftovers
|upkeep
|turn|16
|
|t:|1729538912
|switch|p1a: Lemon LC|Skarmory, M|88/100
|move|p2a: Metagross|Meteor Mash|p1a: Lemon LC
|-resisted|p1a: Lemon LC
|-damage|p1a: Lemon LC|67/100
|
|-weather|Sandstorm|[upkeep]
|-heal|p2a: Metagross|75/100|[from] item: Leftovers
|-heal|p1a: Lemon LC|73/100|[from] item: Leftovers
|upkeep
|turn|17
|
|t:|1729538923
|move|p2a: Metagross|Meteor Mash|p1a: Lemon LC
|-resisted|p1a: Lemon LC
|-damage|p1a: Lemon LC|53/100
|move|p1a: Lemon LC|Toxic|p2a: Metagross
|-immune|p2a: Metagross
|
|-weather|Sandstorm|[upkeep]
|-heal|p2a: Metagross|81/100|[from] item: Leftovers
|-heal|p1a: Lemon LC|59/100|[from] item: Leftovers
|upkeep
|turn|18
|
|t:|1729538927
|move|p1a: Lemon LC|Protect|p1a: Lemon LC
|-singleturn|p1a: Lemon LC|Protect
|move|p2a: Metagross|Meteor Mash|p1a: Lemon LC
|-activate|p1a: Lemon LC|Protect
|
|-weather|Sandstorm|[upkeep]
|-heal|p2a: Metagross|88/100|[from] item: Leftovers
|-heal|p1a: Lemon LC|65/100|[from] item: Leftovers
|upkeep
|turn|19
|inactive|resen65 has 150 seconds left.
|
|t:|1729538938
|switch|p2a: Zapdos|Zapdos|100/100
|move|p1a: Lemon LC|Roar|p2a: Zapdos
|drag|p2a: Celebi|Celebi|100/100
|-damage|p2a: Celebi|88/100|[from] Spikes
|
|-weather|Sandstorm|[upkeep]
|-damage|p2a: Celebi|82/100|[from] Sandstorm
|-heal|p2a: Celebi|88/100|[from] item: Leftovers
|-heal|p1a: Lemon LC|71/100|[from] item: Leftovers
|upkeep
|turn|20
|
|t:|1729538948
|switch|p1a: GroundBack|Tyranitar, M|100/100
|move|p2a: Celebi|Leech Seed|p1a: GroundBack
|-start|p1a: GroundBack|move: Leech Seed
|
|-weather|Sandstorm|[upkeep]
|-damage|p2a: Celebi|82/100|[from] Sandstorm
|-heal|p2a: Celebi|88/100|[from] item: Leftovers
|-damage|p1a: GroundBack|88/100|[from] Leech Seed|[of] p2a: Celebi
|-heal|p2a: Celebi|100/100|[silent]
|upkeep
|turn|21
|inactive|resen65 has 150 seconds left.
|inactive|yt-cyber-dj has 270 seconds left.
|inactive|resen65 has 120 seconds left.
|
|t:|1729539002
|switch|p1a: Oceanic Gamer|Salamence, M, shiny|63/100
|-ability|p1a: Oceanic Gamer|Intimidate|boost
|-unboost|p2a: Celebi|atk|1
|move|p2a: Celebi|Giga Drain|p1a: Oceanic Gamer
|-resisted|p1a: Oceanic Gamer
|-damage|p1a: Oceanic Gamer|55/100
|
|-weather|Sandstorm|[upkeep]
|-damage|p2a: Celebi|94/100|[from] Sandstorm
|-damage|p1a: Oceanic Gamer|49/100|[from] Sandstorm
|-heal|p2a: Celebi|100/100|[from] item: Leftovers
|-heal|p1a: Oceanic Gamer|55/100|[from] item: Leftovers
|upkeep
|turn|22
|inactive|yt-cyber-dj has 270 seconds left.
|inactive|resen65 has 120 seconds left.
|
|t:|1729539018
|move|p2a: Celebi|Psychic|p1a: Oceanic Gamer
|-damage|p1a: Oceanic Gamer|1/100
|move|p1a: Oceanic Gamer|Fire Blast|p2a: Celebi
|-supereffective|p2a: Celebi
|-damage|p2a: Celebi|22/100
|
|-weather|Sandstorm|[upkeep]
|-damage|p2a: Celebi|16/100|[from] Sandstorm
|-damage|p1a: Oceanic Gamer|0 fnt|[from] Sandstorm
|faint|p1a: Oceanic Gamer
|-heal|p2a: Celebi|22/100|[from] item: Leftovers
|upkeep
|inactive|yt-cyber-dj has 270 seconds left.
|
|t:|1729539030
|switch|p1a: Sotina's Journey|Blissey, F|91/100
|turn|23
|
|t:|1729539033
|move|p2a: Celebi|Leech Seed|p1a: Sotina's Journey
|-start|p1a: Sotina's Journey|move: Leech Seed
|move|p1a: Sotina's Journey|Ice Beam|p2a: Celebi
|-supereffective|p2a: Celebi
|-damage|p2a: Celebi|0 fnt
|faint|p2a: Celebi
|
|t:|1729539035
|switch|p2a: Zapdos|Zapdos|100/100
|
|-weather|Sandstorm|[upkeep]
|-damage|p2a: Zapdos|94/100|[from] Sandstorm
|-damage|p1a: Sotina's Journey|85/100|[from] Sandstorm
|-heal|p2a: Zapdos|100/100|[from] item: Leftovers
|-heal|p1a: Sotina's Journey|91/100|[from] item: Leftovers
|-damage|p1a: Sotina's Journey|78/100|[from] Leech Seed|[of] p2a: Zapdos
|upkeep
|turn|24
|
|t:|1729539051
|switch|p1a: Blip_Exists|Metagross, shiny|100/100
|move|p2a: Zapdos|Substitute|p2a: Zapdos
|-start|p2a: Zapdos|Substitute
|-damage|p2a: Zapdos|76/100
|
|-weather|Sandstorm|[upkeep]
|-damage|p2a: Zapdos|69/100|[from] Sandstorm
|-heal|p2a: Zapdos|76/100|[from] item: Leftovers
|upkeep
|turn|25
|
|t:|1729539074
|switch|p1a: Sotina's Journey|Blissey, F|78/100
|move|p2a: Zapdos|Thunderbolt|p1a: Sotina's Journey
|-damage|p1a: Sotina's Journey|58/100
|
|-weather|Sandstorm|[upkeep]
|-damage|p2a: Zapdos|69/100|[from] Sandstorm
|-damage|p1a: Sotina's Journey|52/100|[from] Sandstorm
|-heal|p2a: Zapdos|76/100|[from] item: Leftovers
|-heal|p1a: Sotina's Journey|58/100|[from] item: Leftovers
|upkeep
|turn|26
|
|t:|1729539086
|move|p2a: Zapdos|Baton Pass|p2a: Zapdos
|
|t:|1729539088
|switch|p2a: Metagross|Metagross|88/100|[from] Baton Pass
|-damage|p2a: Metagross|75/100|[from] Spikes
|move|p1a: Sotina's Journey|Soft-Boiled|p1a: Sotina's Journey
|-heal|p1a: Sotina's Journey|100/100
|
|-weather|Sandstorm|[upkeep]
|-damage|p1a: Sotina's Journey|94/100|[from] Sandstorm
|-heal|p2a: Metagross|81/100|[from] item: Leftovers
|-heal|p1a: Sotina's Journey|100/100|[from] item: Leftovers
|upkeep
|turn|27
|
|t:|1729539092
|switch|p1a: Lemon LC|Skarmory, M|71/100
|move|p2a: Metagross|Meteor Mash|p1a: Lemon LC
|-resisted|p1a: Lemon LC
|-damage|p1a: Lemon LC|50/100
|
|-weather|Sandstorm|[upkeep]
|-heal|p2a: Metagross|87/100|[from] item: Leftovers
|-heal|p1a: Lemon LC|56/100|[from] item: Leftovers
|upkeep
|turn|28
|
|t:|1729539098
|move|p2a: Metagross|Meteor Mash|p1a: Lemon LC
|-resisted|p1a: Lemon LC
|-damage|p1a: Lemon LC|35/100
|move|p1a: Lemon LC|Roar|p2a: Metagross
|drag|p2a: Zapdos|Zapdos|76/100
|
|-weather|Sandstorm|[upkeep]
|-damage|p2a: Zapdos|69/100|[from] Sandstorm
|-heal|p2a: Zapdos|76/100|[from] item: Leftovers
|-heal|p1a: Lemon LC|41/100|[from] item: Leftovers
|upkeep
|turn|29
|
|t:|1729539109
|move|p1a: Lemon LC|Protect|p1a: Lemon LC
|-singleturn|p1a: Lemon LC|Protect
|move|p2a: Zapdos|Thunderbolt|p1a: Lemon LC
|-activate|p1a: Lemon LC|Protect
|
|-weather|Sandstorm|[upkeep]
|-damage|p2a: Zapdos|69/100|[from] Sandstorm
|-heal|p2a: Zapdos|76/100|[from] item: Leftovers
|-heal|p1a: Lemon LC|47/100|[from] item: Leftovers
|upkeep
|turn|30
|
|t:|1729539114
|switch|p1a: Sotina's Journey|Blissey, F|100/100
|move|p2a: Zapdos|Baton Pass|p2a: Zapdos
|
|t:|1729539117
|switch|p2a: Metagross|Metagross|87/100|[from] Baton Pass
|-damage|p2a: Metagross|75/100|[from] Spikes
|
|-weather|Sandstorm|[upkeep]
|-damage|p1a: Sotina's Journey|94/100|[from] Sandstorm
|-heal|p2a: Metagross|81/100|[from] item: Leftovers
|-heal|p1a: Sotina's Journey|100/100|[from] item: Leftovers
|upkeep
|turn|31
|
|t:|1729539120
|switch|p1a: Blip_Exists|Metagross, shiny|100/100
|move|p2a: Metagross|Meteor Mash|p1a: Blip_Exists|[miss]
|-miss|p2a: Metagross|p1a: Blip_Exists
|
|-weather|Sandstorm|[upkeep]
|-heal|p2a: Metagross|87/100|[from] item: Leftovers
|upkeep
|turn|32
|inactive|resen65 has 180 seconds left.
|
|t:|1729539132
|move|p2a: Metagross|Earthquake|p1a: Blip_Exists
|-supereffective|p1a: Blip_Exists
|-damage|p1a: Blip_Exists|50/100
|move|p1a: Blip_Exists|Earthquake|p2a: Metagross
|-supereffective|p2a: Metagross
|-damage|p2a: Metagross|32/100
|
|-weather|Sandstorm|[upkeep]
|-heal|p2a: Metagross|38/100|[from] item: Leftovers
|-heal|p1a: Blip_Exists|56/100|[from] item: Leftovers
|upkeep
|turn|33
|inactive|resen65 has 180 seconds left.
|
|t:|1729539143
|move|p2a: Metagross|Meteor Mash|p1a: Blip_Exists
|-resisted|p1a: Blip_Exists
|-damage|p1a: Blip_Exists|37/100
|move|p1a: Blip_Exists|Explosion|p2a: Metagross
|-resisted|p2a: Metagross
|-damage|p2a: Metagross|0 fnt
|faint|p1a: Blip_Exists
|faint|p2a: Metagross
|inactive|resen65 has 180 seconds left.
|
|t:|1729539156
|switch|p2a: Suicune|Suicune|100/100
|switch|p1a: Sotina's Journey|Blissey, F|100/100
|-damage|p2a: Suicune|88/100|[from] Spikes
|
|-weather|Sandstorm|[upkeep]
|-damage|p2a: Suicune|82/100|[from] Sandstorm
|-damage|p1a: Sotina's Journey|94/100|[from] Sandstorm
|-heal|p2a: Suicune|88/100|[from] item: Leftovers
|-heal|p1a: Sotina's Journey|100/100|[from] item: Leftovers
|upkeep
|turn|34
|
|t:|1729539160
|move|p2a: Suicune|Calm Mind|p2a: Suicune
|-boost|p2a: Suicune|spa|1
|-boost|p2a: Suicune|spd|1
|move|p1a: Sotina's Journey|Thunderbolt|p2a: Suicune
|-supereffective|p2a: Suicune
|-damage|p2a: Suicune|64/100
|
|-weather|Sandstorm|[upkeep]
|-damage|p2a: Suicune|58/100|[from] Sandstorm
|-damage|p1a: Sotina's Journey|94/100|[from] Sandstorm
|-heal|p2a: Suicune|64/100|[from] item: Leftovers
|-heal|p1a: Sotina's Journey|100/100|[from] item: Leftovers
|upkeep
|turn|35
|
|t:|1729539168
|move|p2a: Suicune|Calm Mind|p2a: Suicune
|-boost|p2a: Suicune|spa|1
|-boost|p2a: Suicune|spd|1
|move|p1a: Sotina's Journey|Sing|p2a: Suicune
|-status|p2a: Suicune|slp|[from] move: Sing
|
|-weather|Sandstorm|[upkeep]
|-damage|p2a: Suicune|58/100 slp|[from] Sandstorm
|-damage|p1a: Sotina's Journey|94/100|[from] Sandstorm
|-heal|p2a: Suicune|64/100 slp|[from] item: Leftovers
|-heal|p1a: Sotina's Journey|100/100|[from] item: Leftovers
|upkeep
|turn|36
|
|t:|1729539174
|cant|p2a: Suicune|slp
|move|p1a: Sotina's Journey|Thunderbolt|p2a: Suicune
|-supereffective|p2a: Suicune
|-damage|p2a: Suicune|46/100 slp
|
|-weather|Sandstorm|[upkeep]
|-damage|p2a: Suicune|39/100 slp|[from] Sandstorm
|-damage|p1a: Sotina's Journey|94/100|[from] Sandstorm
|-heal|p2a: Suicune|46/100 slp|[from] item: Leftovers
|-heal|p1a: Sotina's Journey|100/100|[from] item: Leftovers
|upkeep
|turn|37
|
|t:|1729539177
|cant|p2a: Suicune|slp
|move|p1a: Sotina's Journey|Thunderbolt|p2a: Suicune
|-supereffective|p2a: Suicune
|-damage|p2a: Suicune|26/100 slp
|
|-weather|Sandstorm|[upkeep]
|-damage|p2a: Suicune|20/100 slp|[from] Sandstorm
|-damage|p1a: Sotina's Journey|94/100|[from] Sandstorm
|-heal|p2a: Suicune|26/100 slp|[from] item: Leftovers
|-heal|p1a: Sotina's Journey|100/100|[from] item: Leftovers
|upkeep
|turn|38
|
|t:|1729539179
|cant|p2a: Suicune|slp
|move|p1a: Sotina's Journey|Thunderbolt|p2a: Suicune
|-supereffective|p2a: Suicune
|-damage|p2a: Suicune|8/100 slp
|
|-weather|Sandstorm|[upkeep]
|-damage|p2a: Suicune|2/100 slp|[from] Sandstorm
|-damage|p1a: Sotina's Journey|94/100|[from] Sandstorm
|-heal|p2a: Suicune|8/100 slp|[from] item: Leftovers
|-heal|p1a: Sotina's Journey|100/100|[from] item: Leftovers
|upkeep
|turn|39
|
|t:|1729539180
|cant|p2a: Suicune|slp
|move|p1a: Sotina's Journey|Thunderbolt|p2a: Suicune
|-supereffective|p2a: Suicune
|-damage|p2a: Suicune|0 fnt
|faint|p2a: Suicune
|
|t:|1729539182
|switch|p2a: Zapdos|Zapdos|76/100
|
|-weather|Sandstorm|[upkeep]
|-damage|p2a: Zapdos|69/100|[from] Sandstorm
|-damage|p1a: Sotina's Journey|94/100|[from] Sandstorm
|-heal|p2a: Zapdos|76/100|[from] item: Leftovers
|-heal|p1a: Sotina's Journey|100/100|[from] item: Leftovers
|upkeep
|turn|40
|
|t:|1729539191
|move|p2a: Zapdos|Thunderbolt|p1a: Sotina's Journey
|-damage|p1a: Sotina's Journey|79/100
|move|p1a: Sotina's Journey|Ice Beam|p2a: Zapdos
|-supereffective|p2a: Zapdos
|-damage|p2a: Zapdos|18/100
|
|-weather|Sandstorm|[upkeep]
|-damage|p2a: Zapdos|11/100|[from] Sandstorm
|-damage|p1a: Sotina's Journey|73/100|[from] Sandstorm
|-heal|p2a: Zapdos|18/100|[from] item: Leftovers
|-heal|p1a: Sotina's Journey|79/100|[from] item: Leftovers
|upkeep
|turn|41
|
|t:|1729539193
|move|p2a: Zapdos|Thunderbolt|p1a: Sotina's Journey
|-damage|p1a: Sotina's Journey|59/100
|move|p1a: Sotina's Journey|Ice Beam|p2a: Zapdos
|-supereffective|p2a: Zapdos
|-crit|p2a: Zapdos
|-damage|p2a: Zapdos|0 fnt
|faint|p2a: Zapdos
|
|win|yt-cyber-dj
|c|☆resen65|gg
|c|☆yt-cyber-dj|GG

</script>
<script type="application/json" class="data" id="replaydata-smogtours-gen3ou-801075">
{"id":"smogtours-gen3ou-801075","format":"[Gen 3] OU","players":["yt-cyber-dj","resen65"],"uploadtime":1729539193,"views":67,"formatid":"gen3ou","rating":null,"private":0,"password":null}
</script>

<script defer src="js/replays.js?9d40a366"></script>
