<!DOCTYPE html>
<meta charset="utf-8" />
<meta name="viewport" content="width=device-width" />

<title>[Gen 3] OU: TaviTavi vs. OOz!? - Replays - Pok&eacute;mon Showdown!</title>

<meta name="description" content="Watch a replay of a Pok&eacute;mon battle between TaviTavi and OOz!?! Format: [Gen 3] OU; Date: Oct 25, 2024" />
<!--

Hey, you! Looking in the source for the replay log?

You can find them in JSON format, just add `.json` at the end of a replay URL.

https://replay.pokemonshowdown.com/gen7randomdoublesbattle-865046831.json

Or, if you only need the log itself, add `.log` instead:

https://replay.pokemonshowdown.com/gen7randomdoublesbattle-865046831.log

-->

<link rel="stylesheet" href="//pokemonshowdown.com/style/global.css?0.767286132409787" />
<link rel="stylesheet" href="//play.pokemonshowdown.com/style/font-awesome.css?0.9266228007934947" />
<link rel="stylesheet" href="//play.pokemonshowdown.com/style/battle.css?0.7924700842790926" />
<link rel="stylesheet" href="//play.pokemonshowdown.com/style/utilichart.css?0.8777417872839479" />

<!-- Global site tag (gtag.js) - Google Analytics -->
<script async src="https://www.googletagmanager.com/gtag/js?id=UA-26211653-1"></script>
<script>
  window.dataLayer = window.dataLayer || [];
  function gtag(){dataLayer.push(arguments);}
  gtag('js', new Date());

  gtag('config', 'UA-26211653-1');
</script>
<!-- End Google Analytics -->
<!-- Venatus Ad Manager - Install in <HEAD> of page -->
	<script src="https://hb.vntsm.com/v3/live/ad-manager.min.js" type="text/javascript" data-site-id="642aba63ec9a7b11c3c9c1be" data-mode="scan" async></script>
<!-- / Venatus Ad Manager -->

<style>
	@media (max-width:820px) {
		.battle {
			margin: 0 auto;
		}
		.battle-log {
			margin: 7px auto 0;
			max-width: 640px;
			height: 300px;
			position: static;
		}
	}
	.optgroup {
		display: inline-block;
		line-height: 22px;
		font-size: 10pt;
	}
	.optgroup .button {
		height: 25px;
		padding-top: 0;
		padding-bottom: 0;
	}
	.optgroup button.button {
		padding-left: 12px;
		padding-right: 12px;
	}
	.linklist {
		list-style: none;
		margin: 0.5em 0;
		padding: 0;
	}
	.linklist li {
		padding: 2px 0;
	}
	.sidebar {
		float: left;
		width: 320px;
	}
	.bar-wrapper {
		max-width: 1100px;
		margin: 0 auto;
	}
	.bar-wrapper.has-sidebar {
		max-width: 1430px;
	}
	.mainbar {
		margin: 0;
		padding-right: 1px;
	}
	.mainbar.has-sidebar {
		margin-left: 330px;
	}
	@media (min-width: 1511px) {
		.sidebar {
			width: 400px;
		}
		.bar-wrapper.has-sidebar {
			max-width: 1510px;
		}
		.mainbar.has-sidebar {
			margin-left: 410px;
		}
	}
	.section.first-section {
		margin-top: 9px;
	}
	.blocklink small {
		white-space: normal;
	}
	.button {
		vertical-align: middle;
	}
	.replay-controls {
		padding-top: 10px;
	}
	.replay-controls h1 {
		font-size: 16pt;
		font-weight: normal;
		color: #CCC;
	}
	.pagelink {
		text-align: center;
	}
	.pagelink a {
		width: 150px;
	}
	.textbox, .button {
		font-size: 11pt;
		vertical-align: middle;
	}
	@media (max-width: 450px) {
		.button {
			font-size: 9pt;
		}
	}
</style>

<div>

	<header>
		<div class="nav-wrapper"><ul class="nav">
			<li><a class="button nav-first" href="//pokemonshowdown.com/"><img src="//pokemonshowdown.com/images/pokemonshowdownbeta.png" srcset="//pokemonshowdown.com/images/pokemonshowdownbeta.png 1x, //pokemonshowdown.com/images/pokemonshowdownbeta@2x.png 2x" alt="Pok&eacute;mon Showdown" width="146" height="44" /> Home</a></li>
			<li><a class="button" href="//pokemonshowdown.com/dex/">Pok&eacute;dex</a></li>
			<li><a class="button cur" href="/">Replays</a></li>
			<li><a class="button" href="//pokemonshowdown.com/ladder/">Ladder</a></li>
			<li><a class="button nav-last" href="//pokemonshowdown.com/forums/">Forum</a></li>
			<li><a class="button greenbutton nav-first nav-last" href="//play.pokemonshowdown.com/">Play</a></li>
		</ul></div>
	</header>

	<div class="main" id="main">

		<noscript><section class="section">You need to enable JavaScript to use this page; sorry!</section></noscript>

	</div>

</div>

<script defer nomodule src="//play.pokemonshowdown.com/js/lib/ps-polyfill.js"></script>
<script defer src="//play.pokemonshowdown.com/js/lib/preact.min.js"></script>

<script defer src="//play.pokemonshowdown.com/config/config.js?6dec07f6"></script>
<script defer src="//play.pokemonshowdown.com/js/lib/jquery-1.11.0.min.js"></script>
<script defer src="//play.pokemonshowdown.com/js/lib/html-sanitizer-minified.js"></script>
<script defer src="//play.pokemonshowdown.com/js/battle-sound.js"></script>
<script defer src="//play.pokemonshowdown.com/js/battledata.js?0.6315294753075389"></script>
<script defer src="//play.pokemonshowdown.com/data/pokedex-mini.js?0.7603743185311358"></script>
<script defer src="//play.pokemonshowdown.com/data/pokedex-mini-bw.js?0.030888842834281283"></script>
<script defer src="//play.pokemonshowdown.com/data/graphics.js?0.05593094747507488"></script>
<script defer src="//play.pokemonshowdown.com/data/pokedex.js?0.47064822249611904"></script>
<script defer src="//play.pokemonshowdown.com/data/moves.js?0.8583693120512459"></script>
<script defer src="//play.pokemonshowdown.com/data/abilities.js?0.16017181182386842"></script>
<script defer src="//play.pokemonshowdown.com/data/items.js?0.4163379185673943"></script>
<script defer src="//play.pokemonshowdown.com/data/teambuilder-tables.js?0.31075597372830477"></script>
<script defer src="//play.pokemonshowdown.com/js/battle-tooltips.js?0.6536193500708172"></script>
<script defer src="//play.pokemonshowdown.com/js/battle.js?0.1916591943277901"></script>

<script defer src="js/utils.js?e31f9a17"></script>
<script defer src="js/replays-battle.js?7008c182"></script>

<!-- don't scrape this data! just add .json or .log after the URL!
Full API docs: https://github.com/smogon/pokemon-showdown-client/blob/master/WEB-API.md -->
<script type="text/plain" class="log" id="replaylog-smogtours-gen3ou-801830">
|inactive|Battle timer is ON: inactive players will automatically lose when time's up.
|t:|1729872749
|gametype|singles
|player|p1|TaviTavi|170|
|player|p2|OOz!?|caitlin-masters|
|teamsize|p1|6
|teamsize|p2|6
|gen|3
|tier|[Gen 3] OU
|rule|Sleep Clause Mod: Limit one foe put to sleep
|rule|Switch Priority Clause Mod: Faster Pokémon switch first
|rule|Species Clause: Limit one of each Pokémon
|rule|OHKO Clause: OHKO moves are banned
|rule|Evasion Items Clause: Evasion items are banned
|rule|Evasion Moves Clause: Evasion moves are banned
|rule|Endless Battle Clause: Forcing endless battles is banned
|rule|HP Percentage Mod: HP is shown in percentages
|rule|One Boost Passer Clause: Limit one Baton Passer that has a way to boost its stats
|rule|Freeze Clause Mod: Limit one foe frozen
|
|t:|1729872749
|start
|switch|p1a: Tyranitar|Tyranitar, F|100/100
|switch|p2a: Menced Meat|Salamence, F|100/100
|-ability|p2a: Menced Meat|Intimidate|boost
|-unboost|p1a: Tyranitar|atk|1
|-weather|Sandstorm|[from] ability: Sand Stream|[of] p1a: Tyranitar
|turn|1
|
|t:|1729872775
|switch|p1a: Gengar|Gengar, M|100/100
|move|p2a: Menced Meat|Brick Break|p1a: Gengar
|-immune|p1a: Gengar
|
|-weather|Sandstorm|[upkeep]
|-damage|p1a: Gengar|94/100|[from] Sandstorm
|-damage|p2a: Menced Meat|94/100|[from] Sandstorm
|-heal|p1a: Gengar|100/100|[from] item: Leftovers
|-heal|p2a: Menced Meat|100/100|[from] item: Leftovers
|upkeep
|turn|2
|
|t:|1729872786
|switch|p2a: Totoro|Tyranitar, M|100/100
|move|p1a: Gengar|Will-O-Wisp|p2a: Totoro|[miss]
|-miss|p1a: Gengar|p2a: Totoro
|
|-weather|Sandstorm|[upkeep]
|-damage|p1a: Gengar|94/100|[from] Sandstorm
|-heal|p1a: Gengar|100/100|[from] item: Leftovers
|upkeep
|turn|3
|
|t:|1729872802
|move|p1a: Gengar|Will-O-Wisp|p2a: Totoro
|-status|p2a: Totoro|brn
|move|p2a: Totoro|Pursuit|p1a: Gengar
|-supereffective|p1a: Gengar
|-damage|p1a: Gengar|59/100
|
|-weather|Sandstorm|[upkeep]
|-damage|p1a: Gengar|53/100|[from] Sandstorm
|-heal|p1a: Gengar|59/100|[from] item: Leftovers
|-damage|p2a: Totoro|88/100 brn|[from] brn
|upkeep
|turn|4
|
|t:|1729872815
|-activate|p1a: Gengar|move: Pursuit
|move|p2a: Totoro|Pursuit|p1a: Gengar|[from]Pursuit
|-supereffective|p1a: Gengar
|-damage|p1a: Gengar|0 fnt
|faint|p1a: Gengar
|-hint|Previously chosen switches continue in Gen 2-4 after a Pursuit target faints.
|switch|p1a: Flygon|Flygon, F|100/100
|
|-weather|Sandstorm|[upkeep]
|-heal|p2a: Totoro|94/100 brn|[from] item: Leftovers
|-damage|p2a: Totoro|82/100 brn|[from] brn
|upkeep
|turn|5
|inactive|OOz!? has 270 seconds left.
|inactive|OOz!? has 240 seconds left.
|
|t:|1729872884
|switch|p2a: Yamabiko|Suicune|100/100
|move|p1a: Flygon|Toxic|p2a: Yamabiko
|-status|p2a: Yamabiko|tox
|
|-weather|Sandstorm|[upkeep]
|-damage|p2a: Yamabiko|94/100 tox|[from] Sandstorm
|-heal|p2a: Yamabiko|100/100 tox|[from] item: Leftovers
|-damage|p2a: Yamabiko|94/100 tox|[from] psn
|upkeep
|turn|6
|inactive|OOz!? has 240 seconds left.
|inactive|TaviTavi has 270 seconds left.
|
|t:|1729872900
|switch|p1a: Blissey|Blissey, F|100/100
|switch|p2a: Canti|Jirachi|100/100
|
|-weather|Sandstorm|[upkeep]
|-damage|p1a: Blissey|94/100|[from] Sandstorm
|-heal|p1a: Blissey|100/100|[from] item: Leftovers
|upkeep
|turn|7
|
|t:|1729872925
|switch|p2a: Ramiel|Claydol|100/100
|move|p1a: Blissey|Seismic Toss|p2a: Ramiel
|-damage|p2a: Ramiel|70/100
|
|-weather|Sandstorm|[upkeep]
|-damage|p1a: Blissey|94/100|[from] Sandstorm
|-heal|p2a: Ramiel|76/100|[from] item: Leftovers
|-heal|p1a: Blissey|100/100|[from] item: Leftovers
|upkeep
|turn|8
|
|t:|1729872935
|switch|p1a: Skarmory|Skarmory, F|100/100
|move|p2a: Ramiel|Earthquake|p1a: Skarmory
|-immune|p1a: Skarmory
|
|-weather|Sandstorm|[upkeep]
|-heal|p2a: Ramiel|82/100|[from] item: Leftovers
|upkeep
|turn|9
|
|t:|1729872944
|switch|p2a: Canti|Jirachi|100/100
|move|p1a: Skarmory|Spikes|p2a: Canti
|-sidestart|p2: OOz!?|Spikes
|
|-weather|Sandstorm|[upkeep]
|upkeep
|turn|10
|
|t:|1729872959
|switch|p1a: Charizard|Charizard, F|100/100
|move|p2a: Canti|Fire Punch|p1a: Charizard
|-resisted|p1a: Charizard
|-damage|p1a: Charizard|89/100
|
|-weather|Sandstorm|[upkeep]
|-damage|p1a: Charizard|83/100|[from] Sandstorm
|-heal|p1a: Charizard|89/100|[from] item: Leftovers
|upkeep
|turn|11
|inactive|OOz!? has 240 seconds left.
|
|t:|1729872977
|switch|p2a: Totoro|Tyranitar, M|82/100 brn
|-damage|p2a: Totoro|69/100 brn|[from] Spikes
|move|p1a: Charizard|Dragon Claw|p2a: Totoro
|-damage|p2a: Totoro|48/100 brn
|
|-weather|Sandstorm|[upkeep]
|-damage|p1a: Charizard|83/100|[from] Sandstorm
|-heal|p1a: Charizard|89/100|[from] item: Leftovers
|-heal|p2a: Totoro|54/100 brn|[from] item: Leftovers
|-damage|p2a: Totoro|41/100 brn|[from] brn
|upkeep
|turn|12
|inactive|OOz!? has 240 seconds left.
|inactive|TaviTavi has 270 seconds left.
|
|t:|1729873021
|move|p1a: Charizard|Hidden Power|p2a: Totoro
|-supereffective|p2a: Totoro
|-damage|p2a: Totoro|4/100 brn
|move|p2a: Totoro|Crunch|p1a: Charizard
|-damage|p1a: Charizard|42/100
|
|-weather|Sandstorm|[upkeep]
|-damage|p1a: Charizard|36/100|[from] Sandstorm
|-heal|p1a: Charizard|42/100|[from] item: Leftovers
|-heal|p2a: Totoro|10/100 brn|[from] item: Leftovers
|-damage|p2a: Totoro|0 fnt|[from] brn
|faint|p2a: Totoro
|upkeep
|inactive|OOz!? has 240 seconds left.
|
|t:|1729873056
|switch|p2a: Ronnie|Snorlax, M|100/100
|-damage|p2a: Ronnie|88/100|[from] Spikes
|turn|13
|
|t:|1729873062
|-singleturn|p2a: Ronnie|move: Focus Punch
|switch|p1a: Skarmory|Skarmory, F|100/100
|move|p2a: Ronnie|Focus Punch|p1a: Skarmory
|-damage|p1a: Skarmory|65/100
|
|-weather|Sandstorm|[upkeep]
|-damage|p2a: Ronnie|82/100|[from] Sandstorm
|-heal|p1a: Skarmory|71/100|[from] item: Leftovers
|-heal|p2a: Ronnie|88/100|[from] item: Leftovers
|upkeep
|turn|14
|
|t:|1729873070
|move|p2a: Ronnie|Curse|p2a: Ronnie
|-unboost|p2a: Ronnie|spe|1
|-boost|p2a: Ronnie|atk|1
|-boost|p2a: Ronnie|def|1
|move|p1a: Skarmory|Roar|p2a: Ronnie
|drag|p2a: Canti|Jirachi|100/100
|-damage|p2a: Canti|88/100|[from] Spikes
|
|-weather|Sandstorm|[upkeep]
|-heal|p2a: Canti|94/100|[from] item: Leftovers
|-heal|p1a: Skarmory|77/100|[from] item: Leftovers
|upkeep
|turn|15
|
|t:|1729873075
|switch|p1a: Blissey|Blissey, F|100/100
|move|p2a: Canti|Toxic|p1a: Blissey|[miss]
|-miss|p2a: Canti|p1a: Blissey
|
|-weather|Sandstorm|[upkeep]
|-damage|p1a: Blissey|94/100|[from] Sandstorm
|-heal|p2a: Canti|100/100|[from] item: Leftovers
|-heal|p1a: Blissey|100/100|[from] item: Leftovers
|upkeep
|turn|16
|inactive|OOz!? has 240 seconds left.
|
|t:|1729873089
|move|p2a: Canti|Protect|p2a: Canti
|-singleturn|p2a: Canti|Protect
|move|p1a: Blissey|Seismic Toss|p2a: Canti
|-activate|p2a: Canti|Protect
|
|-weather|Sandstorm|[upkeep]
|-damage|p1a: Blissey|94/100|[from] Sandstorm
|-heal|p1a: Blissey|100/100|[from] item: Leftovers
|upkeep
|turn|17
|
|t:|1729873101
|move|p2a: Canti|Toxic|p1a: Blissey
|-status|p1a: Blissey|tox
|move|p1a: Blissey|Seismic Toss|p2a: Canti
|-damage|p2a: Canti|76/100
|
|-weather|Sandstorm|[upkeep]
|-damage|p1a: Blissey|94/100 tox|[from] Sandstorm
|-heal|p2a: Canti|82/100|[from] item: Leftovers
|-heal|p1a: Blissey|100/100 tox|[from] item: Leftovers
|-damage|p1a: Blissey|94/100 tox|[from] psn
|upkeep
|turn|18
|
|t:|1729873113
|-curestatus|p1a: Blissey|tox|[from] ability: Natural Cure
|switch|p1a: Skarmory|Skarmory, F|77/100
|move|p2a: Canti|Wish|p2a: Canti
|
|-weather|Sandstorm|[upkeep]
|-heal|p2a: Canti|88/100|[from] item: Leftovers
|-heal|p1a: Skarmory|83/100|[from] item: Leftovers
|upkeep
|turn|19
|
|t:|1729873117
|switch|p1a: Blissey|Blissey, F|94/100
|move|p2a: Canti|Fire Punch|p1a: Blissey
|-damage|p1a: Blissey|88/100
|
|-heal|p2a: Canti|100/100|[from] move: Wish|[wisher] Canti
|-weather|Sandstorm|[upkeep]
|-damage|p1a: Blissey|81/100|[from] Sandstorm
|-heal|p1a: Blissey|88/100|[from] item: Leftovers
|upkeep
|turn|20
|
|t:|1729873122
|switch|p1a: Skarmory|Skarmory, F|83/100
|move|p2a: Canti|Toxic|p1a: Skarmory|[miss]
|-miss|p2a: Canti|p1a: Skarmory
|
|-weather|Sandstorm|[upkeep]
|-heal|p1a: Skarmory|89/100|[from] item: Leftovers
|upkeep
|turn|21
|
|t:|1729873125
|switch|p1a: Blissey|Blissey, F|88/100
|move|p2a: Canti|Fire Punch|p1a: Blissey
|-damage|p1a: Blissey|80/100
|
|-weather|Sandstorm|[upkeep]
|-damage|p1a: Blissey|74/100|[from] Sandstorm
|-heal|p1a: Blissey|80/100|[from] item: Leftovers
|upkeep
|turn|22
|
|t:|1729873129
|move|p2a: Canti|Fire Punch|p1a: Blissey
|-damage|p1a: Blissey|73/100
|-status|p1a: Blissey|brn
|move|p1a: Blissey|Seismic Toss|p2a: Canti
|-damage|p2a: Canti|76/100
|
|-weather|Sandstorm|[upkeep]
|-damage|p1a: Blissey|67/100 brn|[from] Sandstorm
|-heal|p2a: Canti|82/100|[from] item: Leftovers
|-heal|p1a: Blissey|73/100 brn|[from] item: Leftovers
|-damage|p1a: Blissey|61/100 brn|[from] brn
|upkeep
|turn|23
|
|t:|1729873132
|-curestatus|p1a: Blissey|brn|[from] ability: Natural Cure
|switch|p1a: Skarmory|Skarmory, F|89/100
|move|p2a: Canti|Wish|p2a: Canti
|
|-weather|Sandstorm|[upkeep]
|-heal|p2a: Canti|88/100|[from] item: Leftovers
|-heal|p1a: Skarmory|95/100|[from] item: Leftovers
|upkeep
|turn|24
|
|t:|1729873135
|switch|p1a: Blissey|Blissey, F|61/100
|move|p2a: Canti|Fire Punch|p1a: Blissey
|-damage|p1a: Blissey|54/100
|
|-heal|p2a: Canti|100/100|[from] move: Wish|[wisher] Canti
|-weather|Sandstorm|[upkeep]
|-damage|p1a: Blissey|47/100|[from] Sandstorm
|-heal|p1a: Blissey|54/100|[from] item: Leftovers
|upkeep
|turn|25
|
|t:|1729873141
|switch|p2a: Ronnie|Snorlax, M|88/100
|-damage|p2a: Ronnie|76/100|[from] Spikes
|move|p1a: Blissey|Soft-Boiled|p1a: Blissey
|-heal|p1a: Blissey|100/100
|
|-weather|Sandstorm|[upkeep]
|-damage|p1a: Blissey|94/100|[from] Sandstorm
|-damage|p2a: Ronnie|69/100|[from] Sandstorm
|-heal|p1a: Blissey|100/100|[from] item: Leftovers
|-heal|p2a: Ronnie|76/100|[from] item: Leftovers
|upkeep
|turn|26
|inactive|TaviTavi has 270 seconds left.
|
|t:|1729873177
|move|p1a: Blissey|Seismic Toss|p2a: Ronnie
|-damage|p2a: Ronnie|55/100
|move|p2a: Ronnie|Curse|p2a: Ronnie
|-unboost|p2a: Ronnie|spe|1
|-boost|p2a: Ronnie|atk|1
|-boost|p2a: Ronnie|def|1
|
|-weather|Sandstorm|[upkeep]
|-damage|p1a: Blissey|94/100|[from] Sandstorm
|-damage|p2a: Ronnie|49/100|[from] Sandstorm
|-heal|p1a: Blissey|100/100|[from] item: Leftovers
|-heal|p2a: Ronnie|55/100|[from] item: Leftovers
|upkeep
|turn|27
|
|t:|1729873181
|switch|p1a: Skarmory|Skarmory, F|95/100
|move|p2a: Ronnie|Return|p1a: Skarmory
|-resisted|p1a: Skarmory
|-damage|p1a: Skarmory|65/100
|
|-weather|Sandstorm|[upkeep]
|-damage|p2a: Ronnie|49/100|[from] Sandstorm
|-heal|p1a: Skarmory|71/100|[from] item: Leftovers
|-heal|p2a: Ronnie|55/100|[from] item: Leftovers
|upkeep
|turn|28
|
|t:|1729873186
|-singleturn|p2a: Ronnie|move: Focus Punch
|move|p2a: Ronnie|Focus Punch|p1a: Skarmory
|-damage|p1a: Skarmory|17/100
|move|p1a: Skarmory|Roar|p2a: Ronnie
|drag|p2a: Ramiel|Claydol|82/100
|
|-weather|Sandstorm|[upkeep]
|-heal|p2a: Ramiel|88/100|[from] item: Leftovers
|-heal|p1a: Skarmory|23/100|[from] item: Leftovers
|upkeep
|turn|29
|inactive|TaviTavi has 270 seconds left.
|
|t:|1729873216
|move|p2a: Ramiel|Rapid Spin|p1a: Skarmory
|-resisted|p1a: Skarmory
|-damage|p1a: Skarmory|21/100
|-sideend|p2: OOz!?|Spikes|[from] move: Rapid Spin|[of] p2a: Ramiel
|move|p1a: Skarmory|Spikes|p2a: Ramiel
|-sidestart|p2: OOz!?|Spikes
|
|-weather|Sandstorm|[upkeep]
|-heal|p2a: Ramiel|94/100|[from] item: Leftovers
|-heal|p1a: Skarmory|27/100|[from] item: Leftovers
|upkeep
|turn|30
|
|t:|1729873227
|switch|p2a: Canti|Jirachi|100/100
|-damage|p2a: Canti|88/100|[from] Spikes
|move|p1a: Skarmory|Toxic|p2a: Canti|[miss]
|-miss|p1a: Skarmory|p2a: Canti
|
|-weather|Sandstorm|[upkeep]
|-heal|p2a: Canti|94/100|[from] item: Leftovers
|-heal|p1a: Skarmory|33/100|[from] item: Leftovers
|upkeep
|turn|31
|
|t:|1729873232
|switch|p1a: Blissey|Blissey, F|100/100
|move|p2a: Canti|Toxic|p1a: Blissey
|-status|p1a: Blissey|tox
|
|-weather|Sandstorm|[upkeep]
|-damage|p1a: Blissey|94/100 tox|[from] Sandstorm
|-heal|p2a: Canti|100/100|[from] item: Leftovers
|-heal|p1a: Blissey|100/100 tox|[from] item: Leftovers
|-damage|p1a: Blissey|94/100 tox|[from] psn
|upkeep
|turn|32
|
|t:|1729873240
|switch|p2a: Ronnie|Snorlax, M|55/100
|-damage|p2a: Ronnie|43/100|[from] Spikes
|move|p1a: Blissey|Seismic Toss|p2a: Ronnie
|-damage|p2a: Ronnie|22/100
|
|-weather|Sandstorm|[upkeep]
|-damage|p1a: Blissey|88/100 tox|[from] Sandstorm
|-damage|p2a: Ronnie|16/100|[from] Sandstorm
|-heal|p1a: Blissey|94/100 tox|[from] item: Leftovers
|-damage|p1a: Blissey|82/100 tox|[from] psn
|-heal|p2a: Ronnie|22/100|[from] item: Leftovers
|upkeep
|turn|33
|inactive|TaviTavi has 270 seconds left.
|
|t:|1729873276
|-curestatus|p1a: Blissey|tox|[from] ability: Natural Cure
|switch|p1a: Charizard|Charizard, F|42/100
|move|p2a: Ronnie|Self-Destruct|p1a: Charizard
|-damage|p1a: Charizard|0 fnt
|faint|p2a: Ronnie
|faint|p1a: Charizard
|
|t:|1729873283
|switch|p1a: Skarmory|Skarmory, F|33/100
|switch|p2a: Ramiel|Claydol|94/100
|
|-weather|Sandstorm|[upkeep]
|-heal|p2a: Ramiel|100/100|[from] item: Leftovers
|-heal|p1a: Skarmory|39/100|[from] item: Leftovers
|upkeep
|turn|34
|
|t:|1729873288
|move|p2a: Ramiel|Explosion|p1a: Skarmory
|-resisted|p1a: Skarmory
|-damage|p1a: Skarmory|0 fnt
|faint|p2a: Ramiel
|faint|p1a: Skarmory
|inactive|TaviTavi has 270 seconds left.
|
|t:|1729873298
|switch|p2a: Menced Meat|Salamence, F|100/100
|switch|p1a: Tyranitar|Tyranitar, F|100/100
|-ability|p2a: Menced Meat|Intimidate|boost
|-unboost|p1a: Tyranitar|atk|1
|
|-weather|Sandstorm|[upkeep]
|-damage|p2a: Menced Meat|94/100|[from] Sandstorm
|-heal|p2a: Menced Meat|100/100|[from] item: Leftovers
|upkeep
|turn|35
|inactive|TaviTavi has 270 seconds left.
|
|t:|1729873312
|move|p2a: Menced Meat|Brick Break|p1a: Tyranitar
|-supereffective|p1a: Tyranitar
|-damage|p1a: Tyranitar|17/100
|move|p1a: Tyranitar|Crunch|p2a: Menced Meat
|-damage|p2a: Menced Meat|48/100
|
|-weather|Sandstorm|[upkeep]
|-damage|p2a: Menced Meat|42/100|[from] Sandstorm
|-heal|p2a: Menced Meat|48/100|[from] item: Leftovers
|-heal|p1a: Tyranitar|23/100|[from] item: Leftovers
|upkeep
|turn|36
|
|t:|1729873323
|switch|p1a: Flygon|Flygon, F|100/100
|move|p2a: Menced Meat|Brick Break|p1a: Flygon
|-damage|p1a: Flygon|77/100
|
|-weather|Sandstorm|[upkeep]
|-damage|p2a: Menced Meat|42/100|[from] Sandstorm
|-heal|p2a: Menced Meat|48/100|[from] item: Leftovers
|-heal|p1a: Flygon|83/100|[from] item: Leftovers
|upkeep
|turn|37
|
|t:|1729873336
|switch|p2a: Yamabiko|Suicune|94/100 tox
|-damage|p2a: Yamabiko|82/100 tox|[from] Spikes
|switch|p1a: Blissey|Blissey, F|82/100
|
|-weather|Sandstorm|[upkeep]
|-damage|p2a: Yamabiko|76/100 tox|[from] Sandstorm
|-damage|p1a: Blissey|76/100|[from] Sandstorm
|-heal|p2a: Yamabiko|82/100 tox|[from] item: Leftovers
|-damage|p2a: Yamabiko|76/100 tox|[from] psn
|-heal|p1a: Blissey|82/100|[from] item: Leftovers
|upkeep
|turn|38
|
|t:|1729873342
|move|p2a: Yamabiko|Calm Mind|p2a: Yamabiko
|-boost|p2a: Yamabiko|spa|1
|-boost|p2a: Yamabiko|spd|1
|move|p1a: Blissey|Seismic Toss|p2a: Yamabiko
|-damage|p2a: Yamabiko|51/100 tox
|
|-weather|Sandstorm|[upkeep]
|-damage|p2a: Yamabiko|44/100 tox|[from] Sandstorm
|-damage|p1a: Blissey|76/100|[from] Sandstorm
|-heal|p2a: Yamabiko|51/100 tox|[from] item: Leftovers
|-damage|p2a: Yamabiko|38/100 tox|[from] psn
|-heal|p1a: Blissey|82/100|[from] item: Leftovers
|upkeep
|turn|39
|
|t:|1729873362
|move|p2a: Yamabiko|Rest|p2a: Yamabiko
|-status|p2a: Yamabiko|slp|[from] move: Rest
|-heal|p2a: Yamabiko|100/100 slp|[silent]
|move|p1a: Blissey|Seismic Toss|p2a: Yamabiko
|-damage|p2a: Yamabiko|76/100 slp
|
|-weather|Sandstorm|[upkeep]
|-damage|p2a: Yamabiko|69/100 slp|[from] Sandstorm
|-damage|p1a: Blissey|76/100|[from] Sandstorm
|-heal|p2a: Yamabiko|76/100 slp|[from] item: Leftovers
|-heal|p1a: Blissey|82/100|[from] item: Leftovers
|upkeep
|turn|40
|
|t:|1729873369
|cant|p2a: Yamabiko|slp
|move|p2a: Yamabiko|Sleep Talk|p2a: Yamabiko
|move|p2a: Yamabiko|Rest|p2a: Yamabiko|[from]Sleep Talk
|move|p1a: Blissey|Ice Beam|p2a: Yamabiko
|-resisted|p2a: Yamabiko
|-damage|p2a: Yamabiko|71/100 slp
|
|-weather|Sandstorm|[upkeep]
|-damage|p2a: Yamabiko|64/100 slp|[from] Sandstorm
|-damage|p1a: Blissey|76/100|[from] Sandstorm
|-heal|p2a: Yamabiko|71/100 slp|[from] item: Leftovers
|-heal|p1a: Blissey|82/100|[from] item: Leftovers
|upkeep
|turn|41
|
|t:|1729873373
|cant|p2a: Yamabiko|slp
|move|p2a: Yamabiko|Sleep Talk|p2a: Yamabiko
|move|p2a: Yamabiko|Calm Mind|p2a: Yamabiko|[from]Sleep Talk
|-boost|p2a: Yamabiko|spa|1
|-boost|p2a: Yamabiko|spd|1
|move|p1a: Blissey|Ice Beam|p2a: Yamabiko
|-resisted|p2a: Yamabiko
|-damage|p2a: Yamabiko|66/100 slp
|
|-weather|Sandstorm|[upkeep]
|-damage|p2a: Yamabiko|60/100 slp|[from] Sandstorm
|-damage|p1a: Blissey|76/100|[from] Sandstorm
|-heal|p2a: Yamabiko|66/100 slp|[from] item: Leftovers
|-heal|p1a: Blissey|82/100|[from] item: Leftovers
|upkeep
|turn|42
|
|t:|1729873379
|-curestatus|p2a: Yamabiko|slp|[msg]
|move|p2a: Yamabiko|Rest|p2a: Yamabiko
|-status|p2a: Yamabiko|slp|[from] move: Rest
|-heal|p2a: Yamabiko|100/100 slp|[silent]
|move|p1a: Blissey|Ice Beam|p2a: Yamabiko
|-resisted|p2a: Yamabiko
|-damage|p2a: Yamabiko|96/100 slp
|
|-weather|Sandstorm|[upkeep]
|-damage|p2a: Yamabiko|90/100 slp|[from] Sandstorm
|-damage|p1a: Blissey|76/100|[from] Sandstorm
|-heal|p2a: Yamabiko|96/100 slp|[from] item: Leftovers
|-heal|p1a: Blissey|82/100|[from] item: Leftovers
|upkeep
|turn|43
|
|t:|1729873386
|cant|p2a: Yamabiko|slp
|move|p2a: Yamabiko|Sleep Talk|p2a: Yamabiko
|move|p2a: Yamabiko|Rest|p2a: Yamabiko|[from]Sleep Talk
|move|p1a: Blissey|Ice Beam|p2a: Yamabiko
|-resisted|p2a: Yamabiko
|-damage|p2a: Yamabiko|93/100 slp
|
|-weather|Sandstorm|[upkeep]
|-damage|p2a: Yamabiko|86/100 slp|[from] Sandstorm
|-damage|p1a: Blissey|76/100|[from] Sandstorm
|-heal|p2a: Yamabiko|93/100 slp|[from] item: Leftovers
|-heal|p1a: Blissey|82/100|[from] item: Leftovers
|upkeep
|turn|44
|
|t:|1729873391
|cant|p2a: Yamabiko|slp
|move|p2a: Yamabiko|Sleep Talk|p2a: Yamabiko
|move|p2a: Yamabiko|Surf|p1a: Blissey|[from]Sleep Talk
|-damage|p1a: Blissey|50/100
|move|p1a: Blissey|Ice Beam|p2a: Yamabiko
|-resisted|p2a: Yamabiko
|-damage|p2a: Yamabiko|88/100 slp
|
|-weather|Sandstorm|[upkeep]
|-damage|p2a: Yamabiko|82/100 slp|[from] Sandstorm
|-damage|p1a: Blissey|44/100|[from] Sandstorm
|-heal|p2a: Yamabiko|88/100 slp|[from] item: Leftovers
|-heal|p1a: Blissey|50/100|[from] item: Leftovers
|upkeep
|turn|45
|
|t:|1729873399
|-curestatus|p2a: Yamabiko|slp|[msg]
|move|p2a: Yamabiko|Rest|p2a: Yamabiko
|-status|p2a: Yamabiko|slp|[from] move: Rest
|-heal|p2a: Yamabiko|100/100 slp|[silent]
|move|p1a: Blissey|Seismic Toss|p2a: Yamabiko
|-damage|p2a: Yamabiko|76/100 slp
|
|-weather|Sandstorm|[upkeep]
|-damage|p2a: Yamabiko|69/100 slp|[from] Sandstorm
|-damage|p1a: Blissey|44/100|[from] Sandstorm
|-heal|p2a: Yamabiko|76/100 slp|[from] item: Leftovers
|-heal|p1a: Blissey|50/100|[from] item: Leftovers
|upkeep
|turn|46
|
|t:|1729873402
|cant|p2a: Yamabiko|slp
|move|p2a: Yamabiko|Sleep Talk|p2a: Yamabiko
|move|p2a: Yamabiko|Rest|p2a: Yamabiko|[from]Sleep Talk
|move|p1a: Blissey|Seismic Toss|p2a: Yamabiko
|-damage|p2a: Yamabiko|51/100 slp
|
|-weather|Sandstorm|[upkeep]
|-damage|p2a: Yamabiko|44/100 slp|[from] Sandstorm
|-damage|p1a: Blissey|44/100|[from] Sandstorm
|-heal|p2a: Yamabiko|51/100 slp|[from] item: Leftovers
|-heal|p1a: Blissey|50/100|[from] item: Leftovers
|upkeep
|turn|47
|
|t:|1729873412
|cant|p2a: Yamabiko|slp
|move|p2a: Yamabiko|Sleep Talk|p2a: Yamabiko
|move|p2a: Yamabiko|Rest|p2a: Yamabiko|[from]Sleep Talk
|move|p1a: Blissey|Seismic Toss|p2a: Yamabiko
|-damage|p2a: Yamabiko|26/100 slp
|
|-weather|Sandstorm|[upkeep]
|-damage|p2a: Yamabiko|19/100 slp|[from] Sandstorm
|-damage|p1a: Blissey|44/100|[from] Sandstorm
|-heal|p2a: Yamabiko|26/100 slp|[from] item: Leftovers
|-heal|p1a: Blissey|50/100|[from] item: Leftovers
|upkeep
|turn|48
|
|t:|1729873416
|-curestatus|p2a: Yamabiko|slp|[msg]
|move|p2a: Yamabiko|Rest|p2a: Yamabiko
|-status|p2a: Yamabiko|slp|[from] move: Rest
|-heal|p2a: Yamabiko|100/100 slp|[silent]
|move|p1a: Blissey|Seismic Toss|p2a: Yamabiko
|-damage|p2a: Yamabiko|76/100 slp
|
|-weather|Sandstorm|[upkeep]
|-damage|p2a: Yamabiko|69/100 slp|[from] Sandstorm
|-damage|p1a: Blissey|44/100|[from] Sandstorm
|-heal|p2a: Yamabiko|76/100 slp|[from] item: Leftovers
|-heal|p1a: Blissey|50/100|[from] item: Leftovers
|upkeep
|turn|49
|
|t:|1729873418
|cant|p2a: Yamabiko|slp
|move|p2a: Yamabiko|Sleep Talk|p2a: Yamabiko
|move|p2a: Yamabiko|Rest|p2a: Yamabiko|[from]Sleep Talk
|move|p1a: Blissey|Seismic Toss|p2a: Yamabiko
|-damage|p2a: Yamabiko|51/100 slp
|
|-weather|Sandstorm|[upkeep]
|-damage|p2a: Yamabiko|44/100 slp|[from] Sandstorm
|-damage|p1a: Blissey|44/100|[from] Sandstorm
|-heal|p2a: Yamabiko|51/100 slp|[from] item: Leftovers
|-heal|p1a: Blissey|50/100|[from] item: Leftovers
|upkeep
|turn|50
|
|t:|1729873421
|switch|p1a: Flygon|Flygon, F|83/100
|cant|p2a: Yamabiko|slp
|move|p2a: Yamabiko|Sleep Talk|p2a: Yamabiko
|move|p2a: Yamabiko|Surf|p1a: Flygon|[from]Sleep Talk
|-damage|p1a: Flygon|0 fnt
|faint|p1a: Flygon
|
|t:|1729873423
|switch|p1a: Blissey|Blissey, F|50/100
|
|-weather|Sandstorm|[upkeep]
|-damage|p2a: Yamabiko|44/100 slp|[from] Sandstorm
|-damage|p1a: Blissey|44/100|[from] Sandstorm
|-heal|p2a: Yamabiko|51/100 slp|[from] item: Leftovers
|-heal|p1a: Blissey|50/100|[from] item: Leftovers
|upkeep
|turn|51
|
|t:|1729873426
|-curestatus|p2a: Yamabiko|slp|[msg]
|move|p2a: Yamabiko|Rest|p2a: Yamabiko
|-status|p2a: Yamabiko|slp|[from] move: Rest
|-heal|p2a: Yamabiko|100/100 slp|[silent]
|move|p1a: Blissey|Seismic Toss|p2a: Yamabiko
|-damage|p2a: Yamabiko|76/100 slp
|
|-weather|Sandstorm|[upkeep]
|-damage|p2a: Yamabiko|69/100 slp|[from] Sandstorm
|-damage|p1a: Blissey|44/100|[from] Sandstorm
|-heal|p2a: Yamabiko|76/100 slp|[from] item: Leftovers
|-heal|p1a: Blissey|50/100|[from] item: Leftovers
|upkeep
|turn|52
|c|☆TaviTavi|gg wp
|c|☆TaviTavi|gl in pools
|
|t:|1729873444
|cant|p2a: Yamabiko|slp
|move|p2a: Yamabiko|Sleep Talk|p2a: Yamabiko
|move|p2a: Yamabiko|Surf|p1a: Blissey|[from]Sleep Talk
|-damage|p1a: Blissey|14/100
|move|p1a: Blissey|Seismic Toss|p2a: Yamabiko
|-damage|p2a: Yamabiko|51/100 slp
|
|-weather|Sandstorm|[upkeep]
|-damage|p2a: Yamabiko|44/100 slp|[from] Sandstorm
|-damage|p1a: Blissey|8/100|[from] Sandstorm
|-heal|p2a: Yamabiko|51/100 slp|[from] item: Leftovers
|-heal|p1a: Blissey|14/100|[from] item: Leftovers
|upkeep
|turn|53
|
|t:|1729873448
|cant|p2a: Yamabiko|slp
|move|p2a: Yamabiko|Sleep Talk|p2a: Yamabiko
|move|p2a: Yamabiko|Calm Mind|p2a: Yamabiko|[from]Sleep Talk
|-boost|p2a: Yamabiko|spa|1
|-boost|p2a: Yamabiko|spd|1
|move|p1a: Blissey|Seismic Toss|p2a: Yamabiko
|-damage|p2a: Yamabiko|26/100 slp
|
|-weather|Sandstorm|[upkeep]
|-damage|p2a: Yamabiko|19/100 slp|[from] Sandstorm
|-damage|p1a: Blissey|8/100|[from] Sandstorm
|-heal|p2a: Yamabiko|26/100 slp|[from] item: Leftovers
|-heal|p1a: Blissey|14/100|[from] item: Leftovers
|upkeep
|turn|54
|
|t:|1729873453
|-curestatus|p2a: Yamabiko|slp|[msg]
|move|p2a: Yamabiko|Surf|p1a: Blissey
|-damage|p1a: Blissey|0 fnt
|faint|p1a: Blissey
|
|t:|1729873455
|switch|p1a: Tyranitar|Tyranitar, F|23/100
|
|-weather|Sandstorm|[upkeep]
|-damage|p2a: Yamabiko|19/100|[from] Sandstorm
|-heal|p2a: Yamabiko|26/100|[from] item: Leftovers
|-heal|p1a: Tyranitar|29/100|[from] item: Leftovers
|upkeep
|turn|55
|c|☆OOz!?|ggs
|c|☆OOz!?|and thanks
|
|t:|1729873464
|move|p2a: Yamabiko|Surf|p1a: Tyranitar
|-supereffective|p1a: Tyranitar
|-damage|p1a: Tyranitar|0 fnt
|faint|p1a: Tyranitar
|
|win|OOz!?

</script>
<script type="application/json" class="data" id="replaydata-smogtours-gen3ou-801830">
{"id":"smogtours-gen3ou-801830","format":"[Gen 3] OU","players":["TaviTavi","OOz!?"],"uploadtime":1729873464,"views":81,"formatid":"gen3ou","rating":null,"private":0,"password":null}
</script>

<script defer src="js/replays.js?9d40a366"></script>
