<!DOCTYPE html>
<meta charset="utf-8" />
<meta name="viewport" content="width=device-width" />

<title>[Gen 3] OU: Genoz vs. social inclusion - Replays - Pok&eacute;mon Showdown!</title>

<meta name="description" content="Watch a replay of a Pok&eacute;mon battle between Genoz and social inclusion! Format: [Gen 3] OU; Date: Oct 14, 2024" />
<!--

Hey, you! Looking in the source for the replay log?

You can find them in JSON format, just add `.json` at the end of a replay URL.

https://replay.pokemonshowdown.com/gen7randomdoublesbattle-865046831.json

Or, if you only need the log itself, add `.log` instead:

https://replay.pokemonshowdown.com/gen7randomdoublesbattle-865046831.log

-->

<link rel="stylesheet" href="//pokemonshowdown.com/style/global.css?0.023195364461161105" />
<link rel="stylesheet" href="//play.pokemonshowdown.com/style/font-awesome.css?0.13261647063804238" />
<link rel="stylesheet" href="//play.pokemonshowdown.com/style/battle.css?0.8753245789963631" />
<link rel="stylesheet" href="//play.pokemonshowdown.com/style/utilichart.css?0.8627959624976733" />

<!-- Global site tag (gtag.js) - Google Analytics -->
<script async src="https://www.googletagmanager.com/gtag/js?id=UA-26211653-1"></script>
<script>
  window.dataLayer = window.dataLayer || [];
  function gtag(){dataLayer.push(arguments);}
  gtag('js', new Date());

  gtag('config', 'UA-26211653-1');
</script>
<!-- End Google Analytics -->
<!-- Venatus Ad Manager - Install in <HEAD> of page -->
	<script src="https://hb.vntsm.com/v3/live/ad-manager.min.js" type="text/javascript" data-site-id="642aba63ec9a7b11c3c9c1be" data-mode="scan" async></script>
<!-- / Venatus Ad Manager -->

<style>
	@media (max-width:820px) {
		.battle {
			margin: 0 auto;
		}
		.battle-log {
			margin: 7px auto 0;
			max-width: 640px;
			height: 300px;
			position: static;
		}
	}
	.optgroup {
		display: inline-block;
		line-height: 22px;
		font-size: 10pt;
	}
	.optgroup .button {
		height: 25px;
		padding-top: 0;
		padding-bottom: 0;
	}
	.optgroup button.button {
		padding-left: 12px;
		padding-right: 12px;
	}
	.linklist {
		list-style: none;
		margin: 0.5em 0;
		padding: 0;
	}
	.linklist li {
		padding: 2px 0;
	}
	.sidebar {
		float: left;
		width: 320px;
	}
	.bar-wrapper {
		max-width: 1100px;
		margin: 0 auto;
	}
	.bar-wrapper.has-sidebar {
		max-width: 1430px;
	}
	.mainbar {
		margin: 0;
		padding-right: 1px;
	}
	.mainbar.has-sidebar {
		margin-left: 330px;
	}
	@media (min-width: 1511px) {
		.sidebar {
			width: 400px;
		}
		.bar-wrapper.has-sidebar {
			max-width: 1510px;
		}
		.mainbar.has-sidebar {
			margin-left: 410px;
		}
	}
	.section.first-section {
		margin-top: 9px;
	}
	.blocklink small {
		white-space: normal;
	}
	.button {
		vertical-align: middle;
	}
	.replay-controls {
		padding-top: 10px;
	}
	.replay-controls h1 {
		font-size: 16pt;
		font-weight: normal;
		color: #CCC;
	}
	.pagelink {
		text-align: center;
	}
	.pagelink a {
		width: 150px;
	}
	.textbox, .button {
		font-size: 11pt;
		vertical-align: middle;
	}
	@media (max-width: 450px) {
		.button {
			font-size: 9pt;
		}
	}
</style>

<div>

	<header>
		<div class="nav-wrapper"><ul class="nav">
			<li><a class="button nav-first" href="//pokemonshowdown.com/"><img src="//pokemonshowdown.com/images/pokemonshowdownbeta.png" srcset="//pokemonshowdown.com/images/pokemonshowdownbeta.png 1x, //pokemonshowdown.com/images/pokemonshowdownbeta@2x.png 2x" alt="Pok&eacute;mon Showdown" width="146" height="44" /> Home</a></li>
			<li><a class="button" href="//pokemonshowdown.com/dex/">Pok&eacute;dex</a></li>
			<li><a class="button cur" href="/">Replays</a></li>
			<li><a class="button" href="//pokemonshowdown.com/ladder/">Ladder</a></li>
			<li><a class="button nav-last" href="//pokemonshowdown.com/forums/">Forum</a></li>
			<li><a class="button greenbutton nav-first nav-last" href="//play.pokemonshowdown.com/">Play</a></li>
		</ul></div>
	</header>

	<div class="main" id="main">

		<noscript><section class="section">You need to enable JavaScript to use this page; sorry!</section></noscript>

	</div>

</div>

<script defer nomodule src="//play.pokemonshowdown.com/js/lib/ps-polyfill.js"></script>
<script defer src="//play.pokemonshowdown.com/js/lib/preact.min.js"></script>

<script defer src="//play.pokemonshowdown.com/config/config.js?2bddbc15"></script>
<script defer src="//play.pokemonshowdown.com/js/lib/jquery-1.11.0.min.js"></script>
<script defer src="//play.pokemonshowdown.com/js/lib/html-sanitizer-minified.js"></script>
<script defer src="//play.pokemonshowdown.com/js/battle-sound.js"></script>
<script defer src="//play.pokemonshowdown.com/js/battledata.js?0.7209276989879541"></script>
<script defer src="//play.pokemonshowdown.com/data/pokedex-mini.js?0.6111056340867951"></script>
<script defer src="//play.pokemonshowdown.com/data/pokedex-mini-bw.js?0.3532142036491459"></script>
<script defer src="//play.pokemonshowdown.com/data/graphics.js?0.24223875632456182"></script>
<script defer src="//play.pokemonshowdown.com/data/pokedex.js?0.38839984266356864"></script>
<script defer src="//play.pokemonshowdown.com/data/moves.js?0.21866028504024015"></script>
<script defer src="//play.pokemonshowdown.com/data/abilities.js?0.2005157953846628"></script>
<script defer src="//play.pokemonshowdown.com/data/items.js?0.9894211263848525"></script>
<script defer src="//play.pokemonshowdown.com/data/teambuilder-tables.js?0.6008791140282215"></script>
<script defer src="//play.pokemonshowdown.com/js/battle-tooltips.js?0.7580118955022959"></script>
<script defer src="//play.pokemonshowdown.com/js/battle.js?0.6057722274234274"></script>

<script defer src="js/utils.js?e31f9a17"></script>
<script defer src="js/replays-battle.js?7008c182"></script>

<!-- don't scrape this data! just add .json or .log after the URL!
Full API docs: https://github.com/smogon/pokemon-showdown-client/blob/master/WEB-API.md -->
<script type="text/plain" class="log" id="replaylog-smogtours-gen3ou-798709">
|inactive|Battle timer is ON: inactive players will automatically lose when time's up.
|t:|1728933187
|gametype|singles
|player|p1|Genoz|jogger|
|player|p2|social inclusion|170|
|teamsize|p1|6
|teamsize|p2|6
|gen|3
|tier|[Gen 3] OU
|rule|Sleep Clause Mod: Limit one foe put to sleep
|rule|Switch Priority Clause Mod: Faster Pokémon switch first
|rule|Species Clause: Limit one of each Pokémon
|rule|OHKO Clause: OHKO moves are banned
|rule|Evasion Items Clause: Evasion items are banned
|rule|Evasion Moves Clause: Evasion moves are banned
|rule|Endless Battle Clause: Forcing endless battles is banned
|rule|HP Percentage Mod: HP is shown in percentages
|rule|One Boost Passer Clause: Limit one Baton Passer that has a way to boost its stats
|rule|Freeze Clause Mod: Limit one foe frozen
|
|t:|1728933187
|start
|switch|p1a: Metagross|Metagross|100/100
|switch|p2a: Tyranitar|Tyranitar, F|100/100
|-weather|Sandstorm|[from] ability: Sand Stream|[of] p2a: Tyranitar
|turn|1
|c|☆social inclusion|hf
|c|☆Genoz|u2
|
|t:|1728933204
|switch|p2a: Forretress|Forretress, F|100/100
|move|p1a: Metagross|Meteor Mash|p2a: Forretress
|-resisted|p2a: Forretress
|-damage|p2a: Forretress|73/100
|-boost|p1a: Metagross|atk|1
|
|-weather|Sandstorm|[upkeep]
|-heal|p2a: Forretress|79/100|[from] item: Leftovers
|upkeep
|turn|2
|c|☆social inclusion|uff
|c|☆social inclusion|thats a rough start
|inactive|social inclusion has 270 seconds left.
|
|t:|1728933239
|switch|p1a: Magneton|Magneton|100/100
|move|p2a: Forretress|Spikes|p1a: Magneton
|-sidestart|p1: Genoz|Spikes
|
|-weather|Sandstorm|[upkeep]
|-heal|p2a: Forretress|86/100|[from] item: Leftovers
|upkeep
|turn|3
|
|t:|1728933245
|move|p1a: Magneton|Hidden Power|p2a: Forretress
|-supereffective|p2a: Forretress
|-damage|p2a: Forretress|0 fnt
|faint|p2a: Forretress
|inactive|social inclusion has 270 seconds left.
|
|t:|1728933280
|switch|p2a: Blissey|Blissey, F|100/100
|
|-weather|Sandstorm|[upkeep]
|-damage|p2a: Blissey|94/100|[from] Sandstorm
|-heal|p2a: Blissey|100/100|[from] item: Leftovers
|upkeep
|turn|4
|
|t:|1728933301
|switch|p1a: Metagross|Metagross|100/100
|-damage|p1a: Metagross|88/100|[from] Spikes
|move|p2a: Blissey|Wish|p2a: Blissey
|
|-weather|Sandstorm|[upkeep]
|-damage|p2a: Blissey|94/100|[from] Sandstorm
|-heal|p2a: Blissey|100/100|[from] item: Leftovers
|upkeep
|turn|5
|
|t:|1728933310
|switch|p2a: Swampert|Swampert, F|100/100
|move|p1a: Metagross|Meteor Mash|p2a: Swampert
|-resisted|p2a: Swampert
|-damage|p2a: Swampert|73/100
|
|-heal|p2a: Swampert|100/100|[from] move: Wish|[wisher] Blissey
|-weather|Sandstorm|[upkeep]
|upkeep
|turn|6
|
|t:|1728933319
|switch|p1a: Gyarados|Gyarados, M|100/100
|-ability|p1a: Gyarados|Intimidate|boost
|-unboost|p2a: Swampert|atk|1
|move|p2a: Swampert|Hydro Pump|p1a: Gyarados
|-resisted|p1a: Gyarados
|-damage|p1a: Gyarados|83/100
|
|-weather|Sandstorm|[upkeep]
|-damage|p1a: Gyarados|77/100|[from] Sandstorm
|-heal|p1a: Gyarados|83/100|[from] item: Leftovers
|upkeep
|turn|7
|
|t:|1728933330
|switch|p2a: Gengar|Gengar, F|100/100
|move|p1a: Gyarados|Hidden Power|p2a: Gengar
|-damage|p2a: Gengar|47/100
|
|-weather|Sandstorm|[upkeep]
|-damage|p2a: Gengar|41/100|[from] Sandstorm
|-damage|p1a: Gyarados|77/100|[from] Sandstorm
|-heal|p2a: Gengar|47/100|[from] item: Leftovers
|-heal|p1a: Gyarados|83/100|[from] item: Leftovers
|upkeep
|turn|8
|
|t:|1728933341
|switch|p1a: Magneton|Magneton|100/100
|-damage|p1a: Magneton|88/100|[from] Spikes
|move|p2a: Gengar|Will-O-Wisp|p1a: Magneton|[miss]
|-miss|p2a: Gengar|p1a: Magneton
|
|-weather|Sandstorm|[upkeep]
|-damage|p2a: Gengar|41/100|[from] Sandstorm
|-heal|p2a: Gengar|47/100|[from] item: Leftovers
|upkeep
|turn|9
|
|t:|1728933346
|switch|p2a: Blissey|Blissey, F|100/100
|move|p1a: Magneton|Thunder Wave|p2a: Blissey
|-status|p2a: Blissey|par
|
|-weather|Sandstorm|[upkeep]
|-damage|p2a: Blissey|94/100 par|[from] Sandstorm
|-heal|p2a: Blissey|100/100 par|[from] item: Leftovers
|upkeep
|turn|10
|
|t:|1728933359
|switch|p1a: Metagross|Metagross|88/100
|-damage|p1a: Metagross|76/100|[from] Spikes
|-curestatus|p2a: Blissey|par|[from] ability: Natural Cure
|switch|p2a: Swampert|Swampert, F|100/100
|
|-weather|Sandstorm|[upkeep]
|upkeep
|turn|11
|
|t:|1728933366
|switch|p2a: Gengar|Gengar, F|47/100
|move|p1a: Metagross|Explosion|p2a: Gengar
|-immune|p2a: Gengar
|faint|p1a: Metagross
|c|☆Genoz|dang nice
|inactive|Genoz has 270 seconds left.
|
|t:|1728933398
|switch|p1a: Heracross|Heracross, F|100/100
|-damage|p1a: Heracross|88/100|[from] Spikes
|
|-weather|Sandstorm|[upkeep]
|-damage|p2a: Gengar|41/100|[from] Sandstorm
|-damage|p1a: Heracross|82/100|[from] Sandstorm
|-heal|p2a: Gengar|47/100|[from] item: Leftovers
|upkeep
|turn|12
|
|t:|1728933422
|move|p2a: Gengar|Will-O-Wisp|p1a: Heracross
|-status|p1a: Heracross|brn
|move|p1a: Heracross|Rock Slide|p2a: Gengar
|-damage|p2a: Gengar|27/100
|
|-weather|Sandstorm|[upkeep]
|-damage|p2a: Gengar|21/100|[from] Sandstorm
|-damage|p1a: Heracross|76/100 brn|[from] Sandstorm
|-heal|p2a: Gengar|27/100|[from] item: Leftovers
|-damage|p1a: Heracross|64/100 brn|[from] brn
|upkeep
|turn|13
|inactive|Genoz has 270 seconds left.
|inactive|social inclusion has 270 seconds left.
|
|t:|1728933458
|switch|p2a: Swampert|Swampert, F|100/100
|move|p1a: Heracross|Rock Slide|p2a: Swampert
|-resisted|p2a: Swampert
|-crit|p2a: Swampert
|-damage|p2a: Swampert|92/100
|
|-weather|Sandstorm|[upkeep]
|-damage|p1a: Heracross|58/100 brn|[from] Sandstorm
|-damage|p1a: Heracross|45/100 brn|[from] brn
|-heal|p2a: Swampert|98/100|[from] item: Leftovers
|upkeep
|turn|14
|
|t:|1728933464
|switch|p1a: Gyarados|Gyarados, M|83/100
|-ability|p1a: Gyarados|Intimidate|boost
|-unboost|p2a: Swampert|atk|1
|move|p2a: Swampert|Hydro Pump|p1a: Gyarados
|-resisted|p1a: Gyarados
|-damage|p1a: Gyarados|64/100
|
|-weather|Sandstorm|[upkeep]
|-damage|p1a: Gyarados|58/100|[from] Sandstorm
|-heal|p1a: Gyarados|64/100|[from] item: Leftovers
|-heal|p2a: Swampert|100/100|[from] item: Leftovers
|upkeep
|turn|15
|inactive|Genoz has 270 seconds left.
|
|t:|1728933480
|switch|p2a: Tyranitar|Tyranitar, F|100/100
|move|p1a: Gyarados|Thunder Wave|p2a: Tyranitar
|-status|p2a: Tyranitar|par
|
|-weather|Sandstorm|[upkeep]
|-damage|p1a: Gyarados|58/100|[from] Sandstorm
|-heal|p1a: Gyarados|64/100|[from] item: Leftovers
|upkeep
|turn|16
|
|t:|1728933488
|switch|p1a: Heracross|Heracross, F|45/100 brn
|-damage|p1a: Heracross|33/100 brn|[from] Spikes
|move|p2a: Tyranitar|Crunch|p1a: Heracross
|-resisted|p1a: Heracross
|-damage|p1a: Heracross|10/100 brn
|
|-weather|Sandstorm|[upkeep]
|-damage|p1a: Heracross|4/100 brn|[from] Sandstorm
|-enditem|p1a: Heracross|Salac Berry|[eat]
|-boost|p1a: Heracross|spe|1|[from] item: Salac Berry
|-damage|p1a: Heracross|0 fnt|[from] brn
|faint|p1a: Heracross
|upkeep
|inactive|Genoz has 270 seconds left.
|
|t:|1728933513
|switch|p1a: Snorlax|Snorlax, M|100/100
|-damage|p1a: Snorlax|88/100|[from] Spikes
|turn|17
|
|t:|1728933523
|switch|p2a: Jumpluff|Jumpluff, M|100/100
|move|p1a: Snorlax|Curse|p1a: Snorlax
|-unboost|p1a: Snorlax|spe|1
|-boost|p1a: Snorlax|atk|1
|-boost|p1a: Snorlax|def|1
|
|-weather|Sandstorm|[upkeep]
|-damage|p2a: Jumpluff|94/100|[from] Sandstorm
|-damage|p1a: Snorlax|82/100|[from] Sandstorm
|-heal|p2a: Jumpluff|100/100|[from] item: Leftovers
|-heal|p1a: Snorlax|88/100|[from] item: Leftovers
|upkeep
|turn|18
|inactive|Genoz has 270 seconds left.
|
|t:|1728933531
|move|p2a: Jumpluff|Encore|p1a: Snorlax
|-start|p1a: Snorlax|Encore
|move|p1a: Snorlax|Curse|p1a: Snorlax
|-unboost|p1a: Snorlax|spe|1
|-boost|p1a: Snorlax|atk|1
|-boost|p1a: Snorlax|def|1
|
|-weather|Sandstorm|[upkeep]
|-damage|p2a: Jumpluff|94/100|[from] Sandstorm
|-damage|p1a: Snorlax|82/100|[from] Sandstorm
|-heal|p2a: Jumpluff|100/100|[from] item: Leftovers
|-heal|p1a: Snorlax|88/100|[from] item: Leftovers
|upkeep
|turn|19
|inactive|Genoz has 270 seconds left.
|
|t:|1728933545
|switch|p1a: Gyarados|Gyarados, M|64/100
|-ability|p1a: Gyarados|Intimidate|boost
|-unboost|p2a: Jumpluff|atk|1
|move|p2a: Jumpluff|Leech Seed|p1a: Gyarados
|-start|p1a: Gyarados|move: Leech Seed
|
|-weather|Sandstorm|[upkeep]
|-damage|p2a: Jumpluff|94/100|[from] Sandstorm
|-damage|p1a: Gyarados|58/100|[from] Sandstorm
|-heal|p2a: Jumpluff|100/100|[from] item: Leftovers
|-heal|p1a: Gyarados|64/100|[from] item: Leftovers
|-damage|p1a: Gyarados|52/100|[from] Leech Seed|[of] p2a: Jumpluff
|upkeep
|turn|20
|inactive|Genoz has 270 seconds left.
|
|t:|1728933557
|move|p2a: Jumpluff|Substitute|p2a: Jumpluff
|-start|p2a: Jumpluff|Substitute
|-damage|p2a: Jumpluff|76/100
|move|p1a: Gyarados|Hidden Power|p2a: Jumpluff
|-supereffective|p2a: Jumpluff
|-end|p2a: Jumpluff|Substitute
|
|-weather|Sandstorm|[upkeep]
|-damage|p2a: Jumpluff|70/100|[from] Sandstorm
|-damage|p1a: Gyarados|45/100|[from] Sandstorm
|-heal|p2a: Jumpluff|76/100|[from] item: Leftovers
|-heal|p1a: Gyarados|52/100|[from] item: Leftovers
|-damage|p1a: Gyarados|39/100|[from] Leech Seed|[of] p2a: Jumpluff
|-heal|p2a: Jumpluff|91/100|[silent]
|upkeep
|turn|21
|
|t:|1728933565
|switch|p1a: Magneton|Magneton|88/100
|-damage|p1a: Magneton|76/100|[from] Spikes
|move|p2a: Jumpluff|Substitute|p2a: Jumpluff
|-start|p2a: Jumpluff|Substitute
|-damage|p2a: Jumpluff|66/100
|
|-weather|Sandstorm|[upkeep]
|-damage|p2a: Jumpluff|60/100|[from] Sandstorm
|-heal|p2a: Jumpluff|66/100|[from] item: Leftovers
|upkeep
|turn|22
|
|t:|1728933573
|move|p2a: Jumpluff|Sleep Powder|p1a: Magneton
|-status|p1a: Magneton|slp|[from] move: Sleep Powder
|cant|p1a: Magneton|slp
|
|-weather|Sandstorm|[upkeep]
|-damage|p2a: Jumpluff|60/100|[from] Sandstorm
|-heal|p2a: Jumpluff|66/100|[from] item: Leftovers
|upkeep
|turn|23
|c|☆Genoz|true cancer
|c|☆Genoz|love it
|inactive|Genoz has 270 seconds left.
|c|☆social inclusion|it is very annoying if it hits
|
|t:|1728933597
|switch|p1a: Salamence|Salamence, F|100/100
|move|p2a: Jumpluff|Leech Seed|p1a: Salamence
|-start|p1a: Salamence|move: Leech Seed
|
|-weather|Sandstorm|[upkeep]
|-damage|p2a: Jumpluff|60/100|[from] Sandstorm
|-damage|p1a: Salamence|94/100|[from] Sandstorm
|-heal|p2a: Jumpluff|66/100|[from] item: Leftovers
|-heal|p1a: Salamence|100/100|[from] item: Leftovers
|-damage|p1a: Salamence|88/100|[from] Leech Seed|[of] p2a: Jumpluff
|-heal|p2a: Jumpluff|81/100|[silent]
|upkeep
|turn|24
|
|t:|1728933608
|switch|p2a: Swampert|Swampert, F|100/100
|move|p1a: Salamence|Hidden Power|p2a: Swampert
|-damage|p2a: Swampert|73/100
|
|-weather|Sandstorm|[upkeep]
|-damage|p1a: Salamence|82/100|[from] Sandstorm
|-heal|p1a: Salamence|88/100|[from] item: Leftovers
|-damage|p1a: Salamence|76/100|[from] Leech Seed|[of] p2a: Swampert
|-heal|p2a: Swampert|84/100|[silent]
|-heal|p2a: Swampert|90/100|[from] item: Leftovers
|upkeep
|turn|25
|
|t:|1728933617
|switch|p1a: Snorlax|Snorlax, M|88/100
|-damage|p1a: Snorlax|76/100|[from] Spikes
|move|p2a: Swampert|Ice Beam|p1a: Snorlax
|-damage|p1a: Snorlax|65/100
|
|-weather|Sandstorm|[upkeep]
|-damage|p1a: Snorlax|59/100|[from] Sandstorm
|-heal|p2a: Swampert|97/100|[from] item: Leftovers
|-heal|p1a: Snorlax|65/100|[from] item: Leftovers
|upkeep
|turn|26
|
|t:|1728933623
|switch|p2a: Gengar|Gengar, F|27/100
|move|p1a: Snorlax|Return|p2a: Gengar
|-immune|p2a: Gengar
|
|-weather|Sandstorm|[upkeep]
|-damage|p2a: Gengar|21/100|[from] Sandstorm
|-damage|p1a: Snorlax|59/100|[from] Sandstorm
|-heal|p2a: Gengar|27/100|[from] item: Leftovers
|-heal|p1a: Snorlax|65/100|[from] item: Leftovers
|upkeep
|turn|27
|
|t:|1728933630
|move|p2a: Gengar|Destiny Bond|p2a: Gengar
|-singlemove|p2a: Gengar|Destiny Bond
|move|p1a: Snorlax|Shadow Ball|p2a: Gengar
|-supereffective|p2a: Gengar
|-damage|p2a: Gengar|0 fnt
|faint|p2a: Gengar
|-activate|p2a: Gengar|move: Destiny Bond
|faint|p1a: Snorlax
|
|t:|1728933646
|switch|p2a: Blissey|Blissey, F|100/100
|switch|p1a: Salamence|Salamence, F|76/100
|-ability|p1a: Salamence|Intimidate|boost
|-unboost|p2a: Blissey|atk|1
|
|-weather|Sandstorm|[upkeep]
|-damage|p1a: Salamence|70/100|[from] Sandstorm
|-damage|p2a: Blissey|94/100|[from] Sandstorm
|-heal|p1a: Salamence|76/100|[from] item: Leftovers
|-heal|p2a: Blissey|100/100|[from] item: Leftovers
|upkeep
|turn|28
|
|t:|1728933654
|move|p1a: Salamence|Dragon Dance|p1a: Salamence
|-boost|p1a: Salamence|atk|1
|-boost|p1a: Salamence|spe|1
|move|p2a: Blissey|Ice Beam|p1a: Salamence
|-supereffective|p1a: Salamence
|-damage|p1a: Salamence|0 fnt
|faint|p1a: Salamence
|-message|Genoz forfeited.
|
|win|social inclusion
|c|☆Genoz|ok gg
|c|☆social inclusion|ggs mate

</script>
<script type="application/json" class="data" id="replaydata-smogtours-gen3ou-798709">
{"id":"smogtours-gen3ou-798709","format":"[Gen 3] OU","players":["Genoz","social inclusion"],"uploadtime":1728933662,"views":115,"formatid":"gen3ou","rating":null,"private":0,"password":null}
</script>

<script defer src="js/replays.js?9d40a366"></script>
