<!DOCTYPE html>
<meta charset="utf-8" />
<meta name="viewport" content="width=device-width" />

<title>[Gen 3] OU: antantantantant vs. Seradess - Replays - Pok&eacute;mon Showdown!</title>

<meta name="description" content="Watch a replay of a Pok&eacute;mon battle between antantantantant and Seradess! Format: [Gen 3] OU; Date: Oct 30, 2024" />
<!--

Hey, you! Looking in the source for the replay log?

You can find them in JSON format, just add `.json` at the end of a replay URL.

https://replay.pokemonshowdown.com/gen7randomdoublesbattle-865046831.json

Or, if you only need the log itself, add `.log` instead:

https://replay.pokemonshowdown.com/gen7randomdoublesbattle-865046831.log

-->

<link rel="stylesheet" href="//pokemonshowdown.com/style/global.css?0.023195364461161105" />
<link rel="stylesheet" href="//play.pokemonshowdown.com/style/font-awesome.css?0.13261647063804238" />
<link rel="stylesheet" href="//play.pokemonshowdown.com/style/battle.css?0.8753245789963631" />
<link rel="stylesheet" href="//play.pokemonshowdown.com/style/utilichart.css?0.8627959624976733" />

<!-- Global site tag (gtag.js) - Google Analytics -->
<script async src="https://www.googletagmanager.com/gtag/js?id=UA-26211653-1"></script>
<script>
  window.dataLayer = window.dataLayer || [];
  function gtag(){dataLayer.push(arguments);}
  gtag('js', new Date());

  gtag('config', 'UA-26211653-1');
</script>
<!-- End Google Analytics -->
<!-- Venatus Ad Manager - Install in <HEAD> of page -->
	<script src="https://hb.vntsm.com/v3/live/ad-manager.min.js" type="text/javascript" data-site-id="642aba63ec9a7b11c3c9c1be" data-mode="scan" async></script>
<!-- / Venatus Ad Manager -->

<style>
	@media (max-width:820px) {
		.battle {
			margin: 0 auto;
		}
		.battle-log {
			margin: 7px auto 0;
			max-width: 640px;
			height: 300px;
			position: static;
		}
	}
	.optgroup {
		display: inline-block;
		line-height: 22px;
		font-size: 10pt;
	}
	.optgroup .button {
		height: 25px;
		padding-top: 0;
		padding-bottom: 0;
	}
	.optgroup button.button {
		padding-left: 12px;
		padding-right: 12px;
	}
	.linklist {
		list-style: none;
		margin: 0.5em 0;
		padding: 0;
	}
	.linklist li {
		padding: 2px 0;
	}
	.sidebar {
		float: left;
		width: 320px;
	}
	.bar-wrapper {
		max-width: 1100px;
		margin: 0 auto;
	}
	.bar-wrapper.has-sidebar {
		max-width: 1430px;
	}
	.mainbar {
		margin: 0;
		padding-right: 1px;
	}
	.mainbar.has-sidebar {
		margin-left: 330px;
	}
	@media (min-width: 1511px) {
		.sidebar {
			width: 400px;
		}
		.bar-wrapper.has-sidebar {
			max-width: 1510px;
		}
		.mainbar.has-sidebar {
			margin-left: 410px;
		}
	}
	.section.first-section {
		margin-top: 9px;
	}
	.blocklink small {
		white-space: normal;
	}
	.button {
		vertical-align: middle;
	}
	.replay-controls {
		padding-top: 10px;
	}
	.replay-controls h1 {
		font-size: 16pt;
		font-weight: normal;
		color: #CCC;
	}
	.pagelink {
		text-align: center;
	}
	.pagelink a {
		width: 150px;
	}
	.textbox, .button {
		font-size: 11pt;
		vertical-align: middle;
	}
	@media (max-width: 450px) {
		.button {
			font-size: 9pt;
		}
	}
</style>

<div>

	<header>
		<div class="nav-wrapper"><ul class="nav">
			<li><a class="button nav-first" href="//pokemonshowdown.com/"><img src="//pokemonshowdown.com/images/pokemonshowdownbeta.png" srcset="//pokemonshowdown.com/images/pokemonshowdownbeta.png 1x, //pokemonshowdown.com/images/pokemonshowdownbeta@2x.png 2x" alt="Pok&eacute;mon Showdown" width="146" height="44" /> Home</a></li>
			<li><a class="button" href="//pokemonshowdown.com/dex/">Pok&eacute;dex</a></li>
			<li><a class="button cur" href="/">Replays</a></li>
			<li><a class="button" href="//pokemonshowdown.com/ladder/">Ladder</a></li>
			<li><a class="button nav-last" href="//pokemonshowdown.com/forums/">Forum</a></li>
			<li><a class="button greenbutton nav-first nav-last" href="//play.pokemonshowdown.com/">Play</a></li>
		</ul></div>
	</header>

	<div class="main" id="main">

		<noscript><section class="section">You need to enable JavaScript to use this page; sorry!</section></noscript>

	</div>

</div>

<script defer nomodule src="//play.pokemonshowdown.com/js/lib/ps-polyfill.js"></script>
<script defer src="//play.pokemonshowdown.com/js/lib/preact.min.js"></script>

<script defer src="//play.pokemonshowdown.com/config/config.js?2bddbc15"></script>
<script defer src="//play.pokemonshowdown.com/js/lib/jquery-1.11.0.min.js"></script>
<script defer src="//play.pokemonshowdown.com/js/lib/html-sanitizer-minified.js"></script>
<script defer src="//play.pokemonshowdown.com/js/battle-sound.js"></script>
<script defer src="//play.pokemonshowdown.com/js/battledata.js?0.7209276989879541"></script>
<script defer src="//play.pokemonshowdown.com/data/pokedex-mini.js?0.6111056340867951"></script>
<script defer src="//play.pokemonshowdown.com/data/pokedex-mini-bw.js?0.3532142036491459"></script>
<script defer src="//play.pokemonshowdown.com/data/graphics.js?0.24223875632456182"></script>
<script defer src="//play.pokemonshowdown.com/data/pokedex.js?0.38839984266356864"></script>
<script defer src="//play.pokemonshowdown.com/data/moves.js?0.21866028504024015"></script>
<script defer src="//play.pokemonshowdown.com/data/abilities.js?0.2005157953846628"></script>
<script defer src="//play.pokemonshowdown.com/data/items.js?0.9894211263848525"></script>
<script defer src="//play.pokemonshowdown.com/data/teambuilder-tables.js?0.6008791140282215"></script>
<script defer src="//play.pokemonshowdown.com/js/battle-tooltips.js?0.7580118955022959"></script>
<script defer src="//play.pokemonshowdown.com/js/battle.js?0.6057722274234274"></script>

<script defer src="js/utils.js?e31f9a17"></script>
<script defer src="js/replays-battle.js?7008c182"></script>

<!-- don't scrape this data! just add .json or .log after the URL!
Full API docs: https://github.com/smogon/pokemon-showdown-client/blob/master/WEB-API.md -->
<script type="text/plain" class="log" id="replaylog-smogtours-gen3ou-803393">
|inactive|Battle timer is ON: inactive players will automatically lose when time's up.
|t:|1730246966
|gametype|singles
|player|p1|antantantantant|169|
|player|p2|Seradess|2|
|teamsize|p1|6
|teamsize|p2|6
|gen|3
|tier|[Gen 3] OU
|rule|Sleep Clause Mod: Limit one foe put to sleep
|rule|Switch Priority Clause Mod: Faster Pokémon switch first
|rule|Species Clause: Limit one of each Pokémon
|rule|OHKO Clause: OHKO moves are banned
|rule|Evasion Items Clause: Evasion items are banned
|rule|Evasion Moves Clause: Evasion moves are banned
|rule|Endless Battle Clause: Forcing endless battles is banned
|rule|HP Percentage Mod: HP is shown in percentages
|rule|One Boost Passer Clause: Limit one Baton Passer that has a way to boost its stats
|rule|Freeze Clause Mod: Limit one foe frozen
|
|t:|1730246966
|start
|switch|p1a: Metagross|Metagross, shiny|100/100
|switch|p2a: Tundra|Tyranitar, M, shiny|100/100
|-weather|Sandstorm|[from] ability: Sand Stream|[of] p2a: Tundra
|turn|1
|c|☆Seradess|glhf
|c|☆antantantantant|u2
|
|t:|1730246993
|switch|p2a: Forretress|Forretress, M|100/100
|move|p1a: Metagross|Meteor Mash|p2a: Forretress
|-resisted|p2a: Forretress
|-damage|p2a: Forretress|66/100
|
|-weather|Sandstorm|[upkeep]
|-heal|p2a: Forretress|73/100|[from] item: Leftovers
|upkeep
|turn|2
|
|t:|1730247002
|move|p1a: Metagross|Meteor Mash|p2a: Forretress
|-resisted|p2a: Forretress
|-damage|p2a: Forretress|39/100
|move|p2a: Forretress|Counter|p1a: Metagross
|-damage|p1a: Metagross|21/100
|
|-weather|Sandstorm|[upkeep]
|-heal|p2a: Forretress|45/100|[from] item: Leftovers
|upkeep
|turn|3
|
|t:|1730247024
|move|p1a: Metagross|Meteor Mash|p2a: Forretress|[miss]
|-miss|p1a: Metagross|p2a: Forretress
|move|p2a: Forretress|Spikes|p1a: Metagross
|-sidestart|p1: antantantantant|Spikes
|
|-weather|Sandstorm|[upkeep]
|-heal|p2a: Forretress|51/100|[from] item: Leftovers
|upkeep
|turn|4
|
|t:|1730247036
|switch|p1a: Tyranitar|Tyranitar, M|100/100
|-damage|p1a: Tyranitar|88/100|[from] Spikes
|move|p2a: Forretress|Counter|p1a: Tyranitar
|
|-weather|Sandstorm|[upkeep]
|-heal|p2a: Forretress|58/100|[from] item: Leftovers
|upkeep
|turn|5
|
|t:|1730247046
|-singleturn|p1a: Tyranitar|move: Focus Punch
|switch|p2a: Smargad|Salamence, M, shiny|100/100
|-ability|p2a: Smargad|Intimidate|boost
|-unboost|p1a: Tyranitar|atk|1
|move|p1a: Tyranitar|Focus Punch|p2a: Smargad
|-resisted|p2a: Smargad
|-damage|p2a: Smargad|59/100
|
|-weather|Sandstorm|[upkeep]
|-damage|p2a: Smargad|53/100|[from] Sandstorm
|-heal|p2a: Smargad|59/100|[from] item: Leftovers
|upkeep
|turn|6
|
|t:|1730247068
|switch|p2a: Tundra|Tyranitar, M, shiny|100/100
|switch|p1a: Gengar|Gengar, F, shiny|100/100
|
|-weather|Sandstorm|[upkeep]
|-damage|p1a: Gengar|94/100|[from] Sandstorm
|-heal|p1a: Gengar|100/100|[from] item: Leftovers
|upkeep
|turn|7
|
|t:|1730247083
|move|p1a: Gengar|Giga Drain|p2a: Tundra
|-supereffective|p2a: Tundra
|-damage|p2a: Tundra|65/100
|move|p2a: Tundra|Pursuit|p1a: Gengar
|-supereffective|p1a: Gengar
|-damage|p1a: Gengar|40/100
|
|-weather|Sandstorm|[upkeep]
|-damage|p1a: Gengar|33/100|[from] Sandstorm
|-heal|p1a: Gengar|40/100|[from] item: Leftovers
|-heal|p2a: Tundra|71/100|[from] item: Leftovers
|upkeep
|turn|8
|inactive|antantantantant has 270 seconds left.
|
|t:|1730247117
|move|p1a: Gengar|Giga Drain|p2a: Tundra
|-supereffective|p2a: Tundra
|-damage|p2a: Tundra|37/100
|-heal|p1a: Gengar|64/100|[from] drain|[of] p2a: Tundra
|move|p2a: Tundra|Crunch|p1a: Gengar
|-supereffective|p1a: Gengar
|-damage|p1a: Gengar|0 fnt
|faint|p1a: Gengar
|
|t:|1730247134
|switch|p1a: Metagross|Metagross, shiny|21/100
|-damage|p1a: Metagross|9/100|[from] Spikes
|
|-weather|Sandstorm|[upkeep]
|-heal|p2a: Tundra|44/100|[from] item: Leftovers
|upkeep
|turn|9
|
|t:|1730247144
|move|p1a: Metagross|Meteor Mash|p2a: Tundra
|-supereffective|p2a: Tundra
|-damage|p2a: Tundra|0 fnt
|faint|p2a: Tundra
|inactive|Seradess has 270 seconds left.
|
|t:|1730247176
|switch|p2a: Breloom|Breloom, M|100/100
|
|-weather|Sandstorm|[upkeep]
|-damage|p2a: Breloom|94/100|[from] Sandstorm
|-heal|p2a: Breloom|100/100|[from] item: Leftovers
|upkeep
|turn|10
|
|t:|1730247194
|move|p2a: Breloom|Mach Punch|p1a: Metagross
|-damage|p1a: Metagross|0 fnt
|faint|p1a: Metagross
|
|t:|1730247201
|switch|p1a: Aerodactyl|Aerodactyl, F|100/100
|
|-weather|Sandstorm|[upkeep]
|-damage|p2a: Breloom|94/100|[from] Sandstorm
|-heal|p2a: Breloom|100/100|[from] item: Leftovers
|upkeep
|turn|11
|c|☆Seradess|this is your triple CB team isnt it
|
|t:|1730247220
|switch|p2a: Jirachi|Jirachi|100/100
|move|p1a: Aerodactyl|Rock Slide|p2a: Jirachi
|-resisted|p2a: Jirachi
|-damage|p2a: Jirachi|85/100
|
|-weather|Sandstorm|[upkeep]
|-heal|p2a: Jirachi|91/100|[from] item: Leftovers
|upkeep
|turn|12
|
|t:|1730247235
|switch|p1a: Tyranitar|Tyranitar, M|88/100
|-damage|p1a: Tyranitar|76/100|[from] Spikes
|move|p2a: Jirachi|Toxic|p1a: Tyranitar
|-status|p1a: Tyranitar|tox
|
|-weather|Sandstorm|[upkeep]
|-heal|p2a: Jirachi|98/100|[from] item: Leftovers
|-damage|p1a: Tyranitar|69/100 tox|[from] psn
|upkeep
|turn|13
|
|t:|1730247250
|switch|p1a: Claydol|Claydol|100/100
|move|p2a: Jirachi|Protect||[still]
|-fail|p2a: Jirachi
|
|-weather|Sandstorm|[upkeep]
|-heal|p2a: Jirachi|100/100|[from] item: Leftovers
|upkeep
|turn|14
|
|t:|1730247257
|switch|p2a: Forretress|Forretress, M|58/100
|move|p1a: Claydol|Earthquake|p2a: Forretress
|-damage|p2a: Forretress|33/100
|
|-weather|Sandstorm|[upkeep]
|-heal|p2a: Forretress|39/100|[from] item: Leftovers
|upkeep
|turn|15
|
|t:|1730247262
|move|p1a: Claydol|Rapid Spin|p2a: Forretress
|-resisted|p2a: Forretress
|-damage|p2a: Forretress|37/100
|-sideend|p1: antantantantant|Spikes|[from] move: Rapid Spin|[of] p1a: Claydol
|move|p2a: Forretress|Hidden Power|p1a: Claydol
|-supereffective|p1a: Claydol
|-damage|p1a: Claydol|49/100
|
|-weather|Sandstorm|[upkeep]
|-heal|p1a: Claydol|55/100|[from] item: Leftovers
|-heal|p2a: Forretress|43/100|[from] item: Leftovers
|upkeep
|turn|16
|
|t:|1730247265
|move|p1a: Claydol|Explosion|p2a: Forretress
|-resisted|p2a: Forretress
|-damage|p2a: Forretress|3/100
|faint|p1a: Claydol
|inactive|antantantantant has 270 seconds left.
|
|t:|1730247286
|switch|p1a: Tyranitar|Tyranitar, M|69/100 tox
|
|-weather|Sandstorm|[upkeep]
|-damage|p1a: Tyranitar|63/100 tox|[from] psn
|-heal|p2a: Forretress|9/100|[from] item: Leftovers
|upkeep
|turn|17
|
|t:|1730247292
|move|p1a: Tyranitar|Earthquake|p2a: Forretress
|-damage|p2a: Forretress|0 fnt
|faint|p2a: Forretress
|
|t:|1730247294
|switch|p2a: Smargad|Salamence, M, shiny|59/100
|-ability|p2a: Smargad|Intimidate|boost
|-unboost|p1a: Tyranitar|atk|1
|
|-weather|Sandstorm|[upkeep]
|-damage|p2a: Smargad|53/100|[from] Sandstorm
|-heal|p2a: Smargad|59/100|[from] item: Leftovers
|-damage|p1a: Tyranitar|51/100 tox|[from] psn
|upkeep
|turn|18
|inactive|antantantantant has 270 seconds left.
|
|t:|1730247324
|switch|p1a: Swampert|Swampert, M|100/100
|move|p2a: Smargad|Dragon Claw|p1a: Swampert
|-damage|p1a: Swampert|64/100
|
|-weather|Sandstorm|[upkeep]
|-damage|p2a: Smargad|53/100|[from] Sandstorm
|-heal|p2a: Smargad|59/100|[from] item: Leftovers
|-heal|p1a: Swampert|70/100|[from] item: Leftovers
|upkeep
|turn|19
|
|t:|1730247351
|switch|p2a: Blissey|Blissey, F|100/100
|move|p1a: Swampert|Protect||[still]
|-fail|p1a: Swampert
|
|-weather|Sandstorm|[upkeep]
|-damage|p2a: Blissey|94/100|[from] Sandstorm
|-heal|p2a: Blissey|100/100|[from] item: Leftovers
|-heal|p1a: Swampert|77/100|[from] item: Leftovers
|upkeep
|turn|20
|
|t:|1730247370
|switch|p1a: Tyranitar|Tyranitar, M|51/100 tox
|move|p2a: Blissey|Seismic Toss|p1a: Tyranitar
|-damage|p1a: Tyranitar|26/100 tox
|
|-weather|Sandstorm|[upkeep]
|-damage|p2a: Blissey|94/100|[from] Sandstorm
|-damage|p1a: Tyranitar|20/100 tox|[from] psn
|-heal|p2a: Blissey|100/100|[from] item: Leftovers
|upkeep
|turn|21
|
|t:|1730247386
|move|p1a: Tyranitar|Earthquake|p2a: Blissey
|-damage|p2a: Blissey|52/100
|move|p2a: Blissey|Seismic Toss|p1a: Tyranitar
|-damage|p1a: Tyranitar|0 fnt
|faint|p1a: Tyranitar
|
|t:|1730247395
|switch|p1a: Swampert|Swampert, M|77/100
|
|-weather|Sandstorm|[upkeep]
|-damage|p2a: Blissey|46/100|[from] Sandstorm
|-heal|p2a: Blissey|52/100|[from] item: Leftovers
|-heal|p1a: Swampert|83/100|[from] item: Leftovers
|upkeep
|turn|22
|
|t:|1730247403
|move|p1a: Swampert|Earthquake|p2a: Blissey
|-damage|p2a: Blissey|20/100
|move|p2a: Blissey|Counter|p1a: Swampert
|-damage|p1a: Swampert|0 fnt
|faint|p1a: Swampert
|
|t:|1730247407
|switch|p1a: Aerodactyl|Aerodactyl, F|100/100
|
|-weather|Sandstorm|[upkeep]
|-damage|p2a: Blissey|14/100|[from] Sandstorm
|-heal|p2a: Blissey|20/100|[from] item: Leftovers
|upkeep
|turn|23
|c|☆antantantantant|ggs
|
|t:|1730247412
|move|p1a: Aerodactyl|Rock Slide|p2a: Blissey
|-damage|p2a: Blissey|0 fnt
|faint|p2a: Blissey
|
|t:|1730247414
|switch|p2a: Jirachi|Jirachi|100/100
|
|-weather|Sandstorm|[upkeep]
|upkeep
|turn|24
|
|t:|1730247420
|move|p1a: Aerodactyl|Rock Slide|p2a: Jirachi
|-resisted|p2a: Jirachi
|-damage|p2a: Jirachi|83/100
|cant|p2a: Jirachi|flinch
|
|-weather|Sandstorm|[upkeep]
|-heal|p2a: Jirachi|89/100|[from] item: Leftovers
|upkeep
|turn|25
|
|t:|1730247424
|move|p2a: Jirachi|Protect|p2a: Jirachi
|-singleturn|p2a: Jirachi|Protect
|move|p1a: Aerodactyl|Rock Slide|p2a: Jirachi
|-activate|p2a: Jirachi|Protect
|
|-weather|Sandstorm|[upkeep]
|-heal|p2a: Jirachi|95/100|[from] item: Leftovers
|upkeep
|turn|26
|
|t:|1730247427
|move|p1a: Aerodactyl|Rock Slide|p2a: Jirachi
|-resisted|p2a: Jirachi
|-damage|p2a: Jirachi|79/100
|move|p2a: Jirachi|Toxic|p1a: Aerodactyl
|-status|p1a: Aerodactyl|tox
|
|-weather|Sandstorm|[upkeep]
|-damage|p1a: Aerodactyl|95/100 tox|[from] psn
|-heal|p2a: Jirachi|85/100|[from] item: Leftovers
|upkeep
|turn|27
|
|t:|1730247433
|switch|p2a: Breloom|Breloom, M|100/100
|move|p1a: Aerodactyl|Rock Slide|p2a: Breloom
|-resisted|p2a: Breloom
|-damage|p2a: Breloom|64/100
|
|-weather|Sandstorm|[upkeep]
|-damage|p2a: Breloom|58/100|[from] Sandstorm
|-damage|p1a: Aerodactyl|83/100 tox|[from] psn
|-heal|p2a: Breloom|64/100|[from] item: Leftovers
|upkeep
|turn|28
|
|t:|1730247437
|move|p2a: Breloom|Mach Punch|p1a: Aerodactyl
|-damage|p1a: Aerodactyl|46/100 tox
|move|p1a: Aerodactyl|Rock Slide|p2a: Breloom
|-resisted|p2a: Breloom
|-damage|p2a: Breloom|25/100
|
|-weather|Sandstorm|[upkeep]
|-damage|p2a: Breloom|19/100|[from] Sandstorm
|-damage|p1a: Aerodactyl|28/100 tox|[from] psn
|-heal|p2a: Breloom|25/100|[from] item: Leftovers
|upkeep
|turn|29
|
|t:|1730247440
|move|p2a: Breloom|Mach Punch|p1a: Aerodactyl
|-damage|p1a: Aerodactyl|0 fnt
|faint|p1a: Aerodactyl
|
|win|Seradess
|c|☆Seradess|ggs

</script>
<script type="application/json" class="data" id="replaydata-smogtours-gen3ou-803393">
{"id":"smogtours-gen3ou-803393","format":"[Gen 3] OU","players":["antantantantant","Seradess"],"uploadtime":1730247440,"views":119,"formatid":"gen3ou","rating":null,"private":0,"password":null}
</script>

<script defer src="js/replays.js?9d40a366"></script>
