<!DOCTYPE html>
<meta charset="utf-8" />
<meta name="viewport" content="width=device-width" />

<title>[Gen 3] OU: Alecss vs. herold_man - Replays - Pok&eacute;mon Showdown!</title>

<meta name="description" content="Watch a replay of a Pok&eacute;mon battle between Alecss and herold_man! Format: [Gen 3] OU; Date: Oct 16, 2024" />
<!--

Hey, you! Looking in the source for the replay log?

You can find them in JSON format, just add `.json` at the end of a replay URL.

https://replay.pokemonshowdown.com/gen7randomdoublesbattle-865046831.json

Or, if you only need the log itself, add `.log` instead:

https://replay.pokemonshowdown.com/gen7randomdoublesbattle-865046831.log

-->

<link rel="stylesheet" href="//pokemonshowdown.com/style/global.css?0.767286132409787" />
<link rel="stylesheet" href="//play.pokemonshowdown.com/style/font-awesome.css?0.9266228007934947" />
<link rel="stylesheet" href="//play.pokemonshowdown.com/style/battle.css?0.7924700842790926" />
<link rel="stylesheet" href="//play.pokemonshowdown.com/style/utilichart.css?0.8777417872839479" />

<!-- Global site tag (gtag.js) - Google Analytics -->
<script async src="https://www.googletagmanager.com/gtag/js?id=UA-26211653-1"></script>
<script>
  window.dataLayer = window.dataLayer || [];
  function gtag(){dataLayer.push(arguments);}
  gtag('js', new Date());

  gtag('config', 'UA-26211653-1');
</script>
<!-- End Google Analytics -->
<!-- Venatus Ad Manager - Install in <HEAD> of page -->
	<script src="https://hb.vntsm.com/v3/live/ad-manager.min.js" type="text/javascript" data-site-id="642aba63ec9a7b11c3c9c1be" data-mode="scan" async></script>
<!-- / Venatus Ad Manager -->

<style>
	@media (max-width:820px) {
		.battle {
			margin: 0 auto;
		}
		.battle-log {
			margin: 7px auto 0;
			max-width: 640px;
			height: 300px;
			position: static;
		}
	}
	.optgroup {
		display: inline-block;
		line-height: 22px;
		font-size: 10pt;
	}
	.optgroup .button {
		height: 25px;
		padding-top: 0;
		padding-bottom: 0;
	}
	.optgroup button.button {
		padding-left: 12px;
		padding-right: 12px;
	}
	.linklist {
		list-style: none;
		margin: 0.5em 0;
		padding: 0;
	}
	.linklist li {
		padding: 2px 0;
	}
	.sidebar {
		float: left;
		width: 320px;
	}
	.bar-wrapper {
		max-width: 1100px;
		margin: 0 auto;
	}
	.bar-wrapper.has-sidebar {
		max-width: 1430px;
	}
	.mainbar {
		margin: 0;
		padding-right: 1px;
	}
	.mainbar.has-sidebar {
		margin-left: 330px;
	}
	@media (min-width: 1511px) {
		.sidebar {
			width: 400px;
		}
		.bar-wrapper.has-sidebar {
			max-width: 1510px;
		}
		.mainbar.has-sidebar {
			margin-left: 410px;
		}
	}
	.section.first-section {
		margin-top: 9px;
	}
	.blocklink small {
		white-space: normal;
	}
	.button {
		vertical-align: middle;
	}
	.replay-controls {
		padding-top: 10px;
	}
	.replay-controls h1 {
		font-size: 16pt;
		font-weight: normal;
		color: #CCC;
	}
	.pagelink {
		text-align: center;
	}
	.pagelink a {
		width: 150px;
	}
	.textbox, .button {
		font-size: 11pt;
		vertical-align: middle;
	}
	@media (max-width: 450px) {
		.button {
			font-size: 9pt;
		}
	}
</style>

<div>

	<header>
		<div class="nav-wrapper"><ul class="nav">
			<li><a class="button nav-first" href="//pokemonshowdown.com/"><img src="//pokemonshowdown.com/images/pokemonshowdownbeta.png" srcset="//pokemonshowdown.com/images/pokemonshowdownbeta.png 1x, //pokemonshowdown.com/images/pokemonshowdownbeta@2x.png 2x" alt="Pok&eacute;mon Showdown" width="146" height="44" /> Home</a></li>
			<li><a class="button" href="//pokemonshowdown.com/dex/">Pok&eacute;dex</a></li>
			<li><a class="button cur" href="/">Replays</a></li>
			<li><a class="button" href="//pokemonshowdown.com/ladder/">Ladder</a></li>
			<li><a class="button nav-last" href="//pokemonshowdown.com/forums/">Forum</a></li>
			<li><a class="button greenbutton nav-first nav-last" href="//play.pokemonshowdown.com/">Play</a></li>
		</ul></div>
	</header>

	<div class="main" id="main">

		<noscript><section class="section">You need to enable JavaScript to use this page; sorry!</section></noscript>

	</div>

</div>

<script defer nomodule src="//play.pokemonshowdown.com/js/lib/ps-polyfill.js"></script>
<script defer src="//play.pokemonshowdown.com/js/lib/preact.min.js"></script>

<script defer src="//play.pokemonshowdown.com/config/config.js?6dec07f6"></script>
<script defer src="//play.pokemonshowdown.com/js/lib/jquery-1.11.0.min.js"></script>
<script defer src="//play.pokemonshowdown.com/js/lib/html-sanitizer-minified.js"></script>
<script defer src="//play.pokemonshowdown.com/js/battle-sound.js"></script>
<script defer src="//play.pokemonshowdown.com/js/battledata.js?0.6315294753075389"></script>
<script defer src="//play.pokemonshowdown.com/data/pokedex-mini.js?0.7603743185311358"></script>
<script defer src="//play.pokemonshowdown.com/data/pokedex-mini-bw.js?0.030888842834281283"></script>
<script defer src="//play.pokemonshowdown.com/data/graphics.js?0.05593094747507488"></script>
<script defer src="//play.pokemonshowdown.com/data/pokedex.js?0.47064822249611904"></script>
<script defer src="//play.pokemonshowdown.com/data/moves.js?0.8583693120512459"></script>
<script defer src="//play.pokemonshowdown.com/data/abilities.js?0.16017181182386842"></script>
<script defer src="//play.pokemonshowdown.com/data/items.js?0.4163379185673943"></script>
<script defer src="//play.pokemonshowdown.com/data/teambuilder-tables.js?0.31075597372830477"></script>
<script defer src="//play.pokemonshowdown.com/js/battle-tooltips.js?0.6536193500708172"></script>
<script defer src="//play.pokemonshowdown.com/js/battle.js?0.1916591943277901"></script>

<script defer src="js/utils.js?e31f9a17"></script>
<script defer src="js/replays-battle.js?7008c182"></script>

<!-- don't scrape this data! just add .json or .log after the URL!
Full API docs: https://github.com/smogon/pokemon-showdown-client/blob/master/WEB-API.md -->
<script type="text/plain" class="log" id="replaylog-smogtours-gen3ou-799177">
|inactive|Battle timer is ON: inactive players will automatically lose when time's up.
|t:|1729115951
|gametype|singles
|player|p1|Alecss|red-gen1|
|player|p2|herold_man|janitor|
|teamsize|p1|6
|teamsize|p2|6
|gen|3
|tier|[Gen 3] OU
|rule|Sleep Clause Mod: Limit one foe put to sleep
|rule|Switch Priority Clause Mod: Faster Pokémon switch first
|rule|Species Clause: Limit one of each Pokémon
|rule|OHKO Clause: OHKO moves are banned
|rule|Evasion Items Clause: Evasion items are banned
|rule|Evasion Moves Clause: Evasion moves are banned
|rule|Endless Battle Clause: Forcing endless battles is banned
|rule|HP Percentage Mod: HP is shown in percentages
|rule|One Boost Passer Clause: Limit one Baton Passer that has a way to boost its stats
|rule|Freeze Clause Mod: Limit one foe frozen
|
|t:|1729115951
|start
|switch|p1a: Tyranitar|Tyranitar, M|100/100
|switch|p2a: Skarmory|Skarmory, M|100/100
|-weather|Sandstorm|[from] ability: Sand Stream|[of] p1a: Tyranitar
|turn|1
|
|t:|1729115967
|switch|p2a: Claydol|Claydol|100/100
|move|p1a: Tyranitar|Dragon Dance|p1a: Tyranitar
|-boost|p1a: Tyranitar|atk|1
|-boost|p1a: Tyranitar|spe|1
|
|-weather|Sandstorm|[upkeep]
|upkeep
|turn|2
|c|☆Alecss|hf
|
|t:|1729115979
|switch|p1a: Zapdos|Zapdos|100/100
|move|p2a: Claydol|Earthquake|p1a: Zapdos
|-immune|p1a: Zapdos
|
|-weather|Sandstorm|[upkeep]
|-damage|p1a: Zapdos|94/100|[from] Sandstorm
|-heal|p1a: Zapdos|100/100|[from] item: Leftovers
|upkeep
|turn|3
|
|t:|1729115983
|switch|p2a: Regice|Regice|100/100
|move|p1a: Zapdos|Baton Pass|p1a: Zapdos
|
|t:|1729115991
|switch|p1a: Tyranitar|Tyranitar, M|100/100|[from] Baton Pass
|
|-weather|Sandstorm|[upkeep]
|-damage|p2a: Regice|94/100|[from] Sandstorm
|-heal|p2a: Regice|100/100|[from] item: Leftovers
|upkeep
|turn|4
|
|t:|1729115998
|move|p1a: Tyranitar|Rock Slide|p2a: Regice
|-supereffective|p2a: Regice
|-damage|p2a: Regice|28/100
|move|p2a: Regice|Thunder Wave|p1a: Tyranitar
|-status|p1a: Tyranitar|par
|-enditem|p1a: Tyranitar|Lum Berry|[eat]
|-curestatus|p1a: Tyranitar|par|[msg]
|
|-weather|Sandstorm|[upkeep]
|-damage|p2a: Regice|22/100|[from] Sandstorm
|-heal|p2a: Regice|28/100|[from] item: Leftovers
|upkeep
|turn|5
|
|t:|1729116008
|switch|p2a: Skarmory|Skarmory, M|100/100
|move|p1a: Tyranitar|Rock Slide|p2a: Skarmory
|-damage|p2a: Skarmory|72/100
|
|-weather|Sandstorm|[upkeep]
|-heal|p2a: Skarmory|78/100|[from] item: Leftovers
|upkeep
|turn|6
|
|t:|1729116014
|move|p1a: Tyranitar|Dragon Dance|p1a: Tyranitar
|-boost|p1a: Tyranitar|atk|1
|-boost|p1a: Tyranitar|spe|1
|move|p2a: Skarmory|Spikes|p1a: Tyranitar
|-sidestart|p1: Alecss|Spikes
|
|-weather|Sandstorm|[upkeep]
|-heal|p2a: Skarmory|84/100|[from] item: Leftovers
|upkeep
|turn|7
|
|t:|1729116022
|move|p1a: Tyranitar|Rock Slide|p2a: Skarmory
|-damage|p2a: Skarmory|35/100
|move|p2a: Skarmory|Roar|p1a: Tyranitar
|drag|p1a: Swampert|Swampert, M|100/100
|-damage|p1a: Swampert|88/100|[from] Spikes
|
|-weather|Sandstorm|[upkeep]
|-heal|p2a: Skarmory|41/100|[from] item: Leftovers
|-heal|p1a: Swampert|94/100|[from] item: Leftovers
|upkeep
|turn|8
|
|t:|1729116037
|move|p2a: Skarmory|Protect|p2a: Skarmory
|-singleturn|p2a: Skarmory|Protect
|move|p1a: Swampert|Hydro Pump|p2a: Skarmory
|-activate|p2a: Skarmory|Protect
|
|-weather|Sandstorm|[upkeep]
|-heal|p2a: Skarmory|47/100|[from] item: Leftovers
|-heal|p1a: Swampert|100/100|[from] item: Leftovers
|upkeep
|turn|9
|inactive|herold_man has 270 seconds left.
|
|t:|1729116086
|switch|p2a: Suicune|Suicune|100/100
|move|p1a: Swampert|Hydro Pump|p2a: Suicune|[miss]
|-miss|p1a: Swampert|p2a: Suicune
|
|-weather|Sandstorm|[upkeep]
|-damage|p2a: Suicune|94/100|[from] Sandstorm
|-heal|p2a: Suicune|100/100|[from] item: Leftovers
|upkeep
|turn|10
|
|t:|1729116094
|switch|p1a: Zapdos|Zapdos|100/100
|move|p2a: Suicune|Surf|p1a: Zapdos
|-damage|p1a: Zapdos|61/100
|
|-weather|Sandstorm|[upkeep]
|-damage|p1a: Zapdos|55/100|[from] Sandstorm
|-damage|p2a: Suicune|94/100|[from] Sandstorm
|-heal|p1a: Zapdos|61/100|[from] item: Leftovers
|-heal|p2a: Suicune|100/100|[from] item: Leftovers
|upkeep
|turn|11
|
|t:|1729116104
|switch|p2a: Regice|Regice|28/100
|move|p1a: Zapdos|Toxic|p2a: Regice
|-status|p2a: Regice|tox
|
|-weather|Sandstorm|[upkeep]
|-damage|p1a: Zapdos|55/100|[from] Sandstorm
|-damage|p2a: Regice|22/100 tox|[from] Sandstorm
|-heal|p1a: Zapdos|61/100|[from] item: Leftovers
|-heal|p2a: Regice|28/100 tox|[from] item: Leftovers
|-damage|p2a: Regice|22/100 tox|[from] psn
|upkeep
|turn|12
|inactive|Alecss has 270 seconds left.
|inactive|Alecss has 240 seconds left.
|
|t:|1729116165
|move|p1a: Zapdos|Thunderbolt|p2a: Regice
|-damage|p2a: Regice|0 fnt
|faint|p2a: Regice
|
|t:|1729116169
|switch|p2a: Claydol|Claydol|100/100
|
|-weather|Sandstorm|[upkeep]
|-damage|p1a: Zapdos|55/100|[from] Sandstorm
|-heal|p1a: Zapdos|61/100|[from] item: Leftovers
|upkeep
|turn|13
|
|t:|1729116177
|move|p1a: Zapdos|Baton Pass|p1a: Zapdos
|
|t:|1729116179
|switch|p1a: Aerodactyl|Aerodactyl, F|100/100|[from] Baton Pass
|move|p2a: Claydol|Psychic|p1a: Aerodactyl
|-crit|p1a: Aerodactyl
|-damage|p1a: Aerodactyl|41/100
|
|-weather|Sandstorm|[upkeep]
|upkeep
|turn|14
|
|t:|1729116190
|switch|p1a: Swampert|Swampert, M|100/100
|-damage|p1a: Swampert|88/100|[from] Spikes
|move|p2a: Claydol|Psychic|p1a: Swampert
|-damage|p1a: Swampert|69/100
|
|-weather|Sandstorm|[upkeep]
|-heal|p1a: Swampert|76/100|[from] item: Leftovers
|upkeep
|turn|15
|
|t:|1729116197
|switch|p2a: Suicune|Suicune|100/100
|switch|p1a: Zapdos|Zapdos|61/100
|
|-weather|Sandstorm|[upkeep]
|-damage|p1a: Zapdos|55/100|[from] Sandstorm
|-damage|p2a: Suicune|94/100|[from] Sandstorm
|-heal|p1a: Zapdos|61/100|[from] item: Leftovers
|-heal|p2a: Suicune|100/100|[from] item: Leftovers
|upkeep
|turn|16
|
|t:|1729116200
|switch|p2a: Claydol|Claydol|100/100
|move|p1a: Zapdos|Thunderbolt|p2a: Claydol
|-immune|p2a: Claydol
|
|-weather|Sandstorm|[upkeep]
|-damage|p1a: Zapdos|55/100|[from] Sandstorm
|-heal|p1a: Zapdos|61/100|[from] item: Leftovers
|upkeep
|turn|17
|
|t:|1729116204
|move|p1a: Zapdos|Toxic|p2a: Claydol
|-status|p2a: Claydol|tox
|move|p2a: Claydol|Psychic|p1a: Zapdos
|-damage|p1a: Zapdos|44/100
|
|-weather|Sandstorm|[upkeep]
|-damage|p1a: Zapdos|38/100|[from] Sandstorm
|-heal|p1a: Zapdos|44/100|[from] item: Leftovers
|-damage|p2a: Claydol|95/100 tox|[from] psn
|upkeep
|turn|18
|
|t:|1729116214
|move|p1a: Zapdos|Baton Pass|p1a: Zapdos
|
|t:|1729116217
|switch|p1a: Swampert|Swampert, M|76/100|[from] Baton Pass
|-damage|p1a: Swampert|63/100|[from] Spikes
|move|p2a: Claydol|Psychic|p1a: Swampert
|-damage|p1a: Swampert|46/100
|
|-weather|Sandstorm|[upkeep]
|-heal|p2a: Claydol|100/100 tox|[from] item: Leftovers
|-damage|p2a: Claydol|89/100 tox|[from] psn
|-heal|p1a: Swampert|52/100|[from] item: Leftovers
|upkeep
|turn|19
|
|t:|1729116224
|move|p2a: Claydol|Explosion|p1a: Swampert
|-damage|p1a: Swampert|0 fnt
|faint|p2a: Claydol
|faint|p1a: Swampert
|
|t:|1729116229
|switch|p2a: Gengar|Gengar, F|100/100
|switch|p1a: Zapdos|Zapdos|44/100
|
|-weather|Sandstorm|[upkeep]
|-damage|p2a: Gengar|94/100|[from] Sandstorm
|-damage|p1a: Zapdos|38/100|[from] Sandstorm
|-heal|p2a: Gengar|100/100|[from] item: Leftovers
|-heal|p1a: Zapdos|44/100|[from] item: Leftovers
|upkeep
|turn|20
|
|t:|1729116242
|switch|p1a: Gengar|Gengar, F|100/100
|move|p2a: Gengar|Ice Punch|p1a: Gengar
|-damage|p1a: Gengar|60/100
|
|-weather|Sandstorm|[upkeep]
|-damage|p1a: Gengar|53/100|[from] Sandstorm
|-damage|p2a: Gengar|94/100|[from] Sandstorm
|-heal|p1a: Gengar|60/100|[from] item: Leftovers
|-heal|p2a: Gengar|100/100|[from] item: Leftovers
|upkeep
|turn|21
|
|t:|1729116248
|move|p1a: Gengar|Will-O-Wisp|p2a: Gengar|[miss]
|-miss|p1a: Gengar|p2a: Gengar
|move|p2a: Gengar|Ice Punch|p1a: Gengar
|-damage|p1a: Gengar|13/100
|
|-weather|Sandstorm|[upkeep]
|-damage|p1a: Gengar|7/100|[from] Sandstorm
|-damage|p2a: Gengar|94/100|[from] Sandstorm
|-heal|p1a: Gengar|13/100|[from] item: Leftovers
|-heal|p2a: Gengar|100/100|[from] item: Leftovers
|upkeep
|turn|22
|
|t:|1729116254
|move|p1a: Gengar|Will-O-Wisp|p2a: Gengar
|-status|p2a: Gengar|brn
|move|p2a: Gengar|Ice Punch|p1a: Gengar
|-damage|p1a: Gengar|0 fnt
|faint|p1a: Gengar
|
|t:|1729116261
|switch|p1a: Aerodactyl|Aerodactyl, F|41/100
|
|-weather|Sandstorm|[upkeep]
|-damage|p2a: Gengar|94/100 brn|[from] Sandstorm
|-heal|p2a: Gengar|100/100 brn|[from] item: Leftovers
|-damage|p2a: Gengar|88/100 brn|[from] brn
|upkeep
|turn|23
|
|t:|1729116271
|switch|p2a: Metagross|Metagross|100/100
|move|p1a: Aerodactyl|Rock Slide|p2a: Metagross
|-resisted|p2a: Metagross
|-damage|p2a: Metagross|80/100
|
|-weather|Sandstorm|[upkeep]
|-heal|p2a: Metagross|86/100|[from] item: Leftovers
|upkeep
|turn|24
|
|t:|1729116277
|move|p1a: Aerodactyl|Rock Slide|p2a: Metagross
|-resisted|p2a: Metagross
|-damage|p2a: Metagross|66/100
|cant|p2a: Metagross|flinch
|
|-weather|Sandstorm|[upkeep]
|-heal|p2a: Metagross|72/100|[from] item: Leftovers
|upkeep
|turn|25
|
|t:|1729116281
|move|p1a: Aerodactyl|Rock Slide|p2a: Metagross
|-resisted|p2a: Metagross
|-damage|p2a: Metagross|53/100
|move|p2a: Metagross|Meteor Mash|p1a: Aerodactyl
|-supereffective|p1a: Aerodactyl
|-damage|p1a: Aerodactyl|0 fnt
|-boost|p2a: Metagross|atk|1
|faint|p1a: Aerodactyl
|
|t:|1729116287
|switch|p1a: Dugtrio|Dugtrio, M|100/100
|-damage|p1a: Dugtrio|88/100|[from] Spikes
|
|-weather|Sandstorm|[upkeep]
|-heal|p2a: Metagross|59/100|[from] item: Leftovers
|upkeep
|turn|26
|
|t:|1729116293
|move|p1a: Dugtrio|Earthquake|p2a: Metagross
|-supereffective|p2a: Metagross
|-damage|p2a: Metagross|0 fnt
|faint|p2a: Metagross
|
|t:|1729116296
|switch|p2a: Suicune|Suicune|100/100
|
|-weather|Sandstorm|[upkeep]
|-damage|p2a: Suicune|94/100|[from] Sandstorm
|-heal|p2a: Suicune|100/100|[from] item: Leftovers
|upkeep
|turn|27
|
|t:|1729116300
|move|p1a: Dugtrio|Earthquake|p2a: Suicune
|-damage|p2a: Suicune|56/100
|move|p2a: Suicune|Surf|p1a: Dugtrio
|-supereffective|p1a: Dugtrio
|-damage|p1a: Dugtrio|0 fnt
|faint|p1a: Dugtrio
|
|t:|1729116302
|switch|p1a: Zapdos|Zapdos|44/100
|
|-weather|Sandstorm|[upkeep]
|-damage|p1a: Zapdos|38/100|[from] Sandstorm
|-damage|p2a: Suicune|49/100|[from] Sandstorm
|-heal|p1a: Zapdos|44/100|[from] item: Leftovers
|-heal|p2a: Suicune|56/100|[from] item: Leftovers
|upkeep
|turn|28
|
|t:|1729116306
|switch|p2a: Gengar|Gengar, F|88/100 brn
|move|p1a: Zapdos|Baton Pass|p1a: Zapdos
|
|t:|1729116309
|switch|p1a: Tyranitar|Tyranitar, M|100/100|[from] Baton Pass
|-damage|p1a: Tyranitar|88/100|[from] Spikes
|
|-weather|Sandstorm|[upkeep]
|-damage|p2a: Gengar|82/100 brn|[from] Sandstorm
|-heal|p2a: Gengar|88/100 brn|[from] item: Leftovers
|-damage|p2a: Gengar|76/100 brn|[from] brn
|upkeep
|turn|29
|
|t:|1729116316
|move|p2a: Gengar|Hidden Power|p1a: Tyranitar
|-supereffective|p1a: Tyranitar
|-damage|p1a: Tyranitar|42/100
|move|p1a: Tyranitar|Dragon Dance|p1a: Tyranitar
|-boost|p1a: Tyranitar|atk|1
|-boost|p1a: Tyranitar|spe|1
|
|-weather|Sandstorm|[upkeep]
|-damage|p2a: Gengar|70/100 brn|[from] Sandstorm
|-heal|p2a: Gengar|76/100 brn|[from] item: Leftovers
|-damage|p2a: Gengar|64/100 brn|[from] brn
|upkeep
|turn|30
|
|t:|1729116322
|move|p2a: Gengar|Hidden Power|p1a: Tyranitar
|-supereffective|p1a: Tyranitar
|-damage|p1a: Tyranitar|2/100
|move|p1a: Tyranitar|Rock Slide|p2a: Gengar
|-damage|p2a: Gengar|0 fnt
|faint|p2a: Gengar
|
|t:|1729116325
|switch|p2a: Skarmory|Skarmory, M|47/100
|
|-weather|Sandstorm|[upkeep]
|-heal|p2a: Skarmory|53/100|[from] item: Leftovers
|upkeep
|turn|31
|
|t:|1729116329
|move|p1a: Tyranitar|Rock Slide|p2a: Skarmory
|-damage|p2a: Skarmory|6/100
|move|p2a: Skarmory|Drill Peck|p1a: Tyranitar
|-resisted|p1a: Tyranitar
|-damage|p1a: Tyranitar|0 fnt
|faint|p1a: Tyranitar
|
|t:|1729116334
|switch|p1a: Zapdos|Zapdos|44/100
|
|-weather|Sandstorm|[upkeep]
|-damage|p1a: Zapdos|38/100|[from] Sandstorm
|-heal|p1a: Zapdos|44/100|[from] item: Leftovers
|-heal|p2a: Skarmory|12/100|[from] item: Leftovers
|upkeep
|turn|32
|
|t:|1729116336
|move|p2a: Skarmory|Protect|p2a: Skarmory
|-singleturn|p2a: Skarmory|Protect
|move|p1a: Zapdos|Thunderbolt|p2a: Skarmory
|-activate|p2a: Skarmory|Protect
|
|-weather|Sandstorm|[upkeep]
|-damage|p1a: Zapdos|38/100|[from] Sandstorm
|-heal|p1a: Zapdos|44/100|[from] item: Leftovers
|-heal|p2a: Skarmory|18/100|[from] item: Leftovers
|upkeep
|turn|33
|
|t:|1729116338
|move|p1a: Zapdos|Thunderbolt|p2a: Skarmory
|-supereffective|p2a: Skarmory
|-damage|p2a: Skarmory|0 fnt
|faint|p2a: Skarmory
|
|t:|1729116339
|switch|p2a: Suicune|Suicune|56/100
|
|-weather|Sandstorm|[upkeep]
|-damage|p1a: Zapdos|38/100|[from] Sandstorm
|-damage|p2a: Suicune|49/100|[from] Sandstorm
|-heal|p1a: Zapdos|44/100|[from] item: Leftovers
|-heal|p2a: Suicune|56/100|[from] item: Leftovers
|upkeep
|turn|34
|
|t:|1729116341
|move|p1a: Zapdos|Thunderbolt|p2a: Suicune
|-supereffective|p2a: Suicune
|-damage|p2a: Suicune|0 fnt
|faint|p2a: Suicune
|
|win|Alecss
|c|☆Alecss|gg
|c|☆herold_man|Gg

</script>
<script type="application/json" class="data" id="replaydata-smogtours-gen3ou-799177">
{"id":"smogtours-gen3ou-799177","format":"[Gen 3] OU","players":["Alecss","herold_man"],"uploadtime":1729116341,"views":98,"formatid":"gen3ou","rating":null,"private":0,"password":null}
</script>

<script defer src="js/replays.js?9d40a366"></script>
