<!DOCTYPE html>
<meta charset="utf-8" />
<meta name="viewport" content="width=device-width" />

<title>[Gen 3] OU: chiefbeef1234 vs. berkyderky - Replays - Pok&eacute;mon Showdown!</title>

<meta name="description" content="Watch a replay of a Pok&eacute;mon battle between chiefbeef1234 and berkyderky! Format: [Gen 3] OU; Date: Oct 7, 2024" />
<!--

Hey, you! Looking in the source for the replay log?

You can find them in JSON format, just add `.json` at the end of a replay URL.

https://replay.pokemonshowdown.com/gen7randomdoublesbattle-865046831.json

Or, if you only need the log itself, add `.log` instead:

https://replay.pokemonshowdown.com/gen7randomdoublesbattle-865046831.log

-->

<link rel="stylesheet" href="//pokemonshowdown.com/style/global.css?0.023195364461161105" />
<link rel="stylesheet" href="//play.pokemonshowdown.com/style/font-awesome.css?0.13261647063804238" />
<link rel="stylesheet" href="//play.pokemonshowdown.com/style/battle.css?0.8753245789963631" />
<link rel="stylesheet" href="//play.pokemonshowdown.com/style/utilichart.css?0.8627959624976733" />

<!-- Global site tag (gtag.js) - Google Analytics -->
<script async src="https://www.googletagmanager.com/gtag/js?id=UA-26211653-1"></script>
<script>
  window.dataLayer = window.dataLayer || [];
  function gtag(){dataLayer.push(arguments);}
  gtag('js', new Date());

  gtag('config', 'UA-26211653-1');
</script>
<!-- End Google Analytics -->
<!-- Venatus Ad Manager - Install in <HEAD> of page -->
	<script src="https://hb.vntsm.com/v3/live/ad-manager.min.js" type="text/javascript" data-site-id="642aba63ec9a7b11c3c9c1be" data-mode="scan" async></script>
<!-- / Venatus Ad Manager -->

<style>
	@media (max-width:820px) {
		.battle {
			margin: 0 auto;
		}
		.battle-log {
			margin: 7px auto 0;
			max-width: 640px;
			height: 300px;
			position: static;
		}
	}
	.optgroup {
		display: inline-block;
		line-height: 22px;
		font-size: 10pt;
	}
	.optgroup .button {
		height: 25px;
		padding-top: 0;
		padding-bottom: 0;
	}
	.optgroup button.button {
		padding-left: 12px;
		padding-right: 12px;
	}
	.linklist {
		list-style: none;
		margin: 0.5em 0;
		padding: 0;
	}
	.linklist li {
		padding: 2px 0;
	}
	.sidebar {
		float: left;
		width: 320px;
	}
	.bar-wrapper {
		max-width: 1100px;
		margin: 0 auto;
	}
	.bar-wrapper.has-sidebar {
		max-width: 1430px;
	}
	.mainbar {
		margin: 0;
		padding-right: 1px;
	}
	.mainbar.has-sidebar {
		margin-left: 330px;
	}
	@media (min-width: 1511px) {
		.sidebar {
			width: 400px;
		}
		.bar-wrapper.has-sidebar {
			max-width: 1510px;
		}
		.mainbar.has-sidebar {
			margin-left: 410px;
		}
	}
	.section.first-section {
		margin-top: 9px;
	}
	.blocklink small {
		white-space: normal;
	}
	.button {
		vertical-align: middle;
	}
	.replay-controls {
		padding-top: 10px;
	}
	.replay-controls h1 {
		font-size: 16pt;
		font-weight: normal;
		color: #CCC;
	}
	.pagelink {
		text-align: center;
	}
	.pagelink a {
		width: 150px;
	}
	.textbox, .button {
		font-size: 11pt;
		vertical-align: middle;
	}
	@media (max-width: 450px) {
		.button {
			font-size: 9pt;
		}
	}
</style>

<div>

	<header>
		<div class="nav-wrapper"><ul class="nav">
			<li><a class="button nav-first" href="//pokemonshowdown.com/"><img src="//pokemonshowdown.com/images/pokemonshowdownbeta.png" srcset="//pokemonshowdown.com/images/pokemonshowdownbeta.png 1x, //pokemonshowdown.com/images/pokemonshowdownbeta@2x.png 2x" alt="Pok&eacute;mon Showdown" width="146" height="44" /> Home</a></li>
			<li><a class="button" href="//pokemonshowdown.com/dex/">Pok&eacute;dex</a></li>
			<li><a class="button cur" href="/">Replays</a></li>
			<li><a class="button" href="//pokemonshowdown.com/ladder/">Ladder</a></li>
			<li><a class="button nav-last" href="//pokemonshowdown.com/forums/">Forum</a></li>
			<li><a class="button greenbutton nav-first nav-last" href="//play.pokemonshowdown.com/">Play</a></li>
		</ul></div>
	</header>

	<div class="main" id="main">

		<noscript><section class="section">You need to enable JavaScript to use this page; sorry!</section></noscript>

	</div>

</div>

<script defer nomodule src="//play.pokemonshowdown.com/js/lib/ps-polyfill.js"></script>
<script defer src="//play.pokemonshowdown.com/js/lib/preact.min.js"></script>

<script defer src="//play.pokemonshowdown.com/config/config.js?2bddbc15"></script>
<script defer src="//play.pokemonshowdown.com/js/lib/jquery-1.11.0.min.js"></script>
<script defer src="//play.pokemonshowdown.com/js/lib/html-sanitizer-minified.js"></script>
<script defer src="//play.pokemonshowdown.com/js/battle-sound.js"></script>
<script defer src="//play.pokemonshowdown.com/js/battledata.js?0.7209276989879541"></script>
<script defer src="//play.pokemonshowdown.com/data/pokedex-mini.js?0.6111056340867951"></script>
<script defer src="//play.pokemonshowdown.com/data/pokedex-mini-bw.js?0.3532142036491459"></script>
<script defer src="//play.pokemonshowdown.com/data/graphics.js?0.24223875632456182"></script>
<script defer src="//play.pokemonshowdown.com/data/pokedex.js?0.38839984266356864"></script>
<script defer src="//play.pokemonshowdown.com/data/moves.js?0.21866028504024015"></script>
<script defer src="//play.pokemonshowdown.com/data/abilities.js?0.2005157953846628"></script>
<script defer src="//play.pokemonshowdown.com/data/items.js?0.9894211263848525"></script>
<script defer src="//play.pokemonshowdown.com/data/teambuilder-tables.js?0.6008791140282215"></script>
<script defer src="//play.pokemonshowdown.com/js/battle-tooltips.js?0.7580118955022959"></script>
<script defer src="//play.pokemonshowdown.com/js/battle.js?0.6057722274234274"></script>

<script defer src="js/utils.js?e31f9a17"></script>
<script defer src="js/replays-battle.js?7008c182"></script>

<!-- don't scrape this data! just add .json or .log after the URL!
Full API docs: https://github.com/smogon/pokemon-showdown-client/blob/master/WEB-API.md -->
<script type="text/plain" class="log" id="replaylog-smogtours-gen3ou-796170">
|inactive|Battle timer is ON: inactive players will automatically lose when time's up.
|t:|1728320290
|gametype|singles
|player|p1|chiefbeef1234|erika-gen1rb|
|player|p2|berkyderky|101|
|teamsize|p1|6
|teamsize|p2|6
|gen|3
|tier|[Gen 3] OU
|rule|Sleep Clause Mod: Limit one foe put to sleep
|rule|Switch Priority Clause Mod: Faster Pokémon switch first
|rule|Species Clause: Limit one of each Pokémon
|rule|OHKO Clause: OHKO moves are banned
|rule|Evasion Items Clause: Evasion items are banned
|rule|Evasion Moves Clause: Evasion moves are banned
|rule|Endless Battle Clause: Forcing endless battles is banned
|rule|HP Percentage Mod: HP is shown in percentages
|rule|One Boost Passer Clause: Limit one Baton Passer that has a way to boost its stats
|rule|Freeze Clause Mod: Limit one foe frozen
|
|t:|1728320290
|start
|switch|p1a: Slaking|Slaking, M|100/100
|switch|p2a: Aerodactyl|Aerodactyl, F|100/100
|turn|1
|c|☆chiefbeef1234|Glhf
|
|t:|1728320301
|switch|p2a: Forretress|Forretress, M|100/100
|move|p1a: Slaking|Double-Edge|p2a: Forretress
|-resisted|p2a: Forretress
|-damage|p2a: Forretress|59/100
|-damage|p1a: Slaking|90/100|[from] Recoil|[of] p2a: Forretress
|
|-heal|p2a: Forretress|65/100|[from] item: Leftovers
|upkeep
|turn|2
|
|t:|1728320309
|switch|p1a: Magneton|Magneton|100/100
|move|p2a: Forretress|Spikes|p1a: Magneton
|-sidestart|p1: chiefbeef1234|Spikes
|
|-heal|p2a: Forretress|72/100|[from] item: Leftovers
|upkeep
|turn|3
|
|t:|1728320313
|move|p1a: Magneton|Hidden Power|p2a: Forretress
|-supereffective|p2a: Forretress
|-damage|p2a: Forretress|0 fnt
|faint|p2a: Forretress
|
|t:|1728320326
|switch|p2a: Blissey|Blissey, F|100/100
|
|upkeep
|turn|4
|
|t:|1728320337
|move|p1a: Magneton|Toxic|p2a: Blissey
|-status|p2a: Blissey|tox
|move|p2a: Blissey|Thunder Wave|p1a: Magneton
|-status|p1a: Magneton|par
|
|-damage|p2a: Blissey|94/100 tox|[from] psn
|upkeep
|turn|5
|
|t:|1728320347
|-curestatus|p2a: Blissey|tox|[from] ability: Natural Cure
|switch|p2a: Swampert|Swampert, F|100/100
|cant|p1a: Magneton|par
|
|upkeep
|turn|6
|
|t:|1728320356
|switch|p1a: Skarmory|Skarmory, M|100/100
|move|p2a: Swampert|Surf|p1a: Skarmory
|-damage|p1a: Skarmory|73/100
|
|-heal|p1a: Skarmory|79/100|[from] item: Leftovers
|upkeep
|turn|7
|
|t:|1728320364
|move|p1a: Skarmory|Spikes|p2a: Swampert
|-sidestart|p2: berkyderky|Spikes
|move|p2a: Swampert|Surf|p1a: Skarmory
|-damage|p1a: Skarmory|54/100
|
|-heal|p1a: Skarmory|60/100|[from] item: Leftovers
|upkeep
|turn|8
|
|t:|1728320368
|move|p1a: Skarmory|Protect|p1a: Skarmory
|-singleturn|p1a: Skarmory|Protect
|move|p2a: Swampert|Roar|p1a: Skarmory
|-activate|p1a: Skarmory|Protect
|
|-heal|p1a: Skarmory|66/100|[from] item: Leftovers
|upkeep
|turn|9
|
|t:|1728320370
|move|p1a: Skarmory|Toxic|p2a: Swampert
|-status|p2a: Swampert|tox
|move|p2a: Swampert|Surf|p1a: Skarmory
|-damage|p1a: Skarmory|41/100
|
|-heal|p1a: Skarmory|47/100|[from] item: Leftovers
|-damage|p2a: Swampert|94/100 tox|[from] psn
|upkeep
|turn|10
|
|t:|1728320376
|switch|p2a: Zapdos|Zapdos|100/100
|move|p1a: Skarmory|Protect||[still]
|-fail|p1a: Skarmory
|
|-heal|p1a: Skarmory|53/100|[from] item: Leftovers
|upkeep
|turn|11
|
|t:|1728320380
|move|p1a: Skarmory|Protect|p1a: Skarmory
|-singleturn|p1a: Skarmory|Protect
|move|p2a: Zapdos|Thunderbolt|p1a: Skarmory
|-activate|p1a: Skarmory|Protect
|
|-heal|p1a: Skarmory|59/100|[from] item: Leftovers
|upkeep
|turn|12
|
|t:|1728320383
|switch|p1a: Blissey|Blissey, F|100/100
|-damage|p1a: Blissey|88/100|[from] Spikes
|move|p2a: Zapdos|Thunderbolt|p1a: Blissey
|-damage|p1a: Blissey|72/100
|
|-heal|p1a: Blissey|79/100|[from] item: Leftovers
|upkeep
|turn|13
|
|t:|1728320391
|move|p2a: Zapdos|Thunderbolt|p1a: Blissey
|-damage|p1a: Blissey|63/100
|move|p1a: Blissey|Thunderbolt|p2a: Zapdos
|-damage|p2a: Zapdos|81/100
|
|-heal|p2a: Zapdos|88/100|[from] item: Leftovers
|-heal|p1a: Blissey|69/100|[from] item: Leftovers
|upkeep
|turn|14
|inactive|berkyderky has 270 seconds left.
|
|t:|1728320424
|switch|p2a: Tyranitar|Tyranitar, M|100/100
|-damage|p2a: Tyranitar|88/100|[from] Spikes
|-weather|Sandstorm|[from] ability: Sand Stream|[of] p2a: Tyranitar
|move|p1a: Blissey|Calm Mind|p1a: Blissey
|-boost|p1a: Blissey|spa|1
|-boost|p1a: Blissey|spd|1
|
|-weather|Sandstorm|[upkeep]
|-damage|p1a: Blissey|63/100|[from] Sandstorm
|-heal|p2a: Tyranitar|94/100|[from] item: Leftovers
|-heal|p1a: Blissey|69/100|[from] item: Leftovers
|upkeep
|turn|15
|inactive|berkyderky has 270 seconds left.
|
|t:|1728320435
|switch|p2a: Swampert|Swampert, F|94/100 tox
|-damage|p2a: Swampert|82/100 tox|[from] Spikes
|switch|p1a: Skarmory|Skarmory, M|59/100
|
|-weather|Sandstorm|[upkeep]
|-heal|p1a: Skarmory|65/100|[from] item: Leftovers
|-heal|p2a: Swampert|88/100 tox|[from] item: Leftovers
|-damage|p2a: Swampert|82/100 tox|[from] psn
|upkeep
|turn|16
|
|t:|1728320443
|move|p1a: Skarmory|Protect|p1a: Skarmory
|-singleturn|p1a: Skarmory|Protect
|move|p2a: Swampert|Roar|p1a: Skarmory
|-activate|p1a: Skarmory|Protect
|
|-weather|Sandstorm|[upkeep]
|-heal|p1a: Skarmory|71/100|[from] item: Leftovers
|-heal|p2a: Swampert|88/100 tox|[from] item: Leftovers
|-damage|p2a: Swampert|76/100 tox|[from] psn
|upkeep
|turn|17
|inactive|berkyderky has 270 seconds left.
|
|t:|1728320460
|switch|p2a: Aerodactyl|Aerodactyl, F|100/100
|move|p1a: Skarmory|Spikes|p2a: Aerodactyl
|-sidestart|p2: berkyderky|Spikes
|
|-weather|Sandstorm|[upkeep]
|-heal|p1a: Skarmory|77/100|[from] item: Leftovers
|upkeep
|turn|18
|inactive|berkyderky has 270 seconds left.
|
|t:|1728320471
|switch|p2a: Zapdos|Zapdos|88/100
|move|p1a: Skarmory|Protect||[still]
|-fail|p1a: Skarmory
|
|-weather|Sandstorm|[upkeep]
|-damage|p2a: Zapdos|81/100|[from] Sandstorm
|-heal|p2a: Zapdos|88/100|[from] item: Leftovers
|-heal|p1a: Skarmory|83/100|[from] item: Leftovers
|upkeep
|turn|19
|
|t:|1728320474
|move|p1a: Skarmory|Protect|p1a: Skarmory
|-singleturn|p1a: Skarmory|Protect
|move|p2a: Zapdos|Thunderbolt|p1a: Skarmory
|-activate|p1a: Skarmory|Protect
|
|-weather|Sandstorm|[upkeep]
|-damage|p2a: Zapdos|81/100|[from] Sandstorm
|-heal|p2a: Zapdos|88/100|[from] item: Leftovers
|-heal|p1a: Skarmory|89/100|[from] item: Leftovers
|upkeep
|turn|20
|
|t:|1728320480
|switch|p2a: Aerodactyl|Aerodactyl, F|100/100
|switch|p1a: Blissey|Blissey, F|69/100
|-damage|p1a: Blissey|57/100|[from] Spikes
|
|-weather|Sandstorm|[upkeep]
|-damage|p1a: Blissey|51/100|[from] Sandstorm
|-heal|p1a: Blissey|57/100|[from] item: Leftovers
|upkeep
|turn|21
|
|t:|1728320486
|switch|p1a: Magneton|Magneton|100/100 par
|-damage|p1a: Magneton|88/100 par|[from] Spikes
|move|p2a: Aerodactyl|Rock Slide|p1a: Magneton
|-resisted|p1a: Magneton
|-damage|p1a: Magneton|49/100 par
|
|-weather|Sandstorm|[upkeep]
|upkeep
|turn|22
|
|t:|1728320497
|switch|p2a: Blissey|Blissey, F|94/100
|-damage|p2a: Blissey|78/100|[from] Spikes
|cant|p1a: Magneton|par
|
|-weather|Sandstorm|[upkeep]
|-damage|p2a: Blissey|72/100|[from] Sandstorm
|-heal|p2a: Blissey|78/100|[from] item: Leftovers
|upkeep
|turn|23
|
|t:|1728320501
|move|p2a: Blissey|Wish|p2a: Blissey
|move|p1a: Magneton|Toxic|p2a: Blissey
|-status|p2a: Blissey|tox
|
|-weather|Sandstorm|[upkeep]
|-damage|p2a: Blissey|72/100 tox|[from] Sandstorm
|-heal|p2a: Blissey|78/100 tox|[from] item: Leftovers
|-damage|p2a: Blissey|72/100 tox|[from] psn
|upkeep
|turn|24
|
|t:|1728320508
|switch|p1a: Skarmory|Skarmory, M|89/100
|move|p2a: Blissey|Seismic Toss|p1a: Skarmory
|-damage|p1a: Skarmory|59/100
|
|-heal|p2a: Blissey|100/100 tox|[from] move: Wish|[wisher] Blissey
|-weather|Sandstorm|[upkeep]
|-damage|p2a: Blissey|94/100 tox|[from] Sandstorm
|-heal|p1a: Skarmory|65/100|[from] item: Leftovers
|-heal|p2a: Blissey|100/100 tox|[from] item: Leftovers
|-damage|p2a: Blissey|88/100 tox|[from] psn
|upkeep
|turn|25
|
|t:|1728320516
|move|p1a: Skarmory|Spikes|p2a: Blissey
|-sidestart|p2: berkyderky|Spikes
|move|p2a: Blissey|Thunder Wave|p1a: Skarmory
|-status|p1a: Skarmory|par
|
|-weather|Sandstorm|[upkeep]
|-damage|p2a: Blissey|82/100 tox|[from] Sandstorm
|-heal|p2a: Blissey|88/100 tox|[from] item: Leftovers
|-damage|p2a: Blissey|70/100 tox|[from] psn
|-heal|p1a: Skarmory|71/100 par|[from] item: Leftovers
|upkeep
|turn|26
|
|t:|1728320523
|move|p2a: Blissey|Wish|p2a: Blissey
|move|p1a: Skarmory|Roar|p2a: Blissey
|-curestatus|p2a: Blissey|tox|[from] ability: Natural Cure
|drag|p2a: Aerodactyl|Aerodactyl, F|100/100
|
|-weather|Sandstorm|[upkeep]
|-heal|p1a: Skarmory|77/100 par|[from] item: Leftovers
|upkeep
|turn|27
|
|t:|1728320531
|move|p2a: Aerodactyl|Rock Slide|p1a: Skarmory|[miss]
|-miss|p2a: Aerodactyl|p1a: Skarmory
|cant|p1a: Skarmory|par
|
|-weather|Sandstorm|[upkeep]
|-heal|p1a: Skarmory|83/100 par|[from] item: Leftovers
|upkeep
|turn|28
|
|t:|1728320536
|move|p1a: Skarmory|Protect|p1a: Skarmory
|-singleturn|p1a: Skarmory|Protect
|move|p2a: Aerodactyl|Rock Slide|p1a: Skarmory|[miss]
|-miss|p2a: Aerodactyl|p1a: Skarmory
|
|-weather|Sandstorm|[upkeep]
|-heal|p1a: Skarmory|89/100 par|[from] item: Leftovers
|upkeep
|turn|29
|
|t:|1728320539
|move|p2a: Aerodactyl|Rock Slide|p1a: Skarmory
|-damage|p1a: Skarmory|53/100 par
|cant|p1a: Skarmory|flinch
|
|-weather|Sandstorm|[upkeep]
|-heal|p1a: Skarmory|59/100 par|[from] item: Leftovers
|upkeep
|turn|30
|
|t:|1728320543
|move|p1a: Skarmory|Protect|p1a: Skarmory
|-singleturn|p1a: Skarmory|Protect
|move|p2a: Aerodactyl|Rock Slide|p1a: Skarmory
|-activate|p1a: Skarmory|Protect
|
|-weather|Sandstorm|[upkeep]
|-heal|p1a: Skarmory|65/100 par|[from] item: Leftovers
|upkeep
|turn|31
|
|t:|1728320545
|move|p2a: Aerodactyl|Rock Slide|p1a: Skarmory
|-damage|p1a: Skarmory|29/100 par
|move|p1a: Skarmory|Toxic|p2a: Aerodactyl
|-status|p2a: Aerodactyl|tox
|
|-weather|Sandstorm|[upkeep]
|-damage|p2a: Aerodactyl|95/100 tox|[from] psn
|-heal|p1a: Skarmory|35/100 par|[from] item: Leftovers
|upkeep
|turn|32
|
|t:|1728320553
|move|p1a: Skarmory|Protect|p1a: Skarmory
|-singleturn|p1a: Skarmory|Protect
|move|p2a: Aerodactyl|Rock Slide|p1a: Skarmory
|-activate|p1a: Skarmory|Protect
|
|-weather|Sandstorm|[upkeep]
|-damage|p2a: Aerodactyl|83/100 tox|[from] psn
|-heal|p1a: Skarmory|41/100 par|[from] item: Leftovers
|upkeep
|turn|33
|
|t:|1728320559
|switch|p1a: Magneton|Magneton|49/100 par
|-damage|p1a: Magneton|37/100 par|[from] Spikes
|move|p2a: Aerodactyl|Rock Slide|p1a: Magneton
|-resisted|p1a: Magneton
|-damage|p1a: Magneton|0 fnt
|faint|p1a: Magneton
|
|t:|1728320582
|switch|p1a: Slaking|Slaking, M|90/100
|-damage|p1a: Slaking|77/100|[from] Spikes
|
|-weather|Sandstorm|[upkeep]
|-damage|p1a: Slaking|71/100|[from] Sandstorm
|-damage|p2a: Aerodactyl|65/100 tox|[from] psn
|upkeep
|turn|34
|
|t:|1728320592
|switch|p2a: Swampert|Swampert, F|76/100 tox
|-damage|p2a: Swampert|51/100 tox|[from] Spikes
|move|p1a: Slaking|Double-Edge|p2a: Swampert
|-damage|p2a: Swampert|0 fnt
|-damage|p1a: Slaking|56/100|[from] Recoil|[of] p2a: Swampert
|faint|p2a: Swampert
|
|t:|1728320601
|switch|p2a: Blissey|Blissey, F|70/100
|-damage|p2a: Blissey|45/100|[from] Spikes
|
|-weather|Sandstorm|[upkeep]
|-damage|p1a: Slaking|50/100|[from] Sandstorm
|-damage|p2a: Blissey|39/100|[from] Sandstorm
|-heal|p2a: Blissey|45/100|[from] item: Leftovers
|upkeep
|turn|35
|
|t:|1728320606
|switch|p1a: Gengar|Gengar, M|100/100
|move|p2a: Blissey|Wish|p2a: Blissey
|
|-weather|Sandstorm|[upkeep]
|-damage|p1a: Gengar|94/100|[from] Sandstorm
|-damage|p2a: Blissey|39/100|[from] Sandstorm
|-heal|p1a: Gengar|100/100|[from] item: Leftovers
|-heal|p2a: Blissey|45/100|[from] item: Leftovers
|upkeep
|turn|36
|
|t:|1728320614
|move|p1a: Gengar|Explosion|p2a: Blissey
|-crit|p2a: Blissey
|-damage|p2a: Blissey|0 fnt
|faint|p1a: Gengar
|faint|p2a: Blissey
|
|t:|1728320621
|switch|p1a: Skarmory|Skarmory, M|41/100 par
|switch|p2a: Aerodactyl|Aerodactyl, F|65/100 tox
|
|-heal|p2a: Aerodactyl|100/100 tox|[from] move: Wish|[wisher] Blissey
|-weather|Sandstorm|[upkeep]
|-damage|p2a: Aerodactyl|95/100 tox|[from] psn
|-heal|p1a: Skarmory|47/100 par|[from] item: Leftovers
|upkeep
|turn|37
|
|t:|1728320626
|switch|p2a: Zapdos|Zapdos|88/100
|move|p1a: Skarmory|Protect||[still]
|-fail|p1a: Skarmory
|
|-weather|Sandstorm|[upkeep]
|-damage|p2a: Zapdos|81/100|[from] Sandstorm
|-heal|p2a: Zapdos|88/100|[from] item: Leftovers
|-heal|p1a: Skarmory|53/100 par|[from] item: Leftovers
|upkeep
|turn|38
|
|t:|1728320631
|cant|p1a: Skarmory|par
|move|p2a: Zapdos|Thunderbolt|p1a: Skarmory
|-supereffective|p1a: Skarmory
|-damage|p1a: Skarmory|0 fnt
|faint|p1a: Skarmory
|
|t:|1728320636
|switch|p1a: Blissey|Blissey, F|57/100
|-damage|p1a: Blissey|44/100|[from] Spikes
|
|-weather|Sandstorm|[upkeep]
|-damage|p2a: Zapdos|81/100|[from] Sandstorm
|-damage|p1a: Blissey|38/100|[from] Sandstorm
|-heal|p2a: Zapdos|88/100|[from] item: Leftovers
|-heal|p1a: Blissey|44/100|[from] item: Leftovers
|upkeep
|turn|39
|
|t:|1728320641
|move|p2a: Zapdos|Thunderbolt|p1a: Blissey
|-damage|p1a: Blissey|27/100
|move|p1a: Blissey|Soft-Boiled|p1a: Blissey
|-heal|p1a: Blissey|77/100
|
|-weather|Sandstorm|[upkeep]
|-damage|p2a: Zapdos|81/100|[from] Sandstorm
|-damage|p1a: Blissey|71/100|[from] Sandstorm
|-heal|p2a: Zapdos|88/100|[from] item: Leftovers
|-heal|p1a: Blissey|77/100|[from] item: Leftovers
|upkeep
|turn|40
|
|t:|1728320656
|move|p2a: Zapdos|Thunderbolt|p1a: Blissey
|-damage|p1a: Blissey|61/100
|move|p1a: Blissey|Ice Beam|p2a: Zapdos
|-supereffective|p2a: Zapdos
|-damage|p2a: Zapdos|51/100
|
|-weather|Sandstorm|[upkeep]
|-damage|p2a: Zapdos|45/100|[from] Sandstorm
|-damage|p1a: Blissey|54/100|[from] Sandstorm
|-heal|p2a: Zapdos|51/100|[from] item: Leftovers
|-heal|p1a: Blissey|61/100|[from] item: Leftovers
|upkeep
|turn|41
|
|t:|1728320660
|move|p2a: Zapdos|Thunderbolt|p1a: Blissey
|-damage|p1a: Blissey|45/100
|move|p1a: Blissey|Ice Beam|p2a: Zapdos
|-supereffective|p2a: Zapdos
|-damage|p2a: Zapdos|13/100
|
|-weather|Sandstorm|[upkeep]
|-damage|p2a: Zapdos|7/100|[from] Sandstorm
|-damage|p1a: Blissey|39/100|[from] Sandstorm
|-heal|p2a: Zapdos|13/100|[from] item: Leftovers
|-heal|p1a: Blissey|45/100|[from] item: Leftovers
|upkeep
|turn|42
|
|t:|1728320664
|move|p2a: Zapdos|Rest|p2a: Zapdos
|-status|p2a: Zapdos|slp|[from] move: Rest
|-heal|p2a: Zapdos|100/100 slp|[silent]
|move|p1a: Blissey|Ice Beam|p2a: Zapdos
|-supereffective|p2a: Zapdos
|-damage|p2a: Zapdos|62/100 slp
|
|-weather|Sandstorm|[upkeep]
|-damage|p2a: Zapdos|56/100 slp|[from] Sandstorm
|-damage|p1a: Blissey|39/100|[from] Sandstorm
|-heal|p2a: Zapdos|62/100 slp|[from] item: Leftovers
|-heal|p1a: Blissey|45/100|[from] item: Leftovers
|upkeep
|turn|43
|
|t:|1728320672
|switch|p2a: Tyranitar|Tyranitar, M|94/100
|-damage|p2a: Tyranitar|69/100|[from] Spikes
|move|p1a: Blissey|Soft-Boiled|p1a: Blissey
|-heal|p1a: Blissey|95/100
|
|-weather|Sandstorm|[upkeep]
|-damage|p1a: Blissey|89/100|[from] Sandstorm
|-heal|p2a: Tyranitar|75/100|[from] item: Leftovers
|-heal|p1a: Blissey|95/100|[from] item: Leftovers
|upkeep
|turn|44
|
|t:|1728320683
|switch|p1a: Slaking|Slaking, M|50/100
|-damage|p1a: Slaking|37/100|[from] Spikes
|move|p2a: Tyranitar|Crunch|p1a: Slaking
|-damage|p1a: Slaking|0 fnt
|faint|p1a: Slaking
|
|t:|1728320688
|switch|p1a: Salamence|Salamence, F|100/100
|-ability|p1a: Salamence|Intimidate|boost
|-unboost|p2a: Tyranitar|atk|1
|
|-weather|Sandstorm|[upkeep]
|-damage|p1a: Salamence|94/100|[from] Sandstorm
|-heal|p1a: Salamence|100/100|[from] item: Leftovers
|-heal|p2a: Tyranitar|82/100|[from] item: Leftovers
|upkeep
|turn|45
|
|t:|1728320693
|move|p1a: Salamence|Dragon Dance|p1a: Salamence
|-boost|p1a: Salamence|atk|1
|-boost|p1a: Salamence|spe|1
|move|p2a: Tyranitar|Counter|p1a: Salamence
|
|-weather|Sandstorm|[upkeep]
|-damage|p1a: Salamence|94/100|[from] Sandstorm
|-heal|p1a: Salamence|100/100|[from] item: Leftovers
|-heal|p2a: Tyranitar|88/100|[from] item: Leftovers
|upkeep
|turn|46
|
|t:|1728320699
|move|p1a: Salamence|Dragon Dance|p1a: Salamence
|-boost|p1a: Salamence|atk|1
|-boost|p1a: Salamence|spe|1
|move|p2a: Tyranitar|Crunch|p1a: Salamence
|-damage|p1a: Salamence|59/100
|
|-weather|Sandstorm|[upkeep]
|-damage|p1a: Salamence|52/100|[from] Sandstorm
|-heal|p1a: Salamence|59/100|[from] item: Leftovers
|-heal|p2a: Tyranitar|94/100|[from] item: Leftovers
|upkeep
|turn|47
|
|t:|1728320719
|move|p1a: Salamence|Earthquake|p2a: Tyranitar
|-supereffective|p2a: Tyranitar
|-damage|p2a: Tyranitar|0 fnt
|faint|p2a: Tyranitar
|
|t:|1728320725
|switch|p2a: Aerodactyl|Aerodactyl, F|95/100 tox
|
|-weather|Sandstorm|[upkeep]
|-damage|p1a: Salamence|52/100|[from] Sandstorm
|-heal|p1a: Salamence|59/100|[from] item: Leftovers
|-damage|p2a: Aerodactyl|89/100 tox|[from] psn
|upkeep
|turn|48
|
|t:|1728320728
|move|p1a: Salamence|Rock Slide|p2a: Aerodactyl
|-supereffective|p2a: Aerodactyl
|-damage|p2a: Aerodactyl|0 fnt
|faint|p2a: Aerodactyl
|
|t:|1728320732
|switch|p2a: Zapdos|Zapdos|62/100 slp
|
|-weather|Sandstorm|[upkeep]
|-damage|p1a: Salamence|52/100|[from] Sandstorm
|-damage|p2a: Zapdos|56/100 slp|[from] Sandstorm
|-heal|p1a: Salamence|59/100|[from] item: Leftovers
|-heal|p2a: Zapdos|62/100 slp|[from] item: Leftovers
|upkeep
|turn|49
|
|t:|1728320734
|move|p1a: Salamence|Rock Slide|p2a: Zapdos
|-supereffective|p2a: Zapdos
|-crit|p2a: Zapdos
|-damage|p2a: Zapdos|0 fnt
|faint|p2a: Zapdos
|
|win|chiefbeef1234
|c|☆chiefbeef1234|Ggs

</script>
<script type="application/json" class="data" id="replaydata-smogtours-gen3ou-796170">
{"id":"smogtours-gen3ou-796170","format":"[Gen 3] OU","players":["chiefbeef1234","berkyderky"],"uploadtime":1728320734,"views":80,"formatid":"gen3ou","rating":null,"private":0,"password":null}
</script>

<script defer src="js/replays.js?9d40a366"></script>
