<!DOCTYPE html>
<meta charset="utf-8" />
<meta name="viewport" content="width=device-width" />

<title>[Gen 3] OU: busyboi vs. Organic Oranges - Replays - Pok&eacute;mon Showdown!</title>

<meta name="description" content="Watch a replay of a Pok&eacute;mon battle between busyboi and Organic Oranges! Format: [Gen 3] OU; Date: Oct 10, 2024" />
<!--

Hey, you! Looking in the source for the replay log?

You can find them in JSON format, just add `.json` at the end of a replay URL.

https://replay.pokemonshowdown.com/gen7randomdoublesbattle-865046831.json

Or, if you only need the log itself, add `.log` instead:

https://replay.pokemonshowdown.com/gen7randomdoublesbattle-865046831.log

-->

<link rel="stylesheet" href="//pokemonshowdown.com/style/global.css?0.767286132409787" />
<link rel="stylesheet" href="//play.pokemonshowdown.com/style/font-awesome.css?0.9266228007934947" />
<link rel="stylesheet" href="//play.pokemonshowdown.com/style/battle.css?0.7924700842790926" />
<link rel="stylesheet" href="//play.pokemonshowdown.com/style/utilichart.css?0.8777417872839479" />

<!-- Global site tag (gtag.js) - Google Analytics -->
<script async src="https://www.googletagmanager.com/gtag/js?id=UA-26211653-1"></script>
<script>
  window.dataLayer = window.dataLayer || [];
  function gtag(){dataLayer.push(arguments);}
  gtag('js', new Date());

  gtag('config', 'UA-26211653-1');
</script>
<!-- End Google Analytics -->
<!-- Venatus Ad Manager - Install in <HEAD> of page -->
	<script src="https://hb.vntsm.com/v3/live/ad-manager.min.js" type="text/javascript" data-site-id="642aba63ec9a7b11c3c9c1be" data-mode="scan" async></script>
<!-- / Venatus Ad Manager -->

<style>
	@media (max-width:820px) {
		.battle {
			margin: 0 auto;
		}
		.battle-log {
			margin: 7px auto 0;
			max-width: 640px;
			height: 300px;
			position: static;
		}
	}
	.optgroup {
		display: inline-block;
		line-height: 22px;
		font-size: 10pt;
	}
	.optgroup .button {
		height: 25px;
		padding-top: 0;
		padding-bottom: 0;
	}
	.optgroup button.button {
		padding-left: 12px;
		padding-right: 12px;
	}
	.linklist {
		list-style: none;
		margin: 0.5em 0;
		padding: 0;
	}
	.linklist li {
		padding: 2px 0;
	}
	.sidebar {
		float: left;
		width: 320px;
	}
	.bar-wrapper {
		max-width: 1100px;
		margin: 0 auto;
	}
	.bar-wrapper.has-sidebar {
		max-width: 1430px;
	}
	.mainbar {
		margin: 0;
		padding-right: 1px;
	}
	.mainbar.has-sidebar {
		margin-left: 330px;
	}
	@media (min-width: 1511px) {
		.sidebar {
			width: 400px;
		}
		.bar-wrapper.has-sidebar {
			max-width: 1510px;
		}
		.mainbar.has-sidebar {
			margin-left: 410px;
		}
	}
	.section.first-section {
		margin-top: 9px;
	}
	.blocklink small {
		white-space: normal;
	}
	.button {
		vertical-align: middle;
	}
	.replay-controls {
		padding-top: 10px;
	}
	.replay-controls h1 {
		font-size: 16pt;
		font-weight: normal;
		color: #CCC;
	}
	.pagelink {
		text-align: center;
	}
	.pagelink a {
		width: 150px;
	}
	.textbox, .button {
		font-size: 11pt;
		vertical-align: middle;
	}
	@media (max-width: 450px) {
		.button {
			font-size: 9pt;
		}
	}
</style>

<div>

	<header>
		<div class="nav-wrapper"><ul class="nav">
			<li><a class="button nav-first" href="//pokemonshowdown.com/"><img src="//pokemonshowdown.com/images/pokemonshowdownbeta.png" srcset="//pokemonshowdown.com/images/pokemonshowdownbeta.png 1x, //pokemonshowdown.com/images/pokemonshowdownbeta@2x.png 2x" alt="Pok&eacute;mon Showdown" width="146" height="44" /> Home</a></li>
			<li><a class="button" href="//pokemonshowdown.com/dex/">Pok&eacute;dex</a></li>
			<li><a class="button cur" href="/">Replays</a></li>
			<li><a class="button" href="//pokemonshowdown.com/ladder/">Ladder</a></li>
			<li><a class="button nav-last" href="//pokemonshowdown.com/forums/">Forum</a></li>
			<li><a class="button greenbutton nav-first nav-last" href="//play.pokemonshowdown.com/">Play</a></li>
		</ul></div>
	</header>

	<div class="main" id="main">

		<noscript><section class="section">You need to enable JavaScript to use this page; sorry!</section></noscript>

	</div>

</div>

<script defer nomodule src="//play.pokemonshowdown.com/js/lib/ps-polyfill.js"></script>
<script defer src="//play.pokemonshowdown.com/js/lib/preact.min.js"></script>

<script defer src="//play.pokemonshowdown.com/config/config.js?6dec07f6"></script>
<script defer src="//play.pokemonshowdown.com/js/lib/jquery-1.11.0.min.js"></script>
<script defer src="//play.pokemonshowdown.com/js/lib/html-sanitizer-minified.js"></script>
<script defer src="//play.pokemonshowdown.com/js/battle-sound.js"></script>
<script defer src="//play.pokemonshowdown.com/js/battledata.js?0.6315294753075389"></script>
<script defer src="//play.pokemonshowdown.com/data/pokedex-mini.js?0.7603743185311358"></script>
<script defer src="//play.pokemonshowdown.com/data/pokedex-mini-bw.js?0.030888842834281283"></script>
<script defer src="//play.pokemonshowdown.com/data/graphics.js?0.05593094747507488"></script>
<script defer src="//play.pokemonshowdown.com/data/pokedex.js?0.47064822249611904"></script>
<script defer src="//play.pokemonshowdown.com/data/moves.js?0.8583693120512459"></script>
<script defer src="//play.pokemonshowdown.com/data/abilities.js?0.16017181182386842"></script>
<script defer src="//play.pokemonshowdown.com/data/items.js?0.4163379185673943"></script>
<script defer src="//play.pokemonshowdown.com/data/teambuilder-tables.js?0.31075597372830477"></script>
<script defer src="//play.pokemonshowdown.com/js/battle-tooltips.js?0.6536193500708172"></script>
<script defer src="//play.pokemonshowdown.com/js/battle.js?0.1916591943277901"></script>

<script defer src="js/utils.js?e31f9a17"></script>
<script defer src="js/replays-battle.js?7008c182"></script>

<!-- don't scrape this data! just add .json or .log after the URL!
Full API docs: https://github.com/smogon/pokemon-showdown-client/blob/master/WEB-API.md -->
<script type="text/plain" class="log" id="replaylog-smogtours-gen3ou-796985">
|inactive|Battle timer is ON: inactive players will automatically lose when time's up.
|t:|1728588155
|gametype|singles
|player|p1|busyboi|266|
|player|p2|Organic Oranges|psychic-gen4|
|teamsize|p1|6
|teamsize|p2|6
|gen|3
|tier|[Gen 3] OU
|rule|Sleep Clause Mod: Limit one foe put to sleep
|rule|Switch Priority Clause Mod: Faster Pokémon switch first
|rule|Species Clause: Limit one of each Pokémon
|rule|OHKO Clause: OHKO moves are banned
|rule|Evasion Items Clause: Evasion items are banned
|rule|Evasion Moves Clause: Evasion moves are banned
|rule|Endless Battle Clause: Forcing endless battles is banned
|rule|HP Percentage Mod: HP is shown in percentages
|rule|One Boost Passer Clause: Limit one Baton Passer that has a way to boost its stats
|rule|Freeze Clause Mod: Limit one foe frozen
|
|t:|1728588155
|start
|switch|p1a: Tar|Tyranitar, F|100/100
|switch|p2a: Metagross|Metagross|100/100
|-weather|Sandstorm|[from] ability: Sand Stream|[of] p1a: Tar
|turn|1
|
|t:|1728588171
|switch|p1a: Caw|Skarmory, M|100/100
|move|p2a: Metagross|Meteor Mash|p1a: Caw|[miss]
|-miss|p2a: Metagross|p1a: Caw
|
|-weather|Sandstorm|[upkeep]
|upkeep
|turn|2
|
|t:|1728588184
|switch|p2a: Turn it down|Magneton, shiny|100/100
|switch|p1a: Claydol|Claydol|100/100
|
|-weather|Sandstorm|[upkeep]
|upkeep
|turn|3
|
|t:|1728588203
|switch|p2a: Swampert|Swampert, M|100/100
|move|p1a: Claydol|Earthquake|p2a: Swampert
|-damage|p2a: Swampert|75/100
|
|-weather|Sandstorm|[upkeep]
|-heal|p2a: Swampert|81/100|[from] item: Leftovers
|upkeep
|turn|4
|
|t:|1728588219
|switch|p1a: Ludicolo|Ludicolo, F|100/100
|move|p2a: Swampert|Substitute|p2a: Swampert
|-start|p2a: Swampert|Substitute
|-damage|p2a: Swampert|56/100
|
|-weather|Sandstorm|[upkeep]
|-damage|p1a: Ludicolo|94/100|[from] Sandstorm
|-heal|p1a: Ludicolo|100/100|[from] item: Leftovers
|-heal|p2a: Swampert|63/100|[from] item: Leftovers
|upkeep
|turn|5
|
|t:|1728588232
|-singleturn|p2a: Swampert|move: Focus Punch
|move|p1a: Ludicolo|Surf|p2a: Swampert
|-end|p2a: Swampert|Substitute
|move|p2a: Swampert|Focus Punch|p1a: Ludicolo
|-damage|p1a: Ludicolo|55/100
|
|-weather|Sandstorm|[upkeep]
|-damage|p1a: Ludicolo|48/100|[from] Sandstorm
|-heal|p1a: Ludicolo|55/100|[from] item: Leftovers
|-heal|p2a: Swampert|69/100|[from] item: Leftovers
|upkeep
|turn|6
|
|t:|1728588256
|switch|p2a: All Day|Gyarados, F, shiny|100/100
|-ability|p2a: All Day|Intimidate|boost
|-unboost|p1a: Ludicolo|atk|1
|move|p1a: Ludicolo|Leech Seed|p2a: All Day
|-start|p2a: All Day|move: Leech Seed
|
|-weather|Sandstorm|[upkeep]
|-damage|p2a: All Day|94/100|[from] Sandstorm
|-damage|p1a: Ludicolo|48/100|[from] Sandstorm
|-heal|p2a: All Day|100/100|[from] item: Leftovers
|-damage|p2a: All Day|88/100|[from] Leech Seed|[of] p1a: Ludicolo
|-heal|p1a: Ludicolo|62/100|[silent]
|-heal|p1a: Ludicolo|69/100|[from] item: Leftovers
|upkeep
|turn|7
|
|t:|1728588275
|switch|p1a: Gross|Metagross, shiny|100/100
|move|p2a: All Day|Dragon Dance|p2a: All Day
|-boost|p2a: All Day|atk|1
|-boost|p2a: All Day|spe|1
|
|-weather|Sandstorm|[upkeep]
|-damage|p2a: All Day|82/100|[from] Sandstorm
|-heal|p2a: All Day|88/100|[from] item: Leftovers
|-damage|p2a: All Day|75/100|[from] Leech Seed|[of] p1a: Gross
|upkeep
|turn|8
|inactive|busyboi has 270 seconds left.
|
|t:|1728588310
|move|p2a: All Day|Earthquake|p1a: Gross
|-supereffective|p1a: Gross
|-damage|p1a: Gross|22/100
|move|p1a: Gross|Rock Slide|p2a: All Day
|-supereffective|p2a: All Day
|-damage|p2a: All Day|13/100
|
|-weather|Sandstorm|[upkeep]
|-damage|p2a: All Day|7/100|[from] Sandstorm
|-heal|p2a: All Day|13/100|[from] item: Leftovers
|-damage|p2a: All Day|0 fnt|[from] Leech Seed|[of] p1a: Gross
|-heal|p1a: Gross|36/100|[silent]
|faint|p2a: All Day
|-heal|p1a: Gross|42/100|[from] item: Leftovers
|upkeep
|inactive|Organic Oranges has 270 seconds left.
|
|t:|1728588322
|switch|p2a: Turn it down|Magneton, shiny|100/100
|turn|9
|
|t:|1728588326
|move|p2a: Turn it down|Thunderbolt|p1a: Gross
|-damage|p1a: Gross|0 fnt
|faint|p1a: Gross
|inactive|busyboi has 270 seconds left.
|
|t:|1728588352
|switch|p1a: Claydol|Claydol|100/100
|
|-weather|Sandstorm|[upkeep]
|upkeep
|turn|10
|inactive|busyboi has 270 seconds left.
|
|t:|1728588359
|switch|p2a: Swampert|Swampert, M|69/100
|move|p1a: Claydol|Earthquake|p2a: Swampert
|-damage|p2a: Swampert|46/100
|
|-weather|Sandstorm|[upkeep]
|-heal|p2a: Swampert|52/100|[from] item: Leftovers
|upkeep
|turn|11
|inactive|busyboi has 270 seconds left.
|
|t:|1728588372
|switch|p1a: Caw|Skarmory, M|100/100
|move|p2a: Swampert|Substitute|p2a: Swampert
|-start|p2a: Swampert|Substitute
|-damage|p2a: Swampert|27/100
|
|-weather|Sandstorm|[upkeep]
|-heal|p2a: Swampert|33/100|[from] item: Leftovers
|upkeep
|turn|12
|
|t:|1728588379
|-singleturn|p2a: Swampert|move: Focus Punch
|move|p2a: Swampert|Focus Punch|p1a: Caw
|-damage|p1a: Caw|69/100
|move|p1a: Caw|Roar|p2a: Swampert
|drag|p2a: Turn it down|Magneton, shiny|100/100
|
|-weather|Sandstorm|[upkeep]
|-heal|p1a: Caw|75/100|[from] item: Leftovers
|upkeep
|turn|13
|
|t:|1728588389
|move|p1a: Caw|Protect|p1a: Caw
|-singleturn|p1a: Caw|Protect
|move|p2a: Turn it down|Thunderbolt|p1a: Caw
|-activate|p1a: Caw|Protect
|
|-weather|Sandstorm|[upkeep]
|-heal|p1a: Caw|81/100|[from] item: Leftovers
|upkeep
|turn|14
|
|t:|1728588396
|move|p2a: Turn it down|Thunderbolt|p1a: Caw
|-supereffective|p1a: Caw
|-damage|p1a: Caw|0 fnt
|faint|p1a: Caw
|
|t:|1728588399
|switch|p1a: Claydol|Claydol|100/100
|
|-weather|Sandstorm|[upkeep]
|upkeep
|turn|15
|
|t:|1728588411
|switch|p2a: Listen2UAllDay|Salamence, F, shiny|100/100
|-ability|p2a: Listen2UAllDay|Intimidate|boost
|-unboost|p1a: Claydol|atk|1
|move|p1a: Claydol|Earthquake|p2a: Listen2UAllDay
|-immune|p2a: Listen2UAllDay
|
|-weather|Sandstorm|[upkeep]
|-damage|p2a: Listen2UAllDay|94/100|[from] Sandstorm
|-heal|p2a: Listen2UAllDay|100/100|[from] item: Leftovers
|upkeep
|turn|16
|
|t:|1728588421
|switch|p2a: Swampert|Swampert, M|33/100
|switch|p1a: Biggy|Blissey, F, shiny|100/100
|
|-weather|Sandstorm|[upkeep]
|-damage|p1a: Biggy|94/100|[from] Sandstorm
|-heal|p1a: Biggy|100/100|[from] item: Leftovers
|-heal|p2a: Swampert|39/100|[from] item: Leftovers
|upkeep
|turn|17
|
|t:|1728588431
|move|p1a: Biggy|Seismic Toss|p2a: Swampert
|-damage|p2a: Swampert|15/100
|move|p2a: Swampert|Substitute|p2a: Swampert
|-fail|p2a: Swampert|move: Substitute|[weak]
|
|-weather|Sandstorm|[upkeep]
|-damage|p1a: Biggy|94/100|[from] Sandstorm
|-heal|p1a: Biggy|100/100|[from] item: Leftovers
|-heal|p2a: Swampert|21/100|[from] item: Leftovers
|upkeep
|turn|18
|
|t:|1728588442
|move|p1a: Biggy|Seismic Toss|p2a: Swampert
|-damage|p2a: Swampert|0 fnt
|faint|p2a: Swampert
|inactive|Organic Oranges has 270 seconds left.
|
|t:|1728588480
|switch|p2a: Replay|Snorlax, F, shiny|100/100
|
|-weather|Sandstorm|[upkeep]
|-damage|p1a: Biggy|94/100|[from] Sandstorm
|-damage|p2a: Replay|94/100|[from] Sandstorm
|-heal|p1a: Biggy|100/100|[from] item: Leftovers
|-heal|p2a: Replay|100/100|[from] item: Leftovers
|upkeep
|turn|19
|
|t:|1728588487
|switch|p1a: Tar|Tyranitar, F|100/100
|move|p2a: Replay|Earthquake|p1a: Tar
|-supereffective|p1a: Tar
|-damage|p1a: Tar|45/100
|
|-weather|Sandstorm|[upkeep]
|-damage|p2a: Replay|94/100|[from] Sandstorm
|-heal|p1a: Tar|51/100|[from] item: Leftovers
|-heal|p2a: Replay|100/100|[from] item: Leftovers
|upkeep
|turn|20
|inactive|Organic Oranges has 270 seconds left.
|inactive|busyboi has 270 seconds left.
|
|t:|1728588530
|switch|p1a: Claydol|Claydol|100/100
|move|p2a: Replay|Body Slam|p1a: Claydol
|-damage|p1a: Claydol|54/100
|-status|p1a: Claydol|par
|
|-weather|Sandstorm|[upkeep]
|-damage|p2a: Replay|94/100|[from] Sandstorm
|-heal|p2a: Replay|100/100|[from] item: Leftovers
|-heal|p1a: Claydol|60/100 par|[from] item: Leftovers
|upkeep
|turn|21
|
|t:|1728588542
|move|p2a: Replay|Shadow Ball|p1a: Claydol
|-supereffective|p1a: Claydol
|-damage|p1a: Claydol|1/100 par
|move|p1a: Claydol|Explosion|p2a: Replay
|-damage|p2a: Replay|3/100
|faint|p1a: Claydol
|inactive|busyboi has 270 seconds left.
|
|t:|1728588556
|switch|p1a: Ludicolo|Ludicolo, F|69/100
|
|-weather|Sandstorm|[upkeep]
|-damage|p1a: Ludicolo|62/100|[from] Sandstorm
|-damage|p2a: Replay|0 fnt|[from] Sandstorm
|faint|p2a: Replay
|-heal|p1a: Ludicolo|69/100|[from] item: Leftovers
|upkeep
|
|t:|1728588579
|switch|p2a: Listen2UAllDay|Salamence, F, shiny|100/100
|-ability|p2a: Listen2UAllDay|Intimidate|boost
|-unboost|p1a: Ludicolo|atk|1
|turn|22
|
|t:|1728588585
|move|p2a: Listen2UAllDay|Hidden Power|p1a: Ludicolo
|-supereffective|p1a: Ludicolo
|-damage|p1a: Ludicolo|0 fnt
|faint|p1a: Ludicolo
|
|t:|1728588587
|switch|p1a: Biggy|Blissey, F, shiny|100/100
|
|-weather|Sandstorm|[upkeep]
|-damage|p2a: Listen2UAllDay|94/100|[from] Sandstorm
|-damage|p1a: Biggy|94/100|[from] Sandstorm
|-heal|p2a: Listen2UAllDay|100/100|[from] item: Leftovers
|-heal|p1a: Biggy|100/100|[from] item: Leftovers
|upkeep
|turn|23
|
|t:|1728588597
|switch|p2a: Turn it down|Magneton, shiny|100/100
|move|p1a: Biggy|Ice Beam|p2a: Turn it down
|-resisted|p2a: Turn it down
|-damage|p2a: Turn it down|78/100
|
|-weather|Sandstorm|[upkeep]
|-damage|p1a: Biggy|94/100|[from] Sandstorm
|-heal|p1a: Biggy|100/100|[from] item: Leftovers
|upkeep
|turn|24
|inactive|Organic Oranges has 270 seconds left.
|
|t:|1728588607
|move|p2a: Turn it down|Thunder Wave|p1a: Biggy
|-status|p1a: Biggy|par
|move|p1a: Biggy|Seismic Toss|p2a: Turn it down
|-damage|p2a: Turn it down|37/100
|
|-weather|Sandstorm|[upkeep]
|-damage|p1a: Biggy|94/100 par|[from] Sandstorm
|-heal|p1a: Biggy|100/100 par|[from] item: Leftovers
|upkeep
|turn|25
|inactive|Organic Oranges has 270 seconds left.
|
|t:|1728588617
|switch|p2a: Metagross|Metagross|100/100
|move|p1a: Biggy|Seismic Toss|p2a: Metagross
|-damage|p2a: Metagross|70/100
|
|-weather|Sandstorm|[upkeep]
|-damage|p1a: Biggy|94/100 par|[from] Sandstorm
|-heal|p1a: Biggy|100/100 par|[from] item: Leftovers
|upkeep
|turn|26
|
|t:|1728588626
|-curestatus|p1a: Biggy|par|[from] ability: Natural Cure
|switch|p1a: Tar|Tyranitar, F|51/100
|move|p2a: Metagross|Meteor Mash|p1a: Tar|[miss]
|-miss|p2a: Metagross|p1a: Tar
|
|-weather|Sandstorm|[upkeep]
|-heal|p1a: Tar|58/100|[from] item: Leftovers
|upkeep
|turn|27
|
|t:|1728588634
|move|p2a: Metagross|Meteor Mash|p1a: Tar
|-supereffective|p1a: Tar
|-damage|p1a: Tar|0 fnt
|faint|p1a: Tar
|
|t:|1728588637
|switch|p1a: Biggy|Blissey, F, shiny|100/100
|
|-weather|Sandstorm|[upkeep]
|-damage|p1a: Biggy|94/100|[from] Sandstorm
|-heal|p1a: Biggy|100/100|[from] item: Leftovers
|upkeep
|turn|28
|
|t:|1728588653
|switch|p2a: Turn it down|Magneton, shiny|37/100
|move|p1a: Biggy|Thunder Wave|p2a: Turn it down
|-status|p2a: Turn it down|par
|
|-weather|Sandstorm|[upkeep]
|-damage|p1a: Biggy|94/100|[from] Sandstorm
|-heal|p1a: Biggy|100/100|[from] item: Leftovers
|upkeep
|turn|29
|
|t:|1728588663
|move|p1a: Biggy|Seismic Toss|p2a: Turn it down
|-damage|p2a: Turn it down|0 fnt
|faint|p2a: Turn it down
|
|t:|1728588667
|switch|p2a: Metagross|Metagross|70/100
|
|-weather|Sandstorm|[upkeep]
|-damage|p1a: Biggy|94/100|[from] Sandstorm
|-heal|p1a: Biggy|100/100|[from] item: Leftovers
|upkeep
|turn|30
|
|t:|1728588674
|move|p2a: Metagross|Explosion|p1a: Biggy
|-damage|p1a: Biggy|0 fnt
|faint|p2a: Metagross
|faint|p1a: Biggy
|
|win|Organic Oranges

</script>
<script type="application/json" class="data" id="replaydata-smogtours-gen3ou-796985">
{"id":"smogtours-gen3ou-796985","format":"[Gen 3] OU","players":["busyboi","Organic Oranges"],"uploadtime":1728588674,"views":191,"formatid":"gen3ou","rating":null,"private":0,"password":null}
</script>

<script defer src="js/replays.js?9d40a366"></script>
