<!DOCTYPE html>
<meta charset="utf-8" />
<meta name="viewport" content="width=device-width" />

<title>[Gen 3] OU: TRXXJEH vs. naisuneicha - Replays - Pok&eacute;mon Showdown!</title>

<meta name="description" content="Watch a replay of a Pok&eacute;mon battle between TRXXJEH and naisuneicha! Format: [Gen 3] OU; Date: Oct 24, 2024" />
<!--

Hey, you! Looking in the source for the replay log?

You can find them in JSON format, just add `.json` at the end of a replay URL.

https://replay.pokemonshowdown.com/gen7randomdoublesbattle-865046831.json

Or, if you only need the log itself, add `.log` instead:

https://replay.pokemonshowdown.com/gen7randomdoublesbattle-865046831.log

-->

<link rel="stylesheet" href="//pokemonshowdown.com/style/global.css?0.023195364461161105" />
<link rel="stylesheet" href="//play.pokemonshowdown.com/style/font-awesome.css?0.13261647063804238" />
<link rel="stylesheet" href="//play.pokemonshowdown.com/style/battle.css?0.8753245789963631" />
<link rel="stylesheet" href="//play.pokemonshowdown.com/style/utilichart.css?0.8627959624976733" />

<!-- Global site tag (gtag.js) - Google Analytics -->
<script async src="https://www.googletagmanager.com/gtag/js?id=UA-26211653-1"></script>
<script>
  window.dataLayer = window.dataLayer || [];
  function gtag(){dataLayer.push(arguments);}
  gtag('js', new Date());

  gtag('config', 'UA-26211653-1');
</script>
<!-- End Google Analytics -->
<!-- Venatus Ad Manager - Install in <HEAD> of page -->
	<script src="https://hb.vntsm.com/v3/live/ad-manager.min.js" type="text/javascript" data-site-id="642aba63ec9a7b11c3c9c1be" data-mode="scan" async></script>
<!-- / Venatus Ad Manager -->

<style>
	@media (max-width:820px) {
		.battle {
			margin: 0 auto;
		}
		.battle-log {
			margin: 7px auto 0;
			max-width: 640px;
			height: 300px;
			position: static;
		}
	}
	.optgroup {
		display: inline-block;
		line-height: 22px;
		font-size: 10pt;
	}
	.optgroup .button {
		height: 25px;
		padding-top: 0;
		padding-bottom: 0;
	}
	.optgroup button.button {
		padding-left: 12px;
		padding-right: 12px;
	}
	.linklist {
		list-style: none;
		margin: 0.5em 0;
		padding: 0;
	}
	.linklist li {
		padding: 2px 0;
	}
	.sidebar {
		float: left;
		width: 320px;
	}
	.bar-wrapper {
		max-width: 1100px;
		margin: 0 auto;
	}
	.bar-wrapper.has-sidebar {
		max-width: 1430px;
	}
	.mainbar {
		margin: 0;
		padding-right: 1px;
	}
	.mainbar.has-sidebar {
		margin-left: 330px;
	}
	@media (min-width: 1511px) {
		.sidebar {
			width: 400px;
		}
		.bar-wrapper.has-sidebar {
			max-width: 1510px;
		}
		.mainbar.has-sidebar {
			margin-left: 410px;
		}
	}
	.section.first-section {
		margin-top: 9px;
	}
	.blocklink small {
		white-space: normal;
	}
	.button {
		vertical-align: middle;
	}
	.replay-controls {
		padding-top: 10px;
	}
	.replay-controls h1 {
		font-size: 16pt;
		font-weight: normal;
		color: #CCC;
	}
	.pagelink {
		text-align: center;
	}
	.pagelink a {
		width: 150px;
	}
	.textbox, .button {
		font-size: 11pt;
		vertical-align: middle;
	}
	@media (max-width: 450px) {
		.button {
			font-size: 9pt;
		}
	}
</style>

<div>

	<header>
		<div class="nav-wrapper"><ul class="nav">
			<li><a class="button nav-first" href="//pokemonshowdown.com/"><img src="//pokemonshowdown.com/images/pokemonshowdownbeta.png" srcset="//pokemonshowdown.com/images/pokemonshowdownbeta.png 1x, //pokemonshowdown.com/images/pokemonshowdownbeta@2x.png 2x" alt="Pok&eacute;mon Showdown" width="146" height="44" /> Home</a></li>
			<li><a class="button" href="//pokemonshowdown.com/dex/">Pok&eacute;dex</a></li>
			<li><a class="button cur" href="/">Replays</a></li>
			<li><a class="button" href="//pokemonshowdown.com/ladder/">Ladder</a></li>
			<li><a class="button nav-last" href="//pokemonshowdown.com/forums/">Forum</a></li>
			<li><a class="button greenbutton nav-first nav-last" href="//play.pokemonshowdown.com/">Play</a></li>
		</ul></div>
	</header>

	<div class="main" id="main">

		<noscript><section class="section">You need to enable JavaScript to use this page; sorry!</section></noscript>

	</div>

</div>

<script defer nomodule src="//play.pokemonshowdown.com/js/lib/ps-polyfill.js"></script>
<script defer src="//play.pokemonshowdown.com/js/lib/preact.min.js"></script>

<script defer src="//play.pokemonshowdown.com/config/config.js?2bddbc15"></script>
<script defer src="//play.pokemonshowdown.com/js/lib/jquery-1.11.0.min.js"></script>
<script defer src="//play.pokemonshowdown.com/js/lib/html-sanitizer-minified.js"></script>
<script defer src="//play.pokemonshowdown.com/js/battle-sound.js"></script>
<script defer src="//play.pokemonshowdown.com/js/battledata.js?0.7209276989879541"></script>
<script defer src="//play.pokemonshowdown.com/data/pokedex-mini.js?0.6111056340867951"></script>
<script defer src="//play.pokemonshowdown.com/data/pokedex-mini-bw.js?0.3532142036491459"></script>
<script defer src="//play.pokemonshowdown.com/data/graphics.js?0.24223875632456182"></script>
<script defer src="//play.pokemonshowdown.com/data/pokedex.js?0.38839984266356864"></script>
<script defer src="//play.pokemonshowdown.com/data/moves.js?0.21866028504024015"></script>
<script defer src="//play.pokemonshowdown.com/data/abilities.js?0.2005157953846628"></script>
<script defer src="//play.pokemonshowdown.com/data/items.js?0.9894211263848525"></script>
<script defer src="//play.pokemonshowdown.com/data/teambuilder-tables.js?0.6008791140282215"></script>
<script defer src="//play.pokemonshowdown.com/js/battle-tooltips.js?0.7580118955022959"></script>
<script defer src="//play.pokemonshowdown.com/js/battle.js?0.6057722274234274"></script>

<script defer src="js/utils.js?e31f9a17"></script>
<script defer src="js/replays-battle.js?7008c182"></script>

<!-- don't scrape this data! just add .json or .log after the URL!
Full API docs: https://github.com/smogon/pokemon-showdown-client/blob/master/WEB-API.md -->
<script type="text/plain" class="log" id="replaylog-smogtours-gen3ou-801586">
|inactive|Battle timer is ON: inactive players will automatically lose when time's up.
|t:|1729793144
|gametype|singles
|player|p1|TRXXJEH|policeman-gen4|
|player|p2|naisuneicha|karen|
|teamsize|p1|6
|teamsize|p2|6
|gen|3
|tier|[Gen 3] OU
|rule|Sleep Clause Mod: Limit one foe put to sleep
|rule|Switch Priority Clause Mod: Faster Pokémon switch first
|rule|Species Clause: Limit one of each Pokémon
|rule|OHKO Clause: OHKO moves are banned
|rule|Evasion Items Clause: Evasion items are banned
|rule|Evasion Moves Clause: Evasion moves are banned
|rule|Endless Battle Clause: Forcing endless battles is banned
|rule|HP Percentage Mod: HP is shown in percentages
|rule|One Boost Passer Clause: Limit one Baton Passer that has a way to boost its stats
|rule|Freeze Clause Mod: Limit one foe frozen
|
|t:|1729793144
|start
|switch|p1a: Jolteon|Jolteon, F|100/100
|switch|p2a: Hariyama|Hariyama, M|100/100
|turn|1
|inactive|naisuneicha has 270 seconds left.
|
|t:|1729793189
|move|p1a: Jolteon|Substitute|p1a: Jolteon
|-start|p1a: Jolteon|Substitute
|-damage|p1a: Jolteon|75/100
|move|p2a: Hariyama|Brick Break|p1a: Jolteon
|-end|p1a: Jolteon|Substitute
|
|-heal|p1a: Jolteon|82/100|[from] item: Leftovers
|upkeep
|turn|2
|
|t:|1729793200
|move|p1a: Jolteon|Baton Pass|p1a: Jolteon
|
|t:|1729793204
|switch|p1a: Breloom|Breloom, M|100/100|[from] Baton Pass
|move|p2a: Hariyama|Brick Break|p1a: Breloom
|-damage|p1a: Breloom|46/100
|
|-heal|p1a: Breloom|52/100|[from] item: Leftovers
|upkeep
|turn|3
|
|t:|1729793228
|switch|p2a: Blissey|Blissey, F|100/100
|move|p1a: Breloom|Spore|p2a: Blissey
|-status|p2a: Blissey|slp|[from] move: Spore
|
|-heal|p1a: Breloom|58/100|[from] item: Leftovers
|upkeep
|turn|4
|
|t:|1729793232
|-curestatus|p2a: Blissey|slp|[from] ability: Natural Cure
|switch|p2a: Gengar|Gengar, F|100/100
|move|p1a: Breloom|Spore|p2a: Gengar
|-status|p2a: Gengar|slp|[from] move: Spore
|
|-heal|p1a: Breloom|65/100|[from] item: Leftovers
|upkeep
|turn|5
|inactive|TRXXJEH has 270 seconds left.
|inactive|TRXXJEH has 240 seconds left.
|
|t:|1729793311
|switch|p2a: Claydol|Claydol|100/100
|switch|p1a: Jolteon|Jolteon, F|82/100
|
|-heal|p1a: Jolteon|88/100|[from] item: Leftovers
|upkeep
|turn|6
|inactive|TRXXJEH has 210 seconds left.
|
|t:|1729793345
|move|p1a: Jolteon|Baton Pass|p1a: Jolteon
|
|t:|1729793348
|switch|p1a: Tyranitar|Tyranitar, M|100/100|[from] Baton Pass
|-weather|Sandstorm|[from] ability: Sand Stream|[of] p1a: Tyranitar
|move|p2a: Claydol|Earthquake|p1a: Tyranitar
|-supereffective|p1a: Tyranitar
|-damage|p1a: Tyranitar|31/100
|
|-weather|Sandstorm|[upkeep]
|upkeep
|turn|7
|inactive|TRXXJEH has 210 seconds left.
|
|t:|1729793370
|switch|p1a: Zapdos|Zapdos|100/100
|move|p2a: Claydol|Explosion|p1a: Zapdos
|-damage|p1a: Zapdos|0 fnt
|faint|p2a: Claydol
|faint|p1a: Zapdos
|inactive|TRXXJEH has 180 seconds left.
|inactive|TRXXJEH has 150 seconds left.
|inactive|TRXXJEH has 120 seconds left.
|inactive|TRXXJEH has 90 seconds left.
|
|t:|1729793492
|switch|p1a: Breloom|Breloom, M|65/100
|switch|p2a: Hariyama|Hariyama, M|100/100
|
|-weather|Sandstorm|[upkeep]
|-damage|p1a: Breloom|58/100|[from] Sandstorm
|-damage|p2a: Hariyama|94/100|[from] Sandstorm
|-heal|p1a: Breloom|65/100|[from] item: Leftovers
|-heal|p2a: Hariyama|100/100|[from] item: Leftovers
|upkeep
|turn|8
|inactive|TRXXJEH has 90 seconds left.
|
|t:|1729793512
|move|p1a: Breloom|Stun Spore|p2a: Hariyama|[miss]
|-miss|p1a: Breloom|p2a: Hariyama
|move|p2a: Hariyama|Brick Break|p1a: Breloom
|-damage|p1a: Breloom|11/100
|
|-weather|Sandstorm|[upkeep]
|-damage|p1a: Breloom|4/100|[from] Sandstorm
|-damage|p2a: Hariyama|94/100|[from] Sandstorm
|-heal|p1a: Breloom|11/100|[from] item: Leftovers
|-heal|p2a: Hariyama|100/100|[from] item: Leftovers
|upkeep
|turn|9
|inactive|TRXXJEH has 90 seconds left.
|
|t:|1729793522
|move|p1a: Breloom|Stun Spore|p2a: Hariyama|[miss]
|-miss|p1a: Breloom|p2a: Hariyama
|move|p2a: Hariyama|Brick Break|p1a: Breloom
|-damage|p1a: Breloom|0 fnt
|faint|p1a: Breloom
|inactive|TRXXJEH has 90 seconds left.
|inactive|TRXXJEH has 60 seconds left.
|
|t:|1729793574
|switch|p1a: Jirachi|Jirachi|100/100
|
|-weather|Sandstorm|[upkeep]
|-damage|p2a: Hariyama|94/100|[from] Sandstorm
|-heal|p2a: Hariyama|100/100|[from] item: Leftovers
|upkeep
|turn|10
|inactive|TRXXJEH has 30 seconds left.
|inactive|TRXXJEH has 20 seconds left.
|
|t:|1729793613
|switch|p1a: Dugtrio|Dugtrio, M|100/100
|move|p2a: Hariyama|Knock Off|p1a: Dugtrio
|-damage|p1a: Dugtrio|96/100
|-enditem|p1a: Dugtrio|Choice Band|[from] move: Knock Off|[of] p2a: Hariyama
|-hint|In Gens 3-4, Knock Off only makes the target's item unusable; it cannot obtain a new item.
|
|-weather|Sandstorm|[upkeep]
|-damage|p2a: Hariyama|94/100|[from] Sandstorm
|-heal|p2a: Hariyama|100/100|[from] item: Leftovers
|upkeep
|turn|11
|inactive|TRXXJEH has 30 seconds left this turn.
|inactive|TRXXJEH has 20 seconds left.
|inactive|TRXXJEH has 15 seconds left.
|
|t:|1729793632
|switch|p1a: Jirachi|Jirachi|100/100
|move|p2a: Hariyama|Brick Break|p1a: Jirachi
|-damage|p1a: Jirachi|67/100
|
|-weather|Sandstorm|[upkeep]
|-damage|p2a: Hariyama|94/100|[from] Sandstorm
|-heal|p1a: Jirachi|73/100|[from] item: Leftovers
|-heal|p2a: Hariyama|100/100|[from] item: Leftovers
|upkeep
|turn|12
|inactive|TRXXJEH has 25 seconds left this turn.
|
|t:|1729793640
|switch|p2a: Blissey|Blissey, F|100/100
|move|p1a: Jirachi|Psychic|p2a: Blissey
|-damage|p2a: Blissey|87/100
|
|-weather|Sandstorm|[upkeep]
|-damage|p2a: Blissey|81/100|[from] Sandstorm
|-heal|p1a: Jirachi|79/100|[from] item: Leftovers
|-heal|p2a: Blissey|87/100|[from] item: Leftovers
|upkeep
|turn|13
|inactive|TRXXJEH has 30 seconds left.
|inactive|TRXXJEH has 20 seconds left.
|
|t:|1729793655
|move|p1a: Jirachi|Calm Mind|p1a: Jirachi
|-boost|p1a: Jirachi|spa|1
|-boost|p1a: Jirachi|spd|1
|move|p2a: Blissey|Thunder Wave|p1a: Jirachi
|-status|p1a: Jirachi|par
|
|-weather|Sandstorm|[upkeep]
|-damage|p2a: Blissey|81/100|[from] Sandstorm
|-heal|p2a: Blissey|87/100|[from] item: Leftovers
|-heal|p1a: Jirachi|85/100 par|[from] item: Leftovers
|upkeep
|turn|14
|inactive|TRXXJEH has 30 seconds left this turn.
|
|t:|1729793673
|switch|p2a: Skarmory|Skarmory, F|100/100
|move|p1a: Jirachi|Psychic|p2a: Skarmory
|-resisted|p2a: Skarmory
|-damage|p2a: Skarmory|74/100
|
|-weather|Sandstorm|[upkeep]
|-heal|p2a: Skarmory|80/100|[from] item: Leftovers
|-heal|p1a: Jirachi|92/100 par|[from] item: Leftovers
|upkeep
|turn|15
|
|t:|1729793682
|move|p1a: Jirachi|Fire Punch|p2a: Skarmory
|-supereffective|p2a: Skarmory
|-damage|p2a: Skarmory|21/100
|move|p2a: Skarmory|Roar|p1a: Jirachi
|drag|p1a: Tyranitar|Tyranitar, M|31/100
|
|-weather|Sandstorm|[upkeep]
|-heal|p2a: Skarmory|27/100|[from] item: Leftovers
|upkeep
|turn|16
|inactive|TRXXJEH has 30 seconds left.
|
|t:|1729793699
|switch|p2a: Hariyama|Hariyama, M|100/100
|move|p1a: Tyranitar|Dragon Dance|p1a: Tyranitar
|-boost|p1a: Tyranitar|atk|1
|-boost|p1a: Tyranitar|spe|1
|
|-weather|Sandstorm|[upkeep]
|-damage|p2a: Hariyama|94/100|[from] Sandstorm
|-heal|p2a: Hariyama|100/100|[from] item: Leftovers
|upkeep
|turn|17
|inactive|TRXXJEH has 30 seconds left.
|inactive|TRXXJEH has 20 seconds left.
|inactive|TRXXJEH has 15 seconds left.
|
|t:|1729793727
|move|p1a: Tyranitar|Earthquake|p2a: Hariyama
|-damage|p2a: Hariyama|54/100
|move|p2a: Hariyama|Brick Break|p1a: Tyranitar
|-supereffective|p1a: Tyranitar
|-damage|p1a: Tyranitar|0 fnt
|faint|p1a: Tyranitar
|inactive|TRXXJEH has 20 seconds left this turn.
|inactive|TRXXJEH has 15 seconds left.
|
|t:|1729793733
|switch|p1a: Dugtrio|Dugtrio, M|96/100
|
|-weather|Sandstorm|[upkeep]
|-damage|p2a: Hariyama|48/100|[from] Sandstorm
|-heal|p2a: Hariyama|54/100|[from] item: Leftovers
|upkeep
|turn|18
|inactive|TRXXJEH has 25 seconds left this turn.
|
|t:|1729793736
|move|p1a: Dugtrio|Earthquake|p2a: Hariyama
|-damage|p2a: Hariyama|13/100
|move|p2a: Hariyama|Brick Break|p1a: Dugtrio
|-damage|p1a: Dugtrio|2/100
|
|-weather|Sandstorm|[upkeep]
|-damage|p2a: Hariyama|7/100|[from] Sandstorm
|-heal|p2a: Hariyama|13/100|[from] item: Leftovers
|upkeep
|turn|19
|inactive|TRXXJEH has 30 seconds left.
|
|t:|1729793745
|move|p1a: Dugtrio|Earthquake|p2a: Hariyama
|-damage|p2a: Hariyama|0 fnt
|faint|p2a: Hariyama
|inactive|naisuneicha has 270 seconds left.
|
|t:|1729793778
|switch|p2a: Blissey|Blissey, F|87/100
|
|-weather|Sandstorm|[upkeep]
|-damage|p2a: Blissey|81/100|[from] Sandstorm
|-heal|p2a: Blissey|87/100|[from] item: Leftovers
|upkeep
|turn|20
|inactive|TRXXJEH has 30 seconds left.
|
|t:|1729793793
|switch|p1a: Jirachi|Jirachi|92/100 par
|move|p2a: Blissey|Wish|p2a: Blissey
|
|-weather|Sandstorm|[upkeep]
|-damage|p2a: Blissey|81/100|[from] Sandstorm
|-heal|p2a: Blissey|87/100|[from] item: Leftovers
|-heal|p1a: Jirachi|98/100 par|[from] item: Leftovers
|upkeep
|turn|21
|
|t:|1729793802
|move|p2a: Blissey|Seismic Toss|p1a: Jirachi
|-damage|p1a: Jirachi|70/100 par
|move|p1a: Jirachi|Calm Mind|p1a: Jirachi
|-boost|p1a: Jirachi|spa|1
|-boost|p1a: Jirachi|spd|1
|
|-heal|p2a: Blissey|100/100|[from] move: Wish|[wisher] Blissey
|-weather|Sandstorm|[upkeep]
|-damage|p2a: Blissey|94/100|[from] Sandstorm
|-heal|p2a: Blissey|100/100|[from] item: Leftovers
|-heal|p1a: Jirachi|76/100 par|[from] item: Leftovers
|upkeep
|turn|22
|
|t:|1729793806
|move|p2a: Blissey|Seismic Toss|p1a: Jirachi
|-damage|p1a: Jirachi|48/100 par
|cant|p1a: Jirachi|par
|
|-weather|Sandstorm|[upkeep]
|-damage|p2a: Blissey|94/100|[from] Sandstorm
|-heal|p2a: Blissey|100/100|[from] item: Leftovers
|-heal|p1a: Jirachi|54/100 par|[from] item: Leftovers
|upkeep
|turn|23
|
|t:|1729793810
|move|p2a: Blissey|Seismic Toss|p1a: Jirachi
|-damage|p1a: Jirachi|27/100 par
|move|p1a: Jirachi|Psychic|p2a: Blissey
|-damage|p2a: Blissey|79/100
|
|-weather|Sandstorm|[upkeep]
|-damage|p2a: Blissey|72/100|[from] Sandstorm
|-heal|p2a: Blissey|79/100|[from] item: Leftovers
|-heal|p1a: Jirachi|33/100 par|[from] item: Leftovers
|upkeep
|turn|24
|
|t:|1729793813
|move|p2a: Blissey|Seismic Toss|p1a: Jirachi
|-damage|p1a: Jirachi|5/100 par
|move|p1a: Jirachi|Psychic|p2a: Blissey
|-damage|p2a: Blissey|56/100
|
|-weather|Sandstorm|[upkeep]
|-damage|p2a: Blissey|49/100|[from] Sandstorm
|-heal|p2a: Blissey|56/100|[from] item: Leftovers
|-heal|p1a: Jirachi|11/100 par|[from] item: Leftovers
|upkeep
|turn|25
|
|t:|1729793819
|move|p2a: Blissey|Seismic Toss|p1a: Jirachi
|-damage|p1a: Jirachi|0 fnt
|faint|p1a: Jirachi
|
|t:|1729793821
|switch|p1a: Dugtrio|Dugtrio, M|2/100
|
|-weather|Sandstorm|[upkeep]
|-damage|p2a: Blissey|49/100|[from] Sandstorm
|-heal|p2a: Blissey|56/100|[from] item: Leftovers
|upkeep
|turn|26
|
|t:|1729793823
|move|p1a: Dugtrio|Earthquake|p2a: Blissey
|-damage|p2a: Blissey|23/100
|move|p2a: Blissey|Soft-Boiled|p2a: Blissey
|-heal|p2a: Blissey|73/100
|
|-weather|Sandstorm|[upkeep]
|-damage|p2a: Blissey|67/100|[from] Sandstorm
|-heal|p2a: Blissey|73/100|[from] item: Leftovers
|upkeep
|turn|27
|
|t:|1729793829
|move|p1a: Dugtrio|Earthquake|p2a: Blissey
|-damage|p2a: Blissey|36/100
|move|p2a: Blissey|Soft-Boiled|p2a: Blissey
|-heal|p2a: Blissey|86/100
|
|-weather|Sandstorm|[upkeep]
|-damage|p2a: Blissey|80/100|[from] Sandstorm
|-heal|p2a: Blissey|86/100|[from] item: Leftovers
|upkeep
|turn|28
|
|t:|1729793833
|move|p1a: Dugtrio|Earthquake|p2a: Blissey
|-damage|p2a: Blissey|53/100
|move|p2a: Blissey|Soft-Boiled|p2a: Blissey
|-heal|p2a: Blissey|100/100
|
|-weather|Sandstorm|[upkeep]
|-damage|p2a: Blissey|94/100|[from] Sandstorm
|-heal|p2a: Blissey|100/100|[from] item: Leftovers
|upkeep
|turn|29
|
|t:|1729793835
|move|p1a: Dugtrio|Earthquake|p2a: Blissey
|-damage|p2a: Blissey|66/100
|move|p2a: Blissey|Wish|p2a: Blissey
|
|-weather|Sandstorm|[upkeep]
|-damage|p2a: Blissey|60/100|[from] Sandstorm
|-heal|p2a: Blissey|66/100|[from] item: Leftovers
|upkeep
|turn|30
|inactive|TRXXJEH has 120 seconds left.
|
|t:|1729793840
|move|p1a: Dugtrio|Earthquake|p2a: Blissey
|-damage|p2a: Blissey|28/100
|move|p2a: Blissey|Seismic Toss|p1a: Dugtrio
|-damage|p1a: Dugtrio|0 fnt
|faint|p1a: Dugtrio
|
|t:|1729793845
|switch|p1a: Jolteon|Jolteon, F|88/100
|
|-heal|p2a: Blissey|78/100|[from] move: Wish|[wisher] Blissey
|-weather|Sandstorm|[upkeep]
|-damage|p1a: Jolteon|82/100|[from] Sandstorm
|-damage|p2a: Blissey|72/100|[from] Sandstorm
|-heal|p1a: Jolteon|88/100|[from] item: Leftovers
|-heal|p2a: Blissey|78/100|[from] item: Leftovers
|upkeep
|turn|31
|
|t:|1729793850
|move|p1a: Jolteon|Substitute|p1a: Jolteon
|-start|p1a: Jolteon|Substitute
|-damage|p1a: Jolteon|63/100
|move|p2a: Blissey|Seismic Toss|p1a: Jolteon
|-end|p1a: Jolteon|Substitute
|
|-weather|Sandstorm|[upkeep]
|-damage|p1a: Jolteon|57/100|[from] Sandstorm
|-damage|p2a: Blissey|72/100|[from] Sandstorm
|-heal|p1a: Jolteon|63/100|[from] item: Leftovers
|-heal|p2a: Blissey|78/100|[from] item: Leftovers
|upkeep
|turn|32
|
|t:|1729793852
|move|p1a: Jolteon|Thunderbolt|p2a: Blissey
|-damage|p2a: Blissey|61/100
|move|p2a: Blissey|Seismic Toss|p1a: Jolteon
|-damage|p1a: Jolteon|26/100
|
|-weather|Sandstorm|[upkeep]
|-damage|p1a: Jolteon|20/100|[from] Sandstorm
|-damage|p2a: Blissey|55/100|[from] Sandstorm
|-heal|p1a: Jolteon|26/100|[from] item: Leftovers
|-heal|p2a: Blissey|61/100|[from] item: Leftovers
|upkeep
|turn|33
|
|t:|1729793856
|move|p1a: Jolteon|Thunderbolt|p2a: Blissey
|-damage|p2a: Blissey|46/100
|move|p2a: Blissey|Seismic Toss|p1a: Jolteon
|-damage|p1a: Jolteon|0 fnt
|faint|p1a: Jolteon
|
|win|naisuneicha
|c|☆naisuneicha|gg

</script>
<script type="application/json" class="data" id="replaydata-smogtours-gen3ou-801586">
{"id":"smogtours-gen3ou-801586","format":"[Gen 3] OU","players":["TRXXJEH","naisuneicha"],"uploadtime":1729793856,"views":82,"formatid":"gen3ou","rating":null,"private":0,"password":null}
</script>

<script defer src="js/replays.js?9d40a366"></script>
