<!DOCTYPE html>
<meta charset="utf-8" />
<meta name="viewport" content="width=device-width" />

<title>[Gen 3] OU: lacoot vs. mkizzy - Replays - Pok&eacute;mon Showdown!</title>

<meta name="description" content="Watch a replay of a Pok&eacute;mon battle between lacoot and mkizzy! Format: [Gen 3] OU; Date: Oct 3, 2024" />
<!--

Hey, you! Looking in the source for the replay log?

You can find them in JSON format, just add `.json` at the end of a replay URL.

https://replay.pokemonshowdown.com/gen7randomdoublesbattle-865046831.json

Or, if you only need the log itself, add `.log` instead:

https://replay.pokemonshowdown.com/gen7randomdoublesbattle-865046831.log

-->

<link rel="stylesheet" href="//pokemonshowdown.com/style/global.css?0.767286132409787" />
<link rel="stylesheet" href="//play.pokemonshowdown.com/style/font-awesome.css?0.9266228007934947" />
<link rel="stylesheet" href="//play.pokemonshowdown.com/style/battle.css?0.7924700842790926" />
<link rel="stylesheet" href="//play.pokemonshowdown.com/style/utilichart.css?0.8777417872839479" />

<!-- Global site tag (gtag.js) - Google Analytics -->
<script async src="https://www.googletagmanager.com/gtag/js?id=UA-26211653-1"></script>
<script>
  window.dataLayer = window.dataLayer || [];
  function gtag(){dataLayer.push(arguments);}
  gtag('js', new Date());

  gtag('config', 'UA-26211653-1');
</script>
<!-- End Google Analytics -->
<!-- Venatus Ad Manager - Install in <HEAD> of page -->
	<script src="https://hb.vntsm.com/v3/live/ad-manager.min.js" type="text/javascript" data-site-id="642aba63ec9a7b11c3c9c1be" data-mode="scan" async></script>
<!-- / Venatus Ad Manager -->

<style>
	@media (max-width:820px) {
		.battle {
			margin: 0 auto;
		}
		.battle-log {
			margin: 7px auto 0;
			max-width: 640px;
			height: 300px;
			position: static;
		}
	}
	.optgroup {
		display: inline-block;
		line-height: 22px;
		font-size: 10pt;
	}
	.optgroup .button {
		height: 25px;
		padding-top: 0;
		padding-bottom: 0;
	}
	.optgroup button.button {
		padding-left: 12px;
		padding-right: 12px;
	}
	.linklist {
		list-style: none;
		margin: 0.5em 0;
		padding: 0;
	}
	.linklist li {
		padding: 2px 0;
	}
	.sidebar {
		float: left;
		width: 320px;
	}
	.bar-wrapper {
		max-width: 1100px;
		margin: 0 auto;
	}
	.bar-wrapper.has-sidebar {
		max-width: 1430px;
	}
	.mainbar {
		margin: 0;
		padding-right: 1px;
	}
	.mainbar.has-sidebar {
		margin-left: 330px;
	}
	@media (min-width: 1511px) {
		.sidebar {
			width: 400px;
		}
		.bar-wrapper.has-sidebar {
			max-width: 1510px;
		}
		.mainbar.has-sidebar {
			margin-left: 410px;
		}
	}
	.section.first-section {
		margin-top: 9px;
	}
	.blocklink small {
		white-space: normal;
	}
	.button {
		vertical-align: middle;
	}
	.replay-controls {
		padding-top: 10px;
	}
	.replay-controls h1 {
		font-size: 16pt;
		font-weight: normal;
		color: #CCC;
	}
	.pagelink {
		text-align: center;
	}
	.pagelink a {
		width: 150px;
	}
	.textbox, .button {
		font-size: 11pt;
		vertical-align: middle;
	}
	@media (max-width: 450px) {
		.button {
			font-size: 9pt;
		}
	}
</style>

<div>

	<header>
		<div class="nav-wrapper"><ul class="nav">
			<li><a class="button nav-first" href="//pokemonshowdown.com/"><img src="//pokemonshowdown.com/images/pokemonshowdownbeta.png" srcset="//pokemonshowdown.com/images/pokemonshowdownbeta.png 1x, //pokemonshowdown.com/images/pokemonshowdownbeta@2x.png 2x" alt="Pok&eacute;mon Showdown" width="146" height="44" /> Home</a></li>
			<li><a class="button" href="//pokemonshowdown.com/dex/">Pok&eacute;dex</a></li>
			<li><a class="button cur" href="/">Replays</a></li>
			<li><a class="button" href="//pokemonshowdown.com/ladder/">Ladder</a></li>
			<li><a class="button nav-last" href="//pokemonshowdown.com/forums/">Forum</a></li>
			<li><a class="button greenbutton nav-first nav-last" href="//play.pokemonshowdown.com/">Play</a></li>
		</ul></div>
	</header>

	<div class="main" id="main">

		<noscript><section class="section">You need to enable JavaScript to use this page; sorry!</section></noscript>

	</div>

</div>

<script defer nomodule src="//play.pokemonshowdown.com/js/lib/ps-polyfill.js"></script>
<script defer src="//play.pokemonshowdown.com/js/lib/preact.min.js"></script>

<script defer src="//play.pokemonshowdown.com/config/config.js?6dec07f6"></script>
<script defer src="//play.pokemonshowdown.com/js/lib/jquery-1.11.0.min.js"></script>
<script defer src="//play.pokemonshowdown.com/js/lib/html-sanitizer-minified.js"></script>
<script defer src="//play.pokemonshowdown.com/js/battle-sound.js"></script>
<script defer src="//play.pokemonshowdown.com/js/battledata.js?0.6315294753075389"></script>
<script defer src="//play.pokemonshowdown.com/data/pokedex-mini.js?0.7603743185311358"></script>
<script defer src="//play.pokemonshowdown.com/data/pokedex-mini-bw.js?0.030888842834281283"></script>
<script defer src="//play.pokemonshowdown.com/data/graphics.js?0.05593094747507488"></script>
<script defer src="//play.pokemonshowdown.com/data/pokedex.js?0.47064822249611904"></script>
<script defer src="//play.pokemonshowdown.com/data/moves.js?0.8583693120512459"></script>
<script defer src="//play.pokemonshowdown.com/data/abilities.js?0.16017181182386842"></script>
<script defer src="//play.pokemonshowdown.com/data/items.js?0.4163379185673943"></script>
<script defer src="//play.pokemonshowdown.com/data/teambuilder-tables.js?0.31075597372830477"></script>
<script defer src="//play.pokemonshowdown.com/js/battle-tooltips.js?0.6536193500708172"></script>
<script defer src="//play.pokemonshowdown.com/js/battle.js?0.1916591943277901"></script>

<script defer src="js/utils.js?e31f9a17"></script>
<script defer src="js/replays-battle.js?7008c182"></script>

<!-- don't scrape this data! just add .json or .log after the URL!
Full API docs: https://github.com/smogon/pokemon-showdown-client/blob/master/WEB-API.md -->
<script type="text/plain" class="log" id="replaylog-smogtours-gen3ou-794398">
|inactive|Battle timer is ON: inactive players will automatically lose when time's up.
|t:|1727990600
|gametype|singles
|player|p1|lacoot|medium|
|player|p2|mkizzy|brock-gen2|
|teamsize|p1|6
|teamsize|p2|6
|gen|3
|tier|[Gen 3] OU
|rule|Sleep Clause Mod: Limit one foe put to sleep
|rule|Switch Priority Clause Mod: Faster Pokémon switch first
|rule|Species Clause: Limit one of each Pokémon
|rule|OHKO Clause: OHKO moves are banned
|rule|Evasion Items Clause: Evasion items are banned
|rule|Evasion Moves Clause: Evasion moves are banned
|rule|Endless Battle Clause: Forcing endless battles is banned
|rule|HP Percentage Mod: HP is shown in percentages
|rule|One Boost Passer Clause: Limit one Baton Passer that has a way to boost its stats
|rule|Freeze Clause Mod: Limit one foe frozen
|
|t:|1727990600
|start
|switch|p1a: Tyranocif|Tyranitar, M|100/100
|switch|p2a: Zapdos|Zapdos|100/100
|-weather|Sandstorm|[from] ability: Sand Stream|[of] p1a: Tyranocif
|turn|1
|c|☆mkizzy|hf
|c|☆lacoot|u2
|
|t:|1727990614
|-singleturn|p1a: Tyranocif|move: Focus Punch
|switch|p2a: Swampert|Swampert, F|100/100
|move|p1a: Tyranocif|Focus Punch|p2a: Swampert
|-damage|p2a: Swampert|50/100
|
|-weather|Sandstorm|[upkeep]
|-heal|p2a: Swampert|57/100|[from] item: Leftovers
|upkeep
|turn|2
|
|t:|1727990623
|switch|p1a: Biselebi|Celebi|100/100
|move|p2a: Swampert|Hydro Pump|p1a: Biselebi
|-resisted|p1a: Biselebi
|-damage|p1a: Biselebi|78/100
|
|-weather|Sandstorm|[upkeep]
|-damage|p1a: Biselebi|72/100|[from] Sandstorm
|-heal|p1a: Biselebi|78/100|[from] item: Leftovers
|-heal|p2a: Swampert|63/100|[from] item: Leftovers
|upkeep
|turn|3
|
|t:|1727990634
|switch|p2a: Salamence|Salamence, F|100/100
|-ability|p2a: Salamence|Intimidate|boost
|-unboost|p1a: Biselebi|atk|1
|move|p1a: Biselebi|Leech Seed|p2a: Salamence
|-start|p2a: Salamence|move: Leech Seed
|
|-weather|Sandstorm|[upkeep]
|-damage|p1a: Biselebi|72/100|[from] Sandstorm
|-damage|p2a: Salamence|94/100|[from] Sandstorm
|-heal|p1a: Biselebi|78/100|[from] item: Leftovers
|-heal|p2a: Salamence|100/100|[from] item: Leftovers
|-damage|p2a: Salamence|88/100|[from] Leech Seed|[of] p1a: Biselebi
|-heal|p1a: Biselebi|89/100|[silent]
|upkeep
|turn|4
|inactive|lacoot has 270 seconds left.
|inactive|lacoot has 240 seconds left.
|
|t:|1727990704
|switch|p2a: Zapdos|Zapdos|100/100
|move|p1a: Biselebi|Psychic|p2a: Zapdos
|-damage|p2a: Zapdos|57/100
|
|-weather|Sandstorm|[upkeep]
|-damage|p1a: Biselebi|83/100|[from] Sandstorm
|-damage|p2a: Zapdos|50/100|[from] Sandstorm
|-heal|p1a: Biselebi|89/100|[from] item: Leftovers
|-heal|p2a: Zapdos|57/100|[from] item: Leftovers
|upkeep
|turn|5
|
|t:|1727990723
|switch|p2a: Tyranitar|Tyranitar, M|100/100
|move|p1a: Biselebi|Psychic|p2a: Tyranitar
|-immune|p2a: Tyranitar
|
|-weather|Sandstorm|[upkeep]
|-damage|p1a: Biselebi|83/100|[from] Sandstorm
|-heal|p1a: Biselebi|89/100|[from] item: Leftovers
|upkeep
|turn|6
|
|t:|1727990748
|switch|p1a: Srmory|Skarmory, F|100/100
|move|p2a: Tyranitar|Dragon Dance|p2a: Tyranitar
|-boost|p2a: Tyranitar|atk|1
|-boost|p2a: Tyranitar|spe|1
|
|-weather|Sandstorm|[upkeep]
|upkeep
|turn|7
|
|t:|1727990756
|move|p2a: Tyranitar|Rock Slide|p1a: Srmory|[miss]
|-miss|p2a: Tyranitar|p1a: Srmory
|move|p1a: Srmory|Toxic|p2a: Tyranitar|[miss]
|-miss|p1a: Srmory|p2a: Tyranitar
|
|-weather|Sandstorm|[upkeep]
|upkeep
|turn|8
|
|t:|1727990769
|move|p2a: Tyranitar|Rock Slide|p1a: Srmory|[miss]
|-miss|p2a: Tyranitar|p1a: Srmory
|move|p1a: Srmory|Toxic|p2a: Tyranitar
|-status|p2a: Tyranitar|tox
|
|-weather|Sandstorm|[upkeep]
|-damage|p2a: Tyranitar|94/100 tox|[from] psn
|upkeep
|turn|9
|
|t:|1727990776
|switch|p2a: Zapdos|Zapdos|57/100
|switch|p1a: Perty my boy|Swampert, M|100/100
|
|-weather|Sandstorm|[upkeep]
|-damage|p2a: Zapdos|50/100|[from] Sandstorm
|-heal|p2a: Zapdos|57/100|[from] item: Leftovers
|upkeep
|turn|10
|
|t:|1727990782
|move|p1a: Perty my boy|Protect|p1a: Perty my boy
|-singleturn|p1a: Perty my boy|Protect
|move|p2a: Zapdos|Toxic|p1a: Perty my boy|[miss]
|-miss|p2a: Zapdos|p1a: Perty my boy
|
|-weather|Sandstorm|[upkeep]
|-damage|p2a: Zapdos|50/100|[from] Sandstorm
|-heal|p2a: Zapdos|57/100|[from] item: Leftovers
|upkeep
|turn|11
|inactive|lacoot has 240 seconds left.
|
|t:|1727990796
|switch|p2a: Metagross|Metagross|100/100
|switch|p1a: Biselebi|Celebi|89/100
|
|-weather|Sandstorm|[upkeep]
|-damage|p1a: Biselebi|83/100|[from] Sandstorm
|-heal|p1a: Biselebi|89/100|[from] item: Leftovers
|upkeep
|turn|12
|inactive|lacoot has 240 seconds left.
|
|t:|1727990831
|move|p1a: Biselebi|Leech Seed|p2a: Metagross
|-start|p2a: Metagross|move: Leech Seed
|move|p2a: Metagross|Hidden Power|p1a: Biselebi
|-supereffective|p1a: Biselebi
|-damage|p1a: Biselebi|46/100
|
|-weather|Sandstorm|[upkeep]
|-damage|p1a: Biselebi|40/100|[from] Sandstorm
|-heal|p1a: Biselebi|46/100|[from] item: Leftovers
|-damage|p2a: Metagross|88/100|[from] Leech Seed|[of] p1a: Biselebi
|-heal|p1a: Biselebi|57/100|[silent]
|upkeep
|turn|13
|
|t:|1727990842
|switch|p2a: Tyranitar|Tyranitar, M|94/100 tox
|move|p1a: Biselebi|Hidden Power|p2a: Tyranitar
|-resisted|p2a: Tyranitar
|-damage|p2a: Tyranitar|84/100 tox
|
|-weather|Sandstorm|[upkeep]
|-damage|p1a: Biselebi|51/100|[from] Sandstorm
|-heal|p1a: Biselebi|57/100|[from] item: Leftovers
|-heal|p2a: Tyranitar|90/100 tox|[from] item: Leftovers
|-damage|p2a: Tyranitar|84/100 tox|[from] psn
|upkeep
|turn|14
|
|t:|1727990852
|switch|p1a: Srmory|Skarmory, F|100/100
|move|p2a: Tyranitar|Dragon Dance|p2a: Tyranitar
|-boost|p2a: Tyranitar|atk|1
|-boost|p2a: Tyranitar|spe|1
|
|-weather|Sandstorm|[upkeep]
|-heal|p2a: Tyranitar|90/100 tox|[from] item: Leftovers
|-damage|p2a: Tyranitar|78/100 tox|[from] psn
|upkeep
|turn|15
|
|t:|1727990858
|move|p2a: Tyranitar|Rock Slide|p1a: Srmory
|-damage|p1a: Srmory|56/100
|cant|p1a: Srmory|flinch
|
|-weather|Sandstorm|[upkeep]
|-heal|p2a: Tyranitar|84/100 tox|[from] item: Leftovers
|-damage|p2a: Tyranitar|65/100 tox|[from] psn
|-heal|p1a: Srmory|62/100|[from] item: Leftovers
|upkeep
|turn|16
|inactive|lacoot has 240 seconds left.
|
|t:|1727990864
|switch|p1a: Perty my boy|Swampert, M|100/100
|move|p2a: Tyranitar|Rock Slide|p1a: Perty my boy
|-resisted|p1a: Perty my boy
|-crit|p1a: Perty my boy
|-damage|p1a: Perty my boy|56/100
|
|-weather|Sandstorm|[upkeep]
|-heal|p2a: Tyranitar|72/100 tox|[from] item: Leftovers
|-damage|p2a: Tyranitar|47/100 tox|[from] psn
|-heal|p1a: Perty my boy|62/100|[from] item: Leftovers
|upkeep
|turn|17
|
|t:|1727990874
|move|p2a: Tyranitar|Double-Edge|p1a: Perty my boy
|-damage|p1a: Perty my boy|15/100
|-damage|p2a: Tyranitar|30/100 tox|[from] Recoil|[of] p1a: Perty my boy
|move|p1a: Perty my boy|Ice Beam|p2a: Tyranitar
|-damage|p2a: Tyranitar|11/100 tox
|
|-weather|Sandstorm|[upkeep]
|-heal|p2a: Tyranitar|18/100 tox|[from] item: Leftovers
|-damage|p2a: Tyranitar|0 fnt|[from] psn
|faint|p2a: Tyranitar
|-heal|p1a: Perty my boy|21/100|[from] item: Leftovers
|upkeep
|
|t:|1727990896
|switch|p2a: Metagross|Metagross|88/100
|turn|18
|
|t:|1727990911
|move|p1a: Perty my boy|Protect|p1a: Perty my boy
|-singleturn|p1a: Perty my boy|Protect
|move|p2a: Metagross|Psychic|p1a: Perty my boy
|-activate|p1a: Perty my boy|Protect
|
|-weather|Sandstorm|[upkeep]
|-heal|p2a: Metagross|94/100|[from] item: Leftovers
|-heal|p1a: Perty my boy|27/100|[from] item: Leftovers
|upkeep
|turn|19
|inactive|lacoot has 240 seconds left.
|
|t:|1727990937
|switch|p1a: ATAT|Starmie, shiny|100/100
|move|p2a: Metagross|Psychic|p1a: ATAT
|-resisted|p1a: ATAT
|-damage|p1a: ATAT|72/100
|
|-weather|Sandstorm|[upkeep]
|-damage|p1a: ATAT|66/100|[from] Sandstorm
|-heal|p1a: ATAT|72/100|[from] item: Leftovers
|-heal|p2a: Metagross|100/100|[from] item: Leftovers
|upkeep
|turn|20
|inactive|mkizzy has 270 seconds left.
|
|t:|1727990968
|move|p1a: ATAT|Surf|p2a: Metagross
|-damage|p2a: Metagross|47/100
|move|p2a: Metagross|Explosion|p1a: ATAT
|-damage|p1a: ATAT|0 fnt
|faint|p2a: Metagross
|faint|p1a: ATAT
|inactive|lacoot has 240 seconds left.
|inactive|mkizzy has 270 seconds left.
|
|t:|1727990985
|switch|p1a: Perty my boy|Swampert, M|27/100
|switch|p2a: Swampert|Swampert, F|63/100
|
|-weather|Sandstorm|[upkeep]
|-heal|p1a: Perty my boy|33/100|[from] item: Leftovers
|-heal|p2a: Swampert|69/100|[from] item: Leftovers
|upkeep
|turn|21
|inactive|lacoot has 240 seconds left.
|inactive|mkizzy has 270 seconds left.
|
|t:|1727991003
|move|p1a: Perty my boy|Protect|p1a: Perty my boy
|-singleturn|p1a: Perty my boy|Protect
|move|p2a: Swampert|Hydro Pump|p1a: Perty my boy
|-activate|p1a: Perty my boy|Protect
|
|-weather|Sandstorm|[upkeep]
|-heal|p1a: Perty my boy|39/100|[from] item: Leftovers
|-heal|p2a: Swampert|75/100|[from] item: Leftovers
|upkeep
|turn|22
|
|t:|1727991008
|switch|p1a: Biselebi|Celebi|57/100
|move|p2a: Swampert|Ice Beam|p1a: Biselebi
|-supereffective|p1a: Biselebi
|-damage|p1a: Biselebi|7/100
|
|-weather|Sandstorm|[upkeep]
|-damage|p1a: Biselebi|0 fnt|[from] Sandstorm
|faint|p1a: Biselebi
|-heal|p2a: Swampert|82/100|[from] item: Leftovers
|upkeep
|c|☆lacoot|wp
|
|t:|1727991017
|switch|p1a: Srmory|Skarmory, F|62/100
|turn|23
|
|t:|1727991022
|move|p1a: Srmory|Spikes|p2a: Swampert
|-sidestart|p2: mkizzy|Spikes
|move|p2a: Swampert|Hydro Pump|p1a: Srmory
|-damage|p1a: Srmory|14/100
|
|-weather|Sandstorm|[upkeep]
|-heal|p1a: Srmory|20/100|[from] item: Leftovers
|-heal|p2a: Swampert|88/100|[from] item: Leftovers
|upkeep
|turn|24
|
|t:|1727991027
|move|p1a: Srmory|Toxic|p2a: Swampert|[miss]
|-miss|p1a: Srmory|p2a: Swampert
|move|p2a: Swampert|Hydro Pump|p1a: Srmory
|-damage|p1a: Srmory|0 fnt
|faint|p1a: Srmory
|inactive|lacoot has 270 seconds left.
|
|t:|1727991037
|switch|p1a: Perty my boy|Swampert, M|39/100
|
|-weather|Sandstorm|[upkeep]
|-heal|p1a: Perty my boy|46/100|[from] item: Leftovers
|-heal|p2a: Swampert|94/100|[from] item: Leftovers
|upkeep
|turn|25
|
|t:|1727991042
|move|p1a: Perty my boy|Surf|p2a: Swampert
|-damage|p2a: Swampert|66/100
|move|p2a: Swampert|Hydro Pump|p1a: Perty my boy
|-crit|p1a: Perty my boy
|-damage|p1a: Perty my boy|0 fnt
|faint|p1a: Perty my boy
|
|t:|1727991055
|switch|p1a: Aerosmacksyo|Aerodactyl, M|100/100
|
|-weather|Sandstorm|[upkeep]
|-heal|p2a: Swampert|72/100|[from] item: Leftovers
|upkeep
|turn|26
|
|t:|1727991060
|move|p1a: Aerosmacksyo|Substitute|p1a: Aerosmacksyo
|-start|p1a: Aerosmacksyo|Substitute
|-damage|p1a: Aerosmacksyo|76/100
|move|p2a: Swampert|Hydro Pump|p1a: Aerosmacksyo
|-supereffective|p1a: Aerosmacksyo
|-end|p1a: Aerosmacksyo|Substitute
|
|-weather|Sandstorm|[upkeep]
|-heal|p2a: Swampert|78/100|[from] item: Leftovers
|upkeep
|turn|27
|
|t:|1727991067
|move|p1a: Aerosmacksyo|Double-Edge|p2a: Swampert
|-crit|p2a: Swampert
|-damage|p2a: Swampert|10/100
|move|p2a: Swampert|Ice Beam|p1a: Aerosmacksyo
|-supereffective|p1a: Aerosmacksyo
|-damage|p1a: Aerosmacksyo|0 fnt
|faint|p1a: Aerosmacksyo
|
|t:|1727991077
|switch|p1a: Tyranocif|Tyranitar, M|100/100
|
|-weather|Sandstorm|[upkeep]
|-heal|p2a: Swampert|16/100|[from] item: Leftovers
|upkeep
|turn|28
|
|t:|1727991082
|move|p1a: Tyranocif|Earthquake|p2a: Swampert
|-damage|p2a: Swampert|0 fnt
|faint|p2a: Swampert
|
|t:|1727991087
|switch|p2a: Suicune|Suicune|100/100
|-damage|p2a: Suicune|88/100|[from] Spikes
|
|-weather|Sandstorm|[upkeep]
|-damage|p2a: Suicune|82/100|[from] Sandstorm
|-heal|p2a: Suicune|88/100|[from] item: Leftovers
|upkeep
|turn|29
|
|t:|1727991090
|move|p2a: Suicune|Hydro Pump|p1a: Tyranocif|[miss]
|-miss|p2a: Suicune|p1a: Tyranocif
|move|p1a: Tyranocif|Rock Slide|p2a: Suicune|[miss]
|-miss|p1a: Tyranocif|p2a: Suicune
|
|-weather|Sandstorm|[upkeep]
|-damage|p2a: Suicune|82/100|[from] Sandstorm
|-heal|p2a: Suicune|88/100|[from] item: Leftovers
|upkeep
|turn|30
|
|t:|1727991094
|move|p2a: Suicune|Hydro Pump|p1a: Tyranocif
|-supereffective|p1a: Tyranocif
|-damage|p1a: Tyranocif|10/100
|move|p1a: Tyranocif|Earthquake|p2a: Suicune
|-damage|p2a: Suicune|62/100
|
|-weather|Sandstorm|[upkeep]
|-damage|p2a: Suicune|55/100|[from] Sandstorm
|-heal|p2a: Suicune|62/100|[from] item: Leftovers
|-heal|p1a: Tyranocif|16/100|[from] item: Leftovers
|upkeep
|turn|31
|c|☆lacoot|gg
|c|☆mkizzy|ggs
|
|t:|1727991101
|move|p2a: Suicune|Ice Beam|p1a: Tyranocif
|-damage|p1a: Tyranocif|0 fnt
|faint|p1a: Tyranocif
|
|win|mkizzy
|c|☆mkizzy|sry for rng moments
|player|p2|
|c|☆lacoot|yeah one thing happens and i spiral and start clicking
|c|☆lacoot|wp regardless. was fun.

</script>
<script type="application/json" class="data" id="replaydata-smogtours-gen3ou-794398">
{"id":"smogtours-gen3ou-794398","format":"[Gen 3] OU","players":["lacoot","mkizzy"],"uploadtime":1727991101,"views":111,"formatid":"gen3ou","rating":null,"private":0,"password":null}
</script>

<script defer src="js/replays.js?9d40a366"></script>
