<!DOCTYPE html>
<meta charset="utf-8" />
<meta name="viewport" content="width=device-width" />

<title>[Gen 3] OU: bebra322 vs. woeishuen - Replays - Pok&eacute;mon Showdown!</title>

<meta name="description" content="Watch a replay of a Pok&eacute;mon battle between bebra322 and woeishuen! Format: [Gen 3] OU; Date: Oct 5, 2024" />
<!--

Hey, you! Looking in the source for the replay log?

You can find them in JSON format, just add `.json` at the end of a replay URL.

https://replay.pokemonshowdown.com/gen7randomdoublesbattle-865046831.json

Or, if you only need the log itself, add `.log` instead:

https://replay.pokemonshowdown.com/gen7randomdoublesbattle-865046831.log

-->

<link rel="stylesheet" href="//pokemonshowdown.com/style/global.css?0.767286132409787" />
<link rel="stylesheet" href="//play.pokemonshowdown.com/style/font-awesome.css?0.9266228007934947" />
<link rel="stylesheet" href="//play.pokemonshowdown.com/style/battle.css?0.7924700842790926" />
<link rel="stylesheet" href="//play.pokemonshowdown.com/style/utilichart.css?0.8777417872839479" />

<!-- Global site tag (gtag.js) - Google Analytics -->
<script async src="https://www.googletagmanager.com/gtag/js?id=UA-26211653-1"></script>
<script>
  window.dataLayer = window.dataLayer || [];
  function gtag(){dataLayer.push(arguments);}
  gtag('js', new Date());

  gtag('config', 'UA-26211653-1');
</script>
<!-- End Google Analytics -->
<!-- Venatus Ad Manager - Install in <HEAD> of page -->
	<script src="https://hb.vntsm.com/v3/live/ad-manager.min.js" type="text/javascript" data-site-id="642aba63ec9a7b11c3c9c1be" data-mode="scan" async></script>
<!-- / Venatus Ad Manager -->

<style>
	@media (max-width:820px) {
		.battle {
			margin: 0 auto;
		}
		.battle-log {
			margin: 7px auto 0;
			max-width: 640px;
			height: 300px;
			position: static;
		}
	}
	.optgroup {
		display: inline-block;
		line-height: 22px;
		font-size: 10pt;
	}
	.optgroup .button {
		height: 25px;
		padding-top: 0;
		padding-bottom: 0;
	}
	.optgroup button.button {
		padding-left: 12px;
		padding-right: 12px;
	}
	.linklist {
		list-style: none;
		margin: 0.5em 0;
		padding: 0;
	}
	.linklist li {
		padding: 2px 0;
	}
	.sidebar {
		float: left;
		width: 320px;
	}
	.bar-wrapper {
		max-width: 1100px;
		margin: 0 auto;
	}
	.bar-wrapper.has-sidebar {
		max-width: 1430px;
	}
	.mainbar {
		margin: 0;
		padding-right: 1px;
	}
	.mainbar.has-sidebar {
		margin-left: 330px;
	}
	@media (min-width: 1511px) {
		.sidebar {
			width: 400px;
		}
		.bar-wrapper.has-sidebar {
			max-width: 1510px;
		}
		.mainbar.has-sidebar {
			margin-left: 410px;
		}
	}
	.section.first-section {
		margin-top: 9px;
	}
	.blocklink small {
		white-space: normal;
	}
	.button {
		vertical-align: middle;
	}
	.replay-controls {
		padding-top: 10px;
	}
	.replay-controls h1 {
		font-size: 16pt;
		font-weight: normal;
		color: #CCC;
	}
	.pagelink {
		text-align: center;
	}
	.pagelink a {
		width: 150px;
	}
	.textbox, .button {
		font-size: 11pt;
		vertical-align: middle;
	}
	@media (max-width: 450px) {
		.button {
			font-size: 9pt;
		}
	}
</style>

<div>

	<header>
		<div class="nav-wrapper"><ul class="nav">
			<li><a class="button nav-first" href="//pokemonshowdown.com/"><img src="//pokemonshowdown.com/images/pokemonshowdownbeta.png" srcset="//pokemonshowdown.com/images/pokemonshowdownbeta.png 1x, //pokemonshowdown.com/images/pokemonshowdownbeta@2x.png 2x" alt="Pok&eacute;mon Showdown" width="146" height="44" /> Home</a></li>
			<li><a class="button" href="//pokemonshowdown.com/dex/">Pok&eacute;dex</a></li>
			<li><a class="button cur" href="/">Replays</a></li>
			<li><a class="button" href="//pokemonshowdown.com/ladder/">Ladder</a></li>
			<li><a class="button nav-last" href="//pokemonshowdown.com/forums/">Forum</a></li>
			<li><a class="button greenbutton nav-first nav-last" href="//play.pokemonshowdown.com/">Play</a></li>
		</ul></div>
	</header>

	<div class="main" id="main">

		<noscript><section class="section">You need to enable JavaScript to use this page; sorry!</section></noscript>

	</div>

</div>

<script defer nomodule src="//play.pokemonshowdown.com/js/lib/ps-polyfill.js"></script>
<script defer src="//play.pokemonshowdown.com/js/lib/preact.min.js"></script>

<script defer src="//play.pokemonshowdown.com/config/config.js?6dec07f6"></script>
<script defer src="//play.pokemonshowdown.com/js/lib/jquery-1.11.0.min.js"></script>
<script defer src="//play.pokemonshowdown.com/js/lib/html-sanitizer-minified.js"></script>
<script defer src="//play.pokemonshowdown.com/js/battle-sound.js"></script>
<script defer src="//play.pokemonshowdown.com/js/battledata.js?0.6315294753075389"></script>
<script defer src="//play.pokemonshowdown.com/data/pokedex-mini.js?0.7603743185311358"></script>
<script defer src="//play.pokemonshowdown.com/data/pokedex-mini-bw.js?0.030888842834281283"></script>
<script defer src="//play.pokemonshowdown.com/data/graphics.js?0.05593094747507488"></script>
<script defer src="//play.pokemonshowdown.com/data/pokedex.js?0.47064822249611904"></script>
<script defer src="//play.pokemonshowdown.com/data/moves.js?0.8583693120512459"></script>
<script defer src="//play.pokemonshowdown.com/data/abilities.js?0.16017181182386842"></script>
<script defer src="//play.pokemonshowdown.com/data/items.js?0.4163379185673943"></script>
<script defer src="//play.pokemonshowdown.com/data/teambuilder-tables.js?0.31075597372830477"></script>
<script defer src="//play.pokemonshowdown.com/js/battle-tooltips.js?0.6536193500708172"></script>
<script defer src="//play.pokemonshowdown.com/js/battle.js?0.1916591943277901"></script>

<script defer src="js/utils.js?e31f9a17"></script>
<script defer src="js/replays-battle.js?7008c182"></script>

<!-- don't scrape this data! just add .json or .log after the URL!
Full API docs: https://github.com/smogon/pokemon-showdown-client/blob/master/WEB-API.md -->
<script type="text/plain" class="log" id="replaylog-smogtours-gen3ou-794858">
|inactive|Battle timer is ON: inactive players will automatically lose when time's up.
|t:|1728125531
|gametype|singles
|player|p1|bebra322|266|
|player|p2|woeishuen|102|
|teamsize|p1|6
|teamsize|p2|6
|gen|3
|tier|[Gen 3] OU
|rule|Sleep Clause Mod: Limit one foe put to sleep
|rule|Switch Priority Clause Mod: Faster Pokémon switch first
|rule|Species Clause: Limit one of each Pokémon
|rule|OHKO Clause: OHKO moves are banned
|rule|Evasion Items Clause: Evasion items are banned
|rule|Evasion Moves Clause: Evasion moves are banned
|rule|Endless Battle Clause: Forcing endless battles is banned
|rule|HP Percentage Mod: HP is shown in percentages
|rule|One Boost Passer Clause: Limit one Baton Passer that has a way to boost its stats
|rule|Freeze Clause Mod: Limit one foe frozen
|
|t:|1728125531
|start
|switch|p1a: Zapdos|Zapdos|100/100
|switch|p2a: Tyranitar|Tyranitar, F|100/100
|-weather|Sandstorm|[from] ability: Sand Stream|[of] p2a: Tyranitar
|turn|1
|c|☆woeishuen|glhf
|c|☆bebra322|hf
|
|t:|1728125560
|switch|p1a: Swampert|Swampert, F|100/100
|move|p2a: Tyranitar|Toxic|p1a: Swampert
|-status|p1a: Swampert|tox
|
|-weather|Sandstorm|[upkeep]
|-damage|p1a: Swampert|94/100 tox|[from] psn
|upkeep
|turn|2
|
|t:|1728125587
|switch|p2a: Skarmory|Skarmory, M|100/100
|move|p1a: Swampert|Hydro Pump|p2a: Skarmory
|-damage|p2a: Skarmory|62/100
|
|-weather|Sandstorm|[upkeep]
|-heal|p2a: Skarmory|68/100|[from] item: Leftovers
|-heal|p1a: Swampert|100/100 tox|[from] item: Leftovers
|-damage|p1a: Swampert|88/100 tox|[from] psn
|upkeep
|turn|3
|
|t:|1728125599
|switch|p1a: Zapdos|Zapdos|100/100
|move|p2a: Skarmory|Spikes|p1a: Zapdos
|-sidestart|p1: bebra322|Spikes
|
|-weather|Sandstorm|[upkeep]
|-damage|p1a: Zapdos|94/100|[from] Sandstorm
|-heal|p1a: Zapdos|100/100|[from] item: Leftovers
|-heal|p2a: Skarmory|74/100|[from] item: Leftovers
|upkeep
|turn|4
|
|t:|1728125609
|switch|p2a: Blissey|Blissey, F|100/100
|move|p1a: Zapdos|Thunder Wave|p2a: Blissey
|-status|p2a: Blissey|par
|
|-weather|Sandstorm|[upkeep]
|-damage|p1a: Zapdos|94/100|[from] Sandstorm
|-damage|p2a: Blissey|94/100 par|[from] Sandstorm
|-heal|p1a: Zapdos|100/100|[from] item: Leftovers
|-heal|p2a: Blissey|100/100 par|[from] item: Leftovers
|upkeep
|turn|5
|inactive|bebra322 has 270 seconds left.
|
|t:|1728125625
|switch|p1a: Skarmory|Skarmory, F|100/100
|move|p2a: Blissey|Toxic|p1a: Skarmory
|-immune|p1a: Skarmory
|
|-weather|Sandstorm|[upkeep]
|-damage|p2a: Blissey|94/100 par|[from] Sandstorm
|-heal|p2a: Blissey|100/100 par|[from] item: Leftovers
|upkeep
|turn|6
|inactive|bebra322 has 270 seconds left.
|
|t:|1728125659
|switch|p1a: Swampert|Swampert, F|88/100 tox
|-damage|p1a: Swampert|76/100 tox|[from] Spikes
|-curestatus|p2a: Blissey|par|[from] ability: Natural Cure
|switch|p2a: Skarmory|Skarmory, M|74/100
|
|-weather|Sandstorm|[upkeep]
|-heal|p2a: Skarmory|80/100|[from] item: Leftovers
|-heal|p1a: Swampert|82/100 tox|[from] item: Leftovers
|-damage|p1a: Swampert|76/100 tox|[from] psn
|upkeep
|turn|7
|
|t:|1728125668
|switch|p1a: Zapdos|Zapdos|100/100
|move|p2a: Skarmory|Spikes|p1a: Zapdos
|-sidestart|p1: bebra322|Spikes
|
|-weather|Sandstorm|[upkeep]
|-damage|p1a: Zapdos|94/100|[from] Sandstorm
|-heal|p1a: Zapdos|100/100|[from] item: Leftovers
|-heal|p2a: Skarmory|86/100|[from] item: Leftovers
|upkeep
|turn|8
|
|t:|1728125678
|switch|p2a: Blissey|Blissey, F|100/100
|move|p1a: Zapdos|Thunderbolt|p2a: Blissey
|-damage|p2a: Blissey|83/100
|
|-weather|Sandstorm|[upkeep]
|-damage|p1a: Zapdos|94/100|[from] Sandstorm
|-damage|p2a: Blissey|77/100|[from] Sandstorm
|-heal|p1a: Zapdos|100/100|[from] item: Leftovers
|-heal|p2a: Blissey|83/100|[from] item: Leftovers
|upkeep
|turn|9
|
|t:|1728125689
|switch|p2a: Moltres|Moltres|100/100
|move|p1a: Zapdos|Thunder Wave|p2a: Moltres
|-status|p2a: Moltres|par
|
|-weather|Sandstorm|[upkeep]
|-damage|p1a: Zapdos|94/100|[from] Sandstorm
|-damage|p2a: Moltres|94/100 par|[from] Sandstorm
|-heal|p1a: Zapdos|100/100|[from] item: Leftovers
|-heal|p2a: Moltres|100/100 par|[from] item: Leftovers
|upkeep
|turn|10
|
|t:|1728125705
|switch|p2a: Blissey|Blissey, F|83/100
|move|p1a: Zapdos|Thunderbolt|p2a: Blissey
|-damage|p2a: Blissey|66/100
|
|-weather|Sandstorm|[upkeep]
|-damage|p1a: Zapdos|94/100|[from] Sandstorm
|-damage|p2a: Blissey|60/100|[from] Sandstorm
|-heal|p1a: Zapdos|100/100|[from] item: Leftovers
|-heal|p2a: Blissey|66/100|[from] item: Leftovers
|upkeep
|turn|11
|inactive|bebra322 has 270 seconds left.
|
|t:|1728125714
|switch|p2a: Moltres|Moltres|100/100 par
|move|p1a: Zapdos|Toxic||[still]
|-fail|p1a: Zapdos
|
|-weather|Sandstorm|[upkeep]
|-damage|p1a: Zapdos|94/100|[from] Sandstorm
|-damage|p2a: Moltres|94/100 par|[from] Sandstorm
|-heal|p1a: Zapdos|100/100|[from] item: Leftovers
|-heal|p2a: Moltres|100/100 par|[from] item: Leftovers
|upkeep
|turn|12
|
|t:|1728125724
|switch|p2a: Blissey|Blissey, F|66/100
|move|p1a: Zapdos|Thunderbolt|p2a: Blissey
|-damage|p2a: Blissey|49/100
|-status|p2a: Blissey|par
|
|-weather|Sandstorm|[upkeep]
|-damage|p1a: Zapdos|94/100|[from] Sandstorm
|-damage|p2a: Blissey|43/100 par|[from] Sandstorm
|-heal|p1a: Zapdos|100/100|[from] item: Leftovers
|-heal|p2a: Blissey|49/100 par|[from] item: Leftovers
|upkeep
|turn|13
|
|t:|1728125729
|switch|p1a: Skarmory|Skarmory, F|100/100
|cant|p2a: Blissey|par
|
|-weather|Sandstorm|[upkeep]
|-damage|p2a: Blissey|43/100 par|[from] Sandstorm
|-heal|p2a: Blissey|49/100 par|[from] item: Leftovers
|upkeep
|turn|14
|
|t:|1728125733
|move|p1a: Skarmory|Spikes|p2a: Blissey
|-sidestart|p2: woeishuen|Spikes
|move|p2a: Blissey|Soft-Boiled|p2a: Blissey
|-heal|p2a: Blissey|99/100 par
|
|-weather|Sandstorm|[upkeep]
|-damage|p2a: Blissey|93/100 par|[from] Sandstorm
|-heal|p2a: Blissey|99/100 par|[from] item: Leftovers
|upkeep
|turn|15
|
|t:|1728125741
|-curestatus|p2a: Blissey|par|[from] ability: Natural Cure
|switch|p2a: Moltres|Moltres|100/100 par
|move|p1a: Skarmory|Roar|p2a: Moltres
|drag|p2a: Swampert|Swampert, F|100/100
|-damage|p2a: Swampert|88/100|[from] Spikes
|
|-weather|Sandstorm|[upkeep]
|-heal|p2a: Swampert|94/100|[from] item: Leftovers
|upkeep
|turn|16
|
|t:|1728125747
|switch|p2a: Moltres|Moltres|100/100 par
|move|p1a: Skarmory|Spikes|p2a: Moltres
|-sidestart|p2: woeishuen|Spikes
|
|-weather|Sandstorm|[upkeep]
|-damage|p2a: Moltres|94/100 par|[from] Sandstorm
|-heal|p2a: Moltres|100/100 par|[from] item: Leftovers
|upkeep
|turn|17
|
|t:|1728125775
|switch|p1a: Zapdos|Zapdos|100/100
|move|p2a: Moltres|Flamethrower|p1a: Zapdos
|-damage|p1a: Zapdos|63/100
|
|-weather|Sandstorm|[upkeep]
|-damage|p1a: Zapdos|57/100|[from] Sandstorm
|-damage|p2a: Moltres|94/100 par|[from] Sandstorm
|-heal|p1a: Zapdos|63/100|[from] item: Leftovers
|-heal|p2a: Moltres|100/100 par|[from] item: Leftovers
|upkeep
|turn|18
|
|t:|1728125782
|move|p1a: Zapdos|Toxic||[still]
|-fail|p1a: Zapdos
|move|p2a: Moltres|Will-O-Wisp|p1a: Zapdos
|-status|p1a: Zapdos|brn
|
|-weather|Sandstorm|[upkeep]
|-damage|p1a: Zapdos|57/100 brn|[from] Sandstorm
|-damage|p2a: Moltres|94/100 par|[from] Sandstorm
|-heal|p1a: Zapdos|63/100 brn|[from] item: Leftovers
|-damage|p1a: Zapdos|51/100 brn|[from] brn
|-heal|p2a: Moltres|100/100 par|[from] item: Leftovers
|upkeep
|turn|19
|inactive|woeishuen has 270 seconds left.
|
|t:|1728125819
|move|p1a: Zapdos|Toxic||[still]
|-fail|p1a: Zapdos
|move|p2a: Moltres|Flamethrower|p1a: Zapdos
|-damage|p1a: Zapdos|15/100 brn
|
|-weather|Sandstorm|[upkeep]
|-damage|p1a: Zapdos|9/100 brn|[from] Sandstorm
|-damage|p2a: Moltres|94/100 par|[from] Sandstorm
|-heal|p1a: Zapdos|15/100 brn|[from] item: Leftovers
|-damage|p1a: Zapdos|3/100 brn|[from] brn
|-heal|p2a: Moltres|100/100 par|[from] item: Leftovers
|upkeep
|turn|20
|inactive|woeishuen has 270 seconds left.
|
|t:|1728125827
|switch|p2a: Blissey|Blissey, F|99/100
|-damage|p2a: Blissey|83/100|[from] Spikes
|move|p1a: Zapdos|Rest|p1a: Zapdos
|-status|p1a: Zapdos|slp|[from] move: Rest
|-heal|p1a: Zapdos|100/100 slp|[silent]
|
|-weather|Sandstorm|[upkeep]
|-damage|p1a: Zapdos|94/100 slp|[from] Sandstorm
|-damage|p2a: Blissey|76/100|[from] Sandstorm
|-heal|p1a: Zapdos|100/100 slp|[from] item: Leftovers
|-heal|p2a: Blissey|83/100|[from] item: Leftovers
|upkeep
|turn|21
|inactive|woeishuen has 270 seconds left.
|
|t:|1728125845
|switch|p1a: Skarmory|Skarmory, F|100/100
|move|p2a: Blissey|Ice Beam|p1a: Skarmory
|-damage|p1a: Skarmory|78/100
|
|-weather|Sandstorm|[upkeep]
|-damage|p2a: Blissey|76/100|[from] Sandstorm
|-heal|p1a: Skarmory|84/100|[from] item: Leftovers
|-heal|p2a: Blissey|83/100|[from] item: Leftovers
|upkeep
|turn|22
|
|t:|1728125852
|switch|p2a: Skarmory|Skarmory, M|86/100
|move|p1a: Skarmory|Roar|p2a: Skarmory
|drag|p2a: Blissey|Blissey, F|83/100
|-damage|p2a: Blissey|66/100|[from] Spikes
|
|-weather|Sandstorm|[upkeep]
|-damage|p2a: Blissey|60/100|[from] Sandstorm
|-heal|p1a: Skarmory|90/100|[from] item: Leftovers
|-heal|p2a: Blissey|66/100|[from] item: Leftovers
|upkeep
|turn|23
|
|t:|1728125855
|move|p1a: Skarmory|Spikes|p2a: Blissey
|-sidestart|p2: woeishuen|Spikes
|move|p2a: Blissey|Ice Beam|p1a: Skarmory
|-damage|p1a: Skarmory|69/100
|
|-weather|Sandstorm|[upkeep]
|-damage|p2a: Blissey|60/100|[from] Sandstorm
|-heal|p1a: Skarmory|75/100|[from] item: Leftovers
|-heal|p2a: Blissey|66/100|[from] item: Leftovers
|upkeep
|turn|24
|
|t:|1728125862
|move|p1a: Skarmory|Drill Peck|p2a: Blissey
|-damage|p2a: Blissey|45/100
|move|p2a: Blissey|Soft-Boiled|p2a: Blissey
|-heal|p2a: Blissey|95/100
|
|-weather|Sandstorm|[upkeep]
|-damage|p2a: Blissey|89/100|[from] Sandstorm
|-heal|p1a: Skarmory|81/100|[from] item: Leftovers
|-heal|p2a: Blissey|95/100|[from] item: Leftovers
|upkeep
|turn|25
|
|t:|1728125884
|switch|p1a: Blissey|Blissey, F|100/100
|-damage|p1a: Blissey|84/100|[from] Spikes
|move|p2a: Blissey|Ice Beam|p1a: Blissey
|-damage|p1a: Blissey|75/100
|
|-weather|Sandstorm|[upkeep]
|-damage|p2a: Blissey|89/100|[from] Sandstorm
|-damage|p1a: Blissey|69/100|[from] Sandstorm
|-heal|p2a: Blissey|95/100|[from] item: Leftovers
|-heal|p1a: Blissey|75/100|[from] item: Leftovers
|upkeep
|turn|26
|
|t:|1728125890
|move|p2a: Blissey|Toxic|p1a: Blissey
|-status|p1a: Blissey|tox
|move|p1a: Blissey|Toxic|p2a: Blissey
|-status|p2a: Blissey|tox
|
|-weather|Sandstorm|[upkeep]
|-damage|p2a: Blissey|89/100 tox|[from] Sandstorm
|-damage|p1a: Blissey|69/100 tox|[from] Sandstorm
|-heal|p2a: Blissey|95/100 tox|[from] item: Leftovers
|-damage|p2a: Blissey|89/100 tox|[from] psn
|-heal|p1a: Blissey|75/100 tox|[from] item: Leftovers
|-damage|p1a: Blissey|69/100 tox|[from] psn
|upkeep
|turn|27
|
|t:|1728125896
|-curestatus|p2a: Blissey|tox|[from] ability: Natural Cure
|switch|p2a: Gengar|Gengar, M|100/100
|move|p1a: Blissey|Soft-Boiled|p1a: Blissey
|-heal|p1a: Blissey|100/100 tox
|
|-weather|Sandstorm|[upkeep]
|-damage|p2a: Gengar|94/100|[from] Sandstorm
|-damage|p1a: Blissey|94/100 tox|[from] Sandstorm
|-heal|p2a: Gengar|100/100|[from] item: Leftovers
|-heal|p1a: Blissey|100/100 tox|[from] item: Leftovers
|-damage|p1a: Blissey|88/100 tox|[from] psn
|upkeep
|turn|28
|inactive|bebra322 has 270 seconds left.
|
|t:|1728125938
|-curestatus|p1a: Blissey|tox|[from] ability: Natural Cure
|switch|p1a: Zapdos|Zapdos|100/100 slp
|move|p2a: Gengar|Taunt|p1a: Zapdos
|-start|p1a: Zapdos|move: Taunt
|
|-weather|Sandstorm|[upkeep]
|-damage|p2a: Gengar|94/100|[from] Sandstorm
|-damage|p1a: Zapdos|94/100 slp|[from] Sandstorm
|-heal|p2a: Gengar|100/100|[from] item: Leftovers
|-heal|p1a: Zapdos|100/100 slp|[from] item: Leftovers
|upkeep
|turn|29
|
|t:|1728125948
|move|p2a: Gengar|Ice Punch|p1a: Zapdos
|-supereffective|p1a: Zapdos
|-damage|p1a: Zapdos|70/100 slp
|cant|p1a: Zapdos|slp
|
|-weather|Sandstorm|[upkeep]
|-damage|p2a: Gengar|94/100|[from] Sandstorm
|-damage|p1a: Zapdos|64/100 slp|[from] Sandstorm
|-heal|p2a: Gengar|100/100|[from] item: Leftovers
|-heal|p1a: Zapdos|70/100 slp|[from] item: Leftovers
|-end|p1a: Zapdos|move: Taunt|[silent]
|upkeep
|turn|30
|inactive|bebra322 has 270 seconds left.
|
|t:|1728125963
|move|p2a: Gengar|Ice Punch|p1a: Zapdos
|-supereffective|p1a: Zapdos
|-damage|p1a: Zapdos|40/100 slp
|cant|p1a: Zapdos|slp
|
|-weather|Sandstorm|[upkeep]
|-damage|p2a: Gengar|94/100|[from] Sandstorm
|-damage|p1a: Zapdos|34/100 slp|[from] Sandstorm
|-heal|p2a: Gengar|100/100|[from] item: Leftovers
|-heal|p1a: Zapdos|40/100 slp|[from] item: Leftovers
|upkeep
|turn|31
|
|t:|1728125971
|move|p2a: Gengar|Ice Punch|p1a: Zapdos
|-supereffective|p1a: Zapdos
|-crit|p1a: Zapdos
|-damage|p1a: Zapdos|0 fnt
|faint|p1a: Zapdos
|inactive|bebra322 has 270 seconds left.
|
|t:|1728126012
|switch|p1a: Blissey|Blissey, F|88/100
|-damage|p1a: Blissey|72/100|[from] Spikes
|
|-weather|Sandstorm|[upkeep]
|-damage|p2a: Gengar|94/100|[from] Sandstorm
|-damage|p1a: Blissey|66/100|[from] Sandstorm
|-heal|p2a: Gengar|100/100|[from] item: Leftovers
|-heal|p1a: Blissey|72/100|[from] item: Leftovers
|upkeep
|turn|32
|
|t:|1728126022
|move|p2a: Gengar|Taunt|p1a: Blissey
|-start|p1a: Blissey|move: Taunt
|move|p1a: Blissey|Fire Blast|p2a: Gengar
|-damage|p2a: Gengar|67/100
|
|-weather|Sandstorm|[upkeep]
|-damage|p2a: Gengar|60/100|[from] Sandstorm
|-damage|p1a: Blissey|66/100|[from] Sandstorm
|-heal|p2a: Gengar|67/100|[from] item: Leftovers
|-heal|p1a: Blissey|72/100|[from] item: Leftovers
|upkeep
|turn|33
|inactive|bebra322 has 240 seconds left.
|
|t:|1728126053
|switch|p2a: Blissey|Blissey, F|89/100
|-damage|p2a: Blissey|64/100|[from] Spikes
|switch|p1a: Swampert|Swampert, F|76/100 tox
|-damage|p1a: Swampert|59/100 tox|[from] Spikes
|
|-weather|Sandstorm|[upkeep]
|-damage|p2a: Blissey|58/100|[from] Sandstorm
|-heal|p2a: Blissey|64/100|[from] item: Leftovers
|-heal|p1a: Swampert|65/100 tox|[from] item: Leftovers
|-damage|p1a: Swampert|59/100 tox|[from] psn
|upkeep
|turn|34
|inactive|bebra322 has 210 seconds left.
|
|t:|1728126087
|switch|p1a: Skarmory|Skarmory, F|81/100
|move|p2a: Blissey|Soft-Boiled|p2a: Blissey
|-heal|p2a: Blissey|100/100
|
|-weather|Sandstorm|[upkeep]
|-damage|p2a: Blissey|94/100|[from] Sandstorm
|-heal|p1a: Skarmory|87/100|[from] item: Leftovers
|-heal|p2a: Blissey|100/100|[from] item: Leftovers
|upkeep
|turn|35
|
|t:|1728126094
|switch|p2a: Moltres|Moltres|100/100 par
|move|p1a: Skarmory|Drill Peck|p2a: Moltres
|-damage|p2a: Moltres|73/100 par
|
|-weather|Sandstorm|[upkeep]
|-damage|p2a: Moltres|67/100 par|[from] Sandstorm
|-heal|p1a: Skarmory|93/100|[from] item: Leftovers
|-heal|p2a: Moltres|73/100 par|[from] item: Leftovers
|upkeep
|turn|36
|
|t:|1728126100
|switch|p1a: Blissey|Blissey, F|72/100
|-damage|p1a: Blissey|55/100|[from] Spikes
|move|p2a: Moltres|Roar|p1a: Blissey
|drag|p1a: Aerodactyl|Aerodactyl, F|100/100
|
|-weather|Sandstorm|[upkeep]
|-damage|p2a: Moltres|67/100 par|[from] Sandstorm
|-heal|p2a: Moltres|73/100 par|[from] item: Leftovers
|upkeep
|turn|37
|
|t:|1728126108
|switch|p2a: Swampert|Swampert, F|94/100
|-damage|p2a: Swampert|69/100|[from] Spikes
|move|p1a: Aerodactyl|Rock Slide|p2a: Swampert
|-resisted|p2a: Swampert
|-damage|p2a: Swampert|52/100
|
|-weather|Sandstorm|[upkeep]
|-heal|p2a: Swampert|58/100|[from] item: Leftovers
|upkeep
|turn|38
|
|t:|1728126121
|switch|p1a: Skarmory|Skarmory, F|93/100
|switch|p2a: Skarmory|Skarmory, M|86/100
|
|-weather|Sandstorm|[upkeep]
|-heal|p2a: Skarmory|92/100|[from] item: Leftovers
|-heal|p1a: Skarmory|99/100|[from] item: Leftovers
|upkeep
|turn|39
|inactive|bebra322 has 240 seconds left.
|
|t:|1728126127
|move|p2a: Skarmory|Spikes|p1a: Skarmory
|-sidestart|p1: bebra322|Spikes
|move|p1a: Skarmory|Taunt|p2a: Skarmory
|-start|p2a: Skarmory|move: Taunt
|
|-weather|Sandstorm|[upkeep]
|-heal|p2a: Skarmory|98/100|[from] item: Leftovers
|-heal|p1a: Skarmory|100/100|[from] item: Leftovers
|upkeep
|turn|40
|inactive|bebra322 has 240 seconds left.
|
|t:|1728126163
|switch|p2a: Moltres|Moltres|73/100 par
|move|p1a: Skarmory|Roar|p2a: Moltres
|drag|p2a: Swampert|Swampert, F|58/100
|-damage|p2a: Swampert|33/100|[from] Spikes
|
|-weather|Sandstorm|[upkeep]
|-heal|p2a: Swampert|39/100|[from] item: Leftovers
|upkeep
|turn|41
|
|t:|1728126172
|move|p2a: Swampert|Hydro Pump|p1a: Skarmory
|-crit|p1a: Skarmory
|-damage|p1a: Skarmory|25/100
|move|p1a: Skarmory|Roar|p2a: Swampert
|drag|p2a: Tyranitar|Tyranitar, F|100/100
|-damage|p2a: Tyranitar|75/100|[from] Spikes
|
|-weather|Sandstorm|[upkeep]
|-heal|p2a: Tyranitar|82/100|[from] item: Leftovers
|-heal|p1a: Skarmory|31/100|[from] item: Leftovers
|upkeep
|turn|42
|inactive|bebra322 has 210 seconds left.
|
|t:|1728126202
|switch|p1a: Swampert|Swampert, F|59/100 tox
|-damage|p1a: Swampert|34/100 tox|[from] Spikes
|move|p2a: Tyranitar|Rock Slide|p1a: Swampert
|-resisted|p1a: Swampert
|-damage|p1a: Swampert|19/100 tox
|
|-weather|Sandstorm|[upkeep]
|-heal|p2a: Tyranitar|88/100|[from] item: Leftovers
|-heal|p1a: Swampert|25/100 tox|[from] item: Leftovers
|-damage|p1a: Swampert|19/100 tox|[from] psn
|upkeep
|turn|43
|inactive|bebra322 has 210 seconds left.
|
|t:|1728126213
|switch|p2a: Swampert|Swampert, F|39/100
|-damage|p2a: Swampert|15/100|[from] Spikes
|move|p1a: Swampert|Hydro Pump|p2a: Swampert
|-damage|p2a: Swampert|0 fnt
|faint|p2a: Swampert
|
|t:|1728126219
|switch|p2a: Gengar|Gengar, M|67/100
|
|-weather|Sandstorm|[upkeep]
|-damage|p2a: Gengar|60/100|[from] Sandstorm
|-heal|p2a: Gengar|67/100|[from] item: Leftovers
|-heal|p1a: Swampert|25/100 tox|[from] item: Leftovers
|-damage|p1a: Swampert|13/100 tox|[from] psn
|upkeep
|turn|44
|inactive|bebra322 has 210 seconds left.
|
|t:|1728126244
|move|p2a: Gengar|Ice Punch|p1a: Swampert
|-damage|p1a: Swampert|0 fnt
|faint|p1a: Swampert
|
|t:|1728126250
|switch|p1a: Aerodactyl|Aerodactyl, F|100/100
|
|-weather|Sandstorm|[upkeep]
|-damage|p2a: Gengar|60/100|[from] Sandstorm
|-heal|p2a: Gengar|67/100|[from] item: Leftovers
|upkeep
|turn|45
|
|t:|1728126267
|switch|p2a: Skarmory|Skarmory, M|98/100
|move|p1a: Aerodactyl|Rock Slide|p2a: Skarmory
|-damage|p2a: Skarmory|56/100
|
|-weather|Sandstorm|[upkeep]
|-heal|p2a: Skarmory|62/100|[from] item: Leftovers
|upkeep
|turn|46
|inactive|bebra322 has 210 seconds left.
|
|t:|1728126304
|move|p1a: Aerodactyl|Rock Slide|p2a: Skarmory
|-damage|p2a: Skarmory|25/100
|move|p2a: Skarmory|Toxic|p1a: Aerodactyl
|-status|p1a: Aerodactyl|tox
|
|-weather|Sandstorm|[upkeep]
|-damage|p1a: Aerodactyl|95/100 tox|[from] psn
|-heal|p2a: Skarmory|31/100|[from] item: Leftovers
|upkeep
|turn|47
|inactive|bebra322 has 180 seconds left.
|
|t:|1728126319
|switch|p1a: Skarmory|Skarmory, F|31/100
|move|p2a: Skarmory|Roar|p1a: Skarmory
|drag|p1a: Aerodactyl|Aerodactyl, F|95/100 tox
|
|-weather|Sandstorm|[upkeep]
|-damage|p1a: Aerodactyl|89/100 tox|[from] psn
|-heal|p2a: Skarmory|37/100|[from] item: Leftovers
|upkeep
|turn|48
|
|t:|1728126331
|move|p1a: Aerodactyl|Rock Slide|p2a: Skarmory|[miss]
|-miss|p1a: Aerodactyl|p2a: Skarmory
|move|p2a: Skarmory|Roar|p1a: Aerodactyl
|drag|p1a: Skarmory|Skarmory, F|31/100
|
|-weather|Sandstorm|[upkeep]
|-heal|p2a: Skarmory|43/100|[from] item: Leftovers
|-heal|p1a: Skarmory|37/100|[from] item: Leftovers
|upkeep
|turn|49
|
|t:|1728126345
|move|p2a: Skarmory|Roar|p1a: Skarmory
|drag|p1a: Tyranitar|Tyranitar, F|100/100
|-damage|p1a: Tyranitar|76/100|[from] Spikes
|
|-weather|Sandstorm|[upkeep]
|-heal|p1a: Tyranitar|82/100|[from] item: Leftovers
|-heal|p2a: Skarmory|49/100|[from] item: Leftovers
|upkeep
|turn|50
|
|t:|1728126362
|move|p1a: Tyranitar|Rock Slide|p2a: Skarmory
|-damage|p2a: Skarmory|17/100
|cant|p2a: Skarmory|flinch
|
|-weather|Sandstorm|[upkeep]
|-heal|p1a: Tyranitar|88/100|[from] item: Leftovers
|-heal|p2a: Skarmory|23/100|[from] item: Leftovers
|upkeep
|turn|51
|
|t:|1728126371
|move|p1a: Tyranitar|Rock Slide|p2a: Skarmory
|-damage|p2a: Skarmory|0 fnt
|faint|p2a: Skarmory
|
|t:|1728126384
|switch|p2a: Tyranitar|Tyranitar, F|88/100
|-damage|p2a: Tyranitar|63/100|[from] Spikes
|
|-weather|Sandstorm|[upkeep]
|-heal|p1a: Tyranitar|94/100|[from] item: Leftovers
|-heal|p2a: Tyranitar|69/100|[from] item: Leftovers
|upkeep
|turn|52
|
|t:|1728126398
|switch|p1a: Skarmory|Skarmory, F|37/100
|move|p2a: Tyranitar|Earthquake|p1a: Skarmory
|-immune|p1a: Skarmory
|
|-weather|Sandstorm|[upkeep]
|-heal|p2a: Tyranitar|75/100|[from] item: Leftovers
|-heal|p1a: Skarmory|43/100|[from] item: Leftovers
|upkeep
|turn|53
|
|t:|1728126403
|move|p2a: Tyranitar|Rock Slide|p1a: Skarmory|[miss]
|-miss|p2a: Tyranitar|p1a: Skarmory
|move|p1a: Skarmory|Roar|p2a: Tyranitar
|drag|p2a: Moltres|Moltres|73/100 par
|
|-weather|Sandstorm|[upkeep]
|-damage|p2a: Moltres|67/100 par|[from] Sandstorm
|-heal|p1a: Skarmory|49/100|[from] item: Leftovers
|-heal|p2a: Moltres|73/100 par|[from] item: Leftovers
|upkeep
|turn|54
|
|t:|1728126409
|switch|p1a: Blissey|Blissey, F|55/100
|-damage|p1a: Blissey|30/100|[from] Spikes
|cant|p2a: Moltres|par
|
|-weather|Sandstorm|[upkeep]
|-damage|p1a: Blissey|24/100|[from] Sandstorm
|-damage|p2a: Moltres|67/100 par|[from] Sandstorm
|-heal|p1a: Blissey|30/100|[from] item: Leftovers
|-heal|p2a: Moltres|73/100 par|[from] item: Leftovers
|upkeep
|turn|55
|
|t:|1728126417
|move|p1a: Blissey|Soft-Boiled|p1a: Blissey
|-heal|p1a: Blissey|80/100
|move|p2a: Moltres|Roar|p1a: Blissey
|drag|p1a: Aerodactyl|Aerodactyl, F|89/100 tox
|
|-weather|Sandstorm|[upkeep]
|-damage|p2a: Moltres|67/100 par|[from] Sandstorm
|-damage|p1a: Aerodactyl|83/100 tox|[from] psn
|-heal|p2a: Moltres|73/100 par|[from] item: Leftovers
|upkeep
|turn|56
|
|t:|1728126427
|move|p1a: Aerodactyl|Rock Slide|p2a: Moltres
|-supereffective|p2a: Moltres
|-damage|p2a: Moltres|0 fnt
|faint|p2a: Moltres
|
|t:|1728126429
|switch|p2a: Tyranitar|Tyranitar, F|75/100
|-damage|p2a: Tyranitar|50/100|[from] Spikes
|
|-weather|Sandstorm|[upkeep]
|-damage|p1a: Aerodactyl|71/100 tox|[from] psn
|-heal|p2a: Tyranitar|56/100|[from] item: Leftovers
|upkeep
|turn|57
|inactive|bebra322 has 240 seconds left.
|inactive|bebra322 has 210 seconds left.
|
|t:|1728126465
|switch|p1a: Skarmory|Skarmory, F|49/100
|move|p2a: Tyranitar|Rock Slide|p1a: Skarmory
|-damage|p1a: Skarmory|18/100
|
|-weather|Sandstorm|[upkeep]
|-heal|p2a: Tyranitar|63/100|[from] item: Leftovers
|-heal|p1a: Skarmory|24/100|[from] item: Leftovers
|upkeep
|turn|58
|
|t:|1728126474
|move|p2a: Tyranitar|Rock Slide|p1a: Skarmory
|-damage|p1a: Skarmory|0 fnt
|faint|p1a: Skarmory
|
|t:|1728126483
|switch|p1a: Tyranitar|Tyranitar, F|94/100
|-damage|p1a: Tyranitar|69/100|[from] Spikes
|
|-weather|Sandstorm|[upkeep]
|-heal|p1a: Tyranitar|76/100|[from] item: Leftovers
|-heal|p2a: Tyranitar|69/100|[from] item: Leftovers
|upkeep
|turn|59
|
|t:|1728126490
|move|p1a: Tyranitar|Dragon Dance|p1a: Tyranitar
|-boost|p1a: Tyranitar|atk|1
|-boost|p1a: Tyranitar|spe|1
|move|p2a: Tyranitar|Earthquake|p1a: Tyranitar
|-supereffective|p1a: Tyranitar
|-damage|p1a: Tyranitar|21/100
|
|-weather|Sandstorm|[upkeep]
|-heal|p1a: Tyranitar|27/100|[from] item: Leftovers
|-heal|p2a: Tyranitar|75/100|[from] item: Leftovers
|upkeep
|turn|60
|
|t:|1728126501
|move|p1a: Tyranitar|Earthquake|p2a: Tyranitar
|-supereffective|p2a: Tyranitar
|-crit|p2a: Tyranitar
|-damage|p2a: Tyranitar|0 fnt
|faint|p2a: Tyranitar
|
|t:|1728126505
|switch|p2a: Gengar|Gengar, M|67/100
|
|-weather|Sandstorm|[upkeep]
|-damage|p2a: Gengar|60/100|[from] Sandstorm
|-heal|p1a: Tyranitar|33/100|[from] item: Leftovers
|-heal|p2a: Gengar|67/100|[from] item: Leftovers
|upkeep
|turn|61
|
|t:|1728126509
|move|p1a: Tyranitar|Rock Slide|p2a: Gengar
|-damage|p2a: Gengar|0 fnt
|faint|p2a: Gengar
|c|☆woeishuen|gg
|
|t:|1728126513
|switch|p2a: Blissey|Blissey, F|100/100
|-damage|p2a: Blissey|76/100|[from] Spikes
|
|-weather|Sandstorm|[upkeep]
|-damage|p2a: Blissey|69/100|[from] Sandstorm
|-heal|p1a: Tyranitar|40/100|[from] item: Leftovers
|-heal|p2a: Blissey|76/100|[from] item: Leftovers
|upkeep
|turn|62
|c|☆bebra322|gg
|
|t:|1728126520
|move|p1a: Tyranitar|Rock Slide|p2a: Blissey
|-crit|p2a: Blissey
|-damage|p2a: Blissey|0 fnt
|faint|p2a: Blissey
|
|win|bebra322

</script>
<script type="application/json" class="data" id="replaydata-smogtours-gen3ou-794858">
{"id":"smogtours-gen3ou-794858","format":"[Gen 3] OU","players":["bebra322","woeishuen"],"uploadtime":1728126520,"views":102,"formatid":"gen3ou","rating":null,"private":0,"password":null}
</script>

<script defer src="js/replays.js?9d40a366"></script>
