<!DOCTYPE html>
<meta charset="utf-8" />
<meta name="viewport" content="width=device-width" />

<title>[Gen 3] OU: hiyahahahaha vs. antantantantant - Replays - Pok&eacute;mon Showdown!</title>

<meta name="description" content="Watch a replay of a Pok&eacute;mon battle between hiyahahahaha and antantantantant! Format: [Gen 3] OU; Date: Oct 2, 2024" />
<!--

Hey, you! Looking in the source for the replay log?

You can find them in JSON format, just add `.json` at the end of a replay URL.

https://replay.pokemonshowdown.com/gen7randomdoublesbattle-865046831.json

Or, if you only need the log itself, add `.log` instead:

https://replay.pokemonshowdown.com/gen7randomdoublesbattle-865046831.log

-->

<link rel="stylesheet" href="//pokemonshowdown.com/style/global.css?0.023195364461161105" />
<link rel="stylesheet" href="//play.pokemonshowdown.com/style/font-awesome.css?0.13261647063804238" />
<link rel="stylesheet" href="//play.pokemonshowdown.com/style/battle.css?0.8753245789963631" />
<link rel="stylesheet" href="//play.pokemonshowdown.com/style/utilichart.css?0.8627959624976733" />

<!-- Global site tag (gtag.js) - Google Analytics -->
<script async src="https://www.googletagmanager.com/gtag/js?id=UA-26211653-1"></script>
<script>
  window.dataLayer = window.dataLayer || [];
  function gtag(){dataLayer.push(arguments);}
  gtag('js', new Date());

  gtag('config', 'UA-26211653-1');
</script>
<!-- End Google Analytics -->
<!-- Venatus Ad Manager - Install in <HEAD> of page -->
	<script src="https://hb.vntsm.com/v3/live/ad-manager.min.js" type="text/javascript" data-site-id="642aba63ec9a7b11c3c9c1be" data-mode="scan" async></script>
<!-- / Venatus Ad Manager -->

<style>
	@media (max-width:820px) {
		.battle {
			margin: 0 auto;
		}
		.battle-log {
			margin: 7px auto 0;
			max-width: 640px;
			height: 300px;
			position: static;
		}
	}
	.optgroup {
		display: inline-block;
		line-height: 22px;
		font-size: 10pt;
	}
	.optgroup .button {
		height: 25px;
		padding-top: 0;
		padding-bottom: 0;
	}
	.optgroup button.button {
		padding-left: 12px;
		padding-right: 12px;
	}
	.linklist {
		list-style: none;
		margin: 0.5em 0;
		padding: 0;
	}
	.linklist li {
		padding: 2px 0;
	}
	.sidebar {
		float: left;
		width: 320px;
	}
	.bar-wrapper {
		max-width: 1100px;
		margin: 0 auto;
	}
	.bar-wrapper.has-sidebar {
		max-width: 1430px;
	}
	.mainbar {
		margin: 0;
		padding-right: 1px;
	}
	.mainbar.has-sidebar {
		margin-left: 330px;
	}
	@media (min-width: 1511px) {
		.sidebar {
			width: 400px;
		}
		.bar-wrapper.has-sidebar {
			max-width: 1510px;
		}
		.mainbar.has-sidebar {
			margin-left: 410px;
		}
	}
	.section.first-section {
		margin-top: 9px;
	}
	.blocklink small {
		white-space: normal;
	}
	.button {
		vertical-align: middle;
	}
	.replay-controls {
		padding-top: 10px;
	}
	.replay-controls h1 {
		font-size: 16pt;
		font-weight: normal;
		color: #CCC;
	}
	.pagelink {
		text-align: center;
	}
	.pagelink a {
		width: 150px;
	}
	.textbox, .button {
		font-size: 11pt;
		vertical-align: middle;
	}
	@media (max-width: 450px) {
		.button {
			font-size: 9pt;
		}
	}
</style>

<div>

	<header>
		<div class="nav-wrapper"><ul class="nav">
			<li><a class="button nav-first" href="//pokemonshowdown.com/"><img src="//pokemonshowdown.com/images/pokemonshowdownbeta.png" srcset="//pokemonshowdown.com/images/pokemonshowdownbeta.png 1x, //pokemonshowdown.com/images/pokemonshowdownbeta@2x.png 2x" alt="Pok&eacute;mon Showdown" width="146" height="44" /> Home</a></li>
			<li><a class="button" href="//pokemonshowdown.com/dex/">Pok&eacute;dex</a></li>
			<li><a class="button cur" href="/">Replays</a></li>
			<li><a class="button" href="//pokemonshowdown.com/ladder/">Ladder</a></li>
			<li><a class="button nav-last" href="//pokemonshowdown.com/forums/">Forum</a></li>
			<li><a class="button greenbutton nav-first nav-last" href="//play.pokemonshowdown.com/">Play</a></li>
		</ul></div>
	</header>

	<div class="main" id="main">

		<noscript><section class="section">You need to enable JavaScript to use this page; sorry!</section></noscript>

	</div>

</div>

<script defer nomodule src="//play.pokemonshowdown.com/js/lib/ps-polyfill.js"></script>
<script defer src="//play.pokemonshowdown.com/js/lib/preact.min.js"></script>

<script defer src="//play.pokemonshowdown.com/config/config.js?2bddbc15"></script>
<script defer src="//play.pokemonshowdown.com/js/lib/jquery-1.11.0.min.js"></script>
<script defer src="//play.pokemonshowdown.com/js/lib/html-sanitizer-minified.js"></script>
<script defer src="//play.pokemonshowdown.com/js/battle-sound.js"></script>
<script defer src="//play.pokemonshowdown.com/js/battledata.js?0.7209276989879541"></script>
<script defer src="//play.pokemonshowdown.com/data/pokedex-mini.js?0.6111056340867951"></script>
<script defer src="//play.pokemonshowdown.com/data/pokedex-mini-bw.js?0.3532142036491459"></script>
<script defer src="//play.pokemonshowdown.com/data/graphics.js?0.24223875632456182"></script>
<script defer src="//play.pokemonshowdown.com/data/pokedex.js?0.38839984266356864"></script>
<script defer src="//play.pokemonshowdown.com/data/moves.js?0.21866028504024015"></script>
<script defer src="//play.pokemonshowdown.com/data/abilities.js?0.2005157953846628"></script>
<script defer src="//play.pokemonshowdown.com/data/items.js?0.9894211263848525"></script>
<script defer src="//play.pokemonshowdown.com/data/teambuilder-tables.js?0.6008791140282215"></script>
<script defer src="//play.pokemonshowdown.com/js/battle-tooltips.js?0.7580118955022959"></script>
<script defer src="//play.pokemonshowdown.com/js/battle.js?0.6057722274234274"></script>

<script defer src="js/utils.js?e31f9a17"></script>
<script defer src="js/replays-battle.js?7008c182"></script>

<!-- don't scrape this data! just add .json or .log after the URL!
Full API docs: https://github.com/smogon/pokemon-showdown-client/blob/master/WEB-API.md -->
<script type="text/plain" class="log" id="replaylog-smogtours-gen3ou-794001">
|inactive|Battle timer is ON: inactive players will automatically lose when time's up.
|t:|1727894663
|gametype|singles
|player|p1|hiyahahahaha|266|
|player|p2|antantantantant|169|
|teamsize|p1|6
|teamsize|p2|6
|gen|3
|tier|[Gen 3] OU
|rule|Sleep Clause Mod: Limit one foe put to sleep
|rule|Switch Priority Clause Mod: Faster Pokémon switch first
|rule|Species Clause: Limit one of each Pokémon
|rule|OHKO Clause: OHKO moves are banned
|rule|Evasion Items Clause: Evasion items are banned
|rule|Evasion Moves Clause: Evasion moves are banned
|rule|Endless Battle Clause: Forcing endless battles is banned
|rule|HP Percentage Mod: HP is shown in percentages
|rule|One Boost Passer Clause: Limit one Baton Passer that has a way to boost its stats
|rule|Freeze Clause Mod: Limit one foe frozen
|
|t:|1727894663
|start
|switch|p1a: Regirock|Regirock|100/100
|switch|p2a: Tyranitar|Tyranitar, F, shiny|100/100
|-weather|Sandstorm|[from] ability: Sand Stream|[of] p2a: Tyranitar
|turn|1
|c|☆antantantantant|glhf
|
|t:|1727894673
|switch|p2a: Swampert|Swampert, M, shiny|100/100
|move|p1a: Regirock|Thunder Wave|p2a: Swampert
|-immune|p2a: Swampert
|
|-weather|Sandstorm|[upkeep]
|upkeep
|turn|2
|
|t:|1727894682
|switch|p1a: Cloyster|Cloyster, M|100/100
|move|p2a: Swampert|Protect||[still]
|-fail|p2a: Swampert
|
|-weather|Sandstorm|[upkeep]
|-damage|p1a: Cloyster|94/100|[from] Sandstorm
|-heal|p1a: Cloyster|100/100|[from] item: Leftovers
|upkeep
|turn|3
|
|t:|1727894689
|-singleturn|p2a: Swampert|move: Focus Punch
|move|p1a: Cloyster|Spikes|p2a: Swampert
|-sidestart|p2: antantantantant|Spikes
|move|p2a: Swampert|Focus Punch|p1a: Cloyster
|-supereffective|p1a: Cloyster
|-damage|p1a: Cloyster|52/100
|
|-weather|Sandstorm|[upkeep]
|-damage|p1a: Cloyster|46/100|[from] Sandstorm
|-heal|p1a: Cloyster|52/100|[from] item: Leftovers
|upkeep
|turn|4
|
|t:|1727894694
|-singleturn|p2a: Swampert|move: Focus Punch
|move|p1a: Cloyster|Spikes|p2a: Swampert
|-sidestart|p2: antantantantant|Spikes
|move|p2a: Swampert|Focus Punch|p1a: Cloyster
|-supereffective|p1a: Cloyster
|-damage|p1a: Cloyster|10/100
|
|-weather|Sandstorm|[upkeep]
|-damage|p1a: Cloyster|4/100|[from] Sandstorm
|-heal|p1a: Cloyster|10/100|[from] item: Leftovers
|upkeep
|turn|5
|
|t:|1727894698
|move|p2a: Swampert|Protect|p2a: Swampert
|-singleturn|p2a: Swampert|Protect
|move|p1a: Cloyster|Explosion|p2a: Swampert
|-activate|p2a: Swampert|Protect
|faint|p1a: Cloyster
|
|t:|1727894708
|switch|p1a: Swampert|Swampert, M|100/100
|
|-weather|Sandstorm|[upkeep]
|upkeep
|turn|6
|
|t:|1727894714
|switch|p2a: Skarmory|Skarmory, M, shiny|100/100
|move|p1a: Swampert|Hydro Pump|p2a: Skarmory
|-damage|p2a: Skarmory|51/100
|
|-weather|Sandstorm|[upkeep]
|-heal|p2a: Skarmory|57/100|[from] item: Leftovers
|upkeep
|turn|7
|
|t:|1727894722
|move|p2a: Skarmory|Spikes|p1a: Swampert
|-sidestart|p1: hiyahahahaha|Spikes
|move|p1a: Swampert|Hydro Pump|p2a: Skarmory
|-damage|p2a: Skarmory|8/100
|
|-weather|Sandstorm|[upkeep]
|-heal|p2a: Skarmory|14/100|[from] item: Leftovers
|upkeep
|turn|8
|
|t:|1727894727
|switch|p1a: Jolteon|Jolteon, M|100/100
|-damage|p1a: Jolteon|88/100|[from] Spikes
|move|p2a: Skarmory|Spikes|p1a: Jolteon
|-sidestart|p1: hiyahahahaha|Spikes
|
|-weather|Sandstorm|[upkeep]
|-damage|p1a: Jolteon|82/100|[from] Sandstorm
|-heal|p1a: Jolteon|88/100|[from] item: Leftovers
|-heal|p2a: Skarmory|20/100|[from] item: Leftovers
|upkeep
|turn|9
|
|t:|1727894733
|switch|p2a: Jolteon|Jolteon, M|100/100
|-damage|p2a: Jolteon|84/100|[from] Spikes
|move|p1a: Jolteon|Thunderbolt|p2a: Jolteon
|-heal|p2a: Jolteon|100/100|[from] ability: Volt Absorb|[of] p1a: Jolteon
|
|-weather|Sandstorm|[upkeep]
|-damage|p2a: Jolteon|94/100|[from] Sandstorm
|-damage|p1a: Jolteon|82/100|[from] Sandstorm
|-heal|p2a: Jolteon|100/100|[from] item: Leftovers
|-heal|p1a: Jolteon|88/100|[from] item: Leftovers
|upkeep
|turn|10
|
|t:|1727894742
|move|p2a: Jolteon|Baton Pass|p2a: Jolteon
|
|t:|1727894755
|switch|p2a: Swampert|Swampert, M, shiny|100/100|[from] Baton Pass
|-damage|p2a: Swampert|84/100|[from] Spikes
|move|p1a: Jolteon|Hidden Power|p2a: Swampert
|-damage|p2a: Swampert|64/100
|
|-weather|Sandstorm|[upkeep]
|-damage|p1a: Jolteon|82/100|[from] Sandstorm
|-heal|p1a: Jolteon|88/100|[from] item: Leftovers
|-heal|p2a: Swampert|70/100|[from] item: Leftovers
|upkeep
|turn|11
|
|t:|1727894762
|move|p1a: Jolteon|Baton Pass|p1a: Jolteon
|
|t:|1727894768
|switch|p1a: Salamence|Salamence, F|100/100|[from] Baton Pass
|-ability|p1a: Salamence|Intimidate|boost
|-unboost|p2a: Swampert|atk|1
|move|p2a: Swampert|Surf|p1a: Salamence
|-resisted|p1a: Salamence
|-damage|p1a: Salamence|83/100
|
|-weather|Sandstorm|[upkeep]
|-damage|p1a: Salamence|77/100|[from] Sandstorm
|-heal|p2a: Swampert|76/100|[from] item: Leftovers
|upkeep
|turn|12
|
|t:|1727894778
|switch|p1a: Moltres|Moltres|100/100
|move|p2a: Swampert|Protect||[still]
|-fail|p2a: Swampert
|
|-weather|Sandstorm|[upkeep]
|-damage|p1a: Moltres|94/100|[from] Sandstorm
|-heal|p1a: Moltres|100/100|[from] item: Leftovers
|-heal|p2a: Swampert|82/100|[from] item: Leftovers
|upkeep
|turn|13
|
|t:|1727894782
|move|p2a: Swampert|Protect|p2a: Swampert
|-singleturn|p2a: Swampert|Protect
|move|p1a: Moltres|Hidden Power|p2a: Swampert
|-activate|p2a: Swampert|Protect
|
|-weather|Sandstorm|[upkeep]
|-damage|p1a: Moltres|94/100|[from] Sandstorm
|-heal|p1a: Moltres|100/100|[from] item: Leftovers
|-heal|p2a: Swampert|89/100|[from] item: Leftovers
|upkeep
|turn|14
|
|t:|1727894790
|switch|p2a: Gengar|Gengar, F, shiny|100/100
|move|p1a: Moltres|Roar|p2a: Gengar
|drag|p2a: Salamence|Salamence, M, shiny|100/100
|-ability|p2a: Salamence|Intimidate|boost
|-unboost|p1a: Moltres|atk|1
|
|-weather|Sandstorm|[upkeep]
|-damage|p2a: Salamence|94/100|[from] Sandstorm
|-damage|p1a: Moltres|94/100|[from] Sandstorm
|-heal|p2a: Salamence|100/100|[from] item: Leftovers
|-heal|p1a: Moltres|100/100|[from] item: Leftovers
|upkeep
|turn|15
|
|t:|1727894808
|switch|p1a: Regirock|Regirock|100/100
|-damage|p1a: Regirock|84/100|[from] Spikes
|move|p2a: Salamence|Rock Slide|p1a: Regirock|[miss]
|-miss|p2a: Salamence|p1a: Regirock
|
|-weather|Sandstorm|[upkeep]
|-damage|p2a: Salamence|94/100|[from] Sandstorm
|-heal|p2a: Salamence|100/100|[from] item: Leftovers
|-heal|p1a: Regirock|90/100|[from] item: Leftovers
|upkeep
|turn|16
|
|t:|1727894813
|switch|p2a: Swampert|Swampert, M, shiny|89/100
|-damage|p2a: Swampert|72/100|[from] Spikes
|move|p1a: Regirock|Superpower|p2a: Swampert
|-damage|p2a: Swampert|43/100
|-unboost|p1a: Regirock|atk|1
|-unboost|p1a: Regirock|def|1
|
|-weather|Sandstorm|[upkeep]
|-heal|p2a: Swampert|49/100|[from] item: Leftovers
|-heal|p1a: Regirock|96/100|[from] item: Leftovers
|upkeep
|turn|17
|
|t:|1727894824
|switch|p1a: Moltres|Moltres|100/100
|move|p2a: Swampert|Roar|p1a: Moltres
|drag|p1a: Salamence|Salamence, F|77/100
|-ability|p1a: Salamence|Intimidate|boost
|-unboost|p2a: Swampert|atk|1
|
|-weather|Sandstorm|[upkeep]
|-damage|p1a: Salamence|70/100|[from] Sandstorm
|-heal|p2a: Swampert|55/100|[from] item: Leftovers
|upkeep
|turn|18
|
|t:|1727894832
|move|p2a: Swampert|Protect|p2a: Swampert
|-singleturn|p2a: Swampert|Protect
|move|p1a: Salamence|Dragon Dance|p1a: Salamence
|-boost|p1a: Salamence|atk|1
|-boost|p1a: Salamence|spe|1
|
|-weather|Sandstorm|[upkeep]
|-damage|p1a: Salamence|64/100|[from] Sandstorm
|-heal|p2a: Swampert|62/100|[from] item: Leftovers
|upkeep
|turn|19
|
|t:|1727894837
|move|p1a: Salamence|Hidden Power|p2a: Swampert
|-damage|p2a: Swampert|16/100
|move|p2a: Swampert|Roar|p1a: Salamence
|drag|p1a: Swampert|Swampert, M|100/100
|-damage|p1a: Swampert|84/100|[from] Spikes
|
|-weather|Sandstorm|[upkeep]
|-heal|p2a: Swampert|23/100|[from] item: Leftovers
|-heal|p1a: Swampert|90/100|[from] item: Leftovers
|upkeep
|turn|20
|
|t:|1727894846
|move|p2a: Swampert|Surf|p1a: Swampert
|-damage|p1a: Swampert|51/100
|move|p1a: Swampert|Ice Beam|p2a: Swampert
|-damage|p2a: Swampert|3/100
|
|-weather|Sandstorm|[upkeep]
|-heal|p2a: Swampert|9/100|[from] item: Leftovers
|-heal|p1a: Swampert|58/100|[from] item: Leftovers
|upkeep
|turn|21
|
|t:|1727894852
|move|p2a: Swampert|Surf|p1a: Swampert
|-damage|p1a: Swampert|20/100
|move|p1a: Swampert|Ice Beam|p2a: Swampert
|-damage|p2a: Swampert|0 fnt
|faint|p2a: Swampert
|inactive|antantantantant has 270 seconds left.
|
|t:|1727894899
|switch|p2a: Salamence|Salamence, M, shiny|100/100
|-ability|p2a: Salamence|Intimidate|boost
|-unboost|p1a: Swampert|atk|1
|
|-weather|Sandstorm|[upkeep]
|-damage|p2a: Salamence|94/100|[from] Sandstorm
|-heal|p2a: Salamence|100/100|[from] item: Leftovers
|-heal|p1a: Swampert|26/100|[from] item: Leftovers
|upkeep
|turn|22
|
|t:|1727894903
|move|p2a: Salamence|Hidden Power|p1a: Swampert
|-damage|p1a: Swampert|0 fnt
|faint|p1a: Swampert
|
|t:|1727894907
|switch|p1a: Regirock|Regirock|96/100
|-damage|p1a: Regirock|80/100|[from] Spikes
|
|-weather|Sandstorm|[upkeep]
|-damage|p2a: Salamence|94/100|[from] Sandstorm
|-heal|p2a: Salamence|100/100|[from] item: Leftovers
|-heal|p1a: Regirock|86/100|[from] item: Leftovers
|upkeep
|turn|23
|
|t:|1727894913
|switch|p2a: Skarmory|Skarmory, M, shiny|20/100
|move|p1a: Regirock|Rock Slide|p2a: Skarmory
|-damage|p2a: Skarmory|0 fnt
|faint|p2a: Skarmory
|
|t:|1727894918
|switch|p2a: Gengar|Gengar, F, shiny|100/100
|
|-weather|Sandstorm|[upkeep]
|-damage|p2a: Gengar|95/100|[from] Sandstorm
|-heal|p2a: Gengar|100/100|[from] item: Leftovers
|-heal|p1a: Regirock|92/100|[from] item: Leftovers
|upkeep
|turn|24
|
|t:|1727894928
|move|p2a: Gengar|Will-O-Wisp|p1a: Regirock
|-status|p1a: Regirock|brn
|move|p1a: Regirock|Thunder Wave|p2a: Gengar
|-status|p2a: Gengar|par
|
|-weather|Sandstorm|[upkeep]
|-damage|p2a: Gengar|95/100 par|[from] Sandstorm
|-heal|p1a: Regirock|98/100 brn|[from] item: Leftovers
|-damage|p1a: Regirock|85/100 brn|[from] brn
|-heal|p2a: Gengar|100/100 par|[from] item: Leftovers
|upkeep
|turn|25
|
|t:|1727894932
|move|p1a: Regirock|Rock Slide|p2a: Gengar
|-damage|p2a: Gengar|70/100 par
|move|p2a: Gengar|Ice Punch|p1a: Regirock
|-damage|p1a: Regirock|66/100 brn
|
|-weather|Sandstorm|[upkeep]
|-damage|p2a: Gengar|64/100 par|[from] Sandstorm
|-heal|p1a: Regirock|72/100 brn|[from] item: Leftovers
|-damage|p1a: Regirock|60/100 brn|[from] brn
|-heal|p2a: Gengar|70/100 par|[from] item: Leftovers
|upkeep
|turn|26
|
|t:|1727894938
|move|p1a: Regirock|Rock Slide|p2a: Gengar
|-damage|p2a: Gengar|39/100 par
|cant|p2a: Gengar|par
|
|-weather|Sandstorm|[upkeep]
|-damage|p2a: Gengar|33/100 par|[from] Sandstorm
|-heal|p1a: Regirock|66/100 brn|[from] item: Leftovers
|-damage|p1a: Regirock|53/100 brn|[from] brn
|-heal|p2a: Gengar|39/100 par|[from] item: Leftovers
|upkeep
|turn|27
|
|t:|1727894947
|move|p1a: Regirock|Rock Slide|p2a: Gengar
|-damage|p2a: Gengar|9/100 par
|cant|p2a: Gengar|flinch
|
|-weather|Sandstorm|[upkeep]
|-damage|p2a: Gengar|3/100 par|[from] Sandstorm
|-heal|p1a: Regirock|59/100 brn|[from] item: Leftovers
|-damage|p1a: Regirock|47/100 brn|[from] brn
|-heal|p2a: Gengar|9/100 par|[from] item: Leftovers
|upkeep
|turn|28
|
|t:|1727894951
|move|p1a: Regirock|Rock Slide|p2a: Gengar
|-damage|p2a: Gengar|0 fnt
|faint|p2a: Gengar
|
|t:|1727894964
|switch|p2a: Salamence|Salamence, M, shiny|100/100
|-ability|p2a: Salamence|Intimidate|boost
|-fail|p1a: Regirock|unboost|[from] ability: Clear Body|[of] p1a: Regirock
|
|-weather|Sandstorm|[upkeep]
|-damage|p2a: Salamence|94/100|[from] Sandstorm
|-heal|p2a: Salamence|100/100|[from] item: Leftovers
|-heal|p1a: Regirock|53/100 brn|[from] item: Leftovers
|-damage|p1a: Regirock|41/100 brn|[from] brn
|upkeep
|turn|29
|
|t:|1727894975
|move|p2a: Salamence|Earthquake|p1a: Regirock
|-supereffective|p1a: Regirock
|-damage|p1a: Regirock|4/100 brn
|move|p1a: Regirock|Thunder Wave|p2a: Salamence
|-status|p2a: Salamence|par
|
|-weather|Sandstorm|[upkeep]
|-damage|p2a: Salamence|94/100 par|[from] Sandstorm
|-heal|p1a: Regirock|10/100 brn|[from] item: Leftovers
|-damage|p1a: Regirock|0 fnt|[from] brn
|faint|p1a: Regirock
|-heal|p2a: Salamence|100/100 par|[from] item: Leftovers
|upkeep
|
|t:|1727894980
|switch|p1a: Jolteon|Jolteon, M|88/100
|-damage|p1a: Jolteon|71/100|[from] Spikes
|turn|30
|inactive|antantantantant has 270 seconds left.
|
|t:|1727895013
|move|p1a: Jolteon|Hidden Power|p2a: Salamence
|-supereffective|p2a: Salamence
|-damage|p2a: Salamence|16/100 par
|move|p2a: Salamence|Earthquake|p1a: Jolteon
|-supereffective|p1a: Jolteon
|-damage|p1a: Jolteon|0 fnt
|faint|p1a: Jolteon
|
|t:|1727895018
|switch|p1a: Salamence|Salamence, F|64/100
|-ability|p1a: Salamence|Intimidate|boost
|-unboost|p2a: Salamence|atk|1
|
|-weather|Sandstorm|[upkeep]
|-damage|p1a: Salamence|58/100|[from] Sandstorm
|-damage|p2a: Salamence|10/100 par|[from] Sandstorm
|-heal|p2a: Salamence|16/100 par|[from] item: Leftovers
|upkeep
|turn|31
|
|t:|1727895026
|move|p1a: Salamence|Dragon Dance|p1a: Salamence
|-boost|p1a: Salamence|atk|1
|-boost|p1a: Salamence|spe|1
|move|p2a: Salamence|Rock Slide|p1a: Salamence
|-supereffective|p1a: Salamence
|-damage|p1a: Salamence|12/100
|
|-weather|Sandstorm|[upkeep]
|-damage|p1a: Salamence|6/100|[from] Sandstorm
|-damage|p2a: Salamence|10/100 par|[from] Sandstorm
|-heal|p2a: Salamence|16/100 par|[from] item: Leftovers
|upkeep
|turn|32
|
|t:|1727895031
|move|p1a: Salamence|Hidden Power|p2a: Salamence
|-damage|p2a: Salamence|0 fnt
|faint|p2a: Salamence
|
|t:|1727895035
|switch|p2a: Tyranitar|Tyranitar, F, shiny|100/100
|-damage|p2a: Tyranitar|84/100|[from] Spikes
|
|-weather|Sandstorm|[upkeep]
|-damage|p1a: Salamence|0 fnt|[from] Sandstorm
|faint|p1a: Salamence
|upkeep
|
|t:|1727895038
|switch|p1a: Moltres|Moltres|100/100
|turn|33
|
|t:|1727895042
|move|p1a: Moltres|Hidden Power|p2a: Tyranitar
|-supereffective|p2a: Tyranitar
|-damage|p2a: Tyranitar|35/100
|move|p2a: Tyranitar|Rock Slide|p1a: Moltres
|-supereffective|p1a: Moltres
|-damage|p1a: Moltres|0 fnt
|faint|p1a: Moltres
|
|win|antantantantant
|c|☆antantantantant|gg
|c|☆hiyahahahaha|Gg

</script>
<script type="application/json" class="data" id="replaydata-smogtours-gen3ou-794001">
{"id":"smogtours-gen3ou-794001","format":"[Gen 3] OU","players":["hiyahahahaha","antantantantant"],"uploadtime":1727895042,"views":134,"formatid":"gen3ou","rating":null,"private":0,"password":null}
</script>

<script defer src="js/replays.js?9d40a366"></script>
