<!DOCTYPE html>
<meta charset="utf-8" />
<meta name="viewport" content="width=device-width" />

<title>[Gen 3] OU: Ooziegib vs. Key to Life - Replays - Pok&eacute;mon Showdown!</title>

<meta name="description" content="Watch a replay of a Pok&eacute;mon battle between Ooziegib and Key to Life! Format: [Gen 3] OU; Date: Nov 6, 2024" />
<!--

Hey, you! Looking in the source for the replay log?

You can find them in JSON format, just add `.json` at the end of a replay URL.

https://replay.pokemonshowdown.com/gen7randomdoublesbattle-865046831.json

Or, if you only need the log itself, add `.log` instead:

https://replay.pokemonshowdown.com/gen7randomdoublesbattle-865046831.log

-->

<link rel="stylesheet" href="//pokemonshowdown.com/style/global.css?0.023195364461161105" />
<link rel="stylesheet" href="//play.pokemonshowdown.com/style/font-awesome.css?0.13261647063804238" />
<link rel="stylesheet" href="//play.pokemonshowdown.com/style/battle.css?0.8753245789963631" />
<link rel="stylesheet" href="//play.pokemonshowdown.com/style/utilichart.css?0.8627959624976733" />

<!-- Global site tag (gtag.js) - Google Analytics -->
<script async src="https://www.googletagmanager.com/gtag/js?id=UA-26211653-1"></script>
<script>
  window.dataLayer = window.dataLayer || [];
  function gtag(){dataLayer.push(arguments);}
  gtag('js', new Date());

  gtag('config', 'UA-26211653-1');
</script>
<!-- End Google Analytics -->
<!-- Venatus Ad Manager - Install in <HEAD> of page -->
	<script src="https://hb.vntsm.com/v3/live/ad-manager.min.js" type="text/javascript" data-site-id="642aba63ec9a7b11c3c9c1be" data-mode="scan" async></script>
<!-- / Venatus Ad Manager -->

<style>
	@media (max-width:820px) {
		.battle {
			margin: 0 auto;
		}
		.battle-log {
			margin: 7px auto 0;
			max-width: 640px;
			height: 300px;
			position: static;
		}
	}
	.optgroup {
		display: inline-block;
		line-height: 22px;
		font-size: 10pt;
	}
	.optgroup .button {
		height: 25px;
		padding-top: 0;
		padding-bottom: 0;
	}
	.optgroup button.button {
		padding-left: 12px;
		padding-right: 12px;
	}
	.linklist {
		list-style: none;
		margin: 0.5em 0;
		padding: 0;
	}
	.linklist li {
		padding: 2px 0;
	}
	.sidebar {
		float: left;
		width: 320px;
	}
	.bar-wrapper {
		max-width: 1100px;
		margin: 0 auto;
	}
	.bar-wrapper.has-sidebar {
		max-width: 1430px;
	}
	.mainbar {
		margin: 0;
		padding-right: 1px;
	}
	.mainbar.has-sidebar {
		margin-left: 330px;
	}
	@media (min-width: 1511px) {
		.sidebar {
			width: 400px;
		}
		.bar-wrapper.has-sidebar {
			max-width: 1510px;
		}
		.mainbar.has-sidebar {
			margin-left: 410px;
		}
	}
	.section.first-section {
		margin-top: 9px;
	}
	.blocklink small {
		white-space: normal;
	}
	.button {
		vertical-align: middle;
	}
	.replay-controls {
		padding-top: 10px;
	}
	.replay-controls h1 {
		font-size: 16pt;
		font-weight: normal;
		color: #CCC;
	}
	.pagelink {
		text-align: center;
	}
	.pagelink a {
		width: 150px;
	}
	.textbox, .button {
		font-size: 11pt;
		vertical-align: middle;
	}
	@media (max-width: 450px) {
		.button {
			font-size: 9pt;
		}
	}
</style>

<div>

	<header>
		<div class="nav-wrapper"><ul class="nav">
			<li><a class="button nav-first" href="//pokemonshowdown.com/"><img src="//pokemonshowdown.com/images/pokemonshowdownbeta.png" srcset="//pokemonshowdown.com/images/pokemonshowdownbeta.png 1x, //pokemonshowdown.com/images/pokemonshowdownbeta@2x.png 2x" alt="Pok&eacute;mon Showdown" width="146" height="44" /> Home</a></li>
			<li><a class="button" href="//pokemonshowdown.com/dex/">Pok&eacute;dex</a></li>
			<li><a class="button cur" href="/">Replays</a></li>
			<li><a class="button" href="//pokemonshowdown.com/ladder/">Ladder</a></li>
			<li><a class="button nav-last" href="//pokemonshowdown.com/forums/">Forum</a></li>
			<li><a class="button greenbutton nav-first nav-last" href="//play.pokemonshowdown.com/">Play</a></li>
		</ul></div>
	</header>

	<div class="main" id="main">

		<noscript><section class="section">You need to enable JavaScript to use this page; sorry!</section></noscript>

	</div>

</div>

<script defer nomodule src="//play.pokemonshowdown.com/js/lib/ps-polyfill.js"></script>
<script defer src="//play.pokemonshowdown.com/js/lib/preact.min.js"></script>

<script defer src="//play.pokemonshowdown.com/config/config.js?2bddbc15"></script>
<script defer src="//play.pokemonshowdown.com/js/lib/jquery-1.11.0.min.js"></script>
<script defer src="//play.pokemonshowdown.com/js/lib/html-sanitizer-minified.js"></script>
<script defer src="//play.pokemonshowdown.com/js/battle-sound.js"></script>
<script defer src="//play.pokemonshowdown.com/js/battledata.js?0.7209276989879541"></script>
<script defer src="//play.pokemonshowdown.com/data/pokedex-mini.js?0.6111056340867951"></script>
<script defer src="//play.pokemonshowdown.com/data/pokedex-mini-bw.js?0.3532142036491459"></script>
<script defer src="//play.pokemonshowdown.com/data/graphics.js?0.24223875632456182"></script>
<script defer src="//play.pokemonshowdown.com/data/pokedex.js?0.38839984266356864"></script>
<script defer src="//play.pokemonshowdown.com/data/moves.js?0.21866028504024015"></script>
<script defer src="//play.pokemonshowdown.com/data/abilities.js?0.2005157953846628"></script>
<script defer src="//play.pokemonshowdown.com/data/items.js?0.9894211263848525"></script>
<script defer src="//play.pokemonshowdown.com/data/teambuilder-tables.js?0.6008791140282215"></script>
<script defer src="//play.pokemonshowdown.com/js/battle-tooltips.js?0.7580118955022959"></script>
<script defer src="//play.pokemonshowdown.com/js/battle.js?0.6057722274234274"></script>

<script defer src="js/utils.js?e31f9a17"></script>
<script defer src="js/replays-battle.js?7008c182"></script>

<!-- don't scrape this data! just add .json or .log after the URL!
Full API docs: https://github.com/smogon/pokemon-showdown-client/blob/master/WEB-API.md -->
<script type="text/plain" class="log" id="replaylog-smogtours-gen3ou-804972">
|inactive|Battle timer is ON: inactive players will automatically lose when time's up.
|t:|1730866582
|gametype|singles
|player|p1|Ooziegib|101|
|player|p2|Key to Life|caitlin|
|teamsize|p1|6
|teamsize|p2|6
|gen|3
|tier|[Gen 3] OU
|rule|Sleep Clause Mod: Limit one foe put to sleep
|rule|Switch Priority Clause Mod: Faster Pokémon switch first
|rule|Species Clause: Limit one of each Pokémon
|rule|OHKO Clause: OHKO moves are banned
|rule|Evasion Items Clause: Evasion items are banned
|rule|Evasion Moves Clause: Evasion moves are banned
|rule|Endless Battle Clause: Forcing endless battles is banned
|rule|HP Percentage Mod: HP is shown in percentages
|rule|One Boost Passer Clause: Limit one Baton Passer that has a way to boost its stats
|rule|Freeze Clause Mod: Limit one foe frozen
|
|t:|1730866582
|start
|switch|p1a: Zapdos|Zapdos|100/100
|switch|p2a: Salamence|Salamence, F|100/100
|-ability|p2a: Salamence|Intimidate|boost
|-unboost|p1a: Zapdos|atk|1
|turn|1
|c|☆Ooziegib|hf :)
|c|☆Key to Life|u2
|
|t:|1730866602
|switch|p2a: Snorlax|Snorlax, F|100/100
|move|p1a: Zapdos|Toxic|p2a: Snorlax
|-immune|p2a: Snorlax|[from] ability: Immunity
|
|upkeep
|turn|2
|
|t:|1730866613
|switch|p1a: Skarmory|Skarmory, M|100/100
|move|p2a: Snorlax|Curse|p2a: Snorlax
|-unboost|p2a: Snorlax|spe|1
|-boost|p2a: Snorlax|atk|1
|-boost|p2a: Snorlax|def|1
|
|upkeep
|turn|3
|
|t:|1730866622
|-singleturn|p2a: Snorlax|move: Focus Punch
|switch|p1a: Suicune|Suicune|100/100
|move|p2a: Snorlax|Focus Punch|p1a: Suicune
|-damage|p1a: Suicune|58/100
|
|-heal|p1a: Suicune|64/100|[from] item: Leftovers
|upkeep
|turn|4
|
|t:|1730866627
|move|p2a: Snorlax|Body Slam|p1a: Suicune
|-damage|p1a: Suicune|33/100
|move|p1a: Suicune|Roar|p2a: Snorlax
|drag|p2a: Jirachi|Jirachi|100/100
|
|-heal|p1a: Suicune|40/100|[from] item: Leftovers
|upkeep
|turn|5
|
|t:|1730866635
|switch|p1a: Blissey|Blissey, F|100/100
|move|p2a: Jirachi|Body Slam|p1a: Blissey
|-damage|p1a: Blissey|83/100
|
|-heal|p1a: Blissey|89/100|[from] item: Leftovers
|upkeep
|turn|6
|
|t:|1730866639
|switch|p2a: Snorlax|Snorlax, F|100/100
|move|p1a: Blissey|Thunder Wave|p2a: Snorlax
|-status|p2a: Snorlax|par
|
|-heal|p1a: Blissey|95/100|[from] item: Leftovers
|upkeep
|turn|7
|
|t:|1730866643
|-singleturn|p2a: Snorlax|move: Focus Punch
|switch|p1a: Suicune|Suicune|40/100
|cant|p2a: Snorlax|par
|
|-heal|p1a: Suicune|46/100|[from] item: Leftovers
|upkeep
|turn|8
|
|t:|1730866655
|switch|p1a: Skarmory|Skarmory, M|100/100
|cant|p2a: Snorlax|par
|
|upkeep
|turn|9
|
|t:|1730866660
|switch|p2a: Salamence|Salamence, F|100/100
|-ability|p2a: Salamence|Intimidate|boost
|-unboost|p1a: Skarmory|atk|1
|move|p1a: Skarmory|Spikes|p2a: Salamence
|-sidestart|p2: Key to Life|Spikes
|
|upkeep
|turn|10
|
|t:|1730866666
|switch|p1a: Blissey|Blissey, F|95/100
|move|p2a: Salamence|Fire Blast|p1a: Blissey|[miss]
|-miss|p2a: Salamence|p1a: Blissey
|
|-heal|p1a: Blissey|100/100|[from] item: Leftovers
|upkeep
|turn|11
|
|t:|1730866687
|switch|p2a: Jirachi|Jirachi|100/100
|-damage|p2a: Jirachi|88/100|[from] Spikes
|move|p1a: Blissey|Thunder Wave|p2a: Jirachi
|-status|p2a: Jirachi|par
|
|-heal|p2a: Jirachi|94/100 par|[from] item: Leftovers
|upkeep
|turn|12
|
|t:|1730866697
|move|p1a: Blissey|Seismic Toss|p2a: Jirachi
|-damage|p2a: Jirachi|70/100 par
|move|p2a: Jirachi|Wish|p2a: Jirachi
|
|-heal|p2a: Jirachi|76/100 par|[from] item: Leftovers
|upkeep
|turn|13
|
|t:|1730866701
|move|p1a: Blissey|Seismic Toss|p2a: Jirachi
|-damage|p2a: Jirachi|51/100 par
|cant|p2a: Jirachi|par
|
|-heal|p2a: Jirachi|100/100 par|[from] move: Wish|[wisher] Jirachi
|upkeep
|turn|14
|
|t:|1730866722
|move|p1a: Blissey|Seismic Toss|p2a: Jirachi
|-damage|p2a: Jirachi|76/100 par
|move|p2a: Jirachi|Body Slam|p1a: Blissey
|-damage|p1a: Blissey|84/100
|
|-heal|p1a: Blissey|90/100|[from] item: Leftovers
|-heal|p2a: Jirachi|82/100 par|[from] item: Leftovers
|upkeep
|turn|15
|
|t:|1730866733
|switch|p1a: Zapdos|Zapdos|100/100
|move|p2a: Jirachi|Wish|p2a: Jirachi
|
|-heal|p2a: Jirachi|88/100 par|[from] item: Leftovers
|upkeep
|turn|16
|
|t:|1730866738
|switch|p2a: Snorlax|Snorlax, F|100/100 par
|-damage|p2a: Snorlax|88/100 par|[from] Spikes
|move|p1a: Zapdos|Thunderbolt|p2a: Snorlax
|-damage|p2a: Snorlax|63/100 par
|
|-heal|p2a: Snorlax|100/100 par|[from] move: Wish|[wisher] Jirachi
|upkeep
|turn|17
|
|t:|1730866741
|switch|p1a: Suicune|Suicune|46/100
|move|p2a: Snorlax|Body Slam|p1a: Suicune
|-damage|p1a: Suicune|23/100
|
|-heal|p1a: Suicune|29/100|[from] item: Leftovers
|upkeep
|turn|18
|
|t:|1730866744
|move|p1a: Suicune|Rest|p1a: Suicune
|-status|p1a: Suicune|slp|[from] move: Rest
|-heal|p1a: Suicune|100/100 slp|[silent]
|move|p2a: Snorlax|Curse|p2a: Snorlax
|-unboost|p2a: Snorlax|spe|1
|-boost|p2a: Snorlax|atk|1
|-boost|p2a: Snorlax|def|1
|
|upkeep
|turn|19
|
|t:|1730866748
|-singleturn|p2a: Snorlax|move: Focus Punch
|switch|p1a: Skarmory|Skarmory, M|100/100
|cant|p2a: Snorlax|par
|
|upkeep
|turn|20
|
|t:|1730866755
|-singleturn|p2a: Snorlax|move: Focus Punch
|move|p2a: Snorlax|Focus Punch|p1a: Skarmory
|-damage|p1a: Skarmory|46/100
|move|p1a: Skarmory|Roar|p2a: Snorlax
|drag|p2a: Salamence|Salamence, F|100/100
|-ability|p2a: Salamence|Intimidate|boost
|-unboost|p1a: Skarmory|atk|1
|
|-heal|p1a: Skarmory|52/100|[from] item: Leftovers
|upkeep
|turn|21
|
|t:|1730866760
|switch|p1a: Zapdos|Zapdos|100/100
|move|p2a: Salamence|Brick Break|p1a: Zapdos
|-resisted|p1a: Zapdos
|-damage|p1a: Zapdos|89/100
|
|-heal|p1a: Zapdos|96/100|[from] item: Leftovers
|upkeep
|turn|22
|
|t:|1730866769
|switch|p2a: Snorlax|Snorlax, F|100/100 par
|-damage|p2a: Snorlax|88/100 par|[from] Spikes
|move|p1a: Zapdos|Thunderbolt|p2a: Snorlax
|-damage|p2a: Snorlax|63/100 par
|
|-heal|p1a: Zapdos|100/100|[from] item: Leftovers
|-heal|p2a: Snorlax|69/100 par|[from] item: Leftovers
|upkeep
|turn|23
|inactive|Key to Life has 270 seconds left.
|
|t:|1730866815
|switch|p1a: Suicune|Suicune|100/100 slp
|move|p2a: Snorlax|Body Slam|p1a: Suicune
|-damage|p1a: Suicune|77/100 slp
|
|-heal|p1a: Suicune|84/100 slp|[from] item: Leftovers
|-heal|p2a: Snorlax|75/100 par|[from] item: Leftovers
|upkeep
|turn|24
|
|t:|1730866825
|cant|p1a: Suicune|slp
|move|p2a: Snorlax|Curse|p2a: Snorlax
|-unboost|p2a: Snorlax|spe|1
|-boost|p2a: Snorlax|atk|1
|-boost|p2a: Snorlax|def|1
|
|-heal|p1a: Suicune|90/100 slp|[from] item: Leftovers
|-heal|p2a: Snorlax|81/100 par|[from] item: Leftovers
|upkeep
|turn|25
|
|t:|1730866828
|cant|p1a: Suicune|slp
|move|p2a: Snorlax|Body Slam|p1a: Suicune
|-damage|p1a: Suicune|55/100 slp
|
|-heal|p1a: Suicune|62/100 slp|[from] item: Leftovers
|-heal|p2a: Snorlax|88/100 par|[from] item: Leftovers
|upkeep
|turn|26
|
|t:|1730866830
|cant|p2a: Snorlax|par
|-curestatus|p1a: Suicune|slp|[msg]
|move|p1a: Suicune|Roar|p2a: Snorlax
|drag|p2a: Suicune|Suicune|100/100
|-damage|p2a: Suicune|88/100|[from] Spikes
|
|-heal|p1a: Suicune|68/100|[from] item: Leftovers
|-heal|p2a: Suicune|94/100|[from] item: Leftovers
|upkeep
|turn|27
|
|t:|1730866837
|switch|p2a: Snorlax|Snorlax, F|88/100 par
|-damage|p2a: Snorlax|75/100 par|[from] Spikes
|move|p1a: Suicune|Roar|p2a: Snorlax
|drag|p2a: Salamence|Salamence, F|100/100
|-ability|p2a: Salamence|Intimidate|boost
|-unboost|p1a: Suicune|atk|1
|
|-heal|p1a: Suicune|74/100|[from] item: Leftovers
|upkeep
|turn|28
|
|t:|1730866843
|switch|p1a: Zapdos|Zapdos|100/100
|move|p2a: Salamence|Hidden Power|p1a: Zapdos
|-resisted|p1a: Zapdos
|-damage|p1a: Zapdos|92/100
|
|-heal|p1a: Zapdos|98/100|[from] item: Leftovers
|upkeep
|turn|29
|
|t:|1730866850
|switch|p2a: Claydol|Claydol|100/100
|move|p1a: Zapdos|Thunderbolt|p2a: Claydol
|-immune|p2a: Claydol
|
|-heal|p1a: Zapdos|100/100|[from] item: Leftovers
|upkeep
|turn|30
|
|t:|1730866852
|switch|p2a: Jirachi|Jirachi|88/100 par
|-damage|p2a: Jirachi|76/100 par|[from] Spikes
|move|p1a: Zapdos|Substitute|p1a: Zapdos
|-start|p1a: Zapdos|Substitute
|-damage|p1a: Zapdos|76/100
|
|-heal|p1a: Zapdos|82/100|[from] item: Leftovers
|-heal|p2a: Jirachi|82/100 par|[from] item: Leftovers
|upkeep
|turn|31
|
|t:|1730866854
|move|p1a: Zapdos|Thunderbolt|p2a: Jirachi
|-damage|p2a: Jirachi|58/100 par
|move|p2a: Jirachi|Wish|p2a: Jirachi
|
|-heal|p1a: Zapdos|88/100|[from] item: Leftovers
|-heal|p2a: Jirachi|64/100 par|[from] item: Leftovers
|upkeep
|turn|32
|
|t:|1730866861
|move|p1a: Zapdos|Thunderbolt|p2a: Jirachi
|-damage|p2a: Jirachi|39/100 par
|move|p2a: Jirachi|Body Slam|p1a: Zapdos
|-activate|p1a: Zapdos|Substitute|[damage]
|
|-heal|p2a: Jirachi|89/100 par|[from] move: Wish|[wisher] Jirachi
|-heal|p1a: Zapdos|94/100|[from] item: Leftovers
|-heal|p2a: Jirachi|95/100 par|[from] item: Leftovers
|upkeep
|turn|33
|
|t:|1730866866
|move|p1a: Zapdos|Thunderbolt|p2a: Jirachi
|-damage|p2a: Jirachi|69/100 par
|move|p2a: Jirachi|Wish|p2a: Jirachi
|
|-heal|p1a: Zapdos|100/100|[from] item: Leftovers
|-heal|p2a: Jirachi|75/100 par|[from] item: Leftovers
|upkeep
|turn|34
|
|t:|1730866871
|move|p1a: Zapdos|Thunderbolt|p2a: Jirachi
|-damage|p2a: Jirachi|47/100 par
|move|p2a: Jirachi|Body Slam|p1a: Zapdos
|-end|p1a: Zapdos|Substitute
|
|-heal|p2a: Jirachi|97/100 par|[from] move: Wish|[wisher] Jirachi
|-heal|p2a: Jirachi|100/100 par|[from] item: Leftovers
|upkeep
|turn|35
|
|t:|1730866875
|move|p1a: Zapdos|Thunderbolt|p2a: Jirachi
|-damage|p2a: Jirachi|74/100 par
|move|p2a: Jirachi|Wish|p2a: Jirachi
|
|-heal|p2a: Jirachi|80/100 par|[from] item: Leftovers
|upkeep
|turn|36
|
|t:|1730866878
|switch|p2a: Snorlax|Snorlax, F|75/100 par
|-damage|p2a: Snorlax|63/100 par|[from] Spikes
|move|p1a: Zapdos|Substitute|p1a: Zapdos
|-start|p1a: Zapdos|Substitute
|-damage|p1a: Zapdos|76/100
|
|-heal|p2a: Snorlax|100/100 par|[from] move: Wish|[wisher] Jirachi
|-heal|p1a: Zapdos|82/100|[from] item: Leftovers
|upkeep
|turn|37
|
|t:|1730866880
|switch|p1a: Suicune|Suicune|74/100
|move|p2a: Snorlax|Body Slam|p1a: Suicune
|-damage|p1a: Suicune|52/100
|-status|p1a: Suicune|par
|
|-heal|p1a: Suicune|58/100 par|[from] item: Leftovers
|upkeep
|turn|38
|
|t:|1730866884
|move|p2a: Snorlax|Curse|p2a: Snorlax
|-unboost|p2a: Snorlax|spe|1
|-boost|p2a: Snorlax|atk|1
|-boost|p2a: Snorlax|def|1
|cant|p1a: Suicune|par
|
|-heal|p1a: Suicune|64/100 par|[from] item: Leftovers
|upkeep
|turn|39
|
|t:|1730866887
|move|p2a: Snorlax|Body Slam|p1a: Suicune
|-damage|p1a: Suicune|29/100 par
|move|p1a: Suicune|Roar|p2a: Snorlax
|drag|p2a: Jirachi|Jirachi|80/100 par
|-damage|p2a: Jirachi|68/100 par|[from] Spikes
|
|-heal|p1a: Suicune|35/100 par|[from] item: Leftovers
|-heal|p2a: Jirachi|74/100 par|[from] item: Leftovers
|upkeep
|turn|40
|
|t:|1730866891
|cant|p1a: Suicune|par
|move|p2a: Jirachi|Wish|p2a: Jirachi
|
|-heal|p1a: Suicune|42/100 par|[from] item: Leftovers
|-heal|p2a: Jirachi|80/100 par|[from] item: Leftovers
|upkeep
|turn|41
|
|t:|1730866899
|move|p1a: Suicune|Rest|p1a: Suicune
|-status|p1a: Suicune|slp|[from] move: Rest
|-heal|p1a: Suicune|100/100 slp|[silent]
|move|p2a: Jirachi|Body Slam|p1a: Suicune
|-damage|p1a: Suicune|90/100 slp
|
|-heal|p2a: Jirachi|100/100 par|[from] move: Wish|[wisher] Jirachi
|-heal|p1a: Suicune|96/100 slp|[from] item: Leftovers
|upkeep
|turn|42
|
|t:|1730866903
|switch|p2a: Salamence|Salamence, F|100/100
|-ability|p2a: Salamence|Intimidate|boost
|-unboost|p1a: Suicune|atk|1
|cant|p1a: Suicune|slp
|
|-heal|p1a: Suicune|100/100 slp|[from] item: Leftovers
|upkeep
|turn|43
|
|t:|1730866915
|switch|p2a: Claydol|Claydol|100/100
|cant|p1a: Suicune|slp
|
|upkeep
|turn|44
|
|t:|1730866918
|switch|p1a: Skarmory|Skarmory, M|52/100
|move|p2a: Claydol|Rapid Spin|p1a: Skarmory
|-resisted|p1a: Skarmory
|-damage|p1a: Skarmory|51/100
|-sideend|p2: Key to Life|Spikes|[from] move: Rapid Spin|[of] p2a: Claydol
|
|-heal|p1a: Skarmory|57/100|[from] item: Leftovers
|upkeep
|turn|45
|inactive|Key to Life has 270 seconds left.
|
|t:|1730866950
|switch|p2a: Salamence|Salamence, F|100/100
|-ability|p2a: Salamence|Intimidate|boost
|-unboost|p1a: Skarmory|atk|1
|move|p1a: Skarmory|Spikes|p2a: Salamence
|-sidestart|p2: Key to Life|Spikes
|
|-heal|p1a: Skarmory|63/100|[from] item: Leftovers
|upkeep
|turn|46
|
|t:|1730866953
|move|p1a: Skarmory|Protect|p1a: Skarmory
|-singleturn|p1a: Skarmory|Protect
|move|p2a: Salamence|Fire Blast|p1a: Skarmory
|-activate|p1a: Skarmory|Protect
|
|-heal|p1a: Skarmory|69/100|[from] item: Leftovers
|upkeep
|turn|47
|
|t:|1730866957
|switch|p2a: Snorlax|Snorlax, F|100/100 par
|-damage|p2a: Snorlax|88/100 par|[from] Spikes
|switch|p1a: Zapdos|Zapdos|82/100
|
|-heal|p1a: Zapdos|88/100|[from] item: Leftovers
|-heal|p2a: Snorlax|94/100 par|[from] item: Leftovers
|upkeep
|turn|48
|
|t:|1730866960
|switch|p1a: Suicune|Suicune|100/100 slp
|move|p2a: Snorlax|Curse|p2a: Snorlax
|-unboost|p2a: Snorlax|spe|1
|-boost|p2a: Snorlax|atk|1
|-boost|p2a: Snorlax|def|1
|
|-heal|p2a: Snorlax|100/100 par|[from] item: Leftovers
|upkeep
|turn|49
|
|t:|1730866964
|-singleturn|p2a: Snorlax|move: Focus Punch
|cant|p2a: Snorlax|par
|-curestatus|p1a: Suicune|slp|[msg]
|move|p1a: Suicune|Roar|p2a: Snorlax
|drag|p2a: Salamence|Salamence, F|100/100
|-ability|p2a: Salamence|Intimidate|boost
|-unboost|p1a: Suicune|atk|1
|
|upkeep
|turn|50
|
|t:|1730866970
|move|p2a: Salamence|Hidden Power|p1a: Suicune
|-supereffective|p1a: Suicune
|-damage|p1a: Suicune|63/100
|move|p1a: Suicune|Roar|p2a: Salamence
|drag|p2a: Suicune|Suicune|94/100
|-damage|p2a: Suicune|82/100|[from] Spikes
|
|-heal|p1a: Suicune|69/100|[from] item: Leftovers
|-heal|p2a: Suicune|88/100|[from] item: Leftovers
|upkeep
|turn|51
|
|t:|1730866995
|switch|p2a: Snorlax|Snorlax, F|100/100 par
|-damage|p2a: Snorlax|88/100 par|[from] Spikes
|move|p1a: Suicune|Calm Mind|p1a: Suicune
|-boost|p1a: Suicune|spa|1
|-boost|p1a: Suicune|spd|1
|
|-heal|p1a: Suicune|75/100|[from] item: Leftovers
|-heal|p2a: Snorlax|94/100 par|[from] item: Leftovers
|upkeep
|turn|52
|
|t:|1730866999
|move|p1a: Suicune|Surf|p2a: Snorlax
|-damage|p2a: Snorlax|66/100 par
|move|p2a: Snorlax|Body Slam|p1a: Suicune
|-damage|p1a: Suicune|50/100
|
|-heal|p1a: Suicune|57/100|[from] item: Leftovers
|-heal|p2a: Snorlax|72/100 par|[from] item: Leftovers
|upkeep
|turn|53
|
|t:|1730867013
|switch|p1a: Skarmory|Skarmory, M|69/100
|move|p2a: Snorlax|Self-Destruct|p1a: Skarmory
|-resisted|p1a: Skarmory
|-damage|p1a: Skarmory|0 fnt
|faint|p2a: Snorlax
|faint|p1a: Skarmory
|
|t:|1730867019
|switch|p1a: Zapdos|Zapdos|88/100
|switch|p2a: Tyranitar|Tyranitar, M|100/100
|-damage|p2a: Tyranitar|88/100|[from] Spikes
|-weather|Sandstorm|[from] ability: Sand Stream|[of] p2a: Tyranitar
|
|-weather|Sandstorm|[upkeep]
|-damage|p1a: Zapdos|82/100|[from] Sandstorm
|-heal|p1a: Zapdos|88/100|[from] item: Leftovers
|-heal|p2a: Tyranitar|94/100|[from] item: Leftovers
|upkeep
|turn|54
|
|t:|1730867024
|move|p1a: Zapdos|Toxic|p2a: Tyranitar|[miss]
|-miss|p1a: Zapdos|p2a: Tyranitar
|move|p2a: Tyranitar|Crunch|p1a: Zapdos
|-damage|p1a: Zapdos|62/100
|-unboost|p1a: Zapdos|spd|1
|
|-weather|Sandstorm|[upkeep]
|-damage|p1a: Zapdos|55/100|[from] Sandstorm
|-heal|p1a: Zapdos|62/100|[from] item: Leftovers
|-heal|p2a: Tyranitar|99/100|[from] item: Leftovers
|upkeep
|turn|55
|
|t:|1730867027
|move|p1a: Zapdos|Toxic|p2a: Tyranitar
|-status|p2a: Tyranitar|tox
|move|p2a: Tyranitar|Crunch|p1a: Zapdos
|-damage|p1a: Zapdos|24/100
|
|-weather|Sandstorm|[upkeep]
|-damage|p1a: Zapdos|17/100|[from] Sandstorm
|-heal|p1a: Zapdos|24/100|[from] item: Leftovers
|-heal|p2a: Tyranitar|100/100 tox|[from] item: Leftovers
|-damage|p2a: Tyranitar|94/100 tox|[from] psn
|upkeep
|turn|56
|
|t:|1730867030
|move|p1a: Zapdos|Rest|p1a: Zapdos
|-status|p1a: Zapdos|slp|[from] move: Rest
|-heal|p1a: Zapdos|100/100 slp|[silent]
|move|p2a: Tyranitar|Crunch|p1a: Zapdos
|-damage|p1a: Zapdos|61/100 slp
|
|-weather|Sandstorm|[upkeep]
|-damage|p1a: Zapdos|55/100 slp|[from] Sandstorm
|-heal|p1a: Zapdos|61/100 slp|[from] item: Leftovers
|-heal|p2a: Tyranitar|100/100 tox|[from] item: Leftovers
|-damage|p2a: Tyranitar|88/100 tox|[from] psn
|upkeep
|turn|57
|
|t:|1730867033
|-activate|p1a: Zapdos|move: Pursuit
|move|p2a: Tyranitar|Pursuit|p1a: Zapdos|[from]Pursuit
|-damage|p1a: Zapdos|20/100 slp
|switch|p1a: Blissey|Blissey, F|90/100
|
|-weather|Sandstorm|[upkeep]
|-damage|p1a: Blissey|84/100|[from] Sandstorm
|-heal|p1a: Blissey|90/100|[from] item: Leftovers
|-heal|p2a: Tyranitar|94/100 tox|[from] item: Leftovers
|-damage|p2a: Tyranitar|76/100 tox|[from] psn
|upkeep
|turn|58
|
|t:|1730867037
|move|p1a: Blissey|Aromatherapy|p1a: Blissey
|-cureteam|p1a: Blissey|[from] move: Aromatherapy
|move|p2a: Tyranitar|Brick Break|p1a: Blissey
|-supereffective|p1a: Blissey
|-damage|p1a: Blissey|50/100
|
|-weather|Sandstorm|[upkeep]
|-damage|p1a: Blissey|44/100|[from] Sandstorm
|-heal|p1a: Blissey|50/100|[from] item: Leftovers
|-heal|p2a: Tyranitar|82/100 tox|[from] item: Leftovers
|-damage|p2a: Tyranitar|58/100 tox|[from] psn
|upkeep
|turn|59
|
|t:|1730867043
|switch|p2a: Claydol|Claydol|100/100
|move|p1a: Blissey|Soft-Boiled|p1a: Blissey
|-heal|p1a: Blissey|99/100
|
|-weather|Sandstorm|[upkeep]
|-damage|p1a: Blissey|94/100|[from] Sandstorm
|-heal|p1a: Blissey|99/100|[from] item: Leftovers
|upkeep
|turn|60
|
|t:|1730867057
|switch|p1a: Claydol|Claydol|100/100
|move|p2a: Claydol|Psychic|p1a: Claydol
|-resisted|p1a: Claydol
|-damage|p1a: Claydol|92/100
|-unboost|p1a: Claydol|spd|1
|
|-weather|Sandstorm|[upkeep]
|-heal|p1a: Claydol|99/100|[from] item: Leftovers
|upkeep
|turn|61
|
|t:|1730867068
|move|p2a: Claydol|Rapid Spin|p1a: Claydol
|-crit|p1a: Claydol
|-damage|p1a: Claydol|88/100
|-sideend|p2: Key to Life|Spikes|[from] move: Rapid Spin|[of] p2a: Claydol
|move|p1a: Claydol|Psychic|p2a: Claydol
|-resisted|p2a: Claydol
|-damage|p2a: Claydol|90/100
|
|-weather|Sandstorm|[upkeep]
|-heal|p2a: Claydol|96/100|[from] item: Leftovers
|-heal|p1a: Claydol|94/100|[from] item: Leftovers
|upkeep
|turn|62
|
|t:|1730867090
|switch|p2a: Suicune|Suicune|88/100
|move|p1a: Claydol|Earthquake|p2a: Suicune
|-damage|p2a: Suicune|66/100
|
|-weather|Sandstorm|[upkeep]
|-damage|p2a: Suicune|60/100|[from] Sandstorm
|-heal|p2a: Suicune|66/100|[from] item: Leftovers
|-heal|p1a: Claydol|100/100|[from] item: Leftovers
|upkeep
|turn|63
|
|t:|1730867104
|switch|p1a: Suicune|Suicune|57/100
|move|p2a: Suicune|Ice Beam|p1a: Suicune
|-resisted|p1a: Suicune
|-damage|p1a: Suicune|46/100
|-status|p1a: Suicune|frz
|
|-weather|Sandstorm|[upkeep]
|-damage|p1a: Suicune|40/100 frz|[from] Sandstorm
|-damage|p2a: Suicune|60/100|[from] Sandstorm
|-heal|p1a: Suicune|46/100 frz|[from] item: Leftovers
|-heal|p2a: Suicune|66/100|[from] item: Leftovers
|upkeep
|turn|64
|
|t:|1730867112
|switch|p1a: Blissey|Blissey, F|99/100
|move|p2a: Suicune|Calm Mind|p2a: Suicune
|-boost|p2a: Suicune|spa|1
|-boost|p2a: Suicune|spd|1
|
|-weather|Sandstorm|[upkeep]
|-damage|p2a: Suicune|60/100|[from] Sandstorm
|-damage|p1a: Blissey|94/100|[from] Sandstorm
|-heal|p2a: Suicune|66/100|[from] item: Leftovers
|-heal|p1a: Blissey|99/100|[from] item: Leftovers
|upkeep
|turn|65
|
|t:|1730867116
|move|p2a: Suicune|Surf|p1a: Blissey
|-damage|p1a: Blissey|76/100
|move|p1a: Blissey|Thunder Wave|p2a: Suicune
|-status|p2a: Suicune|par
|
|-weather|Sandstorm|[upkeep]
|-damage|p1a: Blissey|69/100|[from] Sandstorm
|-damage|p2a: Suicune|60/100 par|[from] Sandstorm
|-heal|p1a: Blissey|76/100|[from] item: Leftovers
|-heal|p2a: Suicune|66/100 par|[from] item: Leftovers
|upkeep
|turn|66
|
|t:|1730867121
|switch|p2a: Claydol|Claydol|96/100
|move|p1a: Blissey|Aromatherapy|p1a: Blissey
|-cureteam|p1a: Blissey|[from] move: Aromatherapy
|
|-weather|Sandstorm|[upkeep]
|-damage|p1a: Blissey|69/100|[from] Sandstorm
|-heal|p2a: Claydol|100/100|[from] item: Leftovers
|-heal|p1a: Blissey|76/100|[from] item: Leftovers
|upkeep
|turn|67
|
|t:|1730867130
|switch|p2a: Salamence|Salamence, F|100/100
|-ability|p2a: Salamence|Intimidate|boost
|-unboost|p1a: Blissey|atk|1
|switch|p1a: Claydol|Claydol|100/100
|
|-weather|Sandstorm|[upkeep]
|-damage|p2a: Salamence|94/100|[from] Sandstorm
|-heal|p2a: Salamence|100/100|[from] item: Leftovers
|upkeep
|turn|68
|
|t:|1730867144
|switch|p2a: Jirachi|Jirachi|100/100 par
|move|p1a: Claydol|Explosion|p2a: Jirachi
|-resisted|p2a: Jirachi
|-damage|p2a: Jirachi|58/100 par
|faint|p1a: Claydol
|
|t:|1730867153
|switch|p1a: Suicune|Suicune|46/100
|
|-weather|Sandstorm|[upkeep]
|-damage|p1a: Suicune|40/100|[from] Sandstorm
|-heal|p1a: Suicune|46/100|[from] item: Leftovers
|-heal|p2a: Jirachi|64/100 par|[from] item: Leftovers
|upkeep
|turn|69
|
|t:|1730867162
|switch|p2a: Salamence|Salamence, F|100/100
|-ability|p2a: Salamence|Intimidate|boost
|-unboost|p1a: Suicune|atk|1
|move|p1a: Suicune|Rest|p1a: Suicune
|-status|p1a: Suicune|slp|[from] move: Rest
|-heal|p1a: Suicune|100/100 slp|[silent]
|
|-weather|Sandstorm|[upkeep]
|-damage|p2a: Salamence|94/100|[from] Sandstorm
|-damage|p1a: Suicune|94/100 slp|[from] Sandstorm
|-heal|p2a: Salamence|100/100|[from] item: Leftovers
|-heal|p1a: Suicune|100/100 slp|[from] item: Leftovers
|upkeep
|turn|70
|
|t:|1730867176
|switch|p2a: Claydol|Claydol|100/100
|switch|p1a: Blissey|Blissey, F|76/100
|
|-weather|Sandstorm|[upkeep]
|-damage|p1a: Blissey|69/100|[from] Sandstorm
|-heal|p1a: Blissey|76/100|[from] item: Leftovers
|upkeep
|turn|71
|
|t:|1730867184
|switch|p1a: Zapdos|Zapdos|20/100
|move|p2a: Claydol|Psychic|p1a: Zapdos
|-damage|p1a: Zapdos|5/100
|
|-weather|Sandstorm|[upkeep]
|-damage|p1a: Zapdos|0 fnt|[from] Sandstorm
|faint|p1a: Zapdos
|upkeep
|
|t:|1730867187
|switch|p1a: Dugtrio|Dugtrio, F|100/100
|turn|72
|
|t:|1730867191
|switch|p2a: Salamence|Salamence, F|100/100
|-ability|p2a: Salamence|Intimidate|boost
|-unboost|p1a: Dugtrio|atk|1
|move|p1a: Dugtrio|Hidden Power|p2a: Salamence
|-resisted|p2a: Salamence
|-damage|p2a: Salamence|90/100
|
|-weather|Sandstorm|[upkeep]
|-damage|p2a: Salamence|84/100|[from] Sandstorm
|-heal|p2a: Salamence|90/100|[from] item: Leftovers
|upkeep
|turn|73
|
|t:|1730867196
|move|p1a: Dugtrio|Hidden Power|p2a: Salamence
|-resisted|p2a: Salamence
|-damage|p2a: Salamence|78/100
|move|p2a: Salamence|Fire Blast|p1a: Dugtrio
|-crit|p1a: Dugtrio
|-damage|p1a: Dugtrio|0 fnt
|faint|p1a: Dugtrio
|
|t:|1730867197
|switch|p1a: Blissey|Blissey, F|76/100
|
|-weather|Sandstorm|[upkeep]
|-damage|p2a: Salamence|72/100|[from] Sandstorm
|-damage|p1a: Blissey|69/100|[from] Sandstorm
|-heal|p2a: Salamence|78/100|[from] item: Leftovers
|-heal|p1a: Blissey|76/100|[from] item: Leftovers
|upkeep
|turn|74
|
|t:|1730867201
|switch|p2a: Claydol|Claydol|100/100
|move|p1a: Blissey|Seismic Toss|p2a: Claydol
|-damage|p2a: Claydol|70/100
|
|-weather|Sandstorm|[upkeep]
|-damage|p1a: Blissey|69/100|[from] Sandstorm
|-heal|p2a: Claydol|76/100|[from] item: Leftovers
|-heal|p1a: Blissey|76/100|[from] item: Leftovers
|upkeep
|turn|75
|
|t:|1730867205
|move|p2a: Claydol|Explosion|p1a: Blissey
|-damage|p1a: Blissey|0 fnt
|faint|p2a: Claydol
|faint|p1a: Blissey
|
|t:|1730867207
|switch|p2a: Salamence|Salamence, F|78/100
|switch|p1a: Suicune|Suicune|100/100 slp
|-ability|p2a: Salamence|Intimidate|boost
|-unboost|p1a: Suicune|atk|1
|
|-weather|Sandstorm|[upkeep]
|-damage|p2a: Salamence|72/100|[from] Sandstorm
|-damage|p1a: Suicune|94/100 slp|[from] Sandstorm
|-heal|p2a: Salamence|78/100|[from] item: Leftovers
|-heal|p1a: Suicune|100/100 slp|[from] item: Leftovers
|upkeep
|turn|76
|
|t:|1730867208
|move|p2a: Salamence|Hidden Power|p1a: Suicune
|-supereffective|p1a: Suicune
|-damage|p1a: Suicune|61/100 slp
|cant|p1a: Suicune|slp
|
|-weather|Sandstorm|[upkeep]
|-damage|p2a: Salamence|72/100|[from] Sandstorm
|-damage|p1a: Suicune|55/100 slp|[from] Sandstorm
|-heal|p2a: Salamence|78/100|[from] item: Leftovers
|-heal|p1a: Suicune|61/100 slp|[from] item: Leftovers
|upkeep
|turn|77
|
|t:|1730867210
|move|p2a: Salamence|Hidden Power|p1a: Suicune
|-supereffective|p1a: Suicune
|-damage|p1a: Suicune|25/100 slp
|cant|p1a: Suicune|slp
|
|-weather|Sandstorm|[upkeep]
|-damage|p2a: Salamence|72/100|[from] Sandstorm
|-damage|p1a: Suicune|19/100 slp|[from] Sandstorm
|-heal|p2a: Salamence|78/100|[from] item: Leftovers
|-heal|p1a: Suicune|25/100 slp|[from] item: Leftovers
|upkeep
|turn|78
|
|t:|1730867212
|move|p2a: Salamence|Hidden Power|p1a: Suicune
|-supereffective|p1a: Suicune
|-damage|p1a: Suicune|0 fnt
|faint|p1a: Suicune
|
|win|Key to Life
|c|☆Key to Life|gg
|c|☆Ooziegib|gg

</script>
<script type="application/json" class="data" id="replaydata-smogtours-gen3ou-804972">
{"id":"smogtours-gen3ou-804972","format":"[Gen 3] OU","players":["Ooziegib","Key to Life"],"uploadtime":1730867212,"views":31,"formatid":"gen3ou","rating":null,"private":0,"password":null}
</script>

<script defer src="js/replays.js?9d40a366"></script>
