<!DOCTYPE html>
<meta charset="utf-8" />
<meta name="viewport" content="width=device-width" />

<title>[Gen 3] OU: Fear vs. xXEricXx - Replays - Pok&eacute;mon Showdown!</title>

<meta name="description" content="Watch a replay of a Pok&eacute;mon battle between Fear and xXEricXx! Format: [Gen 3] OU; Date: Nov 17, 2024" />
<!--

Hey, you! Looking in the source for the replay log?

You can find them in JSON format, just add `.json` at the end of a replay URL.

https://replay.pokemonshowdown.com/gen7randomdoublesbattle-865046831.json

Or, if you only need the log itself, add `.log` instead:

https://replay.pokemonshowdown.com/gen7randomdoublesbattle-865046831.log

-->

<link rel="stylesheet" href="//pokemonshowdown.com/style/global.css?0.767286132409787" />
<link rel="stylesheet" href="//play.pokemonshowdown.com/style/font-awesome.css?0.9266228007934947" />
<link rel="stylesheet" href="//play.pokemonshowdown.com/style/battle.css?0.7924700842790926" />
<link rel="stylesheet" href="//play.pokemonshowdown.com/style/utilichart.css?0.8777417872839479" />

<!-- Global site tag (gtag.js) - Google Analytics -->
<script async src="https://www.googletagmanager.com/gtag/js?id=UA-26211653-1"></script>
<script>
  window.dataLayer = window.dataLayer || [];
  function gtag(){dataLayer.push(arguments);}
  gtag('js', new Date());

  gtag('config', 'UA-26211653-1');
</script>
<!-- End Google Analytics -->
<!-- Venatus Ad Manager - Install in <HEAD> of page -->
	<script src="https://hb.vntsm.com/v3/live/ad-manager.min.js" type="text/javascript" data-site-id="642aba63ec9a7b11c3c9c1be" data-mode="scan" async></script>
<!-- / Venatus Ad Manager -->

<style>
	@media (max-width:820px) {
		.battle {
			margin: 0 auto;
		}
		.battle-log {
			margin: 7px auto 0;
			max-width: 640px;
			height: 300px;
			position: static;
		}
	}
	.optgroup {
		display: inline-block;
		line-height: 22px;
		font-size: 10pt;
	}
	.optgroup .button {
		height: 25px;
		padding-top: 0;
		padding-bottom: 0;
	}
	.optgroup button.button {
		padding-left: 12px;
		padding-right: 12px;
	}
	.linklist {
		list-style: none;
		margin: 0.5em 0;
		padding: 0;
	}
	.linklist li {
		padding: 2px 0;
	}
	.sidebar {
		float: left;
		width: 320px;
	}
	.bar-wrapper {
		max-width: 1100px;
		margin: 0 auto;
	}
	.bar-wrapper.has-sidebar {
		max-width: 1430px;
	}
	.mainbar {
		margin: 0;
		padding-right: 1px;
	}
	.mainbar.has-sidebar {
		margin-left: 330px;
	}
	@media (min-width: 1511px) {
		.sidebar {
			width: 400px;
		}
		.bar-wrapper.has-sidebar {
			max-width: 1510px;
		}
		.mainbar.has-sidebar {
			margin-left: 410px;
		}
	}
	.section.first-section {
		margin-top: 9px;
	}
	.blocklink small {
		white-space: normal;
	}
	.button {
		vertical-align: middle;
	}
	.replay-controls {
		padding-top: 10px;
	}
	.replay-controls h1 {
		font-size: 16pt;
		font-weight: normal;
		color: #CCC;
	}
	.pagelink {
		text-align: center;
	}
	.pagelink a {
		width: 150px;
	}
	.textbox, .button {
		font-size: 11pt;
		vertical-align: middle;
	}
	@media (max-width: 450px) {
		.button {
			font-size: 9pt;
		}
	}
</style>

<div>

	<header>
		<div class="nav-wrapper"><ul class="nav">
			<li><a class="button nav-first" href="//pokemonshowdown.com/"><img src="//pokemonshowdown.com/images/pokemonshowdownbeta.png" srcset="//pokemonshowdown.com/images/pokemonshowdownbeta.png 1x, //pokemonshowdown.com/images/pokemonshowdownbeta@2x.png 2x" alt="Pok&eacute;mon Showdown" width="146" height="44" /> Home</a></li>
			<li><a class="button" href="//pokemonshowdown.com/dex/">Pok&eacute;dex</a></li>
			<li><a class="button cur" href="/">Replays</a></li>
			<li><a class="button" href="//pokemonshowdown.com/ladder/">Ladder</a></li>
			<li><a class="button nav-last" href="//pokemonshowdown.com/forums/">Forum</a></li>
			<li><a class="button greenbutton nav-first nav-last" href="//play.pokemonshowdown.com/">Play</a></li>
		</ul></div>
	</header>

	<div class="main" id="main">

		<noscript><section class="section">You need to enable JavaScript to use this page; sorry!</section></noscript>

	</div>

</div>

<script defer nomodule src="//play.pokemonshowdown.com/js/lib/ps-polyfill.js"></script>
<script defer src="//play.pokemonshowdown.com/js/lib/preact.min.js"></script>

<script defer src="//play.pokemonshowdown.com/config/config.js?6dec07f6"></script>
<script defer src="//play.pokemonshowdown.com/js/lib/jquery-1.11.0.min.js"></script>
<script defer src="//play.pokemonshowdown.com/js/lib/html-sanitizer-minified.js"></script>
<script defer src="//play.pokemonshowdown.com/js/battle-sound.js"></script>
<script defer src="//play.pokemonshowdown.com/js/battledata.js?0.6315294753075389"></script>
<script defer src="//play.pokemonshowdown.com/data/pokedex-mini.js?0.7603743185311358"></script>
<script defer src="//play.pokemonshowdown.com/data/pokedex-mini-bw.js?0.030888842834281283"></script>
<script defer src="//play.pokemonshowdown.com/data/graphics.js?0.05593094747507488"></script>
<script defer src="//play.pokemonshowdown.com/data/pokedex.js?0.47064822249611904"></script>
<script defer src="//play.pokemonshowdown.com/data/moves.js?0.8583693120512459"></script>
<script defer src="//play.pokemonshowdown.com/data/abilities.js?0.16017181182386842"></script>
<script defer src="//play.pokemonshowdown.com/data/items.js?0.4163379185673943"></script>
<script defer src="//play.pokemonshowdown.com/data/teambuilder-tables.js?0.31075597372830477"></script>
<script defer src="//play.pokemonshowdown.com/js/battle-tooltips.js?0.6536193500708172"></script>
<script defer src="//play.pokemonshowdown.com/js/battle.js?0.1916591943277901"></script>

<script defer src="js/utils.js?e31f9a17"></script>
<script defer src="js/replays-battle.js?7008c182"></script>

<!-- don't scrape this data! just add .json or .log after the URL!
Full API docs: https://github.com/smogon/pokemon-showdown-client/blob/master/WEB-API.md -->
<script type="text/plain" class="log" id="replaylog-smogtours-gen3ou-806835">
|inactive|Battle timer is ON: inactive players will automatically lose when time's up.
|t:|1731872691
|gametype|singles
|player|p1|Fear|#gscpl3ironmanmachamps|
|player|p2|xXEricXx|red|
|teamsize|p1|6
|teamsize|p2|6
|gen|3
|tier|[Gen 3] OU
|rule|Sleep Clause Mod: Limit one foe put to sleep
|rule|Switch Priority Clause Mod: Faster Pokémon switch first
|rule|Species Clause: Limit one of each Pokémon
|rule|OHKO Clause: OHKO moves are banned
|rule|Evasion Items Clause: Evasion items are banned
|rule|Evasion Moves Clause: Evasion moves are banned
|rule|Endless Battle Clause: Forcing endless battles is banned
|rule|HP Percentage Mod: HP is shown in percentages
|rule|One Boost Passer Clause: Limit one Baton Passer that has a way to boost its stats
|rule|Freeze Clause Mod: Limit one foe frozen
|
|t:|1731872691
|start
|switch|p1a: Rakshas|Zapdos, shiny|100/100
|switch|p2a: Tyranitar|Tyranitar, M|100/100
|-weather|Sandstorm|[from] ability: Sand Stream|[of] p2a: Tyranitar
|turn|1
|c|☆xXEricXx|hf
|c|☆xXEricXx|i posted it in the channel
|c|☆Fear|perfect
|c|☆Fear|hf
|inactive|xXEricXx has 270 seconds left.
|
|t:|1731872724
|switch|p1a: Conrad|Skarmory, F|100/100
|move|p2a: Tyranitar|Rock Slide|p1a: Conrad
|-damage|p1a: Conrad|68/100
|
|-weather|Sandstorm|[upkeep]
|-heal|p1a: Conrad|74/100|[from] item: Leftovers
|upkeep
|turn|2
|inactive|xXEricXx has 270 seconds left.
|
|t:|1731872759
|move|p2a: Tyranitar|Rock Slide|p1a: Conrad
|-damage|p1a: Conrad|44/100
|move|p1a: Conrad|Spikes|p2a: Tyranitar
|-sidestart|p2: xXEricXx|Spikes
|
|-weather|Sandstorm|[upkeep]
|-heal|p1a: Conrad|50/100|[from] item: Leftovers
|upkeep
|turn|3
|
|t:|1731872766
|switch|p1a: Judeau|Flygon, M|100/100
|move|p2a: Tyranitar|Rock Slide|p1a: Judeau
|-resisted|p1a: Judeau
|-damage|p1a: Judeau|85/100
|
|-weather|Sandstorm|[upkeep]
|-heal|p1a: Judeau|91/100|[from] item: Leftovers
|upkeep
|turn|4
|
|t:|1731872778
|switch|p2a: Skarmory|Skarmory, M|100/100
|move|p1a: Judeau|Toxic|p2a: Skarmory
|-immune|p2a: Skarmory
|
|-weather|Sandstorm|[upkeep]
|-heal|p1a: Judeau|97/100|[from] item: Leftovers
|upkeep
|turn|5
|
|t:|1731872788
|switch|p1a: Conrad|Skarmory, F|50/100
|move|p2a: Skarmory|Toxic|p1a: Conrad
|-immune|p1a: Conrad
|
|-weather|Sandstorm|[upkeep]
|-heal|p1a: Conrad|56/100|[from] item: Leftovers
|upkeep
|turn|6
|
|t:|1731872797
|switch|p2a: Starmie|Starmie|100/100
|-damage|p2a: Starmie|88/100|[from] Spikes
|move|p1a: Conrad|Spikes|p2a: Starmie
|-sidestart|p2: xXEricXx|Spikes
|
|-weather|Sandstorm|[upkeep]
|-damage|p2a: Starmie|82/100|[from] Sandstorm
|-heal|p2a: Starmie|88/100|[from] item: Leftovers
|-heal|p1a: Conrad|62/100|[from] item: Leftovers
|upkeep
|turn|7
|
|t:|1731872809
|move|p1a: Conrad|Protect|p1a: Conrad
|-singleturn|p1a: Conrad|Protect
|move|p2a: Starmie|Rapid Spin|p1a: Conrad
|-activate|p1a: Conrad|Protect
|
|-weather|Sandstorm|[upkeep]
|-damage|p2a: Starmie|82/100|[from] Sandstorm
|-heal|p2a: Starmie|88/100|[from] item: Leftovers
|-heal|p1a: Conrad|68/100|[from] item: Leftovers
|upkeep
|turn|8
|
|t:|1731872818
|switch|p1a: Zodd|Tyranitar, M|100/100
|move|p2a: Starmie|Rapid Spin|p1a: Zodd
|-resisted|p1a: Zodd
|-damage|p1a: Zodd|99/100
|-sideend|p2: xXEricXx|Spikes|[from] move: Rapid Spin|[of] p2a: Starmie
|
|-weather|Sandstorm|[upkeep]
|-damage|p2a: Starmie|82/100|[from] Sandstorm
|-heal|p2a: Starmie|88/100|[from] item: Leftovers
|-heal|p1a: Zodd|100/100|[from] item: Leftovers
|upkeep
|turn|9
|
|t:|1731872843
|move|p2a: Starmie|Hydro Pump|p1a: Zodd
|-supereffective|p1a: Zodd
|-damage|p1a: Zodd|16/100
|move|p1a: Zodd|Crunch|p2a: Starmie
|-supereffective|p2a: Starmie
|-crit|p2a: Starmie
|-damage|p2a: Starmie|0 fnt
|faint|p2a: Starmie
|inactive|xXEricXx has 270 seconds left.
|
|t:|1731872863
|switch|p2a: Salamence|Salamence, M|100/100
|-ability|p2a: Salamence|Intimidate|boost
|-unboost|p1a: Zodd|atk|1
|
|-weather|Sandstorm|[upkeep]
|-damage|p2a: Salamence|94/100|[from] Sandstorm
|-heal|p2a: Salamence|100/100|[from] item: Leftovers
|-heal|p1a: Zodd|22/100|[from] item: Leftovers
|upkeep
|turn|10
|
|t:|1731872875
|switch|p1a: Isidro|Jirachi|100/100
|move|p2a: Salamence|Dragon Claw|p1a: Isidro
|-resisted|p1a: Isidro
|-damage|p1a: Isidro|84/100
|
|-weather|Sandstorm|[upkeep]
|-damage|p2a: Salamence|94/100|[from] Sandstorm
|-heal|p2a: Salamence|100/100|[from] item: Leftovers
|-heal|p1a: Isidro|90/100|[from] item: Leftovers
|upkeep
|turn|11
|
|t:|1731872887
|switch|p2a: Blissey|Blissey, F|100/100
|move|p1a: Isidro|Protect||[still]
|-fail|p1a: Isidro
|
|-weather|Sandstorm|[upkeep]
|-damage|p2a: Blissey|94/100|[from] Sandstorm
|-heal|p1a: Isidro|97/100|[from] item: Leftovers
|-heal|p2a: Blissey|100/100|[from] item: Leftovers
|upkeep
|turn|12
|
|t:|1731872895
|move|p1a: Isidro|Protect|p1a: Isidro
|-singleturn|p1a: Isidro|Protect
|move|p2a: Blissey|Calm Mind|p2a: Blissey
|-boost|p2a: Blissey|spa|1
|-boost|p2a: Blissey|spd|1
|
|-weather|Sandstorm|[upkeep]
|-damage|p2a: Blissey|94/100|[from] Sandstorm
|-heal|p1a: Isidro|100/100|[from] item: Leftovers
|-heal|p2a: Blissey|100/100|[from] item: Leftovers
|upkeep
|turn|13
|
|t:|1731872902
|move|p1a: Isidro|Toxic|p2a: Blissey
|-status|p2a: Blissey|tox
|move|p2a: Blissey|Thunderbolt|p1a: Isidro
|-damage|p1a: Isidro|71/100
|
|-weather|Sandstorm|[upkeep]
|-damage|p2a: Blissey|94/100 tox|[from] Sandstorm
|-heal|p1a: Isidro|77/100|[from] item: Leftovers
|-heal|p2a: Blissey|100/100 tox|[from] item: Leftovers
|-damage|p2a: Blissey|94/100 tox|[from] psn
|upkeep
|turn|14
|inactive|xXEricXx has 270 seconds left.
|
|t:|1731872943
|-curestatus|p2a: Blissey|tox|[from] ability: Natural Cure
|switch|p2a: Skarmory|Skarmory, M|100/100
|move|p1a: Isidro|Wish|p1a: Isidro
|
|-weather|Sandstorm|[upkeep]
|-heal|p1a: Isidro|83/100|[from] item: Leftovers
|upkeep
|turn|15
|inactive|xXEricXx has 240 seconds left.
|
|t:|1731872983
|switch|p1a: Zodd|Tyranitar, M|22/100
|move|p2a: Skarmory|Roar|p1a: Zodd
|drag|p1a: Conrad|Skarmory, F|68/100
|
|-heal|p1a: Conrad|100/100|[from] move: Wish|[wisher] Isidro
|-weather|Sandstorm|[upkeep]
|upkeep
|turn|16
|
|t:|1731873005
|move|p1a: Conrad|Spikes|p2a: Skarmory
|-sidestart|p2: xXEricXx|Spikes
|move|p2a: Skarmory|Spikes|p1a: Conrad
|-sidestart|p1: Fear|Spikes
|
|-weather|Sandstorm|[upkeep]
|upkeep
|turn|17
|
|t:|1731873014
|move|p1a: Conrad|Spikes|p2a: Skarmory
|-sidestart|p2: xXEricXx|Spikes
|move|p2a: Skarmory|Spikes|p1a: Conrad
|-sidestart|p1: Fear|Spikes
|
|-weather|Sandstorm|[upkeep]
|upkeep
|turn|18
|
|t:|1731873020
|move|p1a: Conrad|Spikes|p2a: Skarmory
|-sidestart|p2: xXEricXx|Spikes
|move|p2a: Skarmory|Spikes|p1a: Conrad
|-sidestart|p1: Fear|Spikes
|
|-weather|Sandstorm|[upkeep]
|upkeep
|turn|19
|inactive|xXEricXx has 240 seconds left.
|
|t:|1731873027
|move|p1a: Conrad|Roar|p2a: Skarmory
|drag|p2a: Tyranitar|Tyranitar, M|100/100
|-damage|p2a: Tyranitar|76/100|[from] Spikes
|
|-weather|Sandstorm|[upkeep]
|upkeep
|turn|20
|inactive|xXEricXx has 240 seconds left.
|
|t:|1731873038
|move|p2a: Tyranitar|Rock Slide|p1a: Conrad
|-crit|p1a: Conrad
|-damage|p1a: Conrad|42/100
|cant|p1a: Conrad|flinch
|
|-weather|Sandstorm|[upkeep]
|-heal|p1a: Conrad|48/100|[from] item: Leftovers
|upkeep
|turn|21
|inactive|xXEricXx has 240 seconds left.
|
|t:|1731873049
|switch|p1a: Judeau|Flygon, M|97/100
|move|p2a: Tyranitar|Rock Slide|p1a: Judeau|[miss]
|-miss|p2a: Tyranitar|p1a: Judeau
|
|-weather|Sandstorm|[upkeep]
|-heal|p1a: Judeau|100/100|[from] item: Leftovers
|upkeep
|turn|22
|inactive|xXEricXx has 240 seconds left.
|
|t:|1731873061
|switch|p2a: Skarmory|Skarmory, M|100/100
|move|p1a: Judeau|Toxic|p2a: Skarmory
|-immune|p2a: Skarmory
|
|-weather|Sandstorm|[upkeep]
|upkeep
|turn|23
|
|t:|1731873068
|switch|p1a: Conrad|Skarmory, F|48/100
|move|p2a: Skarmory|Roar|p1a: Conrad
|drag|p1a: Isidro|Jirachi|83/100
|-damage|p1a: Isidro|59/100|[from] Spikes
|
|-weather|Sandstorm|[upkeep]
|-heal|p1a: Isidro|65/100|[from] item: Leftovers
|upkeep
|turn|24
|inactive|xXEricXx has 240 seconds left.
|
|t:|1731873087
|move|p1a: Isidro|Wish|p1a: Isidro
|move|p2a: Skarmory|Roar|p1a: Isidro
|drag|p1a: Guts|Aerodactyl, M|100/100
|
|-weather|Sandstorm|[upkeep]
|upkeep
|turn|25
|inactive|xXEricXx has 240 seconds left.
|
|t:|1731873119
|switch|p1a: Conrad|Skarmory, F|48/100
|move|p2a: Skarmory|Toxic|p1a: Conrad
|-immune|p1a: Conrad
|
|-heal|p1a: Conrad|97/100|[from] move: Wish|[wisher] Isidro
|-weather|Sandstorm|[upkeep]
|-heal|p1a: Conrad|100/100|[from] item: Leftovers
|upkeep
|turn|26
|
|t:|1731873126
|move|p1a: Conrad|Roar|p2a: Skarmory
|drag|p2a: Salamence|Salamence, M|100/100
|-ability|p2a: Salamence|Intimidate|boost
|-unboost|p1a: Conrad|atk|1
|
|-weather|Sandstorm|[upkeep]
|-damage|p2a: Salamence|94/100|[from] Sandstorm
|-heal|p2a: Salamence|100/100|[from] item: Leftovers
|upkeep
|turn|27
|
|t:|1731873146
|switch|p2a: Blissey|Blissey, F|94/100
|-damage|p2a: Blissey|69/100|[from] Spikes
|switch|p1a: Rakshas|Zapdos, shiny|100/100
|
|-weather|Sandstorm|[upkeep]
|-damage|p1a: Rakshas|94/100|[from] Sandstorm
|-damage|p2a: Blissey|63/100|[from] Sandstorm
|-heal|p1a: Rakshas|100/100|[from] item: Leftovers
|-heal|p2a: Blissey|69/100|[from] item: Leftovers
|upkeep
|turn|28
|
|t:|1731873165
|move|p2a: Blissey|Thunderbolt|p1a: Rakshas
|-damage|p1a: Rakshas|81/100
|move|p1a: Rakshas|Roar|p2a: Blissey
|drag|p2a: Swampert|Swampert, F|100/100
|-damage|p2a: Swampert|75/100|[from] Spikes
|
|-weather|Sandstorm|[upkeep]
|-damage|p1a: Rakshas|75/100|[from] Sandstorm
|-heal|p1a: Rakshas|81/100|[from] item: Leftovers
|-heal|p2a: Swampert|82/100|[from] item: Leftovers
|upkeep
|turn|29
|
|t:|1731873179
|switch|p1a: Conrad|Skarmory, F|100/100
|switch|p2a: Blissey|Blissey, F|69/100
|-damage|p2a: Blissey|45/100|[from] Spikes
|
|-weather|Sandstorm|[upkeep]
|-damage|p2a: Blissey|38/100|[from] Sandstorm
|-heal|p2a: Blissey|45/100|[from] item: Leftovers
|upkeep
|turn|30
|
|t:|1731873185
|switch|p1a: Zodd|Tyranitar, M|22/100
|-damage|p1a: Zodd|0 fnt|[from] Spikes
|faint|p1a: Zodd
|
|t:|1731873187
|switch|p1a: Guts|Aerodactyl, M|100/100
|
|-weather|Sandstorm|[upkeep]
|-damage|p2a: Blissey|38/100|[from] Sandstorm
|-heal|p2a: Blissey|45/100|[from] item: Leftovers
|upkeep
|turn|31
|inactive|xXEricXx has 210 seconds left.
|
|t:|1731873229
|switch|p2a: Skarmory|Skarmory, M|100/100
|move|p1a: Guts|Rock Slide|p2a: Skarmory
|-damage|p2a: Skarmory|62/100
|
|-weather|Sandstorm|[upkeep]
|-heal|p2a: Skarmory|68/100|[from] item: Leftovers
|upkeep
|turn|32
|inactive|xXEricXx has 180 seconds left.
|
|t:|1731873264
|switch|p1a: Conrad|Skarmory, F|100/100
|switch|p2a: Swampert|Swampert, F|82/100
|-damage|p2a: Swampert|57/100|[from] Spikes
|
|-weather|Sandstorm|[upkeep]
|-heal|p2a: Swampert|63/100|[from] item: Leftovers
|upkeep
|turn|33
|
|t:|1731873277
|move|p2a: Swampert|Surf|p1a: Conrad
|-damage|p1a: Conrad|73/100
|move|p1a: Conrad|Roar|p2a: Swampert
|drag|p2a: Salamence|Salamence, M|100/100
|-ability|p2a: Salamence|Intimidate|boost
|-unboost|p1a: Conrad|atk|1
|
|-weather|Sandstorm|[upkeep]
|-damage|p2a: Salamence|94/100|[from] Sandstorm
|-heal|p2a: Salamence|100/100|[from] item: Leftovers
|-heal|p1a: Conrad|79/100|[from] item: Leftovers
|upkeep
|turn|34
|
|t:|1731873285
|move|p1a: Conrad|Protect|p1a: Conrad
|-singleturn|p1a: Conrad|Protect
|move|p2a: Salamence|Fire Blast|p1a: Conrad
|-activate|p1a: Conrad|Protect
|
|-weather|Sandstorm|[upkeep]
|-damage|p2a: Salamence|94/100|[from] Sandstorm
|-heal|p2a: Salamence|100/100|[from] item: Leftovers
|-heal|p1a: Conrad|85/100|[from] item: Leftovers
|upkeep
|turn|35
|
|t:|1731873296
|switch|p1a: Guts|Aerodactyl, M|100/100
|move|p2a: Salamence|Fire Blast|p1a: Guts
|-resisted|p1a: Guts
|-damage|p1a: Guts|74/100
|
|-weather|Sandstorm|[upkeep]
|-damage|p2a: Salamence|94/100|[from] Sandstorm
|-heal|p2a: Salamence|100/100|[from] item: Leftovers
|upkeep
|turn|36
|inactive|xXEricXx has 180 seconds left.
|
|t:|1731873316
|switch|p2a: Skarmory|Skarmory, M|68/100
|move|p1a: Guts|Rock Slide|p2a: Skarmory
|-damage|p2a: Skarmory|27/100
|
|-weather|Sandstorm|[upkeep]
|-heal|p2a: Skarmory|33/100|[from] item: Leftovers
|upkeep
|turn|37
|inactive|xXEricXx has 180 seconds left.
|
|t:|1731873326
|move|p2a: Skarmory|Protect|p2a: Skarmory
|-singleturn|p2a: Skarmory|Protect
|move|p1a: Guts|Rock Slide|p2a: Skarmory
|-activate|p2a: Skarmory|Protect
|
|-weather|Sandstorm|[upkeep]
|-heal|p2a: Skarmory|39/100|[from] item: Leftovers
|upkeep
|turn|38
|inactive|xXEricXx has 180 seconds left.
|
|t:|1731873346
|switch|p2a: Swampert|Swampert, F|63/100
|-damage|p2a: Swampert|38/100|[from] Spikes
|move|p1a: Guts|Rock Slide|p2a: Swampert
|-resisted|p2a: Swampert
|-damage|p2a: Swampert|22/100
|
|-weather|Sandstorm|[upkeep]
|-heal|p2a: Swampert|28/100|[from] item: Leftovers
|upkeep
|turn|39
|
|t:|1731873359
|switch|p1a: Conrad|Skarmory, F|85/100
|move|p2a: Swampert|Ice Beam|p1a: Conrad
|-damage|p1a: Conrad|68/100
|
|-weather|Sandstorm|[upkeep]
|-heal|p1a: Conrad|74/100|[from] item: Leftovers
|-heal|p2a: Swampert|34/100|[from] item: Leftovers
|upkeep
|turn|40
|
|t:|1731873371
|move|p2a: Swampert|Surf|p1a: Conrad
|-damage|p1a: Conrad|46/100
|move|p1a: Conrad|Roar|p2a: Swampert
|drag|p2a: Skarmory|Skarmory, M|39/100
|
|-weather|Sandstorm|[upkeep]
|-heal|p1a: Conrad|52/100|[from] item: Leftovers
|-heal|p2a: Skarmory|45/100|[from] item: Leftovers
|upkeep
|turn|41
|
|t:|1731873382
|move|p1a: Conrad|Roar|p2a: Skarmory
|drag|p2a: Blissey|Blissey, F|45/100
|-damage|p2a: Blissey|20/100|[from] Spikes
|
|-weather|Sandstorm|[upkeep]
|-damage|p2a: Blissey|14/100|[from] Sandstorm
|-heal|p1a: Conrad|58/100|[from] item: Leftovers
|-heal|p2a: Blissey|20/100|[from] item: Leftovers
|upkeep
|turn|42
|
|t:|1731873385
|move|p1a: Conrad|Drill Peck|p2a: Blissey
|-damage|p2a: Blissey|0 fnt
|faint|p2a: Blissey
|inactive|xXEricXx has 180 seconds left.
|
|t:|1731873395
|switch|p2a: Salamence|Salamence, M|100/100
|-ability|p2a: Salamence|Intimidate|boost
|-unboost|p1a: Conrad|atk|1
|
|-weather|Sandstorm|[upkeep]
|-damage|p2a: Salamence|94/100|[from] Sandstorm
|-heal|p2a: Salamence|100/100|[from] item: Leftovers
|-heal|p1a: Conrad|64/100|[from] item: Leftovers
|upkeep
|turn|43
|
|t:|1731873400
|move|p1a: Conrad|Protect|p1a: Conrad
|-singleturn|p1a: Conrad|Protect
|move|p2a: Salamence|Dragon Claw|p1a: Conrad
|-activate|p1a: Conrad|Protect
|
|-weather|Sandstorm|[upkeep]
|-damage|p2a: Salamence|94/100|[from] Sandstorm
|-heal|p2a: Salamence|100/100|[from] item: Leftovers
|-heal|p1a: Conrad|70/100|[from] item: Leftovers
|upkeep
|turn|44
|
|t:|1731873428
|switch|p1a: Rakshas|Zapdos, shiny|81/100
|move|p2a: Salamence|Fire Blast|p1a: Rakshas
|-damage|p1a: Rakshas|57/100
|
|-weather|Sandstorm|[upkeep]
|-damage|p2a: Salamence|94/100|[from] Sandstorm
|-damage|p1a: Rakshas|50/100|[from] Sandstorm
|-heal|p2a: Salamence|100/100|[from] item: Leftovers
|-heal|p1a: Rakshas|57/100|[from] item: Leftovers
|upkeep
|turn|45
|
|t:|1731873444
|move|p2a: Salamence|Dragon Claw|p1a: Rakshas
|-damage|p1a: Rakshas|31/100
|move|p1a: Rakshas|Rest|p1a: Rakshas
|-status|p1a: Rakshas|slp|[from] move: Rest
|-heal|p1a: Rakshas|100/100 slp|[silent]
|
|-weather|Sandstorm|[upkeep]
|-damage|p2a: Salamence|94/100|[from] Sandstorm
|-damage|p1a: Rakshas|94/100 slp|[from] Sandstorm
|-heal|p2a: Salamence|100/100|[from] item: Leftovers
|-heal|p1a: Rakshas|100/100 slp|[from] item: Leftovers
|upkeep
|turn|46
|
|t:|1731873453
|move|p2a: Salamence|Dragon Claw|p1a: Rakshas
|-damage|p1a: Rakshas|75/100 slp
|cant|p1a: Rakshas|slp
|
|-weather|Sandstorm|[upkeep]
|-damage|p2a: Salamence|94/100|[from] Sandstorm
|-damage|p1a: Rakshas|69/100 slp|[from] Sandstorm
|-heal|p2a: Salamence|100/100|[from] item: Leftovers
|-heal|p1a: Rakshas|75/100 slp|[from] item: Leftovers
|upkeep
|turn|47
|
|t:|1731873460
|move|p2a: Salamence|Dragon Claw|p1a: Rakshas
|-damage|p1a: Rakshas|48/100 slp
|cant|p1a: Rakshas|slp
|move|p1a: Rakshas|Sleep Talk|p1a: Rakshas
|move|p1a: Rakshas|Roar|p2a: Salamence|[from]Sleep Talk
|drag|p2a: Swampert|Swampert, F|34/100
|-damage|p2a: Swampert|9/100|[from] Spikes
|
|-weather|Sandstorm|[upkeep]
|-damage|p1a: Rakshas|42/100 slp|[from] Sandstorm
|-heal|p1a: Rakshas|48/100 slp|[from] item: Leftovers
|-heal|p2a: Swampert|16/100|[from] item: Leftovers
|upkeep
|turn|48
|inactive|xXEricXx has 210 seconds left.
|
|t:|1731873474
|move|p2a: Swampert|Ice Beam|p1a: Rakshas
|-supereffective|p1a: Rakshas
|-damage|p1a: Rakshas|23/100 slp
|-curestatus|p1a: Rakshas|slp|[msg]
|move|p1a: Rakshas|Roar|p2a: Swampert
|drag|p2a: Salamence|Salamence, M|100/100
|-ability|p2a: Salamence|Intimidate|boost
|-unboost|p1a: Rakshas|atk|1
|
|-weather|Sandstorm|[upkeep]
|-damage|p2a: Salamence|94/100|[from] Sandstorm
|-damage|p1a: Rakshas|17/100|[from] Sandstorm
|-heal|p2a: Salamence|100/100|[from] item: Leftovers
|-heal|p1a: Rakshas|23/100|[from] item: Leftovers
|upkeep
|turn|49
|inactive|xXEricXx has 210 seconds left.
|
|t:|1731873488
|switch|p1a: Isidro|Jirachi|65/100
|-damage|p1a: Isidro|40/100|[from] Spikes
|move|p2a: Salamence|Dragon Claw|p1a: Isidro
|-resisted|p1a: Isidro
|-damage|p1a: Isidro|26/100
|
|-weather|Sandstorm|[upkeep]
|-damage|p2a: Salamence|94/100|[from] Sandstorm
|-heal|p2a: Salamence|100/100|[from] item: Leftovers
|-heal|p1a: Isidro|32/100|[from] item: Leftovers
|upkeep
|turn|50
|
|t:|1731873497
|move|p1a: Isidro|Protect|p1a: Isidro
|-singleturn|p1a: Isidro|Protect
|move|p2a: Salamence|Dragon Claw|p1a: Isidro
|-activate|p1a: Isidro|Protect
|
|-weather|Sandstorm|[upkeep]
|-damage|p2a: Salamence|94/100|[from] Sandstorm
|-heal|p2a: Salamence|100/100|[from] item: Leftovers
|-heal|p1a: Isidro|38/100|[from] item: Leftovers
|upkeep
|turn|51
|
|t:|1731873502
|move|p2a: Salamence|Fire Blast|p1a: Isidro|[miss]
|-miss|p2a: Salamence|p1a: Isidro
|move|p1a: Isidro|Wish|p1a: Isidro
|
|-weather|Sandstorm|[upkeep]
|-damage|p2a: Salamence|94/100|[from] Sandstorm
|-heal|p2a: Salamence|100/100|[from] item: Leftovers
|-heal|p1a: Isidro|44/100|[from] item: Leftovers
|upkeep
|turn|52
|
|t:|1731873517
|switch|p2a: Skarmory|Skarmory, M|45/100
|move|p1a: Isidro|Toxic|p2a: Skarmory
|-immune|p2a: Skarmory
|
|-heal|p1a: Isidro|94/100|[from] move: Wish|[wisher] Isidro
|-weather|Sandstorm|[upkeep]
|-heal|p1a: Isidro|99/100|[from] item: Leftovers
|-heal|p2a: Skarmory|50/100|[from] item: Leftovers
|upkeep
|turn|53
|
|t:|1731873525
|move|p1a: Isidro|Fire Punch|p2a: Skarmory
|-supereffective|p2a: Skarmory
|-damage|p2a: Skarmory|18/100
|move|p2a: Skarmory|Roar|p1a: Isidro
|drag|p1a: Conrad|Skarmory, F|70/100
|
|-weather|Sandstorm|[upkeep]
|-heal|p1a: Conrad|76/100|[from] item: Leftovers
|-heal|p2a: Skarmory|24/100|[from] item: Leftovers
|upkeep
|turn|54
|
|t:|1731873536
|move|p1a: Conrad|Drill Peck|p2a: Skarmory
|-resisted|p2a: Skarmory
|-damage|p2a: Skarmory|15/100
|move|p2a: Skarmory|Roar|p1a: Conrad
|drag|p1a: Isidro|Jirachi|99/100
|-damage|p1a: Isidro|75/100|[from] Spikes
|
|-weather|Sandstorm|[upkeep]
|-heal|p1a: Isidro|82/100|[from] item: Leftovers
|-heal|p2a: Skarmory|21/100|[from] item: Leftovers
|upkeep
|turn|55
|
|t:|1731873553
|switch|p2a: Swampert|Swampert, F|16/100
|-damage|p2a: Swampert|0 fnt|[from] Spikes
|faint|p2a: Swampert
|
|t:|1731873556
|switch|p2a: Tyranitar|Tyranitar, M|76/100
|-damage|p2a: Tyranitar|51/100|[from] Spikes
|
|-weather|Sandstorm|[upkeep]
|-heal|p1a: Isidro|88/100|[from] item: Leftovers
|upkeep
|turn|56
|
|t:|1731873562
|switch|p1a: Judeau|Flygon, M|100/100
|move|p2a: Tyranitar|Dragon Dance|p2a: Tyranitar
|-boost|p2a: Tyranitar|atk|1
|-boost|p2a: Tyranitar|spe|1
|
|-weather|Sandstorm|[upkeep]
|upkeep
|turn|57
|inactive|xXEricXx has 240 seconds left.
|
|t:|1731873580
|switch|p2a: Salamence|Salamence, M|100/100
|-ability|p2a: Salamence|Intimidate|boost
|-unboost|p1a: Judeau|atk|1
|move|p1a: Judeau|Earthquake|p2a: Salamence
|-immune|p2a: Salamence
|
|-weather|Sandstorm|[upkeep]
|-damage|p2a: Salamence|94/100|[from] Sandstorm
|-heal|p2a: Salamence|100/100|[from] item: Leftovers
|upkeep
|turn|58
|
|t:|1731873590
|move|p1a: Judeau|Protect|p1a: Judeau
|-singleturn|p1a: Judeau|Protect
|move|p2a: Salamence|Fire Blast|p1a: Judeau
|-activate|p1a: Judeau|Protect
|
|-weather|Sandstorm|[upkeep]
|-damage|p2a: Salamence|94/100|[from] Sandstorm
|-heal|p2a: Salamence|100/100|[from] item: Leftovers
|upkeep
|turn|59
|
|t:|1731873600
|switch|p1a: Isidro|Jirachi|88/100
|-damage|p1a: Isidro|63/100|[from] Spikes
|move|p2a: Salamence|Fire Blast|p1a: Isidro
|-supereffective|p1a: Isidro
|-damage|p1a: Isidro|4/100
|
|-weather|Sandstorm|[upkeep]
|-damage|p2a: Salamence|94/100|[from] Sandstorm
|-heal|p2a: Salamence|100/100|[from] item: Leftovers
|-heal|p1a: Isidro|10/100|[from] item: Leftovers
|upkeep
|turn|60
|
|t:|1731873607
|move|p1a: Isidro|Protect|p1a: Isidro
|-singleturn|p1a: Isidro|Protect
|move|p2a: Salamence|Brick Break|p1a: Isidro
|-activate|p1a: Isidro|Protect
|
|-weather|Sandstorm|[upkeep]
|-damage|p2a: Salamence|94/100|[from] Sandstorm
|-heal|p2a: Salamence|100/100|[from] item: Leftovers
|-heal|p1a: Isidro|16/100|[from] item: Leftovers
|upkeep
|turn|61
|
|t:|1731873611
|move|p2a: Salamence|Brick Break|p1a: Isidro
|-damage|p1a: Isidro|1/100
|move|p1a: Isidro|Wish|p1a: Isidro
|
|-weather|Sandstorm|[upkeep]
|-damage|p2a: Salamence|94/100|[from] Sandstorm
|-heal|p2a: Salamence|100/100|[from] item: Leftovers
|-heal|p1a: Isidro|7/100|[from] item: Leftovers
|upkeep
|turn|62
|
|t:|1731873638
|switch|p2a: Tyranitar|Tyranitar, M|51/100
|-damage|p2a: Tyranitar|26/100|[from] Spikes
|move|p1a: Isidro|Protect||[still]
|-fail|p1a: Isidro
|
|-heal|p1a: Isidro|57/100|[from] move: Wish|[wisher] Isidro
|-weather|Sandstorm|[upkeep]
|-heal|p1a: Isidro|63/100|[from] item: Leftovers
|upkeep
|turn|63
|
|t:|1731873645
|switch|p1a: Judeau|Flygon, M|100/100
|move|p2a: Tyranitar|Dragon Dance|p2a: Tyranitar
|-boost|p2a: Tyranitar|atk|1
|-boost|p2a: Tyranitar|spe|1
|
|-weather|Sandstorm|[upkeep]
|upkeep
|turn|64
|
|t:|1731873657
|move|p2a: Tyranitar|Hidden Power|p1a: Judeau
|-damage|p1a: Judeau|72/100
|move|p1a: Judeau|Earthquake|p2a: Tyranitar
|-supereffective|p2a: Tyranitar
|-damage|p2a: Tyranitar|0 fnt
|faint|p2a: Tyranitar
|
|t:|1731873663
|switch|p2a: Salamence|Salamence, M|100/100
|-ability|p2a: Salamence|Intimidate|boost
|-unboost|p1a: Judeau|atk|1
|
|-weather|Sandstorm|[upkeep]
|-damage|p2a: Salamence|94/100|[from] Sandstorm
|-heal|p2a: Salamence|100/100|[from] item: Leftovers
|-heal|p1a: Judeau|78/100|[from] item: Leftovers
|upkeep
|turn|65
|
|t:|1731873666
|move|p1a: Judeau|Protect|p1a: Judeau
|-singleturn|p1a: Judeau|Protect
|move|p2a: Salamence|Dragon Claw|p1a: Judeau
|-activate|p1a: Judeau|Protect
|
|-weather|Sandstorm|[upkeep]
|-damage|p2a: Salamence|94/100|[from] Sandstorm
|-heal|p2a: Salamence|100/100|[from] item: Leftovers
|-heal|p1a: Judeau|84/100|[from] item: Leftovers
|upkeep
|turn|66
|
|t:|1731873672
|switch|p1a: Isidro|Jirachi|63/100
|-damage|p1a: Isidro|38/100|[from] Spikes
|move|p2a: Salamence|Dragon Claw|p1a: Isidro
|-resisted|p1a: Isidro
|-damage|p1a: Isidro|23/100
|
|-weather|Sandstorm|[upkeep]
|-damage|p2a: Salamence|94/100|[from] Sandstorm
|-heal|p2a: Salamence|100/100|[from] item: Leftovers
|-heal|p1a: Isidro|30/100|[from] item: Leftovers
|upkeep
|turn|67
|inactive|xXEricXx has 270 seconds left.
|
|t:|1731873685
|move|p1a: Isidro|Protect|p1a: Isidro
|-singleturn|p1a: Isidro|Protect
|move|p2a: Salamence|Fire Blast|p1a: Isidro|[miss]
|-miss|p2a: Salamence|p1a: Isidro
|
|-weather|Sandstorm|[upkeep]
|-damage|p2a: Salamence|94/100|[from] Sandstorm
|-heal|p2a: Salamence|100/100|[from] item: Leftovers
|-heal|p1a: Isidro|36/100|[from] item: Leftovers
|upkeep
|turn|68
|
|t:|1731873688
|move|p2a: Salamence|Dragon Claw|p1a: Isidro
|-resisted|p1a: Isidro
|-damage|p1a: Isidro|20/100
|move|p1a: Isidro|Wish|p1a: Isidro
|
|-weather|Sandstorm|[upkeep]
|-damage|p2a: Salamence|94/100|[from] Sandstorm
|-heal|p2a: Salamence|100/100|[from] item: Leftovers
|-heal|p1a: Isidro|26/100|[from] item: Leftovers
|upkeep
|turn|69
|
|t:|1731873700
|move|p1a: Isidro|Protect|p1a: Isidro
|-singleturn|p1a: Isidro|Protect
|move|p2a: Salamence|Dragon Claw|p1a: Isidro
|-activate|p1a: Isidro|Protect
|
|-heal|p1a: Isidro|76/100|[from] move: Wish|[wisher] Isidro
|-weather|Sandstorm|[upkeep]
|-damage|p2a: Salamence|94/100|[from] Sandstorm
|-heal|p2a: Salamence|100/100|[from] item: Leftovers
|-heal|p1a: Isidro|82/100|[from] item: Leftovers
|upkeep
|turn|70
|c|☆xXEricXx|gg
|c|☆Fear|gg
|-message|xXEricXx forfeited.
|
|win|Fear
|player|p2|

</script>
<script type="application/json" class="data" id="replaydata-smogtours-gen3ou-806835">
{"id":"smogtours-gen3ou-806835","format":"[Gen 3] OU","players":["Fear","xXEricXx"],"uploadtime":1731873711,"views":24,"formatid":"gen3ou","rating":null,"private":0,"password":null}
</script>

<script defer src="js/replays.js?9d40a366"></script>
