<!DOCTYPE html>
<meta charset="utf-8" />
<meta name="viewport" content="width=device-width" />

<title>[Gen 3] OU: RodentCollector vs. xDeacon - Replays - Pok&eacute;mon Showdown!</title>

<meta name="description" content="Watch a replay of a Pok&eacute;mon battle between RodentCollector and xDeacon! Format: [Gen 3] OU; Date: Nov 6, 2024" />
<!--

Hey, you! Looking in the source for the replay log?

You can find them in JSON format, just add `.json` at the end of a replay URL.

https://replay.pokemonshowdown.com/gen7randomdoublesbattle-865046831.json

Or, if you only need the log itself, add `.log` instead:

https://replay.pokemonshowdown.com/gen7randomdoublesbattle-865046831.log

-->

<link rel="stylesheet" href="//pokemonshowdown.com/style/global.css?0.023195364461161105" />
<link rel="stylesheet" href="//play.pokemonshowdown.com/style/font-awesome.css?0.13261647063804238" />
<link rel="stylesheet" href="//play.pokemonshowdown.com/style/battle.css?0.8753245789963631" />
<link rel="stylesheet" href="//play.pokemonshowdown.com/style/utilichart.css?0.8627959624976733" />

<!-- Global site tag (gtag.js) - Google Analytics -->
<script async src="https://www.googletagmanager.com/gtag/js?id=UA-26211653-1"></script>
<script>
  window.dataLayer = window.dataLayer || [];
  function gtag(){dataLayer.push(arguments);}
  gtag('js', new Date());

  gtag('config', 'UA-26211653-1');
</script>
<!-- End Google Analytics -->
<!-- Venatus Ad Manager - Install in <HEAD> of page -->
	<script src="https://hb.vntsm.com/v3/live/ad-manager.min.js" type="text/javascript" data-site-id="642aba63ec9a7b11c3c9c1be" data-mode="scan" async></script>
<!-- / Venatus Ad Manager -->

<style>
	@media (max-width:820px) {
		.battle {
			margin: 0 auto;
		}
		.battle-log {
			margin: 7px auto 0;
			max-width: 640px;
			height: 300px;
			position: static;
		}
	}
	.optgroup {
		display: inline-block;
		line-height: 22px;
		font-size: 10pt;
	}
	.optgroup .button {
		height: 25px;
		padding-top: 0;
		padding-bottom: 0;
	}
	.optgroup button.button {
		padding-left: 12px;
		padding-right: 12px;
	}
	.linklist {
		list-style: none;
		margin: 0.5em 0;
		padding: 0;
	}
	.linklist li {
		padding: 2px 0;
	}
	.sidebar {
		float: left;
		width: 320px;
	}
	.bar-wrapper {
		max-width: 1100px;
		margin: 0 auto;
	}
	.bar-wrapper.has-sidebar {
		max-width: 1430px;
	}
	.mainbar {
		margin: 0;
		padding-right: 1px;
	}
	.mainbar.has-sidebar {
		margin-left: 330px;
	}
	@media (min-width: 1511px) {
		.sidebar {
			width: 400px;
		}
		.bar-wrapper.has-sidebar {
			max-width: 1510px;
		}
		.mainbar.has-sidebar {
			margin-left: 410px;
		}
	}
	.section.first-section {
		margin-top: 9px;
	}
	.blocklink small {
		white-space: normal;
	}
	.button {
		vertical-align: middle;
	}
	.replay-controls {
		padding-top: 10px;
	}
	.replay-controls h1 {
		font-size: 16pt;
		font-weight: normal;
		color: #CCC;
	}
	.pagelink {
		text-align: center;
	}
	.pagelink a {
		width: 150px;
	}
	.textbox, .button {
		font-size: 11pt;
		vertical-align: middle;
	}
	@media (max-width: 450px) {
		.button {
			font-size: 9pt;
		}
	}
</style>

<div>

	<header>
		<div class="nav-wrapper"><ul class="nav">
			<li><a class="button nav-first" href="//pokemonshowdown.com/"><img src="//pokemonshowdown.com/images/pokemonshowdownbeta.png" srcset="//pokemonshowdown.com/images/pokemonshowdownbeta.png 1x, //pokemonshowdown.com/images/pokemonshowdownbeta@2x.png 2x" alt="Pok&eacute;mon Showdown" width="146" height="44" /> Home</a></li>
			<li><a class="button" href="//pokemonshowdown.com/dex/">Pok&eacute;dex</a></li>
			<li><a class="button cur" href="/">Replays</a></li>
			<li><a class="button" href="//pokemonshowdown.com/ladder/">Ladder</a></li>
			<li><a class="button nav-last" href="//pokemonshowdown.com/forums/">Forum</a></li>
			<li><a class="button greenbutton nav-first nav-last" href="//play.pokemonshowdown.com/">Play</a></li>
		</ul></div>
	</header>

	<div class="main" id="main">

		<noscript><section class="section">You need to enable JavaScript to use this page; sorry!</section></noscript>

	</div>

</div>

<script defer nomodule src="//play.pokemonshowdown.com/js/lib/ps-polyfill.js"></script>
<script defer src="//play.pokemonshowdown.com/js/lib/preact.min.js"></script>

<script defer src="//play.pokemonshowdown.com/config/config.js?2bddbc15"></script>
<script defer src="//play.pokemonshowdown.com/js/lib/jquery-1.11.0.min.js"></script>
<script defer src="//play.pokemonshowdown.com/js/lib/html-sanitizer-minified.js"></script>
<script defer src="//play.pokemonshowdown.com/js/battle-sound.js"></script>
<script defer src="//play.pokemonshowdown.com/js/battledata.js?0.7209276989879541"></script>
<script defer src="//play.pokemonshowdown.com/data/pokedex-mini.js?0.6111056340867951"></script>
<script defer src="//play.pokemonshowdown.com/data/pokedex-mini-bw.js?0.3532142036491459"></script>
<script defer src="//play.pokemonshowdown.com/data/graphics.js?0.24223875632456182"></script>
<script defer src="//play.pokemonshowdown.com/data/pokedex.js?0.38839984266356864"></script>
<script defer src="//play.pokemonshowdown.com/data/moves.js?0.21866028504024015"></script>
<script defer src="//play.pokemonshowdown.com/data/abilities.js?0.2005157953846628"></script>
<script defer src="//play.pokemonshowdown.com/data/items.js?0.9894211263848525"></script>
<script defer src="//play.pokemonshowdown.com/data/teambuilder-tables.js?0.6008791140282215"></script>
<script defer src="//play.pokemonshowdown.com/js/battle-tooltips.js?0.7580118955022959"></script>
<script defer src="//play.pokemonshowdown.com/js/battle.js?0.6057722274234274"></script>

<script defer src="js/utils.js?e31f9a17"></script>
<script defer src="js/replays-battle.js?7008c182"></script>

<!-- don't scrape this data! just add .json or .log after the URL!
Full API docs: https://github.com/smogon/pokemon-showdown-client/blob/master/WEB-API.md -->
<script type="text/plain" class="log" id="replaylog-smogtours-gen3ou-805046">
|inactive|Battle timer is ON: inactive players will automatically lose when time's up.
|t:|1730934587
|gametype|singles
|player|p1|RodentCollector|bugcatcher-gen4dp|
|player|p2|xDeacon|fisherman-gen4|
|teamsize|p1|6
|teamsize|p2|6
|gen|3
|tier|[Gen 3] OU
|rule|Sleep Clause Mod: Limit one foe put to sleep
|rule|Switch Priority Clause Mod: Faster Pokémon switch first
|rule|Species Clause: Limit one of each Pokémon
|rule|OHKO Clause: OHKO moves are banned
|rule|Evasion Items Clause: Evasion items are banned
|rule|Evasion Moves Clause: Evasion moves are banned
|rule|Endless Battle Clause: Forcing endless battles is banned
|rule|HP Percentage Mod: HP is shown in percentages
|rule|One Boost Passer Clause: Limit one Baton Passer that has a way to boost its stats
|rule|Freeze Clause Mod: Limit one foe frozen
|
|t:|1730934587
|start
|switch|p1a: Metagross|Metagross|100/100
|switch|p2a: Aerodactyl|Aerodactyl, F|100/100
|turn|1
|c|☆RodentCollector|glhf
|inactive|RodentCollector has 270 seconds left.
|c|☆xDeacon|u2
|
|t:|1730934620
|switch|p2a: Swampert|Swampert, F|100/100
|move|p1a: Metagross|Meteor Mash|p2a: Swampert
|-resisted|p2a: Swampert
|-damage|p2a: Swampert|71/100
|
|-heal|p2a: Swampert|77/100|[from] item: Leftovers
|upkeep
|turn|2
|
|t:|1730934633
|switch|p1a: Gyarados|Gyarados, M|100/100
|-ability|p1a: Gyarados|Intimidate|boost
|-unboost|p2a: Swampert|atk|1
|move|p2a: Swampert|Surf|p1a: Gyarados
|-resisted|p1a: Gyarados
|-damage|p1a: Gyarados|87/100
|
|-heal|p1a: Gyarados|93/100|[from] item: Leftovers
|-heal|p2a: Swampert|84/100|[from] item: Leftovers
|upkeep
|turn|3
|
|t:|1730934642
|switch|p2a: Blissey|Blissey, F|100/100
|move|p1a: Gyarados|Dragon Dance|p1a: Gyarados
|-boost|p1a: Gyarados|atk|1
|-boost|p1a: Gyarados|spe|1
|
|-heal|p1a: Gyarados|99/100|[from] item: Leftovers
|upkeep
|turn|4
|
|t:|1730934649
|switch|p1a: Metagross|Metagross|100/100
|move|p2a: Blissey|Thunderbolt|p1a: Metagross
|-damage|p1a: Metagross|73/100
|
|upkeep
|turn|5
|
|t:|1730934659
|switch|p2a: Forretress|Forretress, F|100/100
|move|p1a: Metagross|Meteor Mash|p2a: Forretress
|-resisted|p2a: Forretress
|-damage|p2a: Forretress|67/100
|
|-heal|p2a: Forretress|73/100|[from] item: Leftovers
|upkeep
|turn|6
|
|t:|1730934671
|switch|p1a: Camerupt|Camerupt, M|100/100
|move|p2a: Forretress|Spikes|p1a: Camerupt
|-sidestart|p1: RodentCollector|Spikes
|
|-heal|p2a: Forretress|79/100|[from] item: Leftovers
|upkeep
|turn|7
|
|t:|1730934694
|switch|p2a: Blissey|Blissey, F|100/100
|move|p1a: Camerupt|Fire Blast|p2a: Blissey
|-damage|p2a: Blissey|80/100
|
|-heal|p2a: Blissey|86/100|[from] item: Leftovers
|upkeep
|turn|8
|
|t:|1730934700
|move|p1a: Camerupt|Explosion|p2a: Blissey
|-damage|p2a: Blissey|0 fnt
|faint|p1a: Camerupt
|faint|p2a: Blissey
|
|t:|1730934723
|switch|p1a: Metagross|Metagross|73/100
|switch|p2a: Swampert|Swampert, F|84/100
|-damage|p1a: Metagross|61/100|[from] Spikes
|
|-heal|p2a: Swampert|90/100|[from] item: Leftovers
|upkeep
|turn|9
|
|t:|1730934731
|move|p2a: Swampert|Protect|p2a: Swampert
|-singleturn|p2a: Swampert|Protect
|move|p1a: Metagross|Explosion|p2a: Swampert
|-activate|p2a: Swampert|Protect
|faint|p1a: Metagross
|
|t:|1730934735
|switch|p1a: Gyarados|Gyarados, M|99/100
|-ability|p1a: Gyarados|Intimidate|boost
|-unboost|p2a: Swampert|atk|1
|
|-heal|p1a: Gyarados|100/100|[from] item: Leftovers
|-heal|p2a: Swampert|96/100|[from] item: Leftovers
|upkeep
|turn|10
|
|t:|1730934747
|switch|p2a: Zapdos|Zapdos|100/100
|move|p1a: Gyarados|Dragon Dance|p1a: Gyarados
|-boost|p1a: Gyarados|atk|1
|-boost|p1a: Gyarados|spe|1
|
|upkeep
|turn|11
|
|t:|1730934752
|switch|p1a: Jolteon|Jolteon, F|100/100
|-damage|p1a: Jolteon|88/100|[from] Spikes
|move|p2a: Zapdos|Thunderbolt|p1a: Jolteon
|-heal|p1a: Jolteon|100/100|[from] ability: Volt Absorb|[of] p2a: Zapdos
|
|upkeep
|turn|12
|
|t:|1730934766
|switch|p2a: Tyranitar|Tyranitar, F|100/100
|-weather|Sandstorm|[from] ability: Sand Stream|[of] p2a: Tyranitar
|move|p1a: Jolteon|Thunderbolt|p2a: Tyranitar
|-damage|p2a: Tyranitar|64/100
|
|-weather|Sandstorm|[upkeep]
|-damage|p1a: Jolteon|94/100|[from] Sandstorm
|-heal|p1a: Jolteon|100/100|[from] item: Leftovers
|-heal|p2a: Tyranitar|70/100|[from] item: Leftovers
|upkeep
|turn|13
|
|t:|1730934789
|move|p1a: Jolteon|Thunderbolt|p2a: Tyranitar
|-damage|p2a: Tyranitar|32/100
|move|p2a: Tyranitar|Crunch|p1a: Jolteon
|-damage|p1a: Jolteon|53/100
|
|-weather|Sandstorm|[upkeep]
|-damage|p1a: Jolteon|47/100|[from] Sandstorm
|-heal|p1a: Jolteon|53/100|[from] item: Leftovers
|-heal|p2a: Tyranitar|39/100|[from] item: Leftovers
|upkeep
|turn|14
|
|t:|1730934803
|switch|p1a: Gyarados|Gyarados, M|100/100
|-ability|p1a: Gyarados|Intimidate|boost
|-unboost|p2a: Tyranitar|atk|1
|move|p2a: Tyranitar|Earthquake|p1a: Gyarados
|-immune|p1a: Gyarados
|
|-weather|Sandstorm|[upkeep]
|-damage|p1a: Gyarados|95/100|[from] Sandstorm
|-heal|p1a: Gyarados|100/100|[from] item: Leftovers
|-heal|p2a: Tyranitar|45/100|[from] item: Leftovers
|upkeep
|turn|15
|inactive|xDeacon has 270 seconds left.
|
|t:|1730934832
|switch|p2a: Aerodactyl|Aerodactyl, F|100/100
|move|p1a: Gyarados|Dragon Dance|p1a: Gyarados
|-boost|p1a: Gyarados|atk|1
|-boost|p1a: Gyarados|spe|1
|
|-weather|Sandstorm|[upkeep]
|-damage|p1a: Gyarados|95/100|[from] Sandstorm
|-heal|p1a: Gyarados|100/100|[from] item: Leftovers
|upkeep
|turn|16
|
|t:|1730934837
|move|p1a: Gyarados|Hidden Power|p2a: Aerodactyl
|-supereffective|p2a: Aerodactyl
|-damage|p2a: Aerodactyl|0 fnt
|faint|p2a: Aerodactyl
|inactive|xDeacon has 270 seconds left.
|
|t:|1730934853
|switch|p2a: Forretress|Forretress, F|79/100
|
|-weather|Sandstorm|[upkeep]
|-damage|p1a: Gyarados|95/100|[from] Sandstorm
|-heal|p1a: Gyarados|100/100|[from] item: Leftovers
|-heal|p2a: Forretress|85/100|[from] item: Leftovers
|upkeep
|turn|17
|
|t:|1730934858
|move|p1a: Gyarados|Earthquake|p2a: Forretress
|-damage|p2a: Forretress|48/100
|move|p2a: Forretress|Spikes|p1a: Gyarados
|-sidestart|p1: RodentCollector|Spikes
|
|-weather|Sandstorm|[upkeep]
|-damage|p1a: Gyarados|95/100|[from] Sandstorm
|-heal|p1a: Gyarados|100/100|[from] item: Leftovers
|-heal|p2a: Forretress|54/100|[from] item: Leftovers
|upkeep
|turn|18
|
|t:|1730934870
|move|p1a: Gyarados|Earthquake|p2a: Forretress
|-damage|p2a: Forretress|16/100
|move|p2a: Forretress|Spikes|p1a: Gyarados
|-sidestart|p1: RodentCollector|Spikes
|
|-weather|Sandstorm|[upkeep]
|-damage|p1a: Gyarados|95/100|[from] Sandstorm
|-heal|p1a: Gyarados|100/100|[from] item: Leftovers
|-heal|p2a: Forretress|22/100|[from] item: Leftovers
|upkeep
|turn|19
|
|t:|1730934877
|switch|p2a: Zapdos|Zapdos|100/100
|move|p1a: Gyarados|Dragon Dance|p1a: Gyarados
|-boost|p1a: Gyarados|atk|1
|-boost|p1a: Gyarados|spe|1
|
|-weather|Sandstorm|[upkeep]
|-damage|p1a: Gyarados|95/100|[from] Sandstorm
|-damage|p2a: Zapdos|94/100|[from] Sandstorm
|-heal|p1a: Gyarados|100/100|[from] item: Leftovers
|-heal|p2a: Zapdos|100/100|[from] item: Leftovers
|upkeep
|turn|20
|
|t:|1730934889
|switch|p2a: Forretress|Forretress, F|22/100
|move|p1a: Gyarados|Hidden Power|p2a: Forretress
|-damage|p2a: Forretress|0 fnt
|faint|p2a: Forretress
|inactive|xDeacon has 270 seconds left.
|
|t:|1730934906
|switch|p2a: Swampert|Swampert, F|96/100
|
|-weather|Sandstorm|[upkeep]
|-damage|p1a: Gyarados|95/100|[from] Sandstorm
|-heal|p1a: Gyarados|100/100|[from] item: Leftovers
|-heal|p2a: Swampert|100/100|[from] item: Leftovers
|upkeep
|turn|21
|
|t:|1730934910
|move|p1a: Gyarados|Earthquake|p2a: Swampert
|-damage|p2a: Swampert|54/100
|move|p2a: Swampert|Toxic|p1a: Gyarados
|-status|p1a: Gyarados|tox
|
|-weather|Sandstorm|[upkeep]
|-damage|p1a: Gyarados|95/100 tox|[from] Sandstorm
|-heal|p1a: Gyarados|100/100 tox|[from] item: Leftovers
|-damage|p1a: Gyarados|95/100 tox|[from] psn
|-heal|p2a: Swampert|60/100|[from] item: Leftovers
|upkeep
|turn|22
|
|t:|1730934918
|move|p1a: Gyarados|Earthquake|p2a: Swampert
|-damage|p2a: Swampert|12/100
|move|p2a: Swampert|Surf|p1a: Gyarados
|-resisted|p1a: Gyarados
|-damage|p1a: Gyarados|75/100 tox
|
|-weather|Sandstorm|[upkeep]
|-damage|p1a: Gyarados|69/100 tox|[from] Sandstorm
|-heal|p1a: Gyarados|75/100 tox|[from] item: Leftovers
|-damage|p1a: Gyarados|63/100 tox|[from] psn
|-heal|p2a: Swampert|19/100|[from] item: Leftovers
|upkeep
|turn|23
|
|t:|1730934923
|move|p2a: Swampert|Protect|p2a: Swampert
|-singleturn|p2a: Swampert|Protect
|move|p1a: Gyarados|Double-Edge|p2a: Swampert
|-activate|p2a: Swampert|Protect
|
|-weather|Sandstorm|[upkeep]
|-damage|p1a: Gyarados|57/100 tox|[from] Sandstorm
|-heal|p1a: Gyarados|63/100 tox|[from] item: Leftovers
|-damage|p1a: Gyarados|46/100 tox|[from] psn
|-heal|p2a: Swampert|25/100|[from] item: Leftovers
|upkeep
|turn|24
|
|t:|1730934935
|move|p2a: Swampert|Protect|p2a: Swampert
|-singleturn|p2a: Swampert|Protect
|move|p1a: Gyarados|Double-Edge|p2a: Swampert
|-activate|p2a: Swampert|Protect
|
|-weather|Sandstorm|[upkeep]
|-damage|p1a: Gyarados|40/100 tox|[from] Sandstorm
|-heal|p1a: Gyarados|46/100 tox|[from] item: Leftovers
|-damage|p1a: Gyarados|22/100 tox|[from] psn
|-heal|p2a: Swampert|31/100|[from] item: Leftovers
|upkeep
|turn|25
|
|t:|1730934945
|switch|p2a: Tyranitar|Tyranitar, F|45/100
|move|p1a: Gyarados|Double-Edge|p2a: Tyranitar
|-resisted|p2a: Tyranitar
|-damage|p2a: Tyranitar|10/100
|-damage|p1a: Gyarados|9/100 tox|[from] Recoil|[of] p2a: Tyranitar
|
|-weather|Sandstorm|[upkeep]
|-damage|p1a: Gyarados|3/100 tox|[from] Sandstorm
|-heal|p1a: Gyarados|9/100 tox|[from] item: Leftovers
|-damage|p1a: Gyarados|0 fnt|[from] psn
|faint|p1a: Gyarados
|-heal|p2a: Tyranitar|16/100|[from] item: Leftovers
|upkeep
|
|t:|1730934969
|switch|p1a: Jolteon|Jolteon, F|53/100
|-damage|p1a: Jolteon|28/100|[from] Spikes
|turn|26
|
|t:|1730934977
|move|p1a: Jolteon|Thunderbolt|p2a: Tyranitar
|-damage|p2a: Tyranitar|0 fnt
|faint|p2a: Tyranitar
|
|t:|1730934981
|switch|p2a: Zapdos|Zapdos|100/100
|
|-weather|Sandstorm|[upkeep]
|-damage|p1a: Jolteon|22/100|[from] Sandstorm
|-damage|p2a: Zapdos|94/100|[from] Sandstorm
|-heal|p1a: Jolteon|28/100|[from] item: Leftovers
|-heal|p2a: Zapdos|100/100|[from] item: Leftovers
|upkeep
|turn|27
|
|t:|1730934985
|move|p1a: Jolteon|Thunderbolt|p2a: Zapdos
|-damage|p2a: Zapdos|68/100
|move|p2a: Zapdos|Hidden Power|p1a: Jolteon
|-damage|p1a: Jolteon|3/100
|
|-weather|Sandstorm|[upkeep]
|-damage|p1a: Jolteon|0 fnt|[from] Sandstorm
|-damage|p2a: Zapdos|62/100|[from] Sandstorm
|faint|p1a: Jolteon
|-heal|p2a: Zapdos|68/100|[from] item: Leftovers
|upkeep
|
|t:|1730934991
|switch|p1a: Tyranitar|Tyranitar, M|100/100
|-damage|p1a: Tyranitar|76/100|[from] Spikes
|turn|28
|
|t:|1730935000
|move|p1a: Tyranitar|Dragon Dance|p1a: Tyranitar
|-boost|p1a: Tyranitar|atk|1
|-boost|p1a: Tyranitar|spe|1
|move|p2a: Zapdos|Roar|p1a: Tyranitar
|drag|p1a: Salamence|Salamence, M|100/100
|-ability|p1a: Salamence|Intimidate|boost
|-unboost|p2a: Zapdos|atk|1
|
|-weather|Sandstorm|[upkeep]
|-damage|p1a: Salamence|94/100|[from] Sandstorm
|-damage|p2a: Zapdos|62/100|[from] Sandstorm
|-heal|p1a: Salamence|100/100|[from] item: Leftovers
|-heal|p2a: Zapdos|68/100|[from] item: Leftovers
|upkeep
|turn|29
|
|t:|1730935021
|switch|p2a: Swampert|Swampert, F|31/100
|move|p1a: Salamence|Dragon Dance|p1a: Salamence
|-boost|p1a: Salamence|atk|1
|-boost|p1a: Salamence|spe|1
|
|-weather|Sandstorm|[upkeep]
|-damage|p1a: Salamence|94/100|[from] Sandstorm
|-heal|p1a: Salamence|100/100|[from] item: Leftovers
|-heal|p2a: Swampert|37/100|[from] item: Leftovers
|upkeep
|turn|30
|
|t:|1730935030
|move|p2a: Swampert|Protect|p2a: Swampert
|-singleturn|p2a: Swampert|Protect
|move|p1a: Salamence|Hidden Power|p2a: Swampert
|-activate|p2a: Swampert|Protect
|
|-weather|Sandstorm|[upkeep]
|-damage|p1a: Salamence|94/100|[from] Sandstorm
|-heal|p1a: Salamence|100/100|[from] item: Leftovers
|-heal|p2a: Swampert|43/100|[from] item: Leftovers
|upkeep
|turn|31
|
|t:|1730935036
|move|p1a: Salamence|Hidden Power|p2a: Swampert
|-damage|p2a: Swampert|1/100
|move|p2a: Swampert|Toxic|p1a: Salamence
|-status|p1a: Salamence|tox
|
|-weather|Sandstorm|[upkeep]
|-damage|p1a: Salamence|94/100 tox|[from] Sandstorm
|-heal|p1a: Salamence|100/100 tox|[from] item: Leftovers
|-damage|p1a: Salamence|94/100 tox|[from] psn
|-heal|p2a: Swampert|7/100|[from] item: Leftovers
|upkeep
|turn|32
|
|t:|1730935042
|move|p1a: Salamence|Hidden Power|p2a: Swampert
|-damage|p2a: Swampert|0 fnt
|faint|p2a: Swampert
|
|t:|1730935044
|switch|p2a: Zapdos|Zapdos|68/100
|
|-weather|Sandstorm|[upkeep]
|-damage|p1a: Salamence|88/100 tox|[from] Sandstorm
|-damage|p2a: Zapdos|62/100|[from] Sandstorm
|-heal|p1a: Salamence|94/100 tox|[from] item: Leftovers
|-damage|p1a: Salamence|82/100 tox|[from] psn
|-heal|p2a: Zapdos|68/100|[from] item: Leftovers
|upkeep
|turn|33
|
|t:|1730935052
|move|p1a: Salamence|Rock Slide|p2a: Zapdos|[miss]
|-miss|p1a: Salamence|p2a: Zapdos
|move|p2a: Zapdos|Rest|p2a: Zapdos
|-status|p2a: Zapdos|slp|[from] move: Rest
|-heal|p2a: Zapdos|100/100 slp|[silent]
|
|-weather|Sandstorm|[upkeep]
|-damage|p1a: Salamence|76/100 tox|[from] Sandstorm
|-damage|p2a: Zapdos|94/100 slp|[from] Sandstorm
|-heal|p1a: Salamence|82/100 tox|[from] item: Leftovers
|-damage|p1a: Salamence|64/100 tox|[from] psn
|-heal|p2a: Zapdos|100/100 slp|[from] item: Leftovers
|upkeep
|turn|34
|
|t:|1730935056
|move|p1a: Salamence|Rock Slide|p2a: Zapdos
|-supereffective|p2a: Zapdos
|-damage|p2a: Zapdos|21/100 slp
|cant|p2a: Zapdos|slp
|
|-weather|Sandstorm|[upkeep]
|-damage|p1a: Salamence|58/100 tox|[from] Sandstorm
|-damage|p2a: Zapdos|15/100 slp|[from] Sandstorm
|-heal|p1a: Salamence|64/100 tox|[from] item: Leftovers
|-damage|p1a: Salamence|40/100 tox|[from] psn
|-heal|p2a: Zapdos|21/100 slp|[from] item: Leftovers
|upkeep
|turn|35
|
|t:|1730935063
|move|p1a: Salamence|Rock Slide|p2a: Zapdos
|-supereffective|p2a: Zapdos
|-damage|p2a: Zapdos|0 fnt
|faint|p2a: Zapdos
|
|win|RodentCollector
|c|☆RodentCollector|ggs
|c|☆xDeacon|ggs
|player|p2|

</script>
<script type="application/json" class="data" id="replaydata-smogtours-gen3ou-805046">
{"id":"smogtours-gen3ou-805046","format":"[Gen 3] OU","players":["RodentCollector","xDeacon"],"uploadtime":1730935063,"views":50,"formatid":"gen3ou","rating":null,"private":0,"password":null}
</script>

<script defer src="js/replays.js?9d40a366"></script>
