<!DOCTYPE html>
<meta charset="utf-8" />
<meta name="viewport" content="width=device-width" />

<title>[Gen 3] OU: reptikrook vs. Yoink 0 - Replays - Pok&eacute;mon Showdown!</title>

<meta name="description" content="Watch a replay of a Pok&eacute;mon battle between reptikrook and Yoink 0! Format: [Gen 3] OU; Date: Oct 19, 2024" />
<!--

Hey, you! Looking in the source for the replay log?

You can find them in JSON format, just add `.json` at the end of a replay URL.

https://replay.pokemonshowdown.com/gen7randomdoublesbattle-865046831.json

Or, if you only need the log itself, add `.log` instead:

https://replay.pokemonshowdown.com/gen7randomdoublesbattle-865046831.log

-->

<link rel="stylesheet" href="//pokemonshowdown.com/style/global.css?0.767286132409787" />
<link rel="stylesheet" href="//play.pokemonshowdown.com/style/font-awesome.css?0.9266228007934947" />
<link rel="stylesheet" href="//play.pokemonshowdown.com/style/battle.css?0.7924700842790926" />
<link rel="stylesheet" href="//play.pokemonshowdown.com/style/utilichart.css?0.8777417872839479" />

<!-- Global site tag (gtag.js) - Google Analytics -->
<script async src="https://www.googletagmanager.com/gtag/js?id=UA-26211653-1"></script>
<script>
  window.dataLayer = window.dataLayer || [];
  function gtag(){dataLayer.push(arguments);}
  gtag('js', new Date());

  gtag('config', 'UA-26211653-1');
</script>
<!-- End Google Analytics -->
<!-- Venatus Ad Manager - Install in <HEAD> of page -->
	<script src="https://hb.vntsm.com/v3/live/ad-manager.min.js" type="text/javascript" data-site-id="642aba63ec9a7b11c3c9c1be" data-mode="scan" async></script>
<!-- / Venatus Ad Manager -->

<style>
	@media (max-width:820px) {
		.battle {
			margin: 0 auto;
		}
		.battle-log {
			margin: 7px auto 0;
			max-width: 640px;
			height: 300px;
			position: static;
		}
	}
	.optgroup {
		display: inline-block;
		line-height: 22px;
		font-size: 10pt;
	}
	.optgroup .button {
		height: 25px;
		padding-top: 0;
		padding-bottom: 0;
	}
	.optgroup button.button {
		padding-left: 12px;
		padding-right: 12px;
	}
	.linklist {
		list-style: none;
		margin: 0.5em 0;
		padding: 0;
	}
	.linklist li {
		padding: 2px 0;
	}
	.sidebar {
		float: left;
		width: 320px;
	}
	.bar-wrapper {
		max-width: 1100px;
		margin: 0 auto;
	}
	.bar-wrapper.has-sidebar {
		max-width: 1430px;
	}
	.mainbar {
		margin: 0;
		padding-right: 1px;
	}
	.mainbar.has-sidebar {
		margin-left: 330px;
	}
	@media (min-width: 1511px) {
		.sidebar {
			width: 400px;
		}
		.bar-wrapper.has-sidebar {
			max-width: 1510px;
		}
		.mainbar.has-sidebar {
			margin-left: 410px;
		}
	}
	.section.first-section {
		margin-top: 9px;
	}
	.blocklink small {
		white-space: normal;
	}
	.button {
		vertical-align: middle;
	}
	.replay-controls {
		padding-top: 10px;
	}
	.replay-controls h1 {
		font-size: 16pt;
		font-weight: normal;
		color: #CCC;
	}
	.pagelink {
		text-align: center;
	}
	.pagelink a {
		width: 150px;
	}
	.textbox, .button {
		font-size: 11pt;
		vertical-align: middle;
	}
	@media (max-width: 450px) {
		.button {
			font-size: 9pt;
		}
	}
</style>

<div>

	<header>
		<div class="nav-wrapper"><ul class="nav">
			<li><a class="button nav-first" href="//pokemonshowdown.com/"><img src="//pokemonshowdown.com/images/pokemonshowdownbeta.png" srcset="//pokemonshowdown.com/images/pokemonshowdownbeta.png 1x, //pokemonshowdown.com/images/pokemonshowdownbeta@2x.png 2x" alt="Pok&eacute;mon Showdown" width="146" height="44" /> Home</a></li>
			<li><a class="button" href="//pokemonshowdown.com/dex/">Pok&eacute;dex</a></li>
			<li><a class="button cur" href="/">Replays</a></li>
			<li><a class="button" href="//pokemonshowdown.com/ladder/">Ladder</a></li>
			<li><a class="button nav-last" href="//pokemonshowdown.com/forums/">Forum</a></li>
			<li><a class="button greenbutton nav-first nav-last" href="//play.pokemonshowdown.com/">Play</a></li>
		</ul></div>
	</header>

	<div class="main" id="main">

		<noscript><section class="section">You need to enable JavaScript to use this page; sorry!</section></noscript>

	</div>

</div>

<script defer nomodule src="//play.pokemonshowdown.com/js/lib/ps-polyfill.js"></script>
<script defer src="//play.pokemonshowdown.com/js/lib/preact.min.js"></script>

<script defer src="//play.pokemonshowdown.com/config/config.js?6dec07f6"></script>
<script defer src="//play.pokemonshowdown.com/js/lib/jquery-1.11.0.min.js"></script>
<script defer src="//play.pokemonshowdown.com/js/lib/html-sanitizer-minified.js"></script>
<script defer src="//play.pokemonshowdown.com/js/battle-sound.js"></script>
<script defer src="//play.pokemonshowdown.com/js/battledata.js?0.6315294753075389"></script>
<script defer src="//play.pokemonshowdown.com/data/pokedex-mini.js?0.7603743185311358"></script>
<script defer src="//play.pokemonshowdown.com/data/pokedex-mini-bw.js?0.030888842834281283"></script>
<script defer src="//play.pokemonshowdown.com/data/graphics.js?0.05593094747507488"></script>
<script defer src="//play.pokemonshowdown.com/data/pokedex.js?0.47064822249611904"></script>
<script defer src="//play.pokemonshowdown.com/data/moves.js?0.8583693120512459"></script>
<script defer src="//play.pokemonshowdown.com/data/abilities.js?0.16017181182386842"></script>
<script defer src="//play.pokemonshowdown.com/data/items.js?0.4163379185673943"></script>
<script defer src="//play.pokemonshowdown.com/data/teambuilder-tables.js?0.31075597372830477"></script>
<script defer src="//play.pokemonshowdown.com/js/battle-tooltips.js?0.6536193500708172"></script>
<script defer src="//play.pokemonshowdown.com/js/battle.js?0.1916591943277901"></script>

<script defer src="js/utils.js?e31f9a17"></script>
<script defer src="js/replays-battle.js?7008c182"></script>

<!-- don't scrape this data! just add .json or .log after the URL!
Full API docs: https://github.com/smogon/pokemon-showdown-client/blob/master/WEB-API.md -->
<script type="text/plain" class="log" id="replaylog-smogtours-gen3ou-799875">
|inactive|Battle timer is ON: inactive players will automatically lose when time's up.
|t:|1729348531
|gametype|singles
|player|p1|reptikrook|169|
|player|p2|Yoink 0|2|
|teamsize|p1|6
|teamsize|p2|6
|gen|3
|tier|[Gen 3] OU
|rule|Sleep Clause Mod: Limit one foe put to sleep
|rule|Switch Priority Clause Mod: Faster Pokémon switch first
|rule|Species Clause: Limit one of each Pokémon
|rule|OHKO Clause: OHKO moves are banned
|rule|Evasion Items Clause: Evasion items are banned
|rule|Evasion Moves Clause: Evasion moves are banned
|rule|Endless Battle Clause: Forcing endless battles is banned
|rule|HP Percentage Mod: HP is shown in percentages
|rule|One Boost Passer Clause: Limit one Baton Passer that has a way to boost its stats
|rule|Freeze Clause Mod: Limit one foe frozen
|
|t:|1729348531
|start
|switch|p1a: Mr. Ouch|Zapdos|100/100
|switch|p2a: Salamence|Salamence, M|100/100
|-ability|p2a: Salamence|Intimidate|boost
|-unboost|p1a: Mr. Ouch|atk|1
|turn|1
|c|☆Yoink 0|hf
|c|☆reptikrook|u2
|
|t:|1729348558
|switch|p2a: Hariyama|Hariyama, F|100/100
|move|p1a: Mr. Ouch|Toxic|p2a: Hariyama
|-status|p2a: Hariyama|tox
|
|-damage|p2a: Hariyama|94/100 tox|[from] psn
|upkeep
|turn|2
|
|t:|1729348566
|move|p1a: Mr. Ouch|Thunderbolt|p2a: Hariyama
|-damage|p2a: Hariyama|53/100 tox
|move|p2a: Hariyama|Knock Off|p1a: Mr. Ouch
|-damage|p1a: Mr. Ouch|98/100
|-enditem|p1a: Mr. Ouch|Leftovers|[from] move: Knock Off|[of] p2a: Hariyama
|-hint|In Gens 3-4, Knock Off only makes the target's item unusable; it cannot obtain a new item.
|
|-heal|p2a: Hariyama|59/100 tox|[from] item: Leftovers
|-damage|p2a: Hariyama|47/100 tox|[from] psn
|upkeep
|turn|3
|
|t:|1729348576
|switch|p2a: Claydol|Claydol|100/100
|move|p1a: Mr. Ouch|Thunderbolt|p2a: Claydol
|-immune|p2a: Claydol
|
|upkeep
|turn|4
|
|t:|1729348584
|switch|p2a: Metagross|Metagross|100/100
|move|p1a: Mr. Ouch|Hidden Power|p2a: Metagross
|-resisted|p2a: Metagross
|-damage|p2a: Metagross|86/100
|
|upkeep
|turn|5
|inactive|Yoink 0 has 270 seconds left.
|
|t:|1729348616
|switch|p2a: Salamence|Salamence, M|100/100
|-ability|p2a: Salamence|Intimidate|boost
|-unboost|p1a: Mr. Ouch|atk|1
|move|p1a: Mr. Ouch|Thunderbolt|p2a: Salamence
|-damage|p2a: Salamence|36/100
|
|-heal|p2a: Salamence|42/100|[from] item: Leftovers
|upkeep
|turn|6
|
|t:|1729348626
|switch|p2a: Claydol|Claydol|100/100
|move|p1a: Mr. Ouch|Thunderbolt|p2a: Claydol
|-immune|p2a: Claydol
|
|upkeep
|turn|7
|
|t:|1729348638
|move|p1a: Mr. Ouch|Hidden Power|p2a: Claydol
|-supereffective|p2a: Claydol
|-damage|p2a: Claydol|56/100
|move|p2a: Claydol|Explosion|p1a: Mr. Ouch
|-damage|p1a: Mr. Ouch|0 fnt
|faint|p2a: Claydol
|faint|p1a: Mr. Ouch
|
|t:|1729348648
|switch|p1a: Shrike|Skarmory, F|100/100
|switch|p2a: Salamence|Salamence, M|42/100
|-ability|p2a: Salamence|Intimidate|boost
|-unboost|p1a: Shrike|atk|1
|
|-heal|p2a: Salamence|48/100|[from] item: Leftovers
|upkeep
|turn|8
|
|t:|1729348659
|switch|p1a: Tut|Dusclops, F|100/100
|move|p2a: Salamence|Fire Blast|p1a: Tut
|-damage|p1a: Tut|68/100
|
|-heal|p2a: Salamence|54/100|[from] item: Leftovers
|upkeep
|turn|9
|
|t:|1729348675
|switch|p2a: Suicune|Suicune|100/100
|move|p1a: Tut|Thief|p2a: Suicune
|-damage|p2a: Suicune|96/100
|-enditem|p2a: Suicune|Leftovers|[silent]|[from] move: Thief|[of] p1a: Tut
|-item|p1a: Tut|Leftovers|[from] move: Thief|[of] p2a: Suicune
|
|-heal|p1a: Tut|74/100|[from] item: Leftovers
|upkeep
|turn|10
|
|t:|1729348686
|move|p2a: Suicune|Calm Mind|p2a: Suicune
|-boost|p2a: Suicune|spa|1
|-boost|p2a: Suicune|spd|1
|move|p1a: Tut|Will-O-Wisp|p2a: Suicune
|-status|p2a: Suicune|brn
|
|-damage|p2a: Suicune|83/100 brn|[from] brn
|-heal|p1a: Tut|80/100|[from] item: Leftovers
|upkeep
|turn|11
|
|t:|1729348694
|move|p2a: Suicune|Surf|p1a: Tut
|-damage|p1a: Tut|48/100
|move|p1a: Tut|Pain Split|p2a: Suicune
|-sethp|p2a: Suicune|58/100 brn|[from] move: Pain Split|[silent]
|-sethp|p1a: Tut|83/100|[from] move: Pain Split
|
|-damage|p2a: Suicune|46/100 brn|[from] brn
|-heal|p1a: Tut|89/100|[from] item: Leftovers
|upkeep
|turn|12
|
|t:|1729348703
|switch|p1a: Yolko Oh No|Blissey, F|100/100
|move|p2a: Suicune|Surf|p1a: Yolko Oh No
|-damage|p1a: Yolko Oh No|83/100
|
|-damage|p2a: Suicune|34/100 brn|[from] brn
|-heal|p1a: Yolko Oh No|90/100|[from] item: Leftovers
|upkeep
|turn|13
|
|t:|1729348711
|move|p2a: Suicune|Rest|p2a: Suicune
|-status|p2a: Suicune|slp|[from] move: Rest
|-heal|p2a: Suicune|100/100 slp|[silent]
|move|p1a: Yolko Oh No|Seismic Toss|p2a: Suicune
|-damage|p2a: Suicune|76/100 slp
|
|-heal|p1a: Yolko Oh No|96/100|[from] item: Leftovers
|upkeep
|turn|14
|
|t:|1729348719
|switch|p2a: Metagross|Metagross|86/100
|switch|p1a: Lengo|Sceptile, M|100/100
|
|upkeep
|turn|15
|
|t:|1729348724
|move|p1a: Lengo|Substitute|p1a: Lengo
|-start|p1a: Lengo|Substitute
|-damage|p1a: Lengo|76/100
|move|p2a: Metagross|Meteor Mash|p1a: Lengo
|-end|p1a: Lengo|Substitute
|
|-heal|p1a: Lengo|82/100|[from] item: Leftovers
|upkeep
|turn|16
|
|t:|1729348732
|move|p1a: Lengo|Substitute|p1a: Lengo
|-start|p1a: Lengo|Substitute
|-damage|p1a: Lengo|57/100
|move|p2a: Metagross|Meteor Mash|p1a: Lengo
|-end|p1a: Lengo|Substitute
|
|-heal|p1a: Lengo|63/100|[from] item: Leftovers
|upkeep
|turn|17
|
|t:|1729348739
|switch|p1a: Shrike|Skarmory, F|100/100
|move|p2a: Metagross|Meteor Mash|p1a: Shrike
|-resisted|p1a: Shrike
|-crit|p1a: Shrike
|-damage|p1a: Shrike|51/100
|
|-heal|p1a: Shrike|57/100|[from] item: Leftovers
|upkeep
|turn|18
|
|t:|1729348750
|move|p2a: Metagross|Meteor Mash|p1a: Shrike|[miss]
|-miss|p2a: Metagross|p1a: Shrike
|move|p1a: Shrike|Spikes|p2a: Metagross
|-sidestart|p2: Yoink 0|Spikes
|
|-heal|p1a: Shrike|63/100|[from] item: Leftovers
|upkeep
|turn|19
|
|t:|1729348756
|move|p2a: Metagross|Meteor Mash|p1a: Shrike
|-resisted|p1a: Shrike
|-damage|p1a: Shrike|36/100
|move|p1a: Shrike|Spikes|p2a: Metagross
|-sidestart|p2: Yoink 0|Spikes
|
|-heal|p1a: Shrike|42/100|[from] item: Leftovers
|upkeep
|turn|20
|
|t:|1729348765
|move|p2a: Metagross|Meteor Mash|p1a: Shrike|[miss]
|-miss|p2a: Metagross|p1a: Shrike
|move|p1a: Shrike|Spikes|p2a: Metagross
|-sidestart|p2: Yoink 0|Spikes
|
|-heal|p1a: Shrike|48/100|[from] item: Leftovers
|upkeep
|turn|21
|c|☆Yoink 0|:/
|
|t:|1729348772
|move|p2a: Metagross|Meteor Mash|p1a: Shrike
|-resisted|p1a: Shrike
|-damage|p1a: Shrike|21/100
|move|p1a: Shrike|Whirlwind|p2a: Metagross
|drag|p2a: Salamence|Salamence, M|54/100
|-ability|p2a: Salamence|Intimidate|boost
|-unboost|p1a: Shrike|atk|1
|
|-heal|p2a: Salamence|60/100|[from] item: Leftovers
|-heal|p1a: Shrike|27/100|[from] item: Leftovers
|upkeep
|turn|22
|
|t:|1729348782
|switch|p1a: Yolko Oh No|Blissey, F|96/100
|move|p2a: Salamence|Wish|p2a: Salamence
|
|-heal|p2a: Salamence|66/100|[from] item: Leftovers
|-heal|p1a: Yolko Oh No|100/100|[from] item: Leftovers
|upkeep
|turn|23
|
|t:|1729348791
|switch|p2a: Metagross|Metagross|86/100
|-damage|p2a: Metagross|61/100|[from] Spikes
|move|p1a: Yolko Oh No|Seismic Toss|p2a: Metagross
|-damage|p2a: Metagross|30/100
|
|-heal|p2a: Metagross|80/100|[from] move: Wish|[wisher] Salamence
|upkeep
|turn|24
|
|t:|1729348800
|switch|p1a: Shrike|Skarmory, F|27/100
|move|p2a: Metagross|Meteor Mash|p1a: Shrike
|-resisted|p1a: Shrike
|-damage|p1a: Shrike|3/100
|
|-heal|p1a: Shrike|9/100|[from] item: Leftovers
|upkeep
|turn|25
|
|t:|1729348807
|move|p2a: Metagross|Meteor Mash|p1a: Shrike
|-resisted|p1a: Shrike
|-damage|p1a: Shrike|0 fnt
|faint|p1a: Shrike
|
|t:|1729348812
|switch|p1a: Tut|Dusclops, F|89/100
|
|-heal|p1a: Tut|95/100|[from] item: Leftovers
|upkeep
|turn|26
|
|t:|1729348827
|switch|p2a: Hariyama|Hariyama, F|47/100 tox
|-damage|p2a: Hariyama|22/100 tox|[from] Spikes
|move|p1a: Tut|Will-O-Wisp|p2a: Hariyama|[miss]
|-miss|p1a: Tut|p2a: Hariyama
|
|-heal|p2a: Hariyama|28/100 tox|[from] item: Leftovers
|-damage|p2a: Hariyama|22/100 tox|[from] psn
|-heal|p1a: Tut|100/100|[from] item: Leftovers
|upkeep
|turn|27
|
|t:|1729348841
|move|p2a: Hariyama|Hidden Power|p1a: Tut
|-supereffective|p1a: Tut
|-damage|p1a: Tut|41/100
|move|p1a: Tut|Thief|p2a: Hariyama
|-resisted|p2a: Hariyama
|-damage|p2a: Hariyama|19/100 tox
|
|-heal|p2a: Hariyama|25/100 tox|[from] item: Leftovers
|-damage|p2a: Hariyama|13/100 tox|[from] psn
|-heal|p1a: Tut|47/100|[from] item: Leftovers
|upkeep
|turn|28
|
|t:|1729348852
|move|p2a: Hariyama|Knock Off|p1a: Tut
|-supereffective|p1a: Tut
|-damage|p1a: Tut|44/100
|-enditem|p1a: Tut|Leftovers|[from] move: Knock Off|[of] p2a: Hariyama
|move|p1a: Tut|Thief|p2a: Hariyama
|-resisted|p2a: Hariyama
|-damage|p2a: Hariyama|10/100 tox
|
|-heal|p2a: Hariyama|16/100 tox|[from] item: Leftovers
|-damage|p2a: Hariyama|0 fnt|[from] psn
|faint|p2a: Hariyama
|upkeep
|
|t:|1729348880
|switch|p2a: Aerodactyl|Aerodactyl, M|100/100
|turn|29
|
|t:|1729348885
|move|p2a: Aerodactyl|Rock Slide|p1a: Tut
|-damage|p1a: Tut|2/100
|move|p1a: Tut|Pain Split|p2a: Aerodactyl
|-sethp|p2a: Aerodactyl|51/100|[from] move: Pain Split|[silent]
|-sethp|p1a: Tut|54/100|[from] move: Pain Split
|
|upkeep
|turn|30
|
|t:|1729348892
|move|p2a: Aerodactyl|Rock Slide|p1a: Tut
|-damage|p1a: Tut|11/100
|move|p1a: Tut|Will-O-Wisp|p2a: Aerodactyl
|-status|p2a: Aerodactyl|brn
|
|-damage|p2a: Aerodactyl|39/100 brn|[from] brn
|upkeep
|turn|31
|
|t:|1729348901
|move|p2a: Aerodactyl|Rock Slide|p1a: Tut
|-damage|p1a: Tut|0 fnt
|faint|p1a: Tut
|
|t:|1729348905
|switch|p1a: Khamsin|Tyranitar, F|100/100
|-weather|Sandstorm|[from] ability: Sand Stream|[of] p1a: Khamsin
|
|-weather|Sandstorm|[upkeep]
|-damage|p2a: Aerodactyl|27/100 brn|[from] brn
|upkeep
|turn|32
|
|t:|1729348911
|move|p2a: Aerodactyl|Rock Slide|p1a: Khamsin|[miss]
|-miss|p2a: Aerodactyl|p1a: Khamsin
|move|p1a: Khamsin|Dragon Dance|p1a: Khamsin
|-boost|p1a: Khamsin|atk|1
|-boost|p1a: Khamsin|spe|1
|
|-weather|Sandstorm|[upkeep]
|-damage|p2a: Aerodactyl|14/100 brn|[from] brn
|upkeep
|turn|33
|
|t:|1729348919
|move|p2a: Aerodactyl|Rock Slide|p1a: Khamsin
|-damage|p1a: Khamsin|76/100
|cant|p1a: Khamsin|flinch
|
|-weather|Sandstorm|[upkeep]
|-damage|p2a: Aerodactyl|2/100 brn|[from] brn
|upkeep
|turn|34
|
|t:|1729348926
|move|p2a: Aerodactyl|Rock Slide|p1a: Khamsin
|-damage|p1a: Khamsin|52/100
|cant|p1a: Khamsin|flinch
|
|-weather|Sandstorm|[upkeep]
|-damage|p2a: Aerodactyl|0 fnt|[from] brn
|faint|p2a: Aerodactyl
|upkeep
|
|t:|1729348939
|switch|p2a: Salamence|Salamence, M|66/100
|-ability|p2a: Salamence|Intimidate|boost
|-unboost|p1a: Khamsin|atk|1
|turn|35
|
|t:|1729348943
|move|p1a: Khamsin|Rock Slide|p2a: Salamence
|-supereffective|p2a: Salamence
|-damage|p2a: Salamence|0 fnt
|faint|p2a: Salamence
|
|t:|1729348946
|switch|p2a: Metagross|Metagross|80/100
|-damage|p2a: Metagross|55/100|[from] Spikes
|
|-weather|Sandstorm|[upkeep]
|upkeep
|turn|36
|
|t:|1729348952
|move|p1a: Khamsin|Earthquake|p2a: Metagross
|-supereffective|p2a: Metagross
|-damage|p2a: Metagross|0 fnt
|faint|p2a: Metagross
|
|t:|1729348956
|switch|p2a: Suicune|Suicune|76/100 slp
|-damage|p2a: Suicune|51/100 slp|[from] Spikes
|
|-weather|Sandstorm|[upkeep]
|-damage|p2a: Suicune|45/100 slp|[from] Sandstorm
|upkeep
|turn|37
|
|t:|1729348962
|move|p1a: Khamsin|Earthquake|p2a: Suicune
|-damage|p2a: Suicune|24/100 slp
|cant|p2a: Suicune|slp
|
|-weather|Sandstorm|[upkeep]
|-damage|p2a: Suicune|18/100 slp|[from] Sandstorm
|upkeep
|turn|38
|c|☆reptikrook|gg
|c|☆Yoink 0|gg
|
|t:|1729348976
|move|p1a: Khamsin|Earthquake|p2a: Suicune
|-damage|p2a: Suicune|0 fnt
|faint|p2a: Suicune
|
|win|reptikrook
|player|p2|
|player|p1|
|player|p2|Yoink 0|2|
|player|p2|
|player|p2|Yoink 0|2|

</script>
<script type="application/json" class="data" id="replaydata-smogtours-gen3ou-799875">
{"id":"smogtours-gen3ou-799875","format":"[Gen 3] OU","players":["reptikrook","Yoink 0"],"uploadtime":1729348976,"views":80,"formatid":"gen3ou","rating":null,"private":0,"password":null}
</script>

<script defer src="js/replays.js?9d40a366"></script>
