<!DOCTYPE html>
<meta charset="utf-8" />
<meta name="viewport" content="width=device-width" />

<title>[Gen 3] OU: Seradess vs. lexitg - Replays - Pok&eacute;mon Showdown!</title>

<meta name="description" content="Watch a replay of a Pok&eacute;mon battle between Seradess and lexitg! Format: [Gen 3] OU; Date: Nov 10, 2024" />
<!--

Hey, you! Looking in the source for the replay log?

You can find them in JSON format, just add `.json` at the end of a replay URL.

https://replay.pokemonshowdown.com/gen7randomdoublesbattle-865046831.json

Or, if you only need the log itself, add `.log` instead:

https://replay.pokemonshowdown.com/gen7randomdoublesbattle-865046831.log

-->

<link rel="stylesheet" href="//pokemonshowdown.com/style/global.css?0.767286132409787" />
<link rel="stylesheet" href="//play.pokemonshowdown.com/style/font-awesome.css?0.9266228007934947" />
<link rel="stylesheet" href="//play.pokemonshowdown.com/style/battle.css?0.7924700842790926" />
<link rel="stylesheet" href="//play.pokemonshowdown.com/style/utilichart.css?0.8777417872839479" />

<!-- Global site tag (gtag.js) - Google Analytics -->
<script async src="https://www.googletagmanager.com/gtag/js?id=UA-26211653-1"></script>
<script>
  window.dataLayer = window.dataLayer || [];
  function gtag(){dataLayer.push(arguments);}
  gtag('js', new Date());

  gtag('config', 'UA-26211653-1');
</script>
<!-- End Google Analytics -->
<!-- Venatus Ad Manager - Install in <HEAD> of page -->
	<script src="https://hb.vntsm.com/v3/live/ad-manager.min.js" type="text/javascript" data-site-id="642aba63ec9a7b11c3c9c1be" data-mode="scan" async></script>
<!-- / Venatus Ad Manager -->

<style>
	@media (max-width:820px) {
		.battle {
			margin: 0 auto;
		}
		.battle-log {
			margin: 7px auto 0;
			max-width: 640px;
			height: 300px;
			position: static;
		}
	}
	.optgroup {
		display: inline-block;
		line-height: 22px;
		font-size: 10pt;
	}
	.optgroup .button {
		height: 25px;
		padding-top: 0;
		padding-bottom: 0;
	}
	.optgroup button.button {
		padding-left: 12px;
		padding-right: 12px;
	}
	.linklist {
		list-style: none;
		margin: 0.5em 0;
		padding: 0;
	}
	.linklist li {
		padding: 2px 0;
	}
	.sidebar {
		float: left;
		width: 320px;
	}
	.bar-wrapper {
		max-width: 1100px;
		margin: 0 auto;
	}
	.bar-wrapper.has-sidebar {
		max-width: 1430px;
	}
	.mainbar {
		margin: 0;
		padding-right: 1px;
	}
	.mainbar.has-sidebar {
		margin-left: 330px;
	}
	@media (min-width: 1511px) {
		.sidebar {
			width: 400px;
		}
		.bar-wrapper.has-sidebar {
			max-width: 1510px;
		}
		.mainbar.has-sidebar {
			margin-left: 410px;
		}
	}
	.section.first-section {
		margin-top: 9px;
	}
	.blocklink small {
		white-space: normal;
	}
	.button {
		vertical-align: middle;
	}
	.replay-controls {
		padding-top: 10px;
	}
	.replay-controls h1 {
		font-size: 16pt;
		font-weight: normal;
		color: #CCC;
	}
	.pagelink {
		text-align: center;
	}
	.pagelink a {
		width: 150px;
	}
	.textbox, .button {
		font-size: 11pt;
		vertical-align: middle;
	}
	@media (max-width: 450px) {
		.button {
			font-size: 9pt;
		}
	}
</style>

<div>

	<header>
		<div class="nav-wrapper"><ul class="nav">
			<li><a class="button nav-first" href="//pokemonshowdown.com/"><img src="//pokemonshowdown.com/images/pokemonshowdownbeta.png" srcset="//pokemonshowdown.com/images/pokemonshowdownbeta.png 1x, //pokemonshowdown.com/images/pokemonshowdownbeta@2x.png 2x" alt="Pok&eacute;mon Showdown" width="146" height="44" /> Home</a></li>
			<li><a class="button" href="//pokemonshowdown.com/dex/">Pok&eacute;dex</a></li>
			<li><a class="button cur" href="/">Replays</a></li>
			<li><a class="button" href="//pokemonshowdown.com/ladder/">Ladder</a></li>
			<li><a class="button nav-last" href="//pokemonshowdown.com/forums/">Forum</a></li>
			<li><a class="button greenbutton nav-first nav-last" href="//play.pokemonshowdown.com/">Play</a></li>
		</ul></div>
	</header>

	<div class="main" id="main">

		<noscript><section class="section">You need to enable JavaScript to use this page; sorry!</section></noscript>

	</div>

</div>

<script defer nomodule src="//play.pokemonshowdown.com/js/lib/ps-polyfill.js"></script>
<script defer src="//play.pokemonshowdown.com/js/lib/preact.min.js"></script>

<script defer src="//play.pokemonshowdown.com/config/config.js?6dec07f6"></script>
<script defer src="//play.pokemonshowdown.com/js/lib/jquery-1.11.0.min.js"></script>
<script defer src="//play.pokemonshowdown.com/js/lib/html-sanitizer-minified.js"></script>
<script defer src="//play.pokemonshowdown.com/js/battle-sound.js"></script>
<script defer src="//play.pokemonshowdown.com/js/battledata.js?0.6315294753075389"></script>
<script defer src="//play.pokemonshowdown.com/data/pokedex-mini.js?0.7603743185311358"></script>
<script defer src="//play.pokemonshowdown.com/data/pokedex-mini-bw.js?0.030888842834281283"></script>
<script defer src="//play.pokemonshowdown.com/data/graphics.js?0.05593094747507488"></script>
<script defer src="//play.pokemonshowdown.com/data/pokedex.js?0.47064822249611904"></script>
<script defer src="//play.pokemonshowdown.com/data/moves.js?0.8583693120512459"></script>
<script defer src="//play.pokemonshowdown.com/data/abilities.js?0.16017181182386842"></script>
<script defer src="//play.pokemonshowdown.com/data/items.js?0.4163379185673943"></script>
<script defer src="//play.pokemonshowdown.com/data/teambuilder-tables.js?0.31075597372830477"></script>
<script defer src="//play.pokemonshowdown.com/js/battle-tooltips.js?0.6536193500708172"></script>
<script defer src="//play.pokemonshowdown.com/js/battle.js?0.1916591943277901"></script>

<script defer src="js/utils.js?e31f9a17"></script>
<script defer src="js/replays-battle.js?7008c182"></script>

<!-- don't scrape this data! just add .json or .log after the URL!
Full API docs: https://github.com/smogon/pokemon-showdown-client/blob/master/WEB-API.md -->
<script type="text/plain" class="log" id="replaylog-smogtours-gen3ou-805868">
|inactive|Battle timer is ON: inactive players will automatically lose when time's up.
|t:|1731269674
|gametype|singles
|player|p1|Seradess|brawly|
|player|p2|lexitg|maid|
|teamsize|p1|6
|teamsize|p2|6
|gen|3
|tier|[Gen 3] OU
|rule|Sleep Clause Mod: Limit one foe put to sleep
|rule|Switch Priority Clause Mod: Faster Pokémon switch first
|rule|Species Clause: Limit one of each Pokémon
|rule|OHKO Clause: OHKO moves are banned
|rule|Evasion Items Clause: Evasion items are banned
|rule|Evasion Moves Clause: Evasion moves are banned
|rule|Endless Battle Clause: Forcing endless battles is banned
|rule|HP Percentage Mod: HP is shown in percentages
|rule|One Boost Passer Clause: Limit one Baton Passer that has a way to boost its stats
|rule|Freeze Clause Mod: Limit one foe frozen
|
|t:|1731269674
|start
|switch|p1a: Zapdos|Zapdos|100/100
|switch|p2a: Skarmory|Skarmory, F|100/100
|turn|1
|inactive|lexitg has 270 seconds left.
|inactive|lexitg has 240 seconds left.
|
|t:|1731269737
|switch|p2a: Blissey|Blissey, F, shiny|100/100
|move|p1a: Zapdos|Toxic|p2a: Blissey
|-status|p2a: Blissey|tox
|
|-damage|p2a: Blissey|94/100 tox|[from] psn
|upkeep
|turn|2
|
|t:|1731269753
|switch|p1a: Skarmory|Skarmory, F|100/100
|move|p2a: Blissey|Ice Beam|p1a: Skarmory
|-damage|p1a: Skarmory|76/100
|
|-heal|p1a: Skarmory|82/100|[from] item: Leftovers
|-heal|p2a: Blissey|100/100 tox|[from] item: Leftovers
|-damage|p2a: Blissey|88/100 tox|[from] psn
|upkeep
|turn|3
|
|t:|1731269760
|-curestatus|p2a: Blissey|tox|[from] ability: Natural Cure
|switch|p2a: Starmie|Starmie|100/100
|move|p1a: Skarmory|Protect||[still]
|-fail|p1a: Skarmory
|
|-heal|p1a: Skarmory|88/100|[from] item: Leftovers
|upkeep
|turn|4
|
|t:|1731269785
|switch|p1a: LeBron|Swampert, M, shiny|100/100
|move|p2a: Starmie|Thunderbolt|p1a: LeBron
|-immune|p1a: LeBron
|
|upkeep
|turn|5
|
|t:|1731269807
|switch|p2a: Skarmory|Skarmory, F|100/100
|move|p1a: LeBron|Toxic|p2a: Skarmory
|-immune|p2a: Skarmory
|
|upkeep
|turn|6
|
|t:|1731269812
|switch|p1a: Skarmory|Skarmory, F|88/100
|move|p2a: Skarmory|Spikes|p1a: Skarmory
|-sidestart|p1: Seradess|Spikes
|
|-heal|p1a: Skarmory|94/100|[from] item: Leftovers
|upkeep
|turn|7
|
|t:|1731269823
|switch|p2a: Starmie|Starmie|100/100
|move|p1a: Skarmory|Spikes|p2a: Starmie
|-sidestart|p2: lexitg|Spikes
|
|-heal|p1a: Skarmory|99/100|[from] item: Leftovers
|upkeep
|turn|8
|
|t:|1731269828
|move|p1a: Skarmory|Protect|p1a: Skarmory
|-singleturn|p1a: Skarmory|Protect
|move|p2a: Starmie|Hydro Pump|p1a: Skarmory|[miss]
|-miss|p2a: Starmie|p1a: Skarmory
|
|-heal|p1a: Skarmory|100/100|[from] item: Leftovers
|upkeep
|turn|9
|
|t:|1731269836
|move|p2a: Starmie|Rapid Spin|p1a: Skarmory
|-resisted|p1a: Skarmory
|-damage|p1a: Skarmory|99/100
|-sideend|p2: lexitg|Spikes|[from] move: Rapid Spin|[of] p2a: Starmie
|move|p1a: Skarmory|Drill Peck|p2a: Starmie
|-damage|p2a: Starmie|67/100
|
|-heal|p2a: Starmie|73/100|[from] item: Leftovers
|-heal|p1a: Skarmory|100/100|[from] item: Leftovers
|upkeep
|turn|10
|
|t:|1731269860
|move|p2a: Starmie|Thunderbolt|p1a: Skarmory
|-supereffective|p1a: Skarmory
|-damage|p1a: Skarmory|50/100
|move|p1a: Skarmory|Spikes|p2a: Starmie
|-sidestart|p2: lexitg|Spikes
|
|-heal|p2a: Starmie|80/100|[from] item: Leftovers
|-heal|p1a: Skarmory|56/100|[from] item: Leftovers
|upkeep
|turn|11
|
|t:|1731269868
|move|p1a: Skarmory|Protect|p1a: Skarmory
|-singleturn|p1a: Skarmory|Protect
|move|p2a: Starmie|Thunderbolt|p1a: Skarmory
|-activate|p1a: Skarmory|Protect
|
|-heal|p2a: Starmie|86/100|[from] item: Leftovers
|-heal|p1a: Skarmory|62/100|[from] item: Leftovers
|upkeep
|turn|12
|
|t:|1731269874
|switch|p1a: Zapdos|Zapdos|100/100
|move|p2a: Starmie|Hydro Pump|p1a: Zapdos
|-damage|p1a: Zapdos|49/100
|
|-heal|p2a: Starmie|92/100|[from] item: Leftovers
|-heal|p1a: Zapdos|55/100|[from] item: Leftovers
|upkeep
|turn|13
|
|t:|1731269898
|move|p2a: Starmie|Ice Beam|p1a: Zapdos
|-supereffective|p1a: Zapdos
|-damage|p1a: Zapdos|0 fnt
|faint|p1a: Zapdos
|
|t:|1731269899
|switch|p1a: Dexter|Gengar, M, shiny|100/100
|
|-heal|p2a: Starmie|98/100|[from] item: Leftovers
|upkeep
|turn|14
|
|t:|1731269924
|switch|p2a: Blissey|Blissey, F, shiny|88/100
|-damage|p2a: Blissey|76/100|[from] Spikes
|move|p1a: Dexter|Thunderbolt|p2a: Blissey
|-damage|p2a: Blissey|63/100
|-status|p2a: Blissey|par
|
|-heal|p2a: Blissey|69/100 par|[from] item: Leftovers
|upkeep
|turn|15
|
|t:|1731269933
|switch|p1a: Whyrdam|Tyranitar, M, shiny|100/100
|-damage|p1a: Whyrdam|88/100|[from] Spikes
|-weather|Sandstorm|[from] ability: Sand Stream|[of] p1a: Whyrdam
|move|p2a: Blissey|Soft-Boiled|p2a: Blissey
|-heal|p2a: Blissey|100/100 par
|
|-weather|Sandstorm|[upkeep]
|-damage|p2a: Blissey|94/100 par|[from] Sandstorm
|-heal|p1a: Whyrdam|94/100|[from] item: Leftovers
|-heal|p2a: Blissey|100/100 par|[from] item: Leftovers
|upkeep
|turn|16
|
|t:|1731269939
|-curestatus|p2a: Blissey|par|[from] ability: Natural Cure
|switch|p2a: Swampert|Swampert, F|100/100
|-damage|p2a: Swampert|88/100|[from] Spikes
|move|p1a: Whyrdam|Dragon Dance|p1a: Whyrdam
|-boost|p1a: Whyrdam|atk|1
|-boost|p1a: Whyrdam|spe|1
|
|-weather|Sandstorm|[upkeep]
|-heal|p1a: Whyrdam|100/100|[from] item: Leftovers
|-heal|p2a: Swampert|94/100|[from] item: Leftovers
|upkeep
|turn|17
|inactive|lexitg has 270 seconds left.
|
|t:|1731269970
|switch|p1a: LeBron|Swampert, M, shiny|100/100
|-damage|p1a: LeBron|88/100|[from] Spikes
|move|p2a: Swampert|Hydro Pump|p1a: LeBron
|-damage|p1a: LeBron|53/100
|
|-weather|Sandstorm|[upkeep]
|-heal|p1a: LeBron|59/100|[from] item: Leftovers
|-heal|p2a: Swampert|100/100|[from] item: Leftovers
|upkeep
|turn|18
|inactive|lexitg has 270 seconds left.
|
|t:|1731270004
|switch|p1a: Dexter|Gengar, M, shiny|100/100
|switch|p2a: Skarmory|Skarmory, F|100/100
|
|-weather|Sandstorm|[upkeep]
|-damage|p1a: Dexter|94/100|[from] Sandstorm
|-heal|p1a: Dexter|100/100|[from] item: Leftovers
|upkeep
|turn|19
|
|t:|1731270024
|switch|p2a: Blissey|Blissey, F, shiny|100/100
|-damage|p2a: Blissey|88/100|[from] Spikes
|move|p1a: Dexter|Will-O-Wisp|p2a: Blissey
|-status|p2a: Blissey|brn
|
|-weather|Sandstorm|[upkeep]
|-damage|p1a: Dexter|94/100|[from] Sandstorm
|-damage|p2a: Blissey|82/100 brn|[from] Sandstorm
|-heal|p1a: Dexter|100/100|[from] item: Leftovers
|-heal|p2a: Blissey|88/100 brn|[from] item: Leftovers
|-damage|p2a: Blissey|76/100 brn|[from] brn
|upkeep
|turn|20
|inactive|lexitg has 240 seconds left.
|inactive|lexitg has 210 seconds left.
|
|t:|1731270075
|switch|p1a: Whyrdam|Tyranitar, M, shiny|100/100
|-damage|p1a: Whyrdam|88/100|[from] Spikes
|-curestatus|p2a: Blissey|brn|[from] ability: Natural Cure
|switch|p2a: Gengar|Gengar, F|100/100
|
|-weather|Sandstorm|[upkeep]
|-damage|p2a: Gengar|95/100|[from] Sandstorm
|-heal|p2a: Gengar|100/100|[from] item: Leftovers
|-heal|p1a: Whyrdam|94/100|[from] item: Leftovers
|upkeep
|turn|21
|
|t:|1731270083
|move|p2a: Gengar|Will-O-Wisp|p1a: Whyrdam
|-status|p1a: Whyrdam|brn
|move|p1a: Whyrdam|Rock Slide|p2a: Gengar
|-damage|p2a: Gengar|66/100
|
|-weather|Sandstorm|[upkeep]
|-damage|p2a: Gengar|60/100|[from] Sandstorm
|-heal|p2a: Gengar|66/100|[from] item: Leftovers
|-heal|p1a: Whyrdam|100/100 brn|[from] item: Leftovers
|-damage|p1a: Whyrdam|88/100 brn|[from] brn
|upkeep
|turn|22
|inactive|lexitg has 210 seconds left.
|
|t:|1731270107
|switch|p2a: Swampert|Swampert, F|100/100
|-damage|p2a: Swampert|88/100|[from] Spikes
|move|p1a: Whyrdam|Rock Slide|p2a: Swampert
|-resisted|p2a: Swampert
|-damage|p2a: Swampert|81/100
|
|-weather|Sandstorm|[upkeep]
|-heal|p1a: Whyrdam|94/100 brn|[from] item: Leftovers
|-damage|p1a: Whyrdam|82/100 brn|[from] brn
|-heal|p2a: Swampert|87/100|[from] item: Leftovers
|upkeep
|turn|23
|inactive|lexitg has 210 seconds left.
|
|t:|1731270116
|move|p1a: Whyrdam|Earthquake|p2a: Swampert
|-damage|p2a: Swampert|74/100
|move|p2a: Swampert|Hydro Pump|p1a: Whyrdam
|-supereffective|p1a: Whyrdam
|-damage|p1a: Whyrdam|19/100 brn
|
|-weather|Sandstorm|[upkeep]
|-heal|p1a: Whyrdam|25/100 brn|[from] item: Leftovers
|-damage|p1a: Whyrdam|13/100 brn|[from] brn
|-heal|p2a: Swampert|80/100|[from] item: Leftovers
|upkeep
|turn|24
|
|t:|1731270121
|move|p2a: Swampert|Protect|p2a: Swampert
|-singleturn|p2a: Swampert|Protect
|move|p1a: Whyrdam|Earthquake|p2a: Swampert
|-activate|p2a: Swampert|Protect
|
|-weather|Sandstorm|[upkeep]
|-heal|p1a: Whyrdam|19/100 brn|[from] item: Leftovers
|-damage|p1a: Whyrdam|7/100 brn|[from] brn
|-heal|p2a: Swampert|86/100|[from] item: Leftovers
|upkeep
|turn|25
|
|t:|1731270127
|move|p1a: Whyrdam|Rock Slide|p2a: Swampert
|-resisted|p2a: Swampert
|-damage|p2a: Swampert|80/100
|move|p2a: Swampert|Ice Beam|p1a: Whyrdam
|-damage|p1a: Whyrdam|0 fnt
|faint|p1a: Whyrdam
|
|t:|1731270129
|switch|p1a: Dexter|Gengar, M, shiny|100/100
|
|-weather|Sandstorm|[upkeep]
|-damage|p1a: Dexter|94/100|[from] Sandstorm
|-heal|p1a: Dexter|100/100|[from] item: Leftovers
|-heal|p2a: Swampert|86/100|[from] item: Leftovers
|upkeep
|turn|26
|
|t:|1731270134
|move|p2a: Swampert|Protect|p2a: Swampert
|-singleturn|p2a: Swampert|Protect
|move|p1a: Dexter|Giga Drain|p2a: Swampert
|-activate|p2a: Swampert|Protect
|
|-weather|Sandstorm|[upkeep]
|-damage|p1a: Dexter|94/100|[from] Sandstorm
|-heal|p1a: Dexter|100/100|[from] item: Leftovers
|-heal|p2a: Swampert|92/100|[from] item: Leftovers
|upkeep
|turn|27
|inactive|lexitg has 240 seconds left.
|
|t:|1731270150
|switch|p2a: Blissey|Blissey, F, shiny|76/100
|-damage|p2a: Blissey|63/100|[from] Spikes
|move|p1a: Dexter|Will-O-Wisp|p2a: Blissey
|-status|p2a: Blissey|brn
|
|-weather|Sandstorm|[upkeep]
|-damage|p1a: Dexter|94/100|[from] Sandstorm
|-damage|p2a: Blissey|57/100 brn|[from] Sandstorm
|-heal|p1a: Dexter|100/100|[from] item: Leftovers
|-heal|p2a: Blissey|63/100 brn|[from] item: Leftovers
|-damage|p2a: Blissey|51/100 brn|[from] brn
|upkeep
|turn|28
|
|t:|1731270173
|move|p1a: Dexter|Taunt|p2a: Blissey
|-start|p2a: Blissey|move: Taunt
|cant|p2a: Blissey|move: Taunt|Soft-Boiled
|
|-weather|Sandstorm|[upkeep]
|-damage|p1a: Dexter|94/100|[from] Sandstorm
|-damage|p2a: Blissey|45/100 brn|[from] Sandstorm
|-heal|p1a: Dexter|100/100|[from] item: Leftovers
|-heal|p2a: Blissey|51/100 brn|[from] item: Leftovers
|-damage|p2a: Blissey|38/100 brn|[from] brn
|upkeep
|turn|29
|inactive|lexitg has 240 seconds left.
|
|t:|1731270203
|switch|p1a: Skarmory|Skarmory, F|62/100
|move|p2a: Blissey|Ice Beam|p1a: Skarmory
|-damage|p1a: Skarmory|40/100
|
|-weather|Sandstorm|[upkeep]
|-damage|p2a: Blissey|32/100 brn|[from] Sandstorm
|-heal|p1a: Skarmory|46/100|[from] item: Leftovers
|-heal|p2a: Blissey|38/100 brn|[from] item: Leftovers
|-damage|p2a: Blissey|26/100 brn|[from] brn
|-end|p2a: Blissey|move: Taunt|[silent]
|upkeep
|turn|30
|
|t:|1731270209
|move|p1a: Skarmory|Drill Peck|p2a: Blissey
|-damage|p2a: Blissey|1/100 brn
|move|p2a: Blissey|Soft-Boiled|p2a: Blissey
|-heal|p2a: Blissey|51/100 brn
|
|-weather|Sandstorm|[upkeep]
|-damage|p2a: Blissey|45/100 brn|[from] Sandstorm
|-heal|p1a: Skarmory|52/100|[from] item: Leftovers
|-heal|p2a: Blissey|51/100 brn|[from] item: Leftovers
|-damage|p2a: Blissey|39/100 brn|[from] brn
|upkeep
|turn|31
|
|t:|1731270223
|move|p2a: Blissey|Soft-Boiled|p2a: Blissey
|-heal|p2a: Blissey|89/100 brn
|move|p1a: Skarmory|Roar|p2a: Blissey
|-curestatus|p2a: Blissey|brn|[from] ability: Natural Cure
|drag|p2a: Starmie|Starmie|98/100
|-damage|p2a: Starmie|86/100|[from] Spikes
|
|-weather|Sandstorm|[upkeep]
|-damage|p2a: Starmie|80/100|[from] Sandstorm
|-heal|p2a: Starmie|86/100|[from] item: Leftovers
|-heal|p1a: Skarmory|58/100|[from] item: Leftovers
|upkeep
|turn|32
|
|t:|1731270235
|move|p2a: Starmie|Thunderbolt|p1a: Skarmory
|-supereffective|p1a: Skarmory
|-damage|p1a: Skarmory|2/100
|move|p1a: Skarmory|Spikes|p2a: Starmie
|-sidestart|p2: lexitg|Spikes
|
|-weather|Sandstorm|[upkeep]
|-damage|p2a: Starmie|80/100|[from] Sandstorm
|-heal|p2a: Starmie|86/100|[from] item: Leftovers
|-heal|p1a: Skarmory|8/100|[from] item: Leftovers
|upkeep
|turn|33
|
|t:|1731270252
|move|p2a: Starmie|Rapid Spin|p1a: Skarmory
|-resisted|p1a: Skarmory
|-damage|p1a: Skarmory|7/100
|-sideend|p2: lexitg|Spikes|[from] move: Rapid Spin|[of] p2a: Starmie
|move|p1a: Skarmory|Drill Peck|p2a: Starmie
|-damage|p2a: Starmie|54/100
|
|-weather|Sandstorm|[upkeep]
|-damage|p2a: Starmie|47/100|[from] Sandstorm
|-heal|p2a: Starmie|54/100|[from] item: Leftovers
|-heal|p1a: Skarmory|13/100|[from] item: Leftovers
|upkeep
|turn|34
|
|t:|1731270259
|switch|p1a: LeBron|Swampert, M, shiny|59/100
|-damage|p1a: LeBron|47/100|[from] Spikes
|move|p2a: Starmie|Ice Beam|p1a: LeBron
|-damage|p1a: LeBron|23/100
|
|-weather|Sandstorm|[upkeep]
|-damage|p2a: Starmie|47/100|[from] Sandstorm
|-heal|p2a: Starmie|54/100|[from] item: Leftovers
|-heal|p1a: LeBron|30/100|[from] item: Leftovers
|upkeep
|turn|35
|
|t:|1731270271
|move|p2a: Starmie|Hydro Pump|p1a: LeBron
|-damage|p1a: LeBron|0 fnt
|faint|p1a: LeBron
|
|t:|1731270274
|switch|p1a: Dexter|Gengar, M, shiny|100/100
|
|-weather|Sandstorm|[upkeep]
|-damage|p2a: Starmie|47/100|[from] Sandstorm
|-damage|p1a: Dexter|94/100|[from] Sandstorm
|-heal|p2a: Starmie|54/100|[from] item: Leftovers
|-heal|p1a: Dexter|100/100|[from] item: Leftovers
|upkeep
|turn|36
|inactive|lexitg has 270 seconds left.
|
|t:|1731270294
|move|p2a: Starmie|Hydro Pump|p1a: Dexter
|-damage|p1a: Dexter|43/100
|move|p1a: Dexter|Will-O-Wisp|p2a: Starmie|[miss]
|-miss|p1a: Dexter|p2a: Starmie
|
|-weather|Sandstorm|[upkeep]
|-damage|p2a: Starmie|47/100|[from] Sandstorm
|-damage|p1a: Dexter|37/100|[from] Sandstorm
|-heal|p2a: Starmie|54/100|[from] item: Leftovers
|-heal|p1a: Dexter|43/100|[from] item: Leftovers
|upkeep
|turn|37
|inactive|lexitg has 270 seconds left.
|
|t:|1731270304
|switch|p1a: Skarmory|Skarmory, F|13/100
|move|p2a: Starmie|Hydro Pump|p1a: Skarmory
|-damage|p1a: Skarmory|0 fnt
|faint|p1a: Skarmory
|
|t:|1731270306
|switch|p1a: Aleithilithos|Aerodactyl, M, shiny|100/100
|
|-weather|Sandstorm|[upkeep]
|-damage|p2a: Starmie|47/100|[from] Sandstorm
|-heal|p2a: Starmie|54/100|[from] item: Leftovers
|upkeep
|turn|38
|
|t:|1731270313
|switch|p2a: Swampert|Swampert, F|92/100
|move|p1a: Aleithilithos|Rock Slide|p2a: Swampert
|-resisted|p2a: Swampert
|-damage|p2a: Swampert|75/100
|
|-weather|Sandstorm|[upkeep]
|-heal|p2a: Swampert|82/100|[from] item: Leftovers
|upkeep
|turn|39
|
|t:|1731270319
|switch|p1a: Dexter|Gengar, M, shiny|43/100
|move|p2a: Swampert|Hydro Pump|p1a: Dexter
|-damage|p1a: Dexter|0 fnt
|faint|p1a: Dexter
|
|t:|1731270321
|switch|p1a: Aleithilithos|Aerodactyl, M, shiny|100/100
|
|-weather|Sandstorm|[upkeep]
|-heal|p2a: Swampert|88/100|[from] item: Leftovers
|upkeep
|turn|40
|
|t:|1731270323
|move|p2a: Swampert|Protect|p2a: Swampert
|-singleturn|p2a: Swampert|Protect
|move|p1a: Aleithilithos|Rock Slide|p2a: Swampert
|-activate|p2a: Swampert|Protect
|
|-weather|Sandstorm|[upkeep]
|-heal|p2a: Swampert|94/100|[from] item: Leftovers
|upkeep
|turn|41
|-message|Seradess forfeited.
|
|win|lexitg
|player|p1|
|c|☆lexitg|ggs

</script>
<script type="application/json" class="data" id="replaydata-smogtours-gen3ou-805868">
{"id":"smogtours-gen3ou-805868","format":"[Gen 3] OU","players":["Seradess","lexitg"],"uploadtime":1731270326,"views":24,"formatid":"gen3ou","rating":null,"private":0,"password":null}
</script>

<script defer src="js/replays.js?9d40a366"></script>
