<!DOCTYPE html>
<meta charset="utf-8" />
<meta name="viewport" content="width=device-width" />

<title>[Gen 3] OU: busyboi vs. Segale - Replays - Pok&eacute;mon Showdown!</title>

<meta name="description" content="Watch a replay of a Pok&eacute;mon battle between busyboi and Segale! Format: [Gen 3] OU; Date: Oct 23, 2024" />
<!--

Hey, you! Looking in the source for the replay log?

You can find them in JSON format, just add `.json` at the end of a replay URL.

https://replay.pokemonshowdown.com/gen7randomdoublesbattle-865046831.json

Or, if you only need the log itself, add `.log` instead:

https://replay.pokemonshowdown.com/gen7randomdoublesbattle-865046831.log

-->

<link rel="stylesheet" href="//pokemonshowdown.com/style/global.css?0.023195364461161105" />
<link rel="stylesheet" href="//play.pokemonshowdown.com/style/font-awesome.css?0.13261647063804238" />
<link rel="stylesheet" href="//play.pokemonshowdown.com/style/battle.css?0.8753245789963631" />
<link rel="stylesheet" href="//play.pokemonshowdown.com/style/utilichart.css?0.8627959624976733" />

<!-- Global site tag (gtag.js) - Google Analytics -->
<script async src="https://www.googletagmanager.com/gtag/js?id=UA-26211653-1"></script>
<script>
  window.dataLayer = window.dataLayer || [];
  function gtag(){dataLayer.push(arguments);}
  gtag('js', new Date());

  gtag('config', 'UA-26211653-1');
</script>
<!-- End Google Analytics -->
<!-- Venatus Ad Manager - Install in <HEAD> of page -->
	<script src="https://hb.vntsm.com/v3/live/ad-manager.min.js" type="text/javascript" data-site-id="642aba63ec9a7b11c3c9c1be" data-mode="scan" async></script>
<!-- / Venatus Ad Manager -->

<style>
	@media (max-width:820px) {
		.battle {
			margin: 0 auto;
		}
		.battle-log {
			margin: 7px auto 0;
			max-width: 640px;
			height: 300px;
			position: static;
		}
	}
	.optgroup {
		display: inline-block;
		line-height: 22px;
		font-size: 10pt;
	}
	.optgroup .button {
		height: 25px;
		padding-top: 0;
		padding-bottom: 0;
	}
	.optgroup button.button {
		padding-left: 12px;
		padding-right: 12px;
	}
	.linklist {
		list-style: none;
		margin: 0.5em 0;
		padding: 0;
	}
	.linklist li {
		padding: 2px 0;
	}
	.sidebar {
		float: left;
		width: 320px;
	}
	.bar-wrapper {
		max-width: 1100px;
		margin: 0 auto;
	}
	.bar-wrapper.has-sidebar {
		max-width: 1430px;
	}
	.mainbar {
		margin: 0;
		padding-right: 1px;
	}
	.mainbar.has-sidebar {
		margin-left: 330px;
	}
	@media (min-width: 1511px) {
		.sidebar {
			width: 400px;
		}
		.bar-wrapper.has-sidebar {
			max-width: 1510px;
		}
		.mainbar.has-sidebar {
			margin-left: 410px;
		}
	}
	.section.first-section {
		margin-top: 9px;
	}
	.blocklink small {
		white-space: normal;
	}
	.button {
		vertical-align: middle;
	}
	.replay-controls {
		padding-top: 10px;
	}
	.replay-controls h1 {
		font-size: 16pt;
		font-weight: normal;
		color: #CCC;
	}
	.pagelink {
		text-align: center;
	}
	.pagelink a {
		width: 150px;
	}
	.textbox, .button {
		font-size: 11pt;
		vertical-align: middle;
	}
	@media (max-width: 450px) {
		.button {
			font-size: 9pt;
		}
	}
</style>

<div>

	<header>
		<div class="nav-wrapper"><ul class="nav">
			<li><a class="button nav-first" href="//pokemonshowdown.com/"><img src="//pokemonshowdown.com/images/pokemonshowdownbeta.png" srcset="//pokemonshowdown.com/images/pokemonshowdownbeta.png 1x, //pokemonshowdown.com/images/pokemonshowdownbeta@2x.png 2x" alt="Pok&eacute;mon Showdown" width="146" height="44" /> Home</a></li>
			<li><a class="button" href="//pokemonshowdown.com/dex/">Pok&eacute;dex</a></li>
			<li><a class="button cur" href="/">Replays</a></li>
			<li><a class="button" href="//pokemonshowdown.com/ladder/">Ladder</a></li>
			<li><a class="button nav-last" href="//pokemonshowdown.com/forums/">Forum</a></li>
			<li><a class="button greenbutton nav-first nav-last" href="//play.pokemonshowdown.com/">Play</a></li>
		</ul></div>
	</header>

	<div class="main" id="main">

		<noscript><section class="section">You need to enable JavaScript to use this page; sorry!</section></noscript>

	</div>

</div>

<script defer nomodule src="//play.pokemonshowdown.com/js/lib/ps-polyfill.js"></script>
<script defer src="//play.pokemonshowdown.com/js/lib/preact.min.js"></script>

<script defer src="//play.pokemonshowdown.com/config/config.js?2bddbc15"></script>
<script defer src="//play.pokemonshowdown.com/js/lib/jquery-1.11.0.min.js"></script>
<script defer src="//play.pokemonshowdown.com/js/lib/html-sanitizer-minified.js"></script>
<script defer src="//play.pokemonshowdown.com/js/battle-sound.js"></script>
<script defer src="//play.pokemonshowdown.com/js/battledata.js?0.7209276989879541"></script>
<script defer src="//play.pokemonshowdown.com/data/pokedex-mini.js?0.6111056340867951"></script>
<script defer src="//play.pokemonshowdown.com/data/pokedex-mini-bw.js?0.3532142036491459"></script>
<script defer src="//play.pokemonshowdown.com/data/graphics.js?0.24223875632456182"></script>
<script defer src="//play.pokemonshowdown.com/data/pokedex.js?0.38839984266356864"></script>
<script defer src="//play.pokemonshowdown.com/data/moves.js?0.21866028504024015"></script>
<script defer src="//play.pokemonshowdown.com/data/abilities.js?0.2005157953846628"></script>
<script defer src="//play.pokemonshowdown.com/data/items.js?0.9894211263848525"></script>
<script defer src="//play.pokemonshowdown.com/data/teambuilder-tables.js?0.6008791140282215"></script>
<script defer src="//play.pokemonshowdown.com/js/battle-tooltips.js?0.7580118955022959"></script>
<script defer src="//play.pokemonshowdown.com/js/battle.js?0.6057722274234274"></script>

<script defer src="js/utils.js?e31f9a17"></script>
<script defer src="js/replays-battle.js?7008c182"></script>

<!-- don't scrape this data! just add .json or .log after the URL!
Full API docs: https://github.com/smogon/pokemon-showdown-client/blob/master/WEB-API.md -->
<script type="text/plain" class="log" id="replaylog-smogtours-gen3ou-801410">
|inactive|Battle timer is ON: inactive players will automatically lose when time's up.
|t:|1729711443
|gametype|singles
|player|p1|busyboi|1|
|player|p2|Segale|blue|
|teamsize|p1|6
|teamsize|p2|6
|gen|3
|tier|[Gen 3] OU
|rule|Sleep Clause Mod: Limit one foe put to sleep
|rule|Switch Priority Clause Mod: Faster Pokémon switch first
|rule|Species Clause: Limit one of each Pokémon
|rule|OHKO Clause: OHKO moves are banned
|rule|Evasion Items Clause: Evasion items are banned
|rule|Evasion Moves Clause: Evasion moves are banned
|rule|Endless Battle Clause: Forcing endless battles is banned
|rule|HP Percentage Mod: HP is shown in percentages
|rule|One Boost Passer Clause: Limit one Baton Passer that has a way to boost its stats
|rule|Freeze Clause Mod: Limit one foe frozen
|
|t:|1729711443
|start
|switch|p1a: Breloom|Breloom, M|100/100
|switch|p2a: Jynx|Jynx, F|100/100
|turn|1
|
|t:|1729711466
|switch|p1a: Blissey|Blissey, F|100/100
|move|p2a: Jynx|Ice Beam|p1a: Blissey
|-damage|p1a: Blissey|84/100
|
|-heal|p1a: Blissey|90/100|[from] item: Leftovers
|upkeep
|turn|2
|
|t:|1729711475
|move|p2a: Jynx|Lovely Kiss|p1a: Blissey|[miss]
|-miss|p2a: Jynx|p1a: Blissey
|move|p1a: Blissey|Toxic|p2a: Jynx
|-status|p2a: Jynx|tox
|
|-damage|p2a: Jynx|95/100 tox|[from] psn
|-heal|p1a: Blissey|96/100|[from] item: Leftovers
|upkeep
|turn|3
|
|t:|1729711481
|move|p2a: Jynx|Lovely Kiss|p1a: Blissey|[miss]
|-miss|p2a: Jynx|p1a: Blissey
|move|p1a: Blissey|Ice Beam|p2a: Jynx
|-resisted|p2a: Jynx
|-crit|p2a: Jynx
|-damage|p2a: Jynx|67/100 tox
|
|-heal|p2a: Jynx|73/100 tox|[from] item: Leftovers
|-damage|p2a: Jynx|61/100 tox|[from] psn
|-heal|p1a: Blissey|100/100|[from] item: Leftovers
|upkeep
|turn|4
|
|t:|1729711489
|move|p2a: Jynx|Lovely Kiss|p1a: Blissey|[miss]
|-miss|p2a: Jynx|p1a: Blissey
|move|p1a: Blissey|Ice Beam|p2a: Jynx
|-resisted|p2a: Jynx
|-damage|p2a: Jynx|48/100 tox
|
|-heal|p2a: Jynx|54/100 tox|[from] item: Leftovers
|-damage|p2a: Jynx|36/100 tox|[from] psn
|upkeep
|turn|5
|
|t:|1729711496
|move|p2a: Jynx|Perish Song|p2a: Jynx
|-start|p1a: Blissey|perish3|[silent]
|-start|p2a: Jynx|perish3|[silent]
|-fieldactivate|move: Perish Song
|move|p1a: Blissey|Ice Beam|p2a: Jynx
|-resisted|p2a: Jynx
|-damage|p2a: Jynx|24/100 tox
|
|-heal|p2a: Jynx|30/100 tox|[from] item: Leftovers
|-damage|p2a: Jynx|6/100 tox|[from] psn
|-start|p2a: Jynx|perish3
|-start|p1a: Blissey|perish3
|upkeep
|turn|6
|
|t:|1729711511
|switch|p1a: Forretress|Forretress, F|100/100
|move|p2a: Jynx|Perish Song|p2a: Jynx
|-start|p1a: Forretress|perish3|[silent]
|-fieldactivate|move: Perish Song
|
|-heal|p2a: Jynx|12/100 tox|[from] item: Leftovers
|-damage|p2a: Jynx|0 fnt|[from] psn
|faint|p2a: Jynx
|-start|p1a: Forretress|perish3
|upkeep
|
|t:|1729711536
|switch|p2a: Metagross|Metagross|100/100
|turn|7
|
|t:|1729711540
|move|p2a: Metagross|Meteor Mash|p1a: Forretress
|-resisted|p1a: Forretress
|-crit|p1a: Forretress
|-damage|p1a: Forretress|41/100
|move|p1a: Forretress|Spikes|p2a: Metagross
|-sidestart|p2: Segale|Spikes
|
|-heal|p1a: Forretress|47/100|[from] item: Leftovers
|-start|p1a: Forretress|perish2
|upkeep
|turn|8
|
|t:|1729711551
|move|p2a: Metagross|Meteor Mash|p1a: Forretress
|-resisted|p1a: Forretress
|-damage|p1a: Forretress|18/100
|-boost|p2a: Metagross|atk|1
|move|p1a: Forretress|Earthquake|p2a: Metagross
|-supereffective|p2a: Metagross
|-damage|p2a: Metagross|72/100
|
|-heal|p1a: Forretress|24/100|[from] item: Leftovers
|-start|p1a: Forretress|perish1
|upkeep
|turn|9
|
|t:|1729711562
|move|p2a: Metagross|Meteor Mash|p1a: Forretress
|-resisted|p1a: Forretress
|-damage|p1a: Forretress|0 fnt
|faint|p1a: Forretress
|
|t:|1729711564
|switch|p1a: Breloom|Breloom, M|100/100
|
|upkeep
|turn|10
|
|t:|1729711566
|move|p1a: Breloom|Spore|p2a: Metagross
|-status|p2a: Metagross|slp|[from] move: Spore
|cant|p2a: Metagross|slp
|
|upkeep
|turn|11
|
|t:|1729711570
|-singleturn|p1a: Breloom|move: Focus Punch
|switch|p2a: Claydol|Claydol|100/100
|move|p1a: Breloom|Focus Punch|p2a: Claydol
|-resisted|p2a: Claydol
|-damage|p2a: Claydol|62/100
|
|-heal|p2a: Claydol|68/100|[from] item: Leftovers
|upkeep
|turn|12
|
|t:|1729711581
|-singleturn|p1a: Breloom|move: Focus Punch
|move|p2a: Claydol|Rapid Spin|p1a: Breloom
|-damage|p1a: Breloom|95/100
|-sideend|p2: Segale|Spikes|[from] move: Rapid Spin|[of] p2a: Claydol
|move|p1a: Breloom|Focus Punch||[still]
|cant|p1a: Breloom|Focus Punch|Focus Punch
|
|-heal|p2a: Claydol|74/100|[from] item: Leftovers
|-heal|p1a: Breloom|100/100|[from] item: Leftovers
|upkeep
|turn|13
|
|t:|1729711588
|switch|p1a: Swampert|Swampert, F|100/100
|move|p2a: Claydol|Psychic|p1a: Swampert
|-damage|p1a: Swampert|83/100
|
|-heal|p2a: Claydol|80/100|[from] item: Leftovers
|-heal|p1a: Swampert|90/100|[from] item: Leftovers
|upkeep
|turn|14
|
|t:|1729711592
|switch|p2a: Suicune|Suicune|100/100
|move|p1a: Swampert|Surf|p2a: Suicune
|-resisted|p2a: Suicune
|-damage|p2a: Suicune|91/100
|
|-heal|p2a: Suicune|97/100|[from] item: Leftovers
|-heal|p1a: Swampert|96/100|[from] item: Leftovers
|upkeep
|turn|15
|
|t:|1729711597
|move|p2a: Suicune|Calm Mind|p2a: Suicune
|-boost|p2a: Suicune|spa|1
|-boost|p2a: Suicune|spd|1
|move|p1a: Swampert|Roar|p2a: Suicune
|drag|p2a: Snorlax|Snorlax, M|100/100
|
|-heal|p1a: Swampert|100/100|[from] item: Leftovers
|upkeep
|turn|16
|
|t:|1729711608
|move|p1a: Swampert|Earthquake|p2a: Snorlax
|-damage|p2a: Snorlax|66/100
|move|p2a: Snorlax|Body Slam|p1a: Swampert
|-damage|p1a: Swampert|70/100
|
|-heal|p1a: Swampert|77/100|[from] item: Leftovers
|-heal|p2a: Snorlax|72/100|[from] item: Leftovers
|upkeep
|turn|17
|
|t:|1729711615
|switch|p2a: Suicune|Suicune|97/100
|move|p1a: Swampert|Earthquake|p2a: Suicune
|-crit|p2a: Suicune
|-damage|p2a: Suicune|41/100
|
|-heal|p2a: Suicune|47/100|[from] item: Leftovers
|-heal|p1a: Swampert|83/100|[from] item: Leftovers
|upkeep
|turn|18
|
|t:|1729711624
|switch|p1a: Blissey|Blissey, F|100/100
|move|p2a: Suicune|Surf|p1a: Blissey
|-damage|p1a: Blissey|83/100
|
|-heal|p2a: Suicune|53/100|[from] item: Leftovers
|-heal|p1a: Blissey|89/100|[from] item: Leftovers
|upkeep
|turn|19
|
|t:|1729711628
|move|p2a: Suicune|Calm Mind|p2a: Suicune
|-boost|p2a: Suicune|spa|1
|-boost|p2a: Suicune|spd|1
|move|p1a: Blissey|Toxic|p2a: Suicune
|-status|p2a: Suicune|tox
|
|-heal|p2a: Suicune|60/100 tox|[from] item: Leftovers
|-damage|p2a: Suicune|53/100 tox|[from] psn
|-heal|p1a: Blissey|96/100|[from] item: Leftovers
|upkeep
|turn|20
|
|t:|1729711641
|switch|p1a: Breloom|Breloom, M|100/100
|move|p2a: Suicune|Surf|p1a: Breloom
|-resisted|p1a: Breloom
|-damage|p1a: Breloom|44/100
|
|-heal|p1a: Breloom|50/100|[from] item: Leftovers
|-heal|p2a: Suicune|60/100 tox|[from] item: Leftovers
|-damage|p2a: Suicune|47/100 tox|[from] psn
|upkeep
|turn|21
|
|t:|1729711658
|switch|p1a: Blissey|Blissey, F|96/100
|move|p2a: Suicune|Surf|p1a: Blissey
|-damage|p1a: Blissey|71/100
|
|-heal|p2a: Suicune|53/100 tox|[from] item: Leftovers
|-damage|p2a: Suicune|35/100 tox|[from] psn
|-heal|p1a: Blissey|77/100|[from] item: Leftovers
|upkeep
|turn|22
|
|t:|1729711664
|move|p2a: Suicune|Rest|p2a: Suicune
|-status|p2a: Suicune|slp|[from] move: Rest
|-heal|p2a: Suicune|100/100 slp|[silent]
|move|p1a: Blissey|Soft-Boiled|p1a: Blissey
|-heal|p1a: Blissey|100/100
|
|upkeep
|turn|23
|
|t:|1729711666
|switch|p1a: Breloom|Breloom, M|50/100
|cant|p2a: Suicune|slp
|move|p2a: Suicune|Sleep Talk|p2a: Suicune
|move|p2a: Suicune|Calm Mind|p2a: Suicune|[from]Sleep Talk
|-boost|p2a: Suicune|spa|1
|-boost|p2a: Suicune|spd|1
|
|-heal|p1a: Breloom|56/100|[from] item: Leftovers
|upkeep
|turn|24
|
|t:|1729711669
|move|p1a: Breloom|Leech Seed|p2a: Suicune
|-start|p2a: Suicune|move: Leech Seed
|cant|p2a: Suicune|slp
|move|p2a: Suicune|Sleep Talk|p2a: Suicune
|move|p2a: Suicune|Rest|p2a: Suicune|[from]Sleep Talk
|
|-heal|p1a: Breloom|62/100|[from] item: Leftovers
|-damage|p2a: Suicune|88/100 slp|[from] Leech Seed|[of] p1a: Breloom
|-heal|p1a: Breloom|81/100|[silent]
|upkeep
|turn|25
|
|t:|1729711674
|-singleturn|p1a: Breloom|move: Focus Punch
|switch|p2a: Snorlax|Snorlax, M|72/100
|move|p1a: Breloom|Focus Punch|p2a: Snorlax
|-supereffective|p2a: Snorlax
|-crit|p2a: Snorlax
|-damage|p2a: Snorlax|0 fnt
|faint|p2a: Snorlax
|
|t:|1729711676
|switch|p2a: Dugtrio|Dugtrio, F|100/100
|
|-heal|p1a: Breloom|87/100|[from] item: Leftovers
|upkeep
|turn|26
|
|t:|1729711684
|move|p1a: Breloom|Mach Punch|p2a: Dugtrio
|-damage|p2a: Dugtrio|43/100
|move|p2a: Dugtrio|Aerial Ace|p1a: Breloom
|-supereffective|p1a: Breloom
|-damage|p1a: Breloom|0 fnt
|faint|p1a: Breloom
|
|t:|1729711692
|switch|p1a: Porygon2|Porygon2|100/100
|-ability|p1a: Porygon2|Arena Trap|[from] ability: Trace|[of] p2a: Dugtrio
|
|upkeep
|turn|27
|
|t:|1729711696
|move|p2a: Dugtrio|Aerial Ace|p1a: Porygon2
|-damage|p1a: Porygon2|85/100
|move|p1a: Porygon2|Ice Beam|p2a: Dugtrio
|-supereffective|p2a: Dugtrio
|-damage|p2a: Dugtrio|0 fnt
|faint|p2a: Dugtrio
|
|t:|1729711699
|switch|p2a: Metagross|Metagross|72/100 slp
|
|-heal|p1a: Porygon2|91/100|[from] item: Leftovers
|upkeep
|turn|28
|
|t:|1729711708
|switch|p1a: Swampert|Swampert, F|83/100
|cant|p2a: Metagross|slp
|
|-heal|p1a: Swampert|89/100|[from] item: Leftovers
|upkeep
|turn|29
|
|t:|1729711712
|cant|p2a: Metagross|slp
|move|p1a: Swampert|Earthquake|p2a: Metagross
|-supereffective|p2a: Metagross
|-damage|p2a: Metagross|19/100 slp
|
|-heal|p1a: Swampert|95/100|[from] item: Leftovers
|upkeep
|turn|30
|
|t:|1729711717
|-curestatus|p2a: Metagross|slp|[msg]
|move|p2a: Metagross|Explosion|p1a: Swampert
|-damage|p1a: Swampert|0 fnt
|faint|p2a: Metagross
|faint|p1a: Swampert
|
|t:|1729711724
|switch|p2a: Suicune|Suicune|88/100 slp
|switch|p1a: Porygon2|Porygon2|91/100
|-ability|p1a: Porygon2|Pressure|[from] ability: Trace|[of] p2a: Suicune
|
|-heal|p2a: Suicune|94/100 slp|[from] item: Leftovers
|-heal|p1a: Porygon2|97/100|[from] item: Leftovers
|upkeep
|turn|31
|
|t:|1729711727
|cant|p2a: Suicune|slp
|move|p2a: Suicune|Sleep Talk|p2a: Suicune
|move|p2a: Suicune|Rest|p2a: Suicune|[from]Sleep Talk
|move|p1a: Porygon2|Thunderbolt|p2a: Suicune
|-supereffective|p2a: Suicune
|-damage|p2a: Suicune|61/100 slp
|
|-heal|p2a: Suicune|67/100 slp|[from] item: Leftovers
|-heal|p1a: Porygon2|100/100|[from] item: Leftovers
|upkeep
|turn|32
|
|t:|1729711733
|cant|p2a: Suicune|slp
|move|p2a: Suicune|Sleep Talk|p2a: Suicune
|move|p2a: Suicune|Calm Mind|p2a: Suicune|[from]Sleep Talk
|-boost|p2a: Suicune|spa|1
|-boost|p2a: Suicune|spd|1
|move|p1a: Porygon2|Toxic|p2a: Suicune|[miss]
|-miss|p1a: Porygon2|p2a: Suicune
|
|-heal|p2a: Suicune|73/100 slp|[from] item: Leftovers
|upkeep
|turn|33
|
|t:|1729711739
|-curestatus|p2a: Suicune|slp|[msg]
|move|p2a: Suicune|Calm Mind|p2a: Suicune
|-boost|p2a: Suicune|spa|1
|-boost|p2a: Suicune|spd|1
|move|p1a: Porygon2|Thunderbolt|p2a: Suicune
|-supereffective|p2a: Suicune
|-damage|p2a: Suicune|57/100
|-status|p2a: Suicune|par
|
|-heal|p2a: Suicune|63/100 par|[from] item: Leftovers
|upkeep
|turn|34
|
|t:|1729711742
|move|p1a: Porygon2|Thunderbolt|p2a: Suicune
|-supereffective|p2a: Suicune
|-damage|p2a: Suicune|46/100 par
|move|p2a: Suicune|Rest|p2a: Suicune
|-status|p2a: Suicune|slp|[from] move: Rest
|-heal|p2a: Suicune|100/100 slp|[silent]
|
|upkeep
|turn|35
|
|t:|1729711747
|cant|p2a: Suicune|slp
|move|p2a: Suicune|Sleep Talk|p2a: Suicune
|move|p2a: Suicune|Surf|p1a: Porygon2|[from]Sleep Talk
|-crit|p1a: Porygon2
|-damage|p1a: Porygon2|0 fnt
|faint|p1a: Porygon2
|
|t:|1729711753
|switch|p1a: Tyranitar|Tyranitar, M|100/100
|-weather|Sandstorm|[from] ability: Sand Stream|[of] p1a: Tyranitar
|
|-weather|Sandstorm|[upkeep]
|-damage|p2a: Suicune|94/100 slp|[from] Sandstorm
|-heal|p2a: Suicune|100/100 slp|[from] item: Leftovers
|upkeep
|turn|36
|
|t:|1729711759
|cant|p2a: Suicune|slp
|move|p2a: Suicune|Sleep Talk|p2a: Suicune
|move|p2a: Suicune|Calm Mind|p2a: Suicune|[from]Sleep Talk
|-boost|p2a: Suicune|spa|1
|-boost|p2a: Suicune|spd|1
|move|p1a: Tyranitar|Crunch|p2a: Suicune
|-damage|p2a: Suicune|89/100 slp
|
|-weather|Sandstorm|[upkeep]
|-damage|p2a: Suicune|82/100 slp|[from] Sandstorm
|-heal|p2a: Suicune|89/100 slp|[from] item: Leftovers
|upkeep
|turn|37
|
|t:|1729711761
|-curestatus|p2a: Suicune|slp|[msg]
|move|p2a: Suicune|Surf|p1a: Tyranitar
|-supereffective|p1a: Tyranitar
|-damage|p1a: Tyranitar|0 fnt
|faint|p1a: Tyranitar
|
|t:|1729711763
|switch|p1a: Blissey|Blissey, F|100/100
|
|-weather|Sandstorm|[upkeep]
|-damage|p2a: Suicune|82/100|[from] Sandstorm
|-damage|p1a: Blissey|94/100|[from] Sandstorm
|-heal|p2a: Suicune|89/100|[from] item: Leftovers
|-heal|p1a: Blissey|100/100|[from] item: Leftovers
|upkeep
|turn|38
|
|t:|1729711765
|move|p2a: Suicune|Calm Mind|p2a: Suicune
|-boost|p2a: Suicune|spa|1
|-boost|p2a: Suicune|spd|1
|move|p1a: Blissey|Ice Beam|p2a: Suicune
|-resisted|p2a: Suicune
|-crit|p2a: Suicune
|-damage|p2a: Suicune|73/100
|
|-weather|Sandstorm|[upkeep]
|-damage|p2a: Suicune|66/100|[from] Sandstorm
|-damage|p1a: Blissey|94/100|[from] Sandstorm
|-heal|p2a: Suicune|73/100|[from] item: Leftovers
|-heal|p1a: Blissey|100/100|[from] item: Leftovers
|upkeep
|turn|39
|
|t:|1729711769
|move|p2a: Suicune|Rest|p2a: Suicune
|-status|p2a: Suicune|slp|[from] move: Rest
|-heal|p2a: Suicune|100/100 slp|[silent]
|move|p1a: Blissey|Ice Beam|p2a: Suicune
|-resisted|p2a: Suicune
|-damage|p2a: Suicune|98/100 slp
|
|-weather|Sandstorm|[upkeep]
|-damage|p2a: Suicune|92/100 slp|[from] Sandstorm
|-damage|p1a: Blissey|94/100|[from] Sandstorm
|-heal|p2a: Suicune|98/100 slp|[from] item: Leftovers
|-heal|p1a: Blissey|100/100|[from] item: Leftovers
|upkeep
|turn|40
|
|t:|1729711771
|cant|p2a: Suicune|slp
|move|p2a: Suicune|Sleep Talk|p2a: Suicune
|move|p2a: Suicune|Rest|p2a: Suicune|[from]Sleep Talk
|move|p1a: Blissey|Ice Beam|p2a: Suicune
|-resisted|p2a: Suicune
|-damage|p2a: Suicune|95/100 slp
|
|-weather|Sandstorm|[upkeep]
|-damage|p2a: Suicune|89/100 slp|[from] Sandstorm
|-damage|p1a: Blissey|94/100|[from] Sandstorm
|-heal|p2a: Suicune|95/100 slp|[from] item: Leftovers
|-heal|p1a: Blissey|100/100|[from] item: Leftovers
|upkeep
|turn|41
|
|t:|1729711773
|cant|p2a: Suicune|slp
|move|p2a: Suicune|Sleep Talk|p2a: Suicune
|move|p2a: Suicune|Calm Mind|p2a: Suicune|[from]Sleep Talk
|-boost|p2a: Suicune|spa|1
|-boost|p2a: Suicune|spd|1
|move|p1a: Blissey|Ice Beam|p2a: Suicune
|-resisted|p2a: Suicune
|-damage|p2a: Suicune|92/100 slp
|
|-weather|Sandstorm|[upkeep]
|-damage|p2a: Suicune|86/100 slp|[from] Sandstorm
|-damage|p1a: Blissey|94/100|[from] Sandstorm
|-heal|p2a: Suicune|92/100 slp|[from] item: Leftovers
|-heal|p1a: Blissey|100/100|[from] item: Leftovers
|upkeep
|turn|42
|
|t:|1729711776
|-curestatus|p2a: Suicune|slp|[msg]
|move|p2a: Suicune|Rest|p2a: Suicune
|-status|p2a: Suicune|slp|[from] move: Rest
|-heal|p2a: Suicune|100/100 slp|[silent]
|move|p1a: Blissey|Toxic||[still]
|-fail|p1a: Blissey
|
|-weather|Sandstorm|[upkeep]
|-damage|p2a: Suicune|94/100 slp|[from] Sandstorm
|-damage|p1a: Blissey|94/100|[from] Sandstorm
|-heal|p2a: Suicune|100/100 slp|[from] item: Leftovers
|-heal|p1a: Blissey|100/100|[from] item: Leftovers
|upkeep
|turn|43
|
|t:|1729711779
|cant|p2a: Suicune|slp
|move|p2a: Suicune|Sleep Talk|p2a: Suicune
|move|p2a: Suicune|Surf|p1a: Blissey|[from]Sleep Talk
|-damage|p1a: Blissey|40/100
|move|p1a: Blissey|Ice Beam|p2a: Suicune
|-resisted|p2a: Suicune
|-damage|p2a: Suicune|98/100 slp
|
|-weather|Sandstorm|[upkeep]
|-damage|p2a: Suicune|92/100 slp|[from] Sandstorm
|-damage|p1a: Blissey|34/100|[from] Sandstorm
|-heal|p2a: Suicune|98/100 slp|[from] item: Leftovers
|-heal|p1a: Blissey|40/100|[from] item: Leftovers
|upkeep
|turn|44
|
|t:|1729711781
|cant|p2a: Suicune|slp
|move|p2a: Suicune|Sleep Talk|p2a: Suicune
|move|p2a: Suicune|Rest|p2a: Suicune|[from]Sleep Talk
|move|p1a: Blissey|Soft-Boiled|p1a: Blissey
|-heal|p1a: Blissey|90/100
|
|-weather|Sandstorm|[upkeep]
|-damage|p2a: Suicune|92/100 slp|[from] Sandstorm
|-damage|p1a: Blissey|84/100|[from] Sandstorm
|-heal|p2a: Suicune|98/100 slp|[from] item: Leftovers
|-heal|p1a: Blissey|90/100|[from] item: Leftovers
|upkeep
|turn|45
|
|t:|1729711783
|-curestatus|p2a: Suicune|slp|[msg]
|move|p2a: Suicune|Rest|p2a: Suicune
|-status|p2a: Suicune|slp|[from] move: Rest
|-heal|p2a: Suicune|100/100 slp|[silent]
|move|p1a: Blissey|Ice Beam|p2a: Suicune
|-resisted|p2a: Suicune
|-damage|p2a: Suicune|98/100 slp
|
|-weather|Sandstorm|[upkeep]
|-damage|p2a: Suicune|92/100 slp|[from] Sandstorm
|-damage|p1a: Blissey|84/100|[from] Sandstorm
|-heal|p2a: Suicune|98/100 slp|[from] item: Leftovers
|-heal|p1a: Blissey|90/100|[from] item: Leftovers
|upkeep
|turn|46
|
|t:|1729711786
|cant|p2a: Suicune|slp
|move|p2a: Suicune|Sleep Talk|p2a: Suicune
|move|p2a: Suicune|Surf|p1a: Blissey|[from]Sleep Talk
|-damage|p1a: Blissey|34/100
|move|p1a: Blissey|Soft-Boiled|p1a: Blissey
|-heal|p1a: Blissey|84/100
|
|-weather|Sandstorm|[upkeep]
|-damage|p2a: Suicune|92/100 slp|[from] Sandstorm
|-damage|p1a: Blissey|78/100|[from] Sandstorm
|-heal|p2a: Suicune|98/100 slp|[from] item: Leftovers
|-heal|p1a: Blissey|84/100|[from] item: Leftovers
|upkeep
|turn|47
|
|t:|1729711789
|cant|p2a: Suicune|slp
|move|p2a: Suicune|Sleep Talk|p2a: Suicune
|move|p2a: Suicune|Surf|p1a: Blissey|[from]Sleep Talk
|-damage|p1a: Blissey|28/100
|move|p1a: Blissey|Ice Beam|p2a: Suicune
|-resisted|p2a: Suicune
|-damage|p2a: Suicune|96/100 slp
|
|-weather|Sandstorm|[upkeep]
|-damage|p2a: Suicune|89/100 slp|[from] Sandstorm
|-damage|p1a: Blissey|21/100|[from] Sandstorm
|-heal|p2a: Suicune|96/100 slp|[from] item: Leftovers
|-heal|p1a: Blissey|28/100|[from] item: Leftovers
|upkeep
|turn|48
|
|t:|1729711791
|-curestatus|p2a: Suicune|slp|[msg]
|move|p2a: Suicune|Surf|p1a: Blissey
|-crit|p1a: Blissey
|-damage|p1a: Blissey|0 fnt
|faint|p1a: Blissey
|
|win|Segale
|c|☆busyboi|gg

</script>
<script type="application/json" class="data" id="replaydata-smogtours-gen3ou-801410">
{"id":"smogtours-gen3ou-801410","format":"[Gen 3] OU","players":["busyboi","Segale"],"uploadtime":1729711791,"views":83,"formatid":"gen3ou","rating":null,"private":1,"password":null}
</script>

<script defer src="js/replays.js?9d40a366"></script>
