<!DOCTYPE html>
<meta charset="utf-8" />
<meta name="viewport" content="width=device-width" />

<title>[Gen 3] OU: luisin vs. JoaF - Replays - Pok&eacute;mon Showdown!</title>

<meta name="description" content="Watch a replay of a Pok&eacute;mon battle between luisin and JoaF! Format: [Gen 3] OU; Date: Oct 15, 2024" />
<!--

Hey, you! Looking in the source for the replay log?

You can find them in JSON format, just add `.json` at the end of a replay URL.

https://replay.pokemonshowdown.com/gen7randomdoublesbattle-865046831.json

Or, if you only need the log itself, add `.log` instead:

https://replay.pokemonshowdown.com/gen7randomdoublesbattle-865046831.log

-->

<link rel="stylesheet" href="//pokemonshowdown.com/style/global.css?0.023195364461161105" />
<link rel="stylesheet" href="//play.pokemonshowdown.com/style/font-awesome.css?0.13261647063804238" />
<link rel="stylesheet" href="//play.pokemonshowdown.com/style/battle.css?0.8753245789963631" />
<link rel="stylesheet" href="//play.pokemonshowdown.com/style/utilichart.css?0.8627959624976733" />

<!-- Global site tag (gtag.js) - Google Analytics -->
<script async src="https://www.googletagmanager.com/gtag/js?id=UA-26211653-1"></script>
<script>
  window.dataLayer = window.dataLayer || [];
  function gtag(){dataLayer.push(arguments);}
  gtag('js', new Date());

  gtag('config', 'UA-26211653-1');
</script>
<!-- End Google Analytics -->
<!-- Venatus Ad Manager - Install in <HEAD> of page -->
	<script src="https://hb.vntsm.com/v3/live/ad-manager.min.js" type="text/javascript" data-site-id="642aba63ec9a7b11c3c9c1be" data-mode="scan" async></script>
<!-- / Venatus Ad Manager -->

<style>
	@media (max-width:820px) {
		.battle {
			margin: 0 auto;
		}
		.battle-log {
			margin: 7px auto 0;
			max-width: 640px;
			height: 300px;
			position: static;
		}
	}
	.optgroup {
		display: inline-block;
		line-height: 22px;
		font-size: 10pt;
	}
	.optgroup .button {
		height: 25px;
		padding-top: 0;
		padding-bottom: 0;
	}
	.optgroup button.button {
		padding-left: 12px;
		padding-right: 12px;
	}
	.linklist {
		list-style: none;
		margin: 0.5em 0;
		padding: 0;
	}
	.linklist li {
		padding: 2px 0;
	}
	.sidebar {
		float: left;
		width: 320px;
	}
	.bar-wrapper {
		max-width: 1100px;
		margin: 0 auto;
	}
	.bar-wrapper.has-sidebar {
		max-width: 1430px;
	}
	.mainbar {
		margin: 0;
		padding-right: 1px;
	}
	.mainbar.has-sidebar {
		margin-left: 330px;
	}
	@media (min-width: 1511px) {
		.sidebar {
			width: 400px;
		}
		.bar-wrapper.has-sidebar {
			max-width: 1510px;
		}
		.mainbar.has-sidebar {
			margin-left: 410px;
		}
	}
	.section.first-section {
		margin-top: 9px;
	}
	.blocklink small {
		white-space: normal;
	}
	.button {
		vertical-align: middle;
	}
	.replay-controls {
		padding-top: 10px;
	}
	.replay-controls h1 {
		font-size: 16pt;
		font-weight: normal;
		color: #CCC;
	}
	.pagelink {
		text-align: center;
	}
	.pagelink a {
		width: 150px;
	}
	.textbox, .button {
		font-size: 11pt;
		vertical-align: middle;
	}
	@media (max-width: 450px) {
		.button {
			font-size: 9pt;
		}
	}
</style>

<div>

	<header>
		<div class="nav-wrapper"><ul class="nav">
			<li><a class="button nav-first" href="//pokemonshowdown.com/"><img src="//pokemonshowdown.com/images/pokemonshowdownbeta.png" srcset="//pokemonshowdown.com/images/pokemonshowdownbeta.png 1x, //pokemonshowdown.com/images/pokemonshowdownbeta@2x.png 2x" alt="Pok&eacute;mon Showdown" width="146" height="44" /> Home</a></li>
			<li><a class="button" href="//pokemonshowdown.com/dex/">Pok&eacute;dex</a></li>
			<li><a class="button cur" href="/">Replays</a></li>
			<li><a class="button" href="//pokemonshowdown.com/ladder/">Ladder</a></li>
			<li><a class="button nav-last" href="//pokemonshowdown.com/forums/">Forum</a></li>
			<li><a class="button greenbutton nav-first nav-last" href="//play.pokemonshowdown.com/">Play</a></li>
		</ul></div>
	</header>

	<div class="main" id="main">

		<noscript><section class="section">You need to enable JavaScript to use this page; sorry!</section></noscript>

	</div>

</div>

<script defer nomodule src="//play.pokemonshowdown.com/js/lib/ps-polyfill.js"></script>
<script defer src="//play.pokemonshowdown.com/js/lib/preact.min.js"></script>

<script defer src="//play.pokemonshowdown.com/config/config.js?2bddbc15"></script>
<script defer src="//play.pokemonshowdown.com/js/lib/jquery-1.11.0.min.js"></script>
<script defer src="//play.pokemonshowdown.com/js/lib/html-sanitizer-minified.js"></script>
<script defer src="//play.pokemonshowdown.com/js/battle-sound.js"></script>
<script defer src="//play.pokemonshowdown.com/js/battledata.js?0.7209276989879541"></script>
<script defer src="//play.pokemonshowdown.com/data/pokedex-mini.js?0.6111056340867951"></script>
<script defer src="//play.pokemonshowdown.com/data/pokedex-mini-bw.js?0.3532142036491459"></script>
<script defer src="//play.pokemonshowdown.com/data/graphics.js?0.24223875632456182"></script>
<script defer src="//play.pokemonshowdown.com/data/pokedex.js?0.38839984266356864"></script>
<script defer src="//play.pokemonshowdown.com/data/moves.js?0.21866028504024015"></script>
<script defer src="//play.pokemonshowdown.com/data/abilities.js?0.2005157953846628"></script>
<script defer src="//play.pokemonshowdown.com/data/items.js?0.9894211263848525"></script>
<script defer src="//play.pokemonshowdown.com/data/teambuilder-tables.js?0.6008791140282215"></script>
<script defer src="//play.pokemonshowdown.com/js/battle-tooltips.js?0.7580118955022959"></script>
<script defer src="//play.pokemonshowdown.com/js/battle.js?0.6057722274234274"></script>

<script defer src="js/utils.js?e31f9a17"></script>
<script defer src="js/replays-battle.js?7008c182"></script>

<!-- don't scrape this data! just add .json or .log after the URL!
Full API docs: https://github.com/smogon/pokemon-showdown-client/blob/master/WEB-API.md -->
<script type="text/plain" class="log" id="replaylog-smogtours-gen3ou-799048">
|inactive|Battle timer is ON: inactive players will automatically lose when time's up.
|t:|1729029679
|gametype|singles
|player|p1|luisin|#luisin|
|player|p2|JoaF|turo-ai|
|teamsize|p1|6
|teamsize|p2|6
|gen|3
|tier|[Gen 3] OU
|rule|Sleep Clause Mod: Limit one foe put to sleep
|rule|Switch Priority Clause Mod: Faster Pokémon switch first
|rule|Species Clause: Limit one of each Pokémon
|rule|OHKO Clause: OHKO moves are banned
|rule|Evasion Items Clause: Evasion items are banned
|rule|Evasion Moves Clause: Evasion moves are banned
|rule|Endless Battle Clause: Forcing endless battles is banned
|rule|HP Percentage Mod: HP is shown in percentages
|rule|One Boost Passer Clause: Limit one Baton Passer that has a way to boost its stats
|rule|Freeze Clause Mod: Limit one foe frozen
|
|t:|1729029679
|start
|switch|p1a: Skarmory|Skarmory, M|100/100
|switch|p2a: Tyranitar|Tyranitar, F|100/100
|-weather|Sandstorm|[from] ability: Sand Stream|[of] p2a: Tyranitar
|turn|1
|c|☆luisin|hf
|c|☆JoaF|hf!
|
|t:|1729029695
|move|p2a: Tyranitar|Fire Blast|p1a: Skarmory
|-supereffective|p1a: Skarmory
|-damage|p1a: Skarmory|37/100
|move|p1a: Skarmory|Spikes|p2a: Tyranitar
|-sidestart|p2: JoaF|Spikes
|
|-weather|Sandstorm|[upkeep]
|-heal|p1a: Skarmory|43/100|[from] item: Leftovers
|upkeep
|turn|2
|
|t:|1729029716
|move|p1a: Skarmory|Protect|p1a: Skarmory
|-singleturn|p1a: Skarmory|Protect
|move|p2a: Tyranitar|Fire Blast|p1a: Skarmory
|-activate|p1a: Skarmory|Protect
|
|-weather|Sandstorm|[upkeep]
|-heal|p1a: Skarmory|49/100|[from] item: Leftovers
|upkeep
|turn|3
|
|t:|1729029723
|switch|p2a: Zapdos|Zapdos|100/100
|switch|p1a: Flygon|Flygon, F|100/100
|
|-weather|Sandstorm|[upkeep]
|-damage|p2a: Zapdos|94/100|[from] Sandstorm
|-heal|p2a: Zapdos|100/100|[from] item: Leftovers
|upkeep
|turn|4
|inactive|JoaF has 270 seconds left.
|
|t:|1729029749
|move|p1a: Flygon|Toxic|p2a: Zapdos
|-status|p2a: Zapdos|tox
|move|p2a: Zapdos|Hidden Power|p1a: Flygon
|-damage|p1a: Flygon|74/100
|
|-weather|Sandstorm|[upkeep]
|-damage|p2a: Zapdos|94/100 tox|[from] Sandstorm
|-heal|p1a: Flygon|80/100|[from] item: Leftovers
|-heal|p2a: Zapdos|100/100 tox|[from] item: Leftovers
|-damage|p2a: Zapdos|94/100 tox|[from] psn
|upkeep
|turn|5
|
|t:|1729029762
|move|p1a: Flygon|Rock Slide|p2a: Zapdos
|-supereffective|p2a: Zapdos
|-damage|p2a: Zapdos|60/100 tox
|cant|p2a: Zapdos|flinch
|
|-weather|Sandstorm|[upkeep]
|-damage|p2a: Zapdos|54/100 tox|[from] Sandstorm
|-heal|p1a: Flygon|86/100|[from] item: Leftovers
|-heal|p2a: Zapdos|60/100 tox|[from] item: Leftovers
|-damage|p2a: Zapdos|48/100 tox|[from] psn
|upkeep
|turn|6
|
|t:|1729029770
|move|p1a: Flygon|Toxic|p2a: Zapdos
|-fail|p2a: Zapdos|tox
|move|p2a: Zapdos|Rest|p2a: Zapdos
|-status|p2a: Zapdos|slp|[from] move: Rest
|-heal|p2a: Zapdos|100/100 slp|[silent]
|
|-weather|Sandstorm|[upkeep]
|-damage|p2a: Zapdos|94/100 slp|[from] Sandstorm
|-heal|p1a: Flygon|92/100|[from] item: Leftovers
|-heal|p2a: Zapdos|100/100 slp|[from] item: Leftovers
|upkeep
|turn|7
|
|t:|1729029785
|switch|p1a: Blissey|Blissey, F|100/100
|switch|p2a: Tyranitar|Tyranitar, F|100/100
|-damage|p2a: Tyranitar|88/100|[from] Spikes
|
|-weather|Sandstorm|[upkeep]
|-damage|p1a: Blissey|94/100|[from] Sandstorm
|-heal|p1a: Blissey|100/100|[from] item: Leftovers
|upkeep
|turn|8
|
|t:|1729029790
|move|p2a: Tyranitar|Brick Break|p1a: Blissey
|-supereffective|p1a: Blissey
|-damage|p1a: Blissey|56/100
|move|p1a: Blissey|Toxic|p2a: Tyranitar
|-status|p2a: Tyranitar|tox
|-enditem|p2a: Tyranitar|Lum Berry|[eat]
|-curestatus|p2a: Tyranitar|tox|[msg]
|
|-weather|Sandstorm|[upkeep]
|-damage|p1a: Blissey|50/100|[from] Sandstorm
|-heal|p1a: Blissey|56/100|[from] item: Leftovers
|upkeep
|turn|9
|
|t:|1729029795
|move|p2a: Tyranitar|Brick Break|p1a: Blissey
|-supereffective|p1a: Blissey
|-damage|p1a: Blissey|17/100
|move|p1a: Blissey|Soft-Boiled|p1a: Blissey
|-heal|p1a: Blissey|67/100
|
|-weather|Sandstorm|[upkeep]
|-damage|p1a: Blissey|61/100|[from] Sandstorm
|-heal|p1a: Blissey|67/100|[from] item: Leftovers
|upkeep
|turn|10
|
|t:|1729029802
|move|p2a: Tyranitar|Brick Break|p1a: Blissey
|-supereffective|p1a: Blissey
|-damage|p1a: Blissey|22/100
|move|p1a: Blissey|Soft-Boiled|p1a: Blissey
|-heal|p1a: Blissey|72/100
|
|-weather|Sandstorm|[upkeep]
|-damage|p1a: Blissey|66/100|[from] Sandstorm
|-heal|p1a: Blissey|72/100|[from] item: Leftovers
|upkeep
|turn|11
|
|t:|1729029807
|move|p2a: Tyranitar|Brick Break|p1a: Blissey
|-supereffective|p1a: Blissey
|-damage|p1a: Blissey|33/100
|move|p1a: Blissey|Soft-Boiled|p1a: Blissey
|-heal|p1a: Blissey|83/100
|
|-weather|Sandstorm|[upkeep]
|-damage|p1a: Blissey|77/100|[from] Sandstorm
|-heal|p1a: Blissey|83/100|[from] item: Leftovers
|upkeep
|turn|12
|
|t:|1729029811
|move|p2a: Tyranitar|Brick Break|p1a: Blissey
|-supereffective|p1a: Blissey
|-damage|p1a: Blissey|42/100
|move|p1a: Blissey|Soft-Boiled|p1a: Blissey
|-heal|p1a: Blissey|92/100
|
|-weather|Sandstorm|[upkeep]
|-damage|p1a: Blissey|85/100|[from] Sandstorm
|-heal|p1a: Blissey|92/100|[from] item: Leftovers
|upkeep
|turn|13
|
|t:|1729029818
|switch|p2a: Metagross|Metagross|100/100
|-damage|p2a: Metagross|88/100|[from] Spikes
|move|p1a: Blissey|Toxic|p2a: Metagross
|-immune|p2a: Metagross
|
|-weather|Sandstorm|[upkeep]
|-damage|p1a: Blissey|85/100|[from] Sandstorm
|-heal|p2a: Metagross|94/100|[from] item: Leftovers
|-heal|p1a: Blissey|92/100|[from] item: Leftovers
|upkeep
|turn|14
|
|t:|1729029822
|switch|p1a: Skarmory|Skarmory, M|49/100
|move|p2a: Metagross|Meteor Mash|p1a: Skarmory
|-resisted|p1a: Skarmory
|-damage|p1a: Skarmory|27/100
|-boost|p2a: Metagross|atk|1
|
|-weather|Sandstorm|[upkeep]
|-heal|p2a: Metagross|99/100|[from] item: Leftovers
|-heal|p1a: Skarmory|33/100|[from] item: Leftovers
|upkeep
|turn|15
|
|t:|1729029826
|move|p1a: Skarmory|Protect|p1a: Skarmory
|-singleturn|p1a: Skarmory|Protect
|move|p2a: Metagross|Meteor Mash|p1a: Skarmory
|-activate|p1a: Skarmory|Protect
|
|-weather|Sandstorm|[upkeep]
|-heal|p2a: Metagross|100/100|[from] item: Leftovers
|-heal|p1a: Skarmory|39/100|[from] item: Leftovers
|upkeep
|turn|16
|
|t:|1729029830
|move|p2a: Metagross|Meteor Mash|p1a: Skarmory
|-resisted|p1a: Skarmory
|-damage|p1a: Skarmory|3/100
|-boost|p2a: Metagross|atk|1
|move|p1a: Skarmory|Spikes|p2a: Metagross
|-sidestart|p2: JoaF|Spikes
|
|-weather|Sandstorm|[upkeep]
|-heal|p1a: Skarmory|9/100|[from] item: Leftovers
|upkeep
|turn|17
|
|t:|1729029840
|move|p1a: Skarmory|Protect|p1a: Skarmory
|-singleturn|p1a: Skarmory|Protect
|move|p2a: Metagross|Rock Slide|p1a: Skarmory
|-activate|p1a: Skarmory|Protect
|
|-weather|Sandstorm|[upkeep]
|-heal|p1a: Skarmory|15/100|[from] item: Leftovers
|upkeep
|turn|18
|
|t:|1729029845
|move|p2a: Metagross|Rock Slide|p1a: Skarmory
|-damage|p1a: Skarmory|0 fnt
|faint|p1a: Skarmory
|
|t:|1729029846
|switch|p1a: Moltres|Moltres|100/100
|
|-weather|Sandstorm|[upkeep]
|-damage|p1a: Moltres|94/100|[from] Sandstorm
|-heal|p1a: Moltres|100/100|[from] item: Leftovers
|upkeep
|turn|19
|
|t:|1729029858
|switch|p2a: Suicune|Suicune|100/100
|-damage|p2a: Suicune|84/100|[from] Spikes
|move|p1a: Moltres|Flamethrower|p2a: Suicune
|-resisted|p2a: Suicune
|-damage|p2a: Suicune|62/100
|
|-weather|Sandstorm|[upkeep]
|-damage|p1a: Moltres|94/100|[from] Sandstorm
|-damage|p2a: Suicune|56/100|[from] Sandstorm
|-heal|p1a: Moltres|100/100|[from] item: Leftovers
|-heal|p2a: Suicune|62/100|[from] item: Leftovers
|upkeep
|turn|20
|inactive|luisin has 270 seconds left.
|inactive|luisin has 240 seconds left.
|
|t:|1729029931
|switch|p1a: Zapdos|Zapdos|100/100
|move|p2a: Suicune|Surf|p1a: Zapdos
|-damage|p1a: Zapdos|73/100
|
|-weather|Sandstorm|[upkeep]
|-damage|p2a: Suicune|56/100|[from] Sandstorm
|-damage|p1a: Zapdos|67/100|[from] Sandstorm
|-heal|p2a: Suicune|62/100|[from] item: Leftovers
|-heal|p1a: Zapdos|73/100|[from] item: Leftovers
|upkeep
|turn|21
|
|t:|1729029944
|switch|p2a: Celebi|Celebi|100/100
|-damage|p2a: Celebi|84/100|[from] Spikes
|move|p1a: Zapdos|Thunderbolt|p2a: Celebi
|-resisted|p2a: Celebi
|-damage|p2a: Celebi|65/100
|
|-weather|Sandstorm|[upkeep]
|-damage|p2a: Celebi|59/100|[from] Sandstorm
|-damage|p1a: Zapdos|67/100|[from] Sandstorm
|-heal|p2a: Celebi|65/100|[from] item: Leftovers
|-heal|p1a: Zapdos|73/100|[from] item: Leftovers
|upkeep
|turn|22
|
|t:|1729029959
|switch|p1a: Jirachi|Jirachi|100/100
|move|p2a: Celebi|Psychic|p1a: Jirachi
|-resisted|p1a: Jirachi
|-damage|p1a: Jirachi|91/100
|
|-weather|Sandstorm|[upkeep]
|-damage|p2a: Celebi|59/100|[from] Sandstorm
|-heal|p2a: Celebi|65/100|[from] item: Leftovers
|-heal|p1a: Jirachi|98/100|[from] item: Leftovers
|upkeep
|turn|23
|
|t:|1729029968
|move|p2a: Celebi|Calm Mind|p2a: Celebi
|-boost|p2a: Celebi|spa|1
|-boost|p2a: Celebi|spd|1
|move|p1a: Jirachi|Fire Punch|p2a: Celebi
|-supereffective|p2a: Celebi
|-damage|p2a: Celebi|42/100
|
|-weather|Sandstorm|[upkeep]
|-damage|p2a: Celebi|36/100|[from] Sandstorm
|-heal|p2a: Celebi|42/100|[from] item: Leftovers
|-heal|p1a: Jirachi|100/100|[from] item: Leftovers
|upkeep
|turn|24
|
|t:|1729029972
|switch|p1a: Moltres|Moltres|100/100
|move|p2a: Celebi|Hidden Power|p1a: Moltres
|-resisted|p1a: Moltres
|-damage|p1a: Moltres|80/100
|
|-weather|Sandstorm|[upkeep]
|-damage|p1a: Moltres|74/100|[from] Sandstorm
|-damage|p2a: Celebi|36/100|[from] Sandstorm
|-heal|p1a: Moltres|80/100|[from] item: Leftovers
|-heal|p2a: Celebi|42/100|[from] item: Leftovers
|upkeep
|turn|25
|
|t:|1729029977
|move|p1a: Moltres|Flamethrower|p2a: Celebi
|-supereffective|p2a: Celebi
|-damage|p2a: Celebi|0 fnt
|faint|p2a: Celebi
|inactive|JoaF has 270 seconds left.
|
|t:|1729030016
|switch|p2a: Aerodactyl|Aerodactyl, M|100/100
|
|-weather|Sandstorm|[upkeep]
|-damage|p1a: Moltres|74/100|[from] Sandstorm
|-heal|p1a: Moltres|80/100|[from] item: Leftovers
|upkeep
|turn|26
|inactive|JoaF has 270 seconds left.
|inactive|luisin has 270 seconds left.
|
|t:|1729030044
|move|p1a: Moltres|Protect|p1a: Moltres
|-singleturn|p1a: Moltres|Protect
|move|p2a: Aerodactyl|Rock Slide|p1a: Moltres
|-activate|p1a: Moltres|Protect
|
|-weather|Sandstorm|[upkeep]
|-damage|p1a: Moltres|74/100|[from] Sandstorm
|-heal|p1a: Moltres|80/100|[from] item: Leftovers
|upkeep
|turn|27
|inactive|luisin has 270 seconds left.
|
|t:|1729030050
|switch|p1a: Jirachi|Jirachi|100/100
|move|p2a: Aerodactyl|Rock Slide|p1a: Jirachi
|-resisted|p1a: Jirachi
|-damage|p1a: Jirachi|86/100
|
|-weather|Sandstorm|[upkeep]
|-heal|p1a: Jirachi|92/100|[from] item: Leftovers
|upkeep
|turn|28
|
|t:|1729030059
|switch|p2a: Tyranitar|Tyranitar, F|88/100
|-damage|p2a: Tyranitar|72/100|[from] Spikes
|move|p1a: Jirachi|Toxic|p2a: Tyranitar|[miss]
|-miss|p1a: Jirachi|p2a: Tyranitar
|
|-weather|Sandstorm|[upkeep]
|-heal|p1a: Jirachi|98/100|[from] item: Leftovers
|upkeep
|turn|29
|inactive|JoaF has 270 seconds left.
|
|t:|1729030064
|move|p1a: Jirachi|Toxic|p2a: Tyranitar|[miss]
|-miss|p1a: Jirachi|p2a: Tyranitar
|move|p2a: Tyranitar|Fire Blast|p1a: Jirachi
|-supereffective|p1a: Jirachi
|-damage|p1a: Jirachi|41/100
|
|-weather|Sandstorm|[upkeep]
|-heal|p1a: Jirachi|48/100|[from] item: Leftovers
|upkeep
|turn|30
|
|t:|1729030068
|move|p1a: Jirachi|Protect|p1a: Jirachi
|-singleturn|p1a: Jirachi|Protect
|move|p2a: Tyranitar|Fire Blast|p1a: Jirachi
|-activate|p1a: Jirachi|Protect
|
|-weather|Sandstorm|[upkeep]
|-heal|p1a: Jirachi|54/100|[from] item: Leftovers
|upkeep
|turn|31
|
|t:|1729030073
|switch|p1a: Flygon|Flygon, F|92/100
|move|p2a: Tyranitar|Fire Blast|p1a: Flygon|[miss]
|-miss|p2a: Tyranitar|p1a: Flygon
|
|-weather|Sandstorm|[upkeep]
|-heal|p1a: Flygon|98/100|[from] item: Leftovers
|upkeep
|turn|32
|
|t:|1729030090
|move|p1a: Flygon|Earthquake|p2a: Tyranitar
|-supereffective|p2a: Tyranitar
|-damage|p2a: Tyranitar|0 fnt
|faint|p2a: Tyranitar
|
|t:|1729030096
|switch|p2a: Suicune|Suicune|62/100
|-damage|p2a: Suicune|45/100|[from] Spikes
|
|-weather|Sandstorm|[upkeep]
|-damage|p2a: Suicune|39/100|[from] Sandstorm
|-heal|p2a: Suicune|45/100|[from] item: Leftovers
|-heal|p1a: Flygon|100/100|[from] item: Leftovers
|upkeep
|turn|33
|
|t:|1729030110
|switch|p1a: Zapdos|Zapdos|73/100
|move|p2a: Suicune|Ice Beam|p1a: Zapdos
|-supereffective|p1a: Zapdos
|-damage|p1a: Zapdos|30/100
|
|-weather|Sandstorm|[upkeep]
|-damage|p2a: Suicune|39/100|[from] Sandstorm
|-damage|p1a: Zapdos|24/100|[from] Sandstorm
|-heal|p2a: Suicune|45/100|[from] item: Leftovers
|-heal|p1a: Zapdos|30/100|[from] item: Leftovers
|upkeep
|turn|34
|
|t:|1729030118
|switch|p2a: Zapdos|Zapdos|100/100 slp
|switch|p1a: Blissey|Blissey, F|92/100
|
|-weather|Sandstorm|[upkeep]
|-damage|p2a: Zapdos|94/100 slp|[from] Sandstorm
|-damage|p1a: Blissey|85/100|[from] Sandstorm
|-heal|p2a: Zapdos|100/100 slp|[from] item: Leftovers
|-heal|p1a: Blissey|92/100|[from] item: Leftovers
|upkeep
|turn|35
|
|t:|1729030124
|switch|p1a: Zapdos|Zapdos|30/100
|cant|p2a: Zapdos|slp
|move|p2a: Zapdos|Sleep Talk|p2a: Zapdos
|move|p2a: Zapdos|Hidden Power|p1a: Zapdos|[from]Sleep Talk
|-resisted|p1a: Zapdos
|-damage|p1a: Zapdos|21/100
|
|-weather|Sandstorm|[upkeep]
|-damage|p1a: Zapdos|15/100|[from] Sandstorm
|-damage|p2a: Zapdos|94/100 slp|[from] Sandstorm
|-heal|p1a: Zapdos|21/100|[from] item: Leftovers
|-heal|p2a: Zapdos|100/100 slp|[from] item: Leftovers
|upkeep
|turn|36
|
|t:|1729030127
|move|p1a: Zapdos|Rest|p1a: Zapdos
|-status|p1a: Zapdos|slp|[from] move: Rest
|-heal|p1a: Zapdos|100/100 slp|[silent]
|cant|p2a: Zapdos|slp
|move|p2a: Zapdos|Sleep Talk|p2a: Zapdos
|move|p2a: Zapdos|Rest|p2a: Zapdos|[from]Sleep Talk
|
|-weather|Sandstorm|[upkeep]
|-damage|p1a: Zapdos|94/100 slp|[from] Sandstorm
|-damage|p2a: Zapdos|94/100 slp|[from] Sandstorm
|-heal|p1a: Zapdos|100/100 slp|[from] item: Leftovers
|-heal|p2a: Zapdos|100/100 slp|[from] item: Leftovers
|upkeep
|turn|37
|
|t:|1729030132
|cant|p1a: Zapdos|slp
|move|p1a: Zapdos|Sleep Talk|p1a: Zapdos
|move|p1a: Zapdos|Roar|p2a: Zapdos|[from]Sleep Talk
|drag|p2a: Metagross|Metagross|100/100
|-damage|p2a: Metagross|84/100|[from] Spikes
|
|-weather|Sandstorm|[upkeep]
|-damage|p1a: Zapdos|94/100 slp|[from] Sandstorm
|-heal|p1a: Zapdos|100/100 slp|[from] item: Leftovers
|-heal|p2a: Metagross|90/100|[from] item: Leftovers
|upkeep
|turn|38
|
|t:|1729030140
|cant|p1a: Zapdos|slp
|move|p1a: Zapdos|Sleep Talk|p1a: Zapdos
|move|p1a: Zapdos|Rest|p1a: Zapdos|[from]Sleep Talk
|move|p2a: Metagross|Meteor Mash|p1a: Zapdos
|-resisted|p1a: Zapdos
|-damage|p1a: Zapdos|71/100 slp
|
|-weather|Sandstorm|[upkeep]
|-damage|p1a: Zapdos|65/100 slp|[from] Sandstorm
|-heal|p1a: Zapdos|71/100 slp|[from] item: Leftovers
|-heal|p2a: Metagross|96/100|[from] item: Leftovers
|upkeep
|turn|39
|
|t:|1729030148
|-curestatus|p1a: Zapdos|slp|[msg]
|move|p1a: Zapdos|Thunderbolt|p2a: Metagross
|-damage|p2a: Metagross|43/100
|-status|p2a: Metagross|par
|cant|p2a: Metagross|par
|
|-weather|Sandstorm|[upkeep]
|-damage|p1a: Zapdos|65/100|[from] Sandstorm
|-heal|p1a: Zapdos|71/100|[from] item: Leftovers
|-heal|p2a: Metagross|49/100 par|[from] item: Leftovers
|upkeep
|turn|40
|
|t:|1729030155
|move|p1a: Zapdos|Thunderbolt|p2a: Metagross
|-damage|p2a: Metagross|2/100 par
|move|p2a: Metagross|Rock Slide|p1a: Zapdos
|-supereffective|p1a: Zapdos
|-damage|p1a: Zapdos|15/100
|
|-weather|Sandstorm|[upkeep]
|-damage|p1a: Zapdos|9/100|[from] Sandstorm
|-heal|p1a: Zapdos|15/100|[from] item: Leftovers
|-heal|p2a: Metagross|8/100 par|[from] item: Leftovers
|upkeep
|turn|41
|
|t:|1729030166
|move|p1a: Zapdos|Thunderbolt|p2a: Metagross
|-damage|p2a: Metagross|0 fnt
|faint|p2a: Metagross
|
|t:|1729030170
|switch|p2a: Aerodactyl|Aerodactyl, M|100/100
|
|-weather|Sandstorm|[upkeep]
|-damage|p1a: Zapdos|9/100|[from] Sandstorm
|-heal|p1a: Zapdos|15/100|[from] item: Leftovers
|upkeep
|turn|42
|
|t:|1729030173
|switch|p1a: Jirachi|Jirachi|54/100
|move|p2a: Aerodactyl|Double-Edge|p1a: Jirachi
|-resisted|p1a: Jirachi
|-damage|p1a: Jirachi|36/100
|
|-weather|Sandstorm|[upkeep]
|-heal|p1a: Jirachi|43/100|[from] item: Leftovers
|upkeep
|turn|43
|
|t:|1729030180
|switch|p2a: Zapdos|Zapdos|100/100 slp
|switch|p1a: Moltres|Moltres|80/100
|
|-weather|Sandstorm|[upkeep]
|-damage|p1a: Moltres|74/100|[from] Sandstorm
|-damage|p2a: Zapdos|94/100 slp|[from] Sandstorm
|-heal|p1a: Moltres|80/100|[from] item: Leftovers
|-heal|p2a: Zapdos|100/100 slp|[from] item: Leftovers
|upkeep
|turn|44
|
|t:|1729030184
|move|p1a: Moltres|Flamethrower|p2a: Zapdos
|-damage|p2a: Zapdos|55/100 slp
|cant|p2a: Zapdos|slp
|move|p2a: Zapdos|Sleep Talk|p2a: Zapdos
|move|p2a: Zapdos|Hidden Power|p1a: Moltres|[from]Sleep Talk
|-resisted|p1a: Moltres
|-damage|p1a: Moltres|72/100
|
|-weather|Sandstorm|[upkeep]
|-damage|p1a: Moltres|66/100|[from] Sandstorm
|-damage|p2a: Zapdos|49/100 slp|[from] Sandstorm
|-heal|p1a: Moltres|72/100|[from] item: Leftovers
|-heal|p2a: Zapdos|55/100 slp|[from] item: Leftovers
|upkeep
|turn|45
|
|t:|1729030191
|switch|p1a: Flygon|Flygon, F|100/100
|cant|p2a: Zapdos|slp
|move|p2a: Zapdos|Sleep Talk|p2a: Zapdos
|move|p2a: Zapdos|Hidden Power|p1a: Flygon|[from]Sleep Talk
|-damage|p1a: Flygon|74/100
|
|-weather|Sandstorm|[upkeep]
|-damage|p2a: Zapdos|49/100 slp|[from] Sandstorm
|-heal|p1a: Flygon|80/100|[from] item: Leftovers
|-heal|p2a: Zapdos|55/100 slp|[from] item: Leftovers
|upkeep
|turn|46
|
|t:|1729030217
|move|p1a: Flygon|Rock Slide|p2a: Zapdos
|-supereffective|p2a: Zapdos
|-damage|p2a: Zapdos|19/100 slp
|-curestatus|p2a: Zapdos|slp|[msg]
|move|p2a: Zapdos|Rest|p2a: Zapdos
|-status|p2a: Zapdos|slp|[from] move: Rest
|-heal|p2a: Zapdos|100/100 slp|[silent]
|
|-weather|Sandstorm|[upkeep]
|-damage|p2a: Zapdos|94/100 slp|[from] Sandstorm
|-heal|p1a: Flygon|86/100|[from] item: Leftovers
|-heal|p2a: Zapdos|100/100 slp|[from] item: Leftovers
|upkeep
|turn|47
|
|t:|1729030221
|move|p1a: Flygon|Rock Slide|p2a: Zapdos
|-supereffective|p2a: Zapdos
|-damage|p2a: Zapdos|63/100 slp
|cant|p2a: Zapdos|slp
|move|p2a: Zapdos|Sleep Talk|p2a: Zapdos
|move|p2a: Zapdos|Rest|p2a: Zapdos|[from]Sleep Talk
|
|-weather|Sandstorm|[upkeep]
|-damage|p2a: Zapdos|56/100 slp|[from] Sandstorm
|-heal|p1a: Flygon|92/100|[from] item: Leftovers
|-heal|p2a: Zapdos|63/100 slp|[from] item: Leftovers
|upkeep
|turn|48
|
|t:|1729030237
|move|p1a: Flygon|Rock Slide|p2a: Zapdos
|-supereffective|p2a: Zapdos
|-damage|p2a: Zapdos|24/100 slp
|cant|p2a: Zapdos|slp
|move|p2a: Zapdos|Sleep Talk|p2a: Zapdos
|move|p2a: Zapdos|Hidden Power|p1a: Flygon|[from]Sleep Talk
|-damage|p1a: Flygon|64/100
|
|-weather|Sandstorm|[upkeep]
|-damage|p2a: Zapdos|18/100 slp|[from] Sandstorm
|-heal|p1a: Flygon|70/100|[from] item: Leftovers
|-heal|p2a: Zapdos|24/100 slp|[from] item: Leftovers
|upkeep
|turn|49
|
|t:|1729030246
|move|p1a: Flygon|Rock Slide|p2a: Zapdos|[miss]
|-miss|p1a: Flygon|p2a: Zapdos
|-curestatus|p2a: Zapdos|slp|[msg]
|move|p2a: Zapdos|Rest|p2a: Zapdos
|-status|p2a: Zapdos|slp|[from] move: Rest
|-heal|p2a: Zapdos|100/100 slp|[silent]
|
|-weather|Sandstorm|[upkeep]
|-damage|p2a: Zapdos|94/100 slp|[from] Sandstorm
|-heal|p1a: Flygon|76/100|[from] item: Leftovers
|-heal|p2a: Zapdos|100/100 slp|[from] item: Leftovers
|upkeep
|turn|50
|
|t:|1729030262
|switch|p1a: Blissey|Blissey, F|92/100
|cant|p2a: Zapdos|slp
|move|p2a: Zapdos|Sleep Talk|p2a: Zapdos
|move|p2a: Zapdos|Hidden Power|p1a: Blissey|[from]Sleep Talk
|-damage|p1a: Blissey|81/100
|
|-weather|Sandstorm|[upkeep]
|-damage|p2a: Zapdos|94/100 slp|[from] Sandstorm
|-damage|p1a: Blissey|75/100|[from] Sandstorm
|-heal|p2a: Zapdos|100/100 slp|[from] item: Leftovers
|-heal|p1a: Blissey|81/100|[from] item: Leftovers
|upkeep
|turn|51
|
|t:|1729030269
|cant|p2a: Zapdos|slp
|move|p2a: Zapdos|Sleep Talk|p2a: Zapdos
|move|p2a: Zapdos|Rest|p2a: Zapdos|[from]Sleep Talk
|move|p1a: Blissey|Calm Mind|p1a: Blissey
|-boost|p1a: Blissey|spa|1
|-boost|p1a: Blissey|spd|1
|
|-weather|Sandstorm|[upkeep]
|-damage|p2a: Zapdos|94/100 slp|[from] Sandstorm
|-damage|p1a: Blissey|75/100|[from] Sandstorm
|-heal|p2a: Zapdos|100/100 slp|[from] item: Leftovers
|-heal|p1a: Blissey|81/100|[from] item: Leftovers
|upkeep
|turn|52
|
|t:|1729030274
|switch|p2a: Aerodactyl|Aerodactyl, M|100/100
|move|p1a: Blissey|Flamethrower|p2a: Aerodactyl
|-resisted|p2a: Aerodactyl
|-damage|p2a: Aerodactyl|77/100
|
|-weather|Sandstorm|[upkeep]
|-damage|p1a: Blissey|75/100|[from] Sandstorm
|-heal|p1a: Blissey|81/100|[from] item: Leftovers
|upkeep
|turn|53
|
|t:|1729030283
|switch|p1a: Flygon|Flygon, F|76/100
|move|p2a: Aerodactyl|Rock Slide|p1a: Flygon
|-resisted|p1a: Flygon
|-damage|p1a: Flygon|54/100
|
|-weather|Sandstorm|[upkeep]
|-heal|p1a: Flygon|60/100|[from] item: Leftovers
|upkeep
|turn|54
|
|t:|1729030291
|move|p2a: Aerodactyl|Rock Slide|p1a: Flygon
|-resisted|p1a: Flygon
|-damage|p1a: Flygon|41/100
|move|p1a: Flygon|Rock Slide|p2a: Aerodactyl
|-supereffective|p2a: Aerodactyl
|-damage|p2a: Aerodactyl|24/100
|
|-weather|Sandstorm|[upkeep]
|-heal|p1a: Flygon|47/100|[from] item: Leftovers
|upkeep
|turn|55
|
|t:|1729030304
|move|p2a: Aerodactyl|Rock Slide|p1a: Flygon
|-resisted|p1a: Flygon
|-damage|p1a: Flygon|26/100
|cant|p1a: Flygon|flinch
|
|-weather|Sandstorm|[upkeep]
|-heal|p1a: Flygon|32/100|[from] item: Leftovers
|upkeep
|turn|56
|
|t:|1729030311
|move|p1a: Flygon|Protect|p1a: Flygon
|-singleturn|p1a: Flygon|Protect
|move|p2a: Aerodactyl|Rock Slide|p1a: Flygon
|-activate|p1a: Flygon|Protect
|
|-weather|Sandstorm|[upkeep]
|-heal|p1a: Flygon|38/100|[from] item: Leftovers
|upkeep
|turn|57
|
|t:|1729030338
|move|p2a: Aerodactyl|Rock Slide|p1a: Flygon
|-resisted|p1a: Flygon
|-damage|p1a: Flygon|18/100
|cant|p1a: Flygon|flinch
|
|-weather|Sandstorm|[upkeep]
|-heal|p1a: Flygon|24/100|[from] item: Leftovers
|upkeep
|turn|58
|
|t:|1729030344
|switch|p2a: Suicune|Suicune|45/100
|-damage|p2a: Suicune|29/100|[from] Spikes
|move|p1a: Flygon|Rock Slide|p2a: Suicune
|-damage|p2a: Suicune|13/100
|
|-weather|Sandstorm|[upkeep]
|-damage|p2a: Suicune|7/100|[from] Sandstorm
|-heal|p2a: Suicune|13/100|[from] item: Leftovers
|-heal|p1a: Flygon|30/100|[from] item: Leftovers
|upkeep
|turn|59
|
|t:|1729030350
|move|p2a: Suicune|Ice Beam|p1a: Flygon
|-supereffective|p1a: Flygon
|-crit|p1a: Flygon
|-damage|p1a: Flygon|0 fnt
|faint|p1a: Flygon
|
|t:|1729030352
|switch|p1a: Moltres|Moltres|72/100
|
|-weather|Sandstorm|[upkeep]
|-damage|p1a: Moltres|66/100|[from] Sandstorm
|-damage|p2a: Suicune|7/100|[from] Sandstorm
|-heal|p1a: Moltres|72/100|[from] item: Leftovers
|-heal|p2a: Suicune|13/100|[from] item: Leftovers
|upkeep
|turn|60
|
|t:|1729030364
|move|p1a: Moltres|Flamethrower|p2a: Suicune
|-resisted|p2a: Suicune
|-damage|p2a: Suicune|0 fnt
|faint|p2a: Suicune
|
|t:|1729030379
|switch|p2a: Aerodactyl|Aerodactyl, M|24/100
|
|-weather|Sandstorm|[upkeep]
|-damage|p1a: Moltres|66/100|[from] Sandstorm
|-heal|p1a: Moltres|72/100|[from] item: Leftovers
|upkeep
|turn|61
|
|t:|1729030390
|move|p1a: Moltres|Protect|p1a: Moltres
|-singleturn|p1a: Moltres|Protect
|move|p2a: Aerodactyl|Rock Slide|p1a: Moltres
|-activate|p1a: Moltres|Protect
|
|-weather|Sandstorm|[upkeep]
|-damage|p1a: Moltres|66/100|[from] Sandstorm
|-heal|p1a: Moltres|72/100|[from] item: Leftovers
|upkeep
|turn|62
|
|t:|1729030396
|switch|p1a: Zapdos|Zapdos|15/100
|move|p2a: Aerodactyl|Rock Slide|p1a: Zapdos
|-supereffective|p1a: Zapdos
|-crit|p1a: Zapdos
|-damage|p1a: Zapdos|0 fnt
|faint|p1a: Zapdos
|
|t:|1729030397
|switch|p1a: Jirachi|Jirachi|43/100
|
|-weather|Sandstorm|[upkeep]
|-heal|p1a: Jirachi|49/100|[from] item: Leftovers
|upkeep
|turn|63
|
|t:|1729030424
|switch|p2a: Zapdos|Zapdos|100/100 slp
|move|p1a: Jirachi|Wish|p1a: Jirachi
|
|-weather|Sandstorm|[upkeep]
|-damage|p2a: Zapdos|94/100 slp|[from] Sandstorm
|-heal|p1a: Jirachi|55/100|[from] item: Leftovers
|-heal|p2a: Zapdos|100/100 slp|[from] item: Leftovers
|upkeep
|turn|64
|
|t:|1729030430
|move|p1a: Jirachi|Protect|p1a: Jirachi
|-singleturn|p1a: Jirachi|Protect
|cant|p2a: Zapdos|slp
|move|p2a: Zapdos|Sleep Talk|p2a: Zapdos
|move|p2a: Zapdos|Hidden Power|p1a: Jirachi|[from]Sleep Talk
|-activate|p1a: Jirachi|Protect
|
|-heal|p1a: Jirachi|100/100|[from] move: Wish|[wisher] Jirachi
|-weather|Sandstorm|[upkeep]
|-damage|p2a: Zapdos|94/100 slp|[from] Sandstorm
|-heal|p2a: Zapdos|100/100 slp|[from] item: Leftovers
|upkeep
|turn|65
|
|t:|1729030445
|move|p1a: Jirachi|Fire Punch|p2a: Zapdos
|-damage|p2a: Zapdos|83/100 slp
|cant|p2a: Zapdos|slp
|move|p2a: Zapdos|Sleep Talk|p2a: Zapdos
|move|p2a: Zapdos|Thunderbolt|p1a: Jirachi|[from]Sleep Talk
|-damage|p1a: Jirachi|55/100
|-status|p1a: Jirachi|par
|
|-weather|Sandstorm|[upkeep]
|-damage|p2a: Zapdos|77/100 slp|[from] Sandstorm
|-heal|p2a: Zapdos|83/100 slp|[from] item: Leftovers
|-heal|p1a: Jirachi|62/100 par|[from] item: Leftovers
|upkeep
|turn|66
|
|t:|1729030451
|switch|p1a: Blissey|Blissey, F|81/100
|-curestatus|p2a: Zapdos|slp|[msg]
|move|p2a: Zapdos|Thunderbolt|p1a: Blissey
|-crit|p1a: Blissey
|-damage|p1a: Blissey|40/100
|
|-weather|Sandstorm|[upkeep]
|-damage|p2a: Zapdos|77/100|[from] Sandstorm
|-damage|p1a: Blissey|34/100|[from] Sandstorm
|-heal|p2a: Zapdos|83/100|[from] item: Leftovers
|-heal|p1a: Blissey|40/100|[from] item: Leftovers
|upkeep
|turn|67
|
|t:|1729030457
|move|p2a: Zapdos|Thunderbolt|p1a: Blissey
|-damage|p1a: Blissey|21/100
|move|p1a: Blissey|Soft-Boiled|p1a: Blissey
|-heal|p1a: Blissey|71/100
|
|-weather|Sandstorm|[upkeep]
|-damage|p2a: Zapdos|77/100|[from] Sandstorm
|-damage|p1a: Blissey|64/100|[from] Sandstorm
|-heal|p2a: Zapdos|83/100|[from] item: Leftovers
|-heal|p1a: Blissey|71/100|[from] item: Leftovers
|upkeep
|turn|68
|
|t:|1729030485
|switch|p2a: Aerodactyl|Aerodactyl, M|24/100
|move|p1a: Blissey|Toxic|p2a: Aerodactyl
|-status|p2a: Aerodactyl|tox
|
|-weather|Sandstorm|[upkeep]
|-damage|p1a: Blissey|64/100|[from] Sandstorm
|-damage|p2a: Aerodactyl|18/100 tox|[from] psn
|-heal|p1a: Blissey|71/100|[from] item: Leftovers
|upkeep
|turn|69
|
|t:|1729030494
|switch|p1a: Jirachi|Jirachi|62/100 par
|move|p2a: Aerodactyl|Rock Slide|p1a: Jirachi
|-resisted|p1a: Jirachi
|-damage|p1a: Jirachi|46/100 par
|
|-weather|Sandstorm|[upkeep]
|-damage|p2a: Aerodactyl|6/100 tox|[from] psn
|-heal|p1a: Jirachi|52/100 par|[from] item: Leftovers
|upkeep
|turn|70
|
|t:|1729030500
|switch|p2a: Zapdos|Zapdos|83/100
|move|p1a: Jirachi|Wish|p1a: Jirachi
|
|-weather|Sandstorm|[upkeep]
|-damage|p2a: Zapdos|77/100|[from] Sandstorm
|-heal|p2a: Zapdos|83/100|[from] item: Leftovers
|-heal|p1a: Jirachi|58/100 par|[from] item: Leftovers
|upkeep
|turn|71
|
|t:|1729030503
|switch|p1a: Blissey|Blissey, F|71/100
|move|p2a: Zapdos|Thunderbolt|p1a: Blissey
|-damage|p1a: Blissey|48/100
|
|-heal|p1a: Blissey|98/100|[from] move: Wish|[wisher] Jirachi
|-weather|Sandstorm|[upkeep]
|-damage|p2a: Zapdos|77/100|[from] Sandstorm
|-damage|p1a: Blissey|92/100|[from] Sandstorm
|-heal|p2a: Zapdos|83/100|[from] item: Leftovers
|-heal|p1a: Blissey|98/100|[from] item: Leftovers
|upkeep
|turn|72
|
|t:|1729030506
|move|p2a: Zapdos|Thunderbolt|p1a: Blissey
|-damage|p1a: Blissey|75/100
|move|p1a: Blissey|Calm Mind|p1a: Blissey
|-boost|p1a: Blissey|spa|1
|-boost|p1a: Blissey|spd|1
|
|-weather|Sandstorm|[upkeep]
|-damage|p2a: Zapdos|77/100|[from] Sandstorm
|-damage|p1a: Blissey|69/100|[from] Sandstorm
|-heal|p2a: Zapdos|83/100|[from] item: Leftovers
|-heal|p1a: Blissey|75/100|[from] item: Leftovers
|upkeep
|turn|73
|
|t:|1729030508
|move|p2a: Zapdos|Thunderbolt|p1a: Blissey
|-damage|p1a: Blissey|62/100
|move|p1a: Blissey|Soft-Boiled|p1a: Blissey
|-heal|p1a: Blissey|100/100
|
|-weather|Sandstorm|[upkeep]
|-damage|p2a: Zapdos|77/100|[from] Sandstorm
|-damage|p1a: Blissey|94/100|[from] Sandstorm
|-heal|p2a: Zapdos|83/100|[from] item: Leftovers
|-heal|p1a: Blissey|100/100|[from] item: Leftovers
|upkeep
|turn|74
|
|t:|1729030511
|move|p2a: Zapdos|Thunderbolt|p1a: Blissey
|-damage|p1a: Blissey|85/100
|move|p1a: Blissey|Calm Mind|p1a: Blissey
|-boost|p1a: Blissey|spa|1
|-boost|p1a: Blissey|spd|1
|
|-weather|Sandstorm|[upkeep]
|-damage|p2a: Zapdos|77/100|[from] Sandstorm
|-damage|p1a: Blissey|79/100|[from] Sandstorm
|-heal|p2a: Zapdos|83/100|[from] item: Leftovers
|-heal|p1a: Blissey|85/100|[from] item: Leftovers
|upkeep
|turn|75
|
|t:|1729030513
|move|p2a: Zapdos|Thunderbolt|p1a: Blissey
|-damage|p1a: Blissey|75/100
|move|p1a: Blissey|Calm Mind|p1a: Blissey
|-boost|p1a: Blissey|spa|1
|-boost|p1a: Blissey|spd|1
|
|-weather|Sandstorm|[upkeep]
|-damage|p2a: Zapdos|77/100|[from] Sandstorm
|-damage|p1a: Blissey|68/100|[from] Sandstorm
|-heal|p2a: Zapdos|83/100|[from] item: Leftovers
|-heal|p1a: Blissey|75/100|[from] item: Leftovers
|upkeep
|turn|76
|
|t:|1729030515
|move|p2a: Zapdos|Thunderbolt|p1a: Blissey
|-damage|p1a: Blissey|66/100
|move|p1a: Blissey|Calm Mind|p1a: Blissey
|-boost|p1a: Blissey|spa|1
|-boost|p1a: Blissey|spd|1
|
|-weather|Sandstorm|[upkeep]
|-damage|p2a: Zapdos|77/100|[from] Sandstorm
|-damage|p1a: Blissey|60/100|[from] Sandstorm
|-heal|p2a: Zapdos|83/100|[from] item: Leftovers
|-heal|p1a: Blissey|66/100|[from] item: Leftovers
|upkeep
|turn|77
|
|t:|1729030517
|move|p2a: Zapdos|Thunderbolt|p1a: Blissey
|-damage|p1a: Blissey|59/100
|move|p1a: Blissey|Soft-Boiled|p1a: Blissey
|-heal|p1a: Blissey|100/100
|
|-weather|Sandstorm|[upkeep]
|-damage|p2a: Zapdos|77/100|[from] Sandstorm
|-damage|p1a: Blissey|94/100|[from] Sandstorm
|-heal|p2a: Zapdos|83/100|[from] item: Leftovers
|-heal|p1a: Blissey|100/100|[from] item: Leftovers
|upkeep
|turn|78
|
|t:|1729030519
|move|p2a: Zapdos|Thunderbolt|p1a: Blissey
|-damage|p1a: Blissey|93/100
|move|p1a: Blissey|Calm Mind|p1a: Blissey
|-boost|p1a: Blissey|spa|1
|-boost|p1a: Blissey|spd|1
|
|-weather|Sandstorm|[upkeep]
|-damage|p2a: Zapdos|77/100|[from] Sandstorm
|-damage|p1a: Blissey|87/100|[from] Sandstorm
|-heal|p2a: Zapdos|83/100|[from] item: Leftovers
|-heal|p1a: Blissey|93/100|[from] item: Leftovers
|upkeep
|turn|79
|
|t:|1729030521
|move|p2a: Zapdos|Thunderbolt|p1a: Blissey
|-damage|p1a: Blissey|87/100
|move|p1a: Blissey|Calm Mind|p1a: Blissey
|-boost|p1a: Blissey|spa|1
|-boost|p1a: Blissey|spd|1
|
|-weather|Sandstorm|[upkeep]
|-damage|p2a: Zapdos|77/100|[from] Sandstorm
|-damage|p1a: Blissey|81/100|[from] Sandstorm
|-heal|p2a: Zapdos|83/100|[from] item: Leftovers
|-heal|p1a: Blissey|87/100|[from] item: Leftovers
|upkeep
|turn|80
|
|t:|1729030523
|move|p2a: Zapdos|Thunderbolt|p1a: Blissey
|-damage|p1a: Blissey|82/100
|move|p1a: Blissey|Flamethrower|p2a: Zapdos
|-damage|p2a: Zapdos|1/100
|-status|p2a: Zapdos|brn
|
|-weather|Sandstorm|[upkeep]
|-damage|p2a: Zapdos|0 fnt|[from] Sandstorm
|-damage|p1a: Blissey|75/100|[from] Sandstorm
|faint|p2a: Zapdos
|-heal|p1a: Blissey|82/100|[from] item: Leftovers
|upkeep
|
|t:|1729030527
|switch|p2a: Aerodactyl|Aerodactyl, M|6/100 tox
|turn|81
|
|t:|1729030529
|move|p2a: Aerodactyl|Rock Slide|p1a: Blissey
|-damage|p1a: Blissey|37/100
|cant|p1a: Blissey|flinch
|
|-weather|Sandstorm|[upkeep]
|-damage|p1a: Blissey|31/100|[from] Sandstorm
|-damage|p2a: Aerodactyl|0 fnt|[from] psn
|faint|p2a: Aerodactyl
|
|win|luisin
|upkeep
|c|☆luisin|gg
|c|☆JoaF|gg
|player|p2|

</script>
<script type="application/json" class="data" id="replaydata-smogtours-gen3ou-799048">
{"id":"smogtours-gen3ou-799048","format":"[Gen 3] OU","players":["luisin","JoaF"],"uploadtime":1729030529,"views":131,"formatid":"gen3ou","rating":null,"private":0,"password":null}
</script>

<script defer src="js/replays.js?9d40a366"></script>
