<!DOCTYPE html>
<meta charset="utf-8" />
<meta name="viewport" content="width=device-width" />

<title>[Gen 3] OU: BlerpDerpSkerp vs. LilBigBamSam - Replays - Pok&eacute;mon Showdown!</title>

<meta name="description" content="Watch a replay of a Pok&eacute;mon battle between BlerpDerpSkerp and LilBigBamSam! Format: [Gen 3] OU; Date: Oct 3, 2024" />
<!--

Hey, you! Looking in the source for the replay log?

You can find them in JSON format, just add `.json` at the end of a replay URL.

https://replay.pokemonshowdown.com/gen7randomdoublesbattle-865046831.json

Or, if you only need the log itself, add `.log` instead:

https://replay.pokemonshowdown.com/gen7randomdoublesbattle-865046831.log

-->

<link rel="stylesheet" href="//pokemonshowdown.com/style/global.css?0.023195364461161105" />
<link rel="stylesheet" href="//play.pokemonshowdown.com/style/font-awesome.css?0.13261647063804238" />
<link rel="stylesheet" href="//play.pokemonshowdown.com/style/battle.css?0.8753245789963631" />
<link rel="stylesheet" href="//play.pokemonshowdown.com/style/utilichart.css?0.8627959624976733" />

<!-- Global site tag (gtag.js) - Google Analytics -->
<script async src="https://www.googletagmanager.com/gtag/js?id=UA-26211653-1"></script>
<script>
  window.dataLayer = window.dataLayer || [];
  function gtag(){dataLayer.push(arguments);}
  gtag('js', new Date());

  gtag('config', 'UA-26211653-1');
</script>
<!-- End Google Analytics -->
<!-- Venatus Ad Manager - Install in <HEAD> of page -->
	<script src="https://hb.vntsm.com/v3/live/ad-manager.min.js" type="text/javascript" data-site-id="642aba63ec9a7b11c3c9c1be" data-mode="scan" async></script>
<!-- / Venatus Ad Manager -->

<style>
	@media (max-width:820px) {
		.battle {
			margin: 0 auto;
		}
		.battle-log {
			margin: 7px auto 0;
			max-width: 640px;
			height: 300px;
			position: static;
		}
	}
	.optgroup {
		display: inline-block;
		line-height: 22px;
		font-size: 10pt;
	}
	.optgroup .button {
		height: 25px;
		padding-top: 0;
		padding-bottom: 0;
	}
	.optgroup button.button {
		padding-left: 12px;
		padding-right: 12px;
	}
	.linklist {
		list-style: none;
		margin: 0.5em 0;
		padding: 0;
	}
	.linklist li {
		padding: 2px 0;
	}
	.sidebar {
		float: left;
		width: 320px;
	}
	.bar-wrapper {
		max-width: 1100px;
		margin: 0 auto;
	}
	.bar-wrapper.has-sidebar {
		max-width: 1430px;
	}
	.mainbar {
		margin: 0;
		padding-right: 1px;
	}
	.mainbar.has-sidebar {
		margin-left: 330px;
	}
	@media (min-width: 1511px) {
		.sidebar {
			width: 400px;
		}
		.bar-wrapper.has-sidebar {
			max-width: 1510px;
		}
		.mainbar.has-sidebar {
			margin-left: 410px;
		}
	}
	.section.first-section {
		margin-top: 9px;
	}
	.blocklink small {
		white-space: normal;
	}
	.button {
		vertical-align: middle;
	}
	.replay-controls {
		padding-top: 10px;
	}
	.replay-controls h1 {
		font-size: 16pt;
		font-weight: normal;
		color: #CCC;
	}
	.pagelink {
		text-align: center;
	}
	.pagelink a {
		width: 150px;
	}
	.textbox, .button {
		font-size: 11pt;
		vertical-align: middle;
	}
	@media (max-width: 450px) {
		.button {
			font-size: 9pt;
		}
	}
</style>

<div>

	<header>
		<div class="nav-wrapper"><ul class="nav">
			<li><a class="button nav-first" href="//pokemonshowdown.com/"><img src="//pokemonshowdown.com/images/pokemonshowdownbeta.png" srcset="//pokemonshowdown.com/images/pokemonshowdownbeta.png 1x, //pokemonshowdown.com/images/pokemonshowdownbeta@2x.png 2x" alt="Pok&eacute;mon Showdown" width="146" height="44" /> Home</a></li>
			<li><a class="button" href="//pokemonshowdown.com/dex/">Pok&eacute;dex</a></li>
			<li><a class="button cur" href="/">Replays</a></li>
			<li><a class="button" href="//pokemonshowdown.com/ladder/">Ladder</a></li>
			<li><a class="button nav-last" href="//pokemonshowdown.com/forums/">Forum</a></li>
			<li><a class="button greenbutton nav-first nav-last" href="//play.pokemonshowdown.com/">Play</a></li>
		</ul></div>
	</header>

	<div class="main" id="main">

		<noscript><section class="section">You need to enable JavaScript to use this page; sorry!</section></noscript>

	</div>

</div>

<script defer nomodule src="//play.pokemonshowdown.com/js/lib/ps-polyfill.js"></script>
<script defer src="//play.pokemonshowdown.com/js/lib/preact.min.js"></script>

<script defer src="//play.pokemonshowdown.com/config/config.js?2bddbc15"></script>
<script defer src="//play.pokemonshowdown.com/js/lib/jquery-1.11.0.min.js"></script>
<script defer src="//play.pokemonshowdown.com/js/lib/html-sanitizer-minified.js"></script>
<script defer src="//play.pokemonshowdown.com/js/battle-sound.js"></script>
<script defer src="//play.pokemonshowdown.com/js/battledata.js?0.7209276989879541"></script>
<script defer src="//play.pokemonshowdown.com/data/pokedex-mini.js?0.6111056340867951"></script>
<script defer src="//play.pokemonshowdown.com/data/pokedex-mini-bw.js?0.3532142036491459"></script>
<script defer src="//play.pokemonshowdown.com/data/graphics.js?0.24223875632456182"></script>
<script defer src="//play.pokemonshowdown.com/data/pokedex.js?0.38839984266356864"></script>
<script defer src="//play.pokemonshowdown.com/data/moves.js?0.21866028504024015"></script>
<script defer src="//play.pokemonshowdown.com/data/abilities.js?0.2005157953846628"></script>
<script defer src="//play.pokemonshowdown.com/data/items.js?0.9894211263848525"></script>
<script defer src="//play.pokemonshowdown.com/data/teambuilder-tables.js?0.6008791140282215"></script>
<script defer src="//play.pokemonshowdown.com/js/battle-tooltips.js?0.7580118955022959"></script>
<script defer src="//play.pokemonshowdown.com/js/battle.js?0.6057722274234274"></script>

<script defer src="js/utils.js?e31f9a17"></script>
<script defer src="js/replays-battle.js?7008c182"></script>

<!-- don't scrape this data! just add .json or .log after the URL!
Full API docs: https://github.com/smogon/pokemon-showdown-client/blob/master/WEB-API.md -->
<script type="text/plain" class="log" id="replaylog-smogtours-gen3ou-794200">
|inactive|Battle timer is ON: inactive players will automatically lose when time's up.
|t:|1727960360
|gametype|singles
|player|p1|BlerpDerpSkerp|2|
|player|p2|LilBigBamSam|266|
|teamsize|p1|6
|teamsize|p2|6
|gen|3
|tier|[Gen 3] OU
|rule|Sleep Clause Mod: Limit one foe put to sleep
|rule|Switch Priority Clause Mod: Faster Pokémon switch first
|rule|Species Clause: Limit one of each Pokémon
|rule|OHKO Clause: OHKO moves are banned
|rule|Evasion Items Clause: Evasion items are banned
|rule|Evasion Moves Clause: Evasion moves are banned
|rule|Endless Battle Clause: Forcing endless battles is banned
|rule|HP Percentage Mod: HP is shown in percentages
|rule|One Boost Passer Clause: Limit one Baton Passer that has a way to boost its stats
|rule|Freeze Clause Mod: Limit one foe frozen
|
|t:|1727960360
|start
|switch|p1a: Salamence|Salamence, M, shiny|100/100
|switch|p2a: Metagross|Metagross|100/100
|-ability|p1a: Salamence|Intimidate|boost
|-fail|p2a: Metagross|unboost|[from] ability: Clear Body|[of] p2a: Metagross
|turn|1
|inactive|LilBigBamSam has 270 seconds left.
|
|t:|1727960397
|switch|p1a: Magneton|Magneton|100/100
|switch|p2a: Tyranitar|Tyranitar, F|100/100
|-weather|Sandstorm|[from] ability: Sand Stream|[of] p2a: Tyranitar
|
|-weather|Sandstorm|[upkeep]
|upkeep
|turn|2
|inactive|BlerpDerpSkerp has 270 seconds left.
|inactive|LilBigBamSam has 270 seconds left.
|
|t:|1727960434
|switch|p1a: Metagross|Metagross|100/100
|move|p2a: Tyranitar|Brick Break|p1a: Metagross
|-damage|p1a: Metagross|90/100
|
|-weather|Sandstorm|[upkeep]
|-heal|p1a: Metagross|96/100|[from] item: Leftovers
|upkeep
|turn|3
|inactive|BlerpDerpSkerp has 270 seconds left.
|inactive|LilBigBamSam has 270 seconds left.
|
|t:|1727960459
|switch|p2a: Claydol|Claydol|100/100
|move|p1a: Metagross|Earthquake|p2a: Claydol
|-immune|p2a: Claydol
|
|-weather|Sandstorm|[upkeep]
|-heal|p1a: Metagross|100/100|[from] item: Leftovers
|upkeep
|turn|4
|inactive|BlerpDerpSkerp has 270 seconds left.
|
|t:|1727960472
|switch|p1a: Skarmory|Skarmory, M|100/100
|move|p2a: Claydol|Toxic|p1a: Skarmory
|-immune|p1a: Skarmory
|
|-weather|Sandstorm|[upkeep]
|upkeep
|turn|5
|
|t:|1727960479
|switch|p2a: Magneton|Magneton|100/100
|move|p1a: Skarmory|Roar|p2a: Magneton
|drag|p2a: Metagross|Metagross|100/100
|
|-weather|Sandstorm|[upkeep]
|upkeep
|turn|6
|
|t:|1727960485
|switch|p2a: Magneton|Magneton|100/100
|move|p1a: Skarmory|Spikes|p2a: Magneton
|-sidestart|p2: LilBigBamSam|Spikes
|
|-weather|Sandstorm|[upkeep]
|upkeep
|turn|7
|
|t:|1727960491
|move|p2a: Magneton|Thunderbolt|p1a: Skarmory
|-supereffective|p1a: Skarmory
|-damage|p1a: Skarmory|4/100
|move|p1a: Skarmory|Roar|p2a: Magneton
|drag|p2a: Salamence|Salamence, M|100/100
|-ability|p2a: Salamence|Intimidate|boost
|-unboost|p1a: Skarmory|atk|1
|
|-weather|Sandstorm|[upkeep]
|-damage|p2a: Salamence|94/100|[from] Sandstorm
|-heal|p2a: Salamence|100/100|[from] item: Leftovers
|-heal|p1a: Skarmory|10/100|[from] item: Leftovers
|upkeep
|turn|8
|inactive|LilBigBamSam has 270 seconds left.
|
|t:|1727960503
|switch|p1a: Blissey|Blissey, F|100/100
|move|p2a: Salamence|Dragon Dance|p2a: Salamence
|-boost|p2a: Salamence|atk|1
|-boost|p2a: Salamence|spe|1
|
|-weather|Sandstorm|[upkeep]
|-damage|p2a: Salamence|94/100|[from] Sandstorm
|-damage|p1a: Blissey|94/100|[from] Sandstorm
|-heal|p2a: Salamence|100/100|[from] item: Leftovers
|-heal|p1a: Blissey|100/100|[from] item: Leftovers
|upkeep
|turn|9
|inactive|LilBigBamSam has 270 seconds left.
|inactive|LilBigBamSam has 240 seconds left.
|
|t:|1727960543
|switch|p2a: Miltank|Miltank, F|100/100
|-damage|p2a: Miltank|88/100|[from] Spikes
|move|p1a: Blissey|Ice Beam|p2a: Miltank
|-damage|p2a: Miltank|78/100
|-status|p2a: Miltank|frz
|
|-weather|Sandstorm|[upkeep]
|-damage|p2a: Miltank|72/100 frz|[from] Sandstorm
|-damage|p1a: Blissey|94/100|[from] Sandstorm
|-heal|p2a: Miltank|78/100 frz|[from] item: Leftovers
|-heal|p1a: Blissey|100/100|[from] item: Leftovers
|upkeep
|turn|10
|inactive|LilBigBamSam has 240 seconds left.
|
|t:|1727960567
|switch|p1a: Dugtrio|Dugtrio, F|100/100
|-curestatus|p2a: Miltank|frz|[msg]
|move|p2a: Miltank|Milk Drink|p2a: Miltank
|-heal|p2a: Miltank|100/100
|
|-weather|Sandstorm|[upkeep]
|-damage|p2a: Miltank|94/100|[from] Sandstorm
|-heal|p2a: Miltank|100/100|[from] item: Leftovers
|upkeep
|turn|11
|inactive|LilBigBamSam has 240 seconds left.
|inactive|LilBigBamSam has 210 seconds left.
|inactive|LilBigBamSam has 180 seconds left.
|
|t:|1727960634
|switch|p1a: Blissey|Blissey, F|100/100
|move|p2a: Miltank|Curse|p2a: Miltank
|-unboost|p2a: Miltank|spe|1
|-boost|p2a: Miltank|atk|1
|-boost|p2a: Miltank|def|1
|
|-weather|Sandstorm|[upkeep]
|-damage|p2a: Miltank|94/100|[from] Sandstorm
|-damage|p1a: Blissey|94/100|[from] Sandstorm
|-heal|p2a: Miltank|100/100|[from] item: Leftovers
|-heal|p1a: Blissey|100/100|[from] item: Leftovers
|upkeep
|turn|12
|inactive|LilBigBamSam has 180 seconds left.
|inactive|BlerpDerpSkerp has 270 seconds left.
|
|t:|1727960658
|switch|p1a: Magneton|Magneton|100/100
|move|p2a: Miltank|Curse|p2a: Miltank
|-unboost|p2a: Miltank|spe|1
|-boost|p2a: Miltank|atk|1
|-boost|p2a: Miltank|def|1
|
|-weather|Sandstorm|[upkeep]
|-damage|p2a: Miltank|94/100|[from] Sandstorm
|-heal|p2a: Miltank|100/100|[from] item: Leftovers
|upkeep
|turn|13
|inactive|LilBigBamSam has 180 seconds left.
|
|t:|1727960668
|move|p1a: Magneton|Thunderbolt|p2a: Miltank
|-damage|p2a: Miltank|53/100
|move|p2a: Miltank|Body Slam|p1a: Magneton
|-resisted|p1a: Magneton
|-damage|p1a: Magneton|70/100
|-status|p1a: Magneton|par
|
|-weather|Sandstorm|[upkeep]
|-damage|p2a: Miltank|47/100|[from] Sandstorm
|-heal|p2a: Miltank|53/100|[from] item: Leftovers
|upkeep
|turn|14
|inactive|LilBigBamSam has 180 seconds left.
|
|t:|1727960678
|move|p2a: Miltank|Milk Drink|p2a: Miltank
|-heal|p2a: Miltank|100/100
|cant|p1a: Magneton|par
|
|-weather|Sandstorm|[upkeep]
|-damage|p2a: Miltank|94/100|[from] Sandstorm
|-heal|p2a: Miltank|100/100|[from] item: Leftovers
|upkeep
|turn|15
|
|t:|1727960686
|move|p2a: Miltank|Body Slam|p1a: Magneton
|-resisted|p1a: Magneton
|-damage|p1a: Magneton|42/100 par
|move|p1a: Magneton|Toxic|p2a: Miltank
|-status|p2a: Miltank|tox
|
|-weather|Sandstorm|[upkeep]
|-damage|p2a: Miltank|94/100 tox|[from] Sandstorm
|-heal|p2a: Miltank|100/100 tox|[from] item: Leftovers
|-damage|p2a: Miltank|94/100 tox|[from] psn
|upkeep
|turn|16
|
|t:|1727960696
|move|p2a: Miltank|Heal Bell|p2a: Miltank
|-activate|p2a: Miltank|move: Heal Bell
|-curestatus|p2a: Miltank|tox|[silent]
|move|p1a: Magneton|Thunderbolt|p2a: Miltank
|-damage|p2a: Miltank|48/100
|
|-weather|Sandstorm|[upkeep]
|-damage|p2a: Miltank|42/100|[from] Sandstorm
|-heal|p2a: Miltank|48/100|[from] item: Leftovers
|upkeep
|turn|17
|
|t:|1727960706
|move|p2a: Miltank|Milk Drink|p2a: Miltank
|-heal|p2a: Miltank|98/100
|cant|p1a: Magneton|par
|
|-weather|Sandstorm|[upkeep]
|-damage|p2a: Miltank|92/100|[from] Sandstorm
|-heal|p2a: Miltank|98/100|[from] item: Leftovers
|upkeep
|turn|18
|
|t:|1727960713
|move|p2a: Miltank|Body Slam|p1a: Magneton
|-resisted|p1a: Magneton
|-damage|p1a: Magneton|15/100 par
|move|p1a: Magneton|Thunderbolt|p2a: Miltank
|-damage|p2a: Miltank|52/100
|
|-weather|Sandstorm|[upkeep]
|-damage|p2a: Miltank|46/100|[from] Sandstorm
|-heal|p2a: Miltank|52/100|[from] item: Leftovers
|upkeep
|turn|19
|
|t:|1727960724
|move|p2a: Miltank|Milk Drink|p2a: Miltank
|-heal|p2a: Miltank|100/100
|move|p1a: Magneton|Thunderbolt|p2a: Miltank
|-damage|p2a: Miltank|59/100
|-status|p2a: Miltank|par
|
|-weather|Sandstorm|[upkeep]
|-damage|p2a: Miltank|53/100 par|[from] Sandstorm
|-heal|p2a: Miltank|59/100 par|[from] item: Leftovers
|upkeep
|turn|20
|inactive|LilBigBamSam has 180 seconds left.
|
|t:|1727960759
|move|p1a: Magneton|Thunderbolt|p2a: Miltank
|-damage|p2a: Miltank|11/100 par
|move|p2a: Miltank|Heal Bell|p2a: Miltank
|-activate|p2a: Miltank|move: Heal Bell
|-curestatus|p2a: Miltank|par|[silent]
|
|-weather|Sandstorm|[upkeep]
|-damage|p2a: Miltank|5/100|[from] Sandstorm
|-heal|p2a: Miltank|11/100|[from] item: Leftovers
|upkeep
|turn|21
|inactive|LilBigBamSam has 180 seconds left.
|
|t:|1727960769
|move|p2a: Miltank|Milk Drink|p2a: Miltank
|-heal|p2a: Miltank|61/100
|move|p1a: Magneton|Thunderbolt|p2a: Miltank
|-damage|p2a: Miltank|20/100
|
|-weather|Sandstorm|[upkeep]
|-damage|p2a: Miltank|14/100|[from] Sandstorm
|-heal|p2a: Miltank|20/100|[from] item: Leftovers
|upkeep
|turn|22
|
|t:|1727960777
|move|p2a: Miltank|Milk Drink|p2a: Miltank
|-heal|p2a: Miltank|70/100
|move|p1a: Magneton|Thunderbolt|p2a: Miltank
|-damage|p2a: Miltank|28/100
|-status|p2a: Miltank|par
|
|-weather|Sandstorm|[upkeep]
|-damage|p2a: Miltank|22/100 par|[from] Sandstorm
|-heal|p2a: Miltank|28/100 par|[from] item: Leftovers
|upkeep
|turn|23
|inactive|LilBigBamSam has 180 seconds left.
|
|t:|1727960805
|move|p1a: Magneton|Thunderbolt|p2a: Miltank
|-damage|p2a: Miltank|0 fnt
|faint|p2a: Miltank
|inactive|LilBigBamSam has 150 seconds left.
|
|t:|1727960846
|switch|p2a: Tyranitar|Tyranitar, F|100/100
|-damage|p2a: Tyranitar|88/100|[from] Spikes
|
|-weather|Sandstorm|[upkeep]
|-heal|p2a: Tyranitar|94/100|[from] item: Leftovers
|upkeep
|turn|24
|
|t:|1727960853
|move|p2a: Tyranitar|Brick Break|p1a: Magneton
|-supereffective|p1a: Magneton
|-damage|p1a: Magneton|0 fnt
|faint|p1a: Magneton
|
|t:|1727960859
|switch|p1a: Salamence|Salamence, M, shiny|100/100
|-ability|p1a: Salamence|Intimidate|boost
|-unboost|p2a: Tyranitar|atk|1
|
|-weather|Sandstorm|[upkeep]
|-damage|p1a: Salamence|94/100|[from] Sandstorm
|-heal|p2a: Tyranitar|100/100|[from] item: Leftovers
|upkeep
|turn|25
|inactive|LilBigBamSam has 150 seconds left.
|
|t:|1727960866
|move|p1a: Salamence|Brick Break|p2a: Tyranitar
|-supereffective|p2a: Tyranitar
|-damage|p2a: Tyranitar|0 fnt
|faint|p2a: Tyranitar
|inactive|LilBigBamSam has 150 seconds left.
|
|t:|1727960878
|switch|p2a: Salamence|Salamence, M|100/100
|-ability|p2a: Salamence|Intimidate|boost
|-unboost|p1a: Salamence|atk|1
|
|-weather|Sandstorm|[upkeep]
|-damage|p2a: Salamence|94/100|[from] Sandstorm
|-damage|p1a: Salamence|88/100|[from] Sandstorm
|-heal|p2a: Salamence|100/100|[from] item: Leftovers
|upkeep
|turn|26
|inactive|LilBigBamSam has 150 seconds left.
|
|t:|1727960909
|switch|p1a: Blissey|Blissey, F|100/100
|move|p2a: Salamence|Hidden Power|p1a: Blissey
|-crit|p1a: Blissey
|-damage|p1a: Blissey|29/100
|
|-weather|Sandstorm|[upkeep]
|-damage|p2a: Salamence|94/100|[from] Sandstorm
|-damage|p1a: Blissey|22/100|[from] Sandstorm
|-heal|p2a: Salamence|100/100|[from] item: Leftovers
|-heal|p1a: Blissey|29/100|[from] item: Leftovers
|upkeep
|turn|27
|
|t:|1727960922
|switch|p1a: Salamence|Salamence, M, shiny|88/100
|-ability|p1a: Salamence|Intimidate|boost
|-unboost|p2a: Salamence|atk|1
|move|p2a: Salamence|Hidden Power|p1a: Salamence
|-damage|p1a: Salamence|54/100
|
|-weather|Sandstorm|[upkeep]
|-damage|p2a: Salamence|94/100|[from] Sandstorm
|-damage|p1a: Salamence|48/100|[from] Sandstorm
|-heal|p2a: Salamence|100/100|[from] item: Leftovers
|upkeep
|turn|28
|inactive|LilBigBamSam has 120 seconds left.
|inactive|BlerpDerpSkerp has 270 seconds left.
|inactive|LilBigBamSam has 90 seconds left.
|
|t:|1727960970
|switch|p2a: Claydol|Claydol|100/100
|move|p1a: Salamence|Rock Slide|p2a: Claydol|[miss]
|-miss|p1a: Salamence|p2a: Claydol
|
|-weather|Sandstorm|[upkeep]
|-damage|p1a: Salamence|42/100|[from] Sandstorm
|upkeep
|turn|29
|inactive|LilBigBamSam has 90 seconds left.
|
|t:|1727960989
|switch|p1a: Skarmory|Skarmory, M|10/100
|move|p2a: Claydol|Rapid Spin|p1a: Skarmory
|-resisted|p1a: Skarmory
|-damage|p1a: Skarmory|9/100
|-sideend|p2: LilBigBamSam|Spikes|[from] move: Rapid Spin|[of] p2a: Claydol
|
|-weather|Sandstorm|[upkeep]
|-heal|p1a: Skarmory|15/100|[from] item: Leftovers
|upkeep
|turn|30
|inactive|LilBigBamSam has 90 seconds left.
|
|t:|1727960999
|switch|p2a: Magneton|Magneton|100/100
|move|p1a: Skarmory|Toxic|p2a: Magneton|[miss]
|-miss|p1a: Skarmory|p2a: Magneton
|
|-weather|Sandstorm|[upkeep]
|-heal|p1a: Skarmory|21/100|[from] item: Leftovers
|upkeep
|turn|31
|
|t:|1727961006
|move|p2a: Magneton|Thunderbolt|p1a: Skarmory
|-supereffective|p1a: Skarmory
|-damage|p1a: Skarmory|0 fnt
|faint|p1a: Skarmory
|
|t:|1727961008
|switch|p1a: Dugtrio|Dugtrio, F|100/100
|
|-weather|Sandstorm|[upkeep]
|upkeep
|turn|32
|
|t:|1727961013
|move|p1a: Dugtrio|Earthquake|p2a: Magneton
|-supereffective|p2a: Magneton
|-damage|p2a: Magneton|0 fnt
|faint|p2a: Magneton
|
|t:|1727961021
|switch|p2a: Salamence|Salamence, M|100/100
|-ability|p2a: Salamence|Intimidate|boost
|-unboost|p1a: Dugtrio|atk|1
|
|-weather|Sandstorm|[upkeep]
|-damage|p2a: Salamence|94/100|[from] Sandstorm
|-heal|p2a: Salamence|100/100|[from] item: Leftovers
|upkeep
|turn|33
|
|t:|1727961031
|switch|p1a: Blissey|Blissey, F|29/100
|move|p2a: Salamence|Dragon Dance|p2a: Salamence
|-boost|p2a: Salamence|atk|1
|-boost|p2a: Salamence|spe|1
|
|-weather|Sandstorm|[upkeep]
|-damage|p2a: Salamence|94/100|[from] Sandstorm
|-damage|p1a: Blissey|22/100|[from] Sandstorm
|-heal|p2a: Salamence|100/100|[from] item: Leftovers
|-heal|p1a: Blissey|29/100|[from] item: Leftovers
|upkeep
|turn|34
|inactive|LilBigBamSam has 120 seconds left.
|
|t:|1727961041
|move|p2a: Salamence|Hidden Power|p1a: Blissey
|-damage|p1a: Blissey|0 fnt
|faint|p1a: Blissey
|
|t:|1727961044
|switch|p1a: Metagross|Metagross|100/100
|
|-weather|Sandstorm|[upkeep]
|-damage|p2a: Salamence|94/100|[from] Sandstorm
|-heal|p2a: Salamence|100/100|[from] item: Leftovers
|upkeep
|turn|35
|inactive|LilBigBamSam has 120 seconds left.
|inactive|LilBigBamSam has 90 seconds left.
|inactive|LilBigBamSam has 60 seconds left.
|
|t:|1727961116
|move|p2a: Salamence|Earthquake|p1a: Metagross
|-supereffective|p1a: Metagross
|-damage|p1a: Metagross|37/100
|move|p1a: Metagross|Meteor Mash|p2a: Salamence
|-damage|p2a: Salamence|47/100
|
|-weather|Sandstorm|[upkeep]
|-damage|p2a: Salamence|41/100|[from] Sandstorm
|-heal|p2a: Salamence|47/100|[from] item: Leftovers
|-heal|p1a: Metagross|43/100|[from] item: Leftovers
|upkeep
|turn|36
|inactive|LilBigBamSam has 60 seconds left.
|
|t:|1727961142
|move|p2a: Salamence|Earthquake|p1a: Metagross
|-supereffective|p1a: Metagross
|-damage|p1a: Metagross|0 fnt
|faint|p1a: Metagross
|
|t:|1727961145
|switch|p1a: Salamence|Salamence, M, shiny|42/100
|-ability|p1a: Salamence|Intimidate|boost
|-unboost|p2a: Salamence|atk|1
|
|-weather|Sandstorm|[upkeep]
|-damage|p2a: Salamence|41/100|[from] Sandstorm
|-damage|p1a: Salamence|36/100|[from] Sandstorm
|-heal|p2a: Salamence|47/100|[from] item: Leftovers
|upkeep
|turn|37
|
|t:|1727961152
|switch|p1a: Dugtrio|Dugtrio, F|100/100
|move|p2a: Salamence|Hidden Power|p1a: Dugtrio
|-damage|p1a: Dugtrio|0 fnt
|faint|p1a: Dugtrio
|
|t:|1727961154
|switch|p1a: Salamence|Salamence, M, shiny|36/100
|-ability|p1a: Salamence|Intimidate|boost
|-unboost|p2a: Salamence|atk|1
|
|-weather|Sandstorm|[upkeep]
|-damage|p2a: Salamence|41/100|[from] Sandstorm
|-damage|p1a: Salamence|30/100|[from] Sandstorm
|-heal|p2a: Salamence|47/100|[from] item: Leftovers
|upkeep
|turn|38
|
|t:|1727961164
|move|p2a: Salamence|Hidden Power|p1a: Salamence
|-damage|p1a: Salamence|0 fnt
|faint|p1a: Salamence
|
|win|LilBigBamSam
|c|☆BlerpDerpSkerp|ggs
|c|☆LilBigBamSam|gg
|player|p1|
|c|☆LilBigBamSam|great games
|c|☆LilBigBamSam|thank u for that

</script>
<script type="application/json" class="data" id="replaydata-smogtours-gen3ou-794200">
{"id":"smogtours-gen3ou-794200","format":"[Gen 3] OU","players":["BlerpDerpSkerp","LilBigBamSam"],"uploadtime":1727961164,"views":94,"formatid":"gen3ou","rating":null,"private":0,"password":null}
</script>

<script defer src="js/replays.js?9d40a366"></script>
