<!DOCTYPE html>
<meta charset="utf-8" />
<meta name="viewport" content="width=device-width" />

<title>[Gen 3] OU: duckstroyer vs. sixofrobins - Replays - Pok&eacute;mon Showdown!</title>

<meta name="description" content="Watch a replay of a Pok&eacute;mon battle between duckstroyer and sixofrobins! Format: [Gen 3] OU; Date: Oct 23, 2024" />
<!--

Hey, you! Looking in the source for the replay log?

You can find them in JSON format, just add `.json` at the end of a replay URL.

https://replay.pokemonshowdown.com/gen7randomdoublesbattle-865046831.json

Or, if you only need the log itself, add `.log` instead:

https://replay.pokemonshowdown.com/gen7randomdoublesbattle-865046831.log

-->

<link rel="stylesheet" href="//pokemonshowdown.com/style/global.css?0.023195364461161105" />
<link rel="stylesheet" href="//play.pokemonshowdown.com/style/font-awesome.css?0.13261647063804238" />
<link rel="stylesheet" href="//play.pokemonshowdown.com/style/battle.css?0.8753245789963631" />
<link rel="stylesheet" href="//play.pokemonshowdown.com/style/utilichart.css?0.8627959624976733" />

<!-- Global site tag (gtag.js) - Google Analytics -->
<script async src="https://www.googletagmanager.com/gtag/js?id=UA-26211653-1"></script>
<script>
  window.dataLayer = window.dataLayer || [];
  function gtag(){dataLayer.push(arguments);}
  gtag('js', new Date());

  gtag('config', 'UA-26211653-1');
</script>
<!-- End Google Analytics -->
<!-- Venatus Ad Manager - Install in <HEAD> of page -->
	<script src="https://hb.vntsm.com/v3/live/ad-manager.min.js" type="text/javascript" data-site-id="642aba63ec9a7b11c3c9c1be" data-mode="scan" async></script>
<!-- / Venatus Ad Manager -->

<style>
	@media (max-width:820px) {
		.battle {
			margin: 0 auto;
		}
		.battle-log {
			margin: 7px auto 0;
			max-width: 640px;
			height: 300px;
			position: static;
		}
	}
	.optgroup {
		display: inline-block;
		line-height: 22px;
		font-size: 10pt;
	}
	.optgroup .button {
		height: 25px;
		padding-top: 0;
		padding-bottom: 0;
	}
	.optgroup button.button {
		padding-left: 12px;
		padding-right: 12px;
	}
	.linklist {
		list-style: none;
		margin: 0.5em 0;
		padding: 0;
	}
	.linklist li {
		padding: 2px 0;
	}
	.sidebar {
		float: left;
		width: 320px;
	}
	.bar-wrapper {
		max-width: 1100px;
		margin: 0 auto;
	}
	.bar-wrapper.has-sidebar {
		max-width: 1430px;
	}
	.mainbar {
		margin: 0;
		padding-right: 1px;
	}
	.mainbar.has-sidebar {
		margin-left: 330px;
	}
	@media (min-width: 1511px) {
		.sidebar {
			width: 400px;
		}
		.bar-wrapper.has-sidebar {
			max-width: 1510px;
		}
		.mainbar.has-sidebar {
			margin-left: 410px;
		}
	}
	.section.first-section {
		margin-top: 9px;
	}
	.blocklink small {
		white-space: normal;
	}
	.button {
		vertical-align: middle;
	}
	.replay-controls {
		padding-top: 10px;
	}
	.replay-controls h1 {
		font-size: 16pt;
		font-weight: normal;
		color: #CCC;
	}
	.pagelink {
		text-align: center;
	}
	.pagelink a {
		width: 150px;
	}
	.textbox, .button {
		font-size: 11pt;
		vertical-align: middle;
	}
	@media (max-width: 450px) {
		.button {
			font-size: 9pt;
		}
	}
</style>

<div>

	<header>
		<div class="nav-wrapper"><ul class="nav">
			<li><a class="button nav-first" href="//pokemonshowdown.com/"><img src="//pokemonshowdown.com/images/pokemonshowdownbeta.png" srcset="//pokemonshowdown.com/images/pokemonshowdownbeta.png 1x, //pokemonshowdown.com/images/pokemonshowdownbeta@2x.png 2x" alt="Pok&eacute;mon Showdown" width="146" height="44" /> Home</a></li>
			<li><a class="button" href="//pokemonshowdown.com/dex/">Pok&eacute;dex</a></li>
			<li><a class="button cur" href="/">Replays</a></li>
			<li><a class="button" href="//pokemonshowdown.com/ladder/">Ladder</a></li>
			<li><a class="button nav-last" href="//pokemonshowdown.com/forums/">Forum</a></li>
			<li><a class="button greenbutton nav-first nav-last" href="//play.pokemonshowdown.com/">Play</a></li>
		</ul></div>
	</header>

	<div class="main" id="main">

		<noscript><section class="section">You need to enable JavaScript to use this page; sorry!</section></noscript>

	</div>

</div>

<script defer nomodule src="//play.pokemonshowdown.com/js/lib/ps-polyfill.js"></script>
<script defer src="//play.pokemonshowdown.com/js/lib/preact.min.js"></script>

<script defer src="//play.pokemonshowdown.com/config/config.js?2bddbc15"></script>
<script defer src="//play.pokemonshowdown.com/js/lib/jquery-1.11.0.min.js"></script>
<script defer src="//play.pokemonshowdown.com/js/lib/html-sanitizer-minified.js"></script>
<script defer src="//play.pokemonshowdown.com/js/battle-sound.js"></script>
<script defer src="//play.pokemonshowdown.com/js/battledata.js?0.7209276989879541"></script>
<script defer src="//play.pokemonshowdown.com/data/pokedex-mini.js?0.6111056340867951"></script>
<script defer src="//play.pokemonshowdown.com/data/pokedex-mini-bw.js?0.3532142036491459"></script>
<script defer src="//play.pokemonshowdown.com/data/graphics.js?0.24223875632456182"></script>
<script defer src="//play.pokemonshowdown.com/data/pokedex.js?0.38839984266356864"></script>
<script defer src="//play.pokemonshowdown.com/data/moves.js?0.21866028504024015"></script>
<script defer src="//play.pokemonshowdown.com/data/abilities.js?0.2005157953846628"></script>
<script defer src="//play.pokemonshowdown.com/data/items.js?0.9894211263848525"></script>
<script defer src="//play.pokemonshowdown.com/data/teambuilder-tables.js?0.6008791140282215"></script>
<script defer src="//play.pokemonshowdown.com/js/battle-tooltips.js?0.7580118955022959"></script>
<script defer src="//play.pokemonshowdown.com/js/battle.js?0.6057722274234274"></script>

<script defer src="js/utils.js?e31f9a17"></script>
<script defer src="js/replays-battle.js?7008c182"></script>

<!-- don't scrape this data! just add .json or .log after the URL!
Full API docs: https://github.com/smogon/pokemon-showdown-client/blob/master/WEB-API.md -->
<script type="text/plain" class="log" id="replaylog-smogtours-gen3ou-801387">
|inactive|Battle timer is ON: inactive players will automatically lose when time's up.
|t:|1729702790
|gametype|singles
|player|p1|duckstroyer|wallace|
|player|p2|sixofrobins|plasmagruntf|
|teamsize|p1|6
|teamsize|p2|6
|gen|3
|tier|[Gen 3] OU
|rule|Sleep Clause Mod: Limit one foe put to sleep
|rule|Switch Priority Clause Mod: Faster Pokémon switch first
|rule|Species Clause: Limit one of each Pokémon
|rule|OHKO Clause: OHKO moves are banned
|rule|Evasion Items Clause: Evasion items are banned
|rule|Evasion Moves Clause: Evasion moves are banned
|rule|Endless Battle Clause: Forcing endless battles is banned
|rule|HP Percentage Mod: HP is shown in percentages
|rule|One Boost Passer Clause: Limit one Baton Passer that has a way to boost its stats
|rule|Freeze Clause Mod: Limit one foe frozen
|
|t:|1729702790
|start
|switch|p1a: Skarmory|Skarmory, F|100/100
|switch|p2a: Heracross|Heracross, M, shiny|100/100
|turn|1
|c|☆sixofrobins|glhf
|c|☆duckstroyer|u2
|
|t:|1729702801
|-singleturn|p2a: Heracross|move: Focus Punch
|move|p2a: Heracross|Focus Punch|p1a: Skarmory
|-damage|p1a: Skarmory|11/100
|move|p1a: Skarmory|Whirlwind|p2a: Heracross
|drag|p2a: Tyranitar|Tyranitar, F|100/100
|-weather|Sandstorm|[from] ability: Sand Stream|[of] p2a: Tyranitar
|
|-weather|Sandstorm|[upkeep]
|-heal|p1a: Skarmory|17/100|[from] item: Leftovers
|upkeep
|turn|2
|
|t:|1729702816
|move|p1a: Skarmory|Protect|p1a: Skarmory
|-singleturn|p1a: Skarmory|Protect
|move|p2a: Tyranitar|Crunch|p1a: Skarmory
|-activate|p1a: Skarmory|Protect
|
|-weather|Sandstorm|[upkeep]
|-heal|p1a: Skarmory|23/100|[from] item: Leftovers
|upkeep
|turn|3
|
|t:|1729702831
|-activate|p1a: Skarmory|move: Pursuit
|move|p2a: Tyranitar|Pursuit|p1a: Skarmory|[from]Pursuit
|-resisted|p1a: Skarmory
|-crit|p1a: Skarmory
|-damage|p1a: Skarmory|0 fnt
|faint|p1a: Skarmory
|-hint|Previously chosen switches continue in Gen 2-4 after a Pursuit target faints.
|switch|p1a: Blissey|Blissey, F|100/100
|
|-weather|Sandstorm|[upkeep]
|-damage|p1a: Blissey|94/100|[from] Sandstorm
|-heal|p1a: Blissey|100/100|[from] item: Leftovers
|upkeep
|turn|4
|c|☆duckstroyer|damn that crit
|
|t:|1729702843
|move|p1a: Blissey|Toxic|p2a: Tyranitar
|-status|p2a: Tyranitar|tox
|move|p2a: Tyranitar|Brick Break|p1a: Blissey
|-supereffective|p1a: Blissey
|-damage|p1a: Blissey|58/100
|
|-weather|Sandstorm|[upkeep]
|-damage|p1a: Blissey|52/100|[from] Sandstorm
|-heal|p1a: Blissey|58/100|[from] item: Leftovers
|-damage|p2a: Tyranitar|94/100 tox|[from] psn
|upkeep
|turn|5
|
|t:|1729702853
|switch|p2a: Miltank|Miltank, F|100/100
|move|p1a: Blissey|Soft-Boiled|p1a: Blissey
|-heal|p1a: Blissey|100/100
|
|-weather|Sandstorm|[upkeep]
|-damage|p2a: Miltank|94/100|[from] Sandstorm
|-damage|p1a: Blissey|94/100|[from] Sandstorm
|-heal|p2a: Miltank|100/100|[from] item: Leftovers
|-heal|p1a: Blissey|100/100|[from] item: Leftovers
|upkeep
|turn|6
|
|t:|1729702879
|move|p2a: Miltank|Heal Bell|p2a: Miltank
|-activate|p2a: Miltank|move: Heal Bell
|-curestatus|p2: Tyranitar|tox|[silent]
|move|p1a: Blissey|Fire Blast|p2a: Miltank|[miss]
|-miss|p1a: Blissey|p2a: Miltank
|
|-weather|Sandstorm|[upkeep]
|-damage|p2a: Miltank|94/100|[from] Sandstorm
|-damage|p1a: Blissey|94/100|[from] Sandstorm
|-heal|p2a: Miltank|100/100|[from] item: Leftovers
|-heal|p1a: Blissey|100/100|[from] item: Leftovers
|upkeep
|turn|7
|
|t:|1729702888
|move|p2a: Miltank|Curse|p2a: Miltank
|-unboost|p2a: Miltank|spe|1
|-boost|p2a: Miltank|atk|1
|-boost|p2a: Miltank|def|1
|move|p1a: Blissey|Fire Blast|p2a: Miltank
|-damage|p2a: Miltank|90/100
|
|-weather|Sandstorm|[upkeep]
|-damage|p1a: Blissey|94/100|[from] Sandstorm
|-damage|p2a: Miltank|84/100|[from] Sandstorm
|-heal|p1a: Blissey|100/100|[from] item: Leftovers
|-heal|p2a: Miltank|90/100|[from] item: Leftovers
|upkeep
|turn|8
|
|t:|1729702900
|switch|p1a: Gengar|Gengar, F|100/100
|move|p2a: Miltank|Curse|p2a: Miltank
|-unboost|p2a: Miltank|spe|1
|-boost|p2a: Miltank|atk|1
|-boost|p2a: Miltank|def|1
|
|-weather|Sandstorm|[upkeep]
|-damage|p1a: Gengar|94/100|[from] Sandstorm
|-damage|p2a: Miltank|84/100|[from] Sandstorm
|-heal|p1a: Gengar|100/100|[from] item: Leftovers
|-heal|p2a: Miltank|90/100|[from] item: Leftovers
|upkeep
|turn|9
|
|t:|1729702912
|switch|p2a: Tyranitar|Tyranitar, F|94/100
|move|p1a: Gengar|Will-O-Wisp|p2a: Tyranitar|[miss]
|-miss|p1a: Gengar|p2a: Tyranitar
|
|-weather|Sandstorm|[upkeep]
|-damage|p1a: Gengar|94/100|[from] Sandstorm
|-heal|p1a: Gengar|100/100|[from] item: Leftovers
|-heal|p2a: Tyranitar|100/100|[from] item: Leftovers
|upkeep
|turn|10
|inactive|duckstroyer has 270 seconds left.
|
|t:|1729702942
|move|p1a: Gengar|Explosion|p2a: Tyranitar
|-resisted|p2a: Tyranitar
|-damage|p2a: Tyranitar|75/100
|faint|p1a: Gengar
|
|t:|1729702947
|switch|p1a: Swampert|Swampert, F|100/100
|
|-weather|Sandstorm|[upkeep]
|-heal|p2a: Tyranitar|81/100|[from] item: Leftovers
|upkeep
|turn|11
|
|t:|1729702954
|switch|p2a: Miltank|Miltank, F|90/100
|move|p1a: Swampert|Earthquake|p2a: Miltank
|-damage|p2a: Miltank|56/100
|
|-weather|Sandstorm|[upkeep]
|-damage|p2a: Miltank|50/100|[from] Sandstorm
|-heal|p2a: Miltank|56/100|[from] item: Leftovers
|upkeep
|turn|12
|
|t:|1729702963
|move|p2a: Miltank|Milk Drink|p2a: Miltank
|-heal|p2a: Miltank|100/100
|move|p1a: Swampert|Hydro Pump|p2a: Miltank
|-damage|p2a: Miltank|72/100
|
|-weather|Sandstorm|[upkeep]
|-damage|p2a: Miltank|66/100|[from] Sandstorm
|-heal|p2a: Miltank|72/100|[from] item: Leftovers
|upkeep
|turn|13
|
|t:|1729702973
|move|p2a: Miltank|Body Slam|p1a: Swampert
|-damage|p1a: Swampert|84/100
|move|p1a: Swampert|Ice Beam|p2a: Miltank
|-damage|p2a: Miltank|65/100
|
|-weather|Sandstorm|[upkeep]
|-damage|p2a: Miltank|59/100|[from] Sandstorm
|-heal|p2a: Miltank|65/100|[from] item: Leftovers
|-heal|p1a: Swampert|90/100|[from] item: Leftovers
|upkeep
|turn|14
|
|t:|1729702983
|move|p2a: Miltank|Milk Drink|p2a: Miltank
|-heal|p2a: Miltank|100/100
|move|p1a: Swampert|Ice Beam|p2a: Miltank
|-damage|p2a: Miltank|93/100
|
|-weather|Sandstorm|[upkeep]
|-damage|p2a: Miltank|87/100|[from] Sandstorm
|-heal|p2a: Miltank|93/100|[from] item: Leftovers
|-heal|p1a: Swampert|96/100|[from] item: Leftovers
|upkeep
|turn|15
|
|t:|1729702992
|move|p2a: Miltank|Curse|p2a: Miltank
|-unboost|p2a: Miltank|spe|1
|-boost|p2a: Miltank|atk|1
|-boost|p2a: Miltank|def|1
|move|p1a: Swampert|Ice Beam|p2a: Miltank
|-damage|p2a: Miltank|84/100
|
|-weather|Sandstorm|[upkeep]
|-damage|p2a: Miltank|78/100|[from] Sandstorm
|-heal|p2a: Miltank|84/100|[from] item: Leftovers
|-heal|p1a: Swampert|100/100|[from] item: Leftovers
|upkeep
|turn|16
|
|t:|1729703004
|move|p2a: Miltank|Curse|p2a: Miltank
|-unboost|p2a: Miltank|spe|1
|-boost|p2a: Miltank|atk|1
|-boost|p2a: Miltank|def|1
|move|p1a: Swampert|Ice Beam|p2a: Miltank
|-damage|p2a: Miltank|76/100
|
|-weather|Sandstorm|[upkeep]
|-damage|p2a: Miltank|70/100|[from] Sandstorm
|-heal|p2a: Miltank|76/100|[from] item: Leftovers
|upkeep
|turn|17
|
|t:|1729703013
|move|p1a: Swampert|Ice Beam|p2a: Miltank
|-damage|p2a: Miltank|69/100
|move|p2a: Miltank|Curse|p2a: Miltank
|-unboost|p2a: Miltank|spe|1
|-boost|p2a: Miltank|atk|1
|-boost|p2a: Miltank|def|1
|
|-weather|Sandstorm|[upkeep]
|-damage|p2a: Miltank|63/100|[from] Sandstorm
|-heal|p2a: Miltank|69/100|[from] item: Leftovers
|upkeep
|turn|18
|
|t:|1729703022
|move|p1a: Swampert|Ice Beam|p2a: Miltank
|-damage|p2a: Miltank|61/100
|move|p2a: Miltank|Body Slam|p1a: Swampert
|-damage|p1a: Swampert|54/100
|-status|p1a: Swampert|par
|
|-weather|Sandstorm|[upkeep]
|-damage|p2a: Miltank|55/100|[from] Sandstorm
|-heal|p2a: Miltank|61/100|[from] item: Leftovers
|-heal|p1a: Swampert|60/100 par|[from] item: Leftovers
|upkeep
|turn|19
|
|t:|1729703033
|move|p2a: Miltank|Milk Drink|p2a: Miltank
|-heal|p2a: Miltank|100/100
|cant|p1a: Swampert|par
|
|-weather|Sandstorm|[upkeep]
|-damage|p2a: Miltank|94/100|[from] Sandstorm
|-heal|p2a: Miltank|100/100|[from] item: Leftovers
|-heal|p1a: Swampert|66/100 par|[from] item: Leftovers
|upkeep
|turn|20
|
|t:|1729703041
|move|p2a: Miltank|Body Slam|p1a: Swampert
|-damage|p1a: Swampert|20/100 par
|move|p1a: Swampert|Ice Beam|p2a: Miltank
|-damage|p2a: Miltank|92/100
|
|-weather|Sandstorm|[upkeep]
|-damage|p2a: Miltank|86/100|[from] Sandstorm
|-heal|p2a: Miltank|92/100|[from] item: Leftovers
|-heal|p1a: Swampert|26/100 par|[from] item: Leftovers
|upkeep
|turn|21
|
|t:|1729703066
|move|p2a: Miltank|Body Slam|p1a: Swampert
|-damage|p1a: Swampert|0 fnt
|faint|p1a: Swampert
|
|t:|1729703078
|switch|p1a: Tyranitar|Tyranitar, F|100/100
|
|-weather|Sandstorm|[upkeep]
|-damage|p2a: Miltank|86/100|[from] Sandstorm
|-heal|p2a: Miltank|92/100|[from] item: Leftovers
|upkeep
|turn|22
|
|t:|1729703092
|switch|p2a: Salamence|Salamence, F|100/100
|-ability|p2a: Salamence|Intimidate|boost
|-unboost|p1a: Tyranitar|atk|1
|move|p1a: Tyranitar|Roar|p2a: Salamence
|drag|p2a: Tyranitar|Tyranitar, F|81/100
|
|-weather|Sandstorm|[upkeep]
|-heal|p2a: Tyranitar|87/100|[from] item: Leftovers
|upkeep
|turn|23
|
|t:|1729703113
|switch|p1a: Starmie|Starmie|100/100
|move|p2a: Tyranitar|Brick Break|p1a: Starmie
|-resisted|p1a: Starmie
|-damage|p1a: Starmie|86/100
|
|-weather|Sandstorm|[upkeep]
|-damage|p1a: Starmie|80/100|[from] Sandstorm
|-heal|p1a: Starmie|86/100|[from] item: Leftovers
|-heal|p2a: Tyranitar|93/100|[from] item: Leftovers
|upkeep
|turn|24
|
|t:|1729703124
|switch|p2a: Miltank|Miltank, F|92/100
|move|p1a: Starmie|Hydro Pump|p2a: Miltank
|-damage|p2a: Miltank|53/100
|
|-weather|Sandstorm|[upkeep]
|-damage|p1a: Starmie|80/100|[from] Sandstorm
|-damage|p2a: Miltank|47/100|[from] Sandstorm
|-heal|p1a: Starmie|86/100|[from] item: Leftovers
|-heal|p2a: Miltank|53/100|[from] item: Leftovers
|upkeep
|turn|25
|
|t:|1729703137
|move|p1a: Starmie|Ice Beam|p2a: Miltank
|-damage|p2a: Miltank|42/100
|move|p2a: Miltank|Milk Drink|p2a: Miltank
|-heal|p2a: Miltank|92/100
|
|-weather|Sandstorm|[upkeep]
|-damage|p1a: Starmie|80/100|[from] Sandstorm
|-damage|p2a: Miltank|86/100|[from] Sandstorm
|-heal|p1a: Starmie|86/100|[from] item: Leftovers
|-heal|p2a: Miltank|92/100|[from] item: Leftovers
|upkeep
|turn|26
|
|t:|1729703146
|move|p1a: Starmie|Ice Beam|p2a: Miltank
|-damage|p2a: Miltank|81/100
|move|p2a: Miltank|Body Slam|p1a: Starmie
|-damage|p1a: Starmie|52/100
|-status|p1a: Starmie|par
|
|-weather|Sandstorm|[upkeep]
|-damage|p2a: Miltank|75/100|[from] Sandstorm
|-damage|p1a: Starmie|46/100 par|[from] Sandstorm
|-heal|p2a: Miltank|81/100|[from] item: Leftovers
|-heal|p1a: Starmie|52/100 par|[from] item: Leftovers
|upkeep
|turn|27
|
|t:|1729703160
|switch|p2a: Magneton|Magneton|100/100
|-curestatus|p1a: Starmie|par|[from] ability: Natural Cure
|switch|p1a: Blissey|Blissey, F|100/100
|
|-weather|Sandstorm|[upkeep]
|-damage|p1a: Blissey|94/100|[from] Sandstorm
|-heal|p1a: Blissey|100/100|[from] item: Leftovers
|upkeep
|turn|28
|
|t:|1729703171
|move|p2a: Magneton|Toxic|p1a: Blissey
|-status|p1a: Blissey|tox
|move|p1a: Blissey|Fire Blast|p2a: Magneton
|-supereffective|p2a: Magneton
|-damage|p2a: Magneton|0 fnt
|faint|p2a: Magneton
|
|t:|1729703184
|switch|p2a: Tyranitar|Tyranitar, F|93/100
|
|-weather|Sandstorm|[upkeep]
|-damage|p1a: Blissey|94/100 tox|[from] Sandstorm
|-heal|p1a: Blissey|100/100 tox|[from] item: Leftovers
|-damage|p1a: Blissey|94/100 tox|[from] psn
|-heal|p2a: Tyranitar|99/100|[from] item: Leftovers
|upkeep
|turn|29
|
|t:|1729703199
|-curestatus|p1a: Blissey|tox|[from] ability: Natural Cure
|switch|p1a: Tyranitar|Tyranitar, F|100/100
|move|p2a: Tyranitar|Brick Break|p1a: Tyranitar
|-supereffective|p1a: Tyranitar
|-damage|p1a: Tyranitar|40/100
|
|-weather|Sandstorm|[upkeep]
|-heal|p2a: Tyranitar|100/100|[from] item: Leftovers
|-heal|p1a: Tyranitar|46/100|[from] item: Leftovers
|upkeep
|turn|30
|
|t:|1729703211
|move|p2a: Tyranitar|Brick Break|p1a: Tyranitar
|-supereffective|p1a: Tyranitar
|-damage|p1a: Tyranitar|0 fnt
|faint|p1a: Tyranitar
|
|t:|1729703215
|switch|p1a: Starmie|Starmie|52/100
|
|-weather|Sandstorm|[upkeep]
|-damage|p1a: Starmie|46/100|[from] Sandstorm
|-heal|p1a: Starmie|52/100|[from] item: Leftovers
|upkeep
|turn|31
|
|t:|1729703226
|move|p1a: Starmie|Hydro Pump|p2a: Tyranitar
|-supereffective|p2a: Tyranitar
|-damage|p2a: Tyranitar|7/100
|move|p2a: Tyranitar|Crunch|p1a: Starmie
|-supereffective|p1a: Starmie
|-damage|p1a: Starmie|0 fnt
|faint|p1a: Starmie
|
|t:|1729703235
|switch|p1a: Blissey|Blissey, F|94/100
|
|-weather|Sandstorm|[upkeep]
|-damage|p1a: Blissey|88/100|[from] Sandstorm
|-heal|p1a: Blissey|94/100|[from] item: Leftovers
|-heal|p2a: Tyranitar|13/100|[from] item: Leftovers
|upkeep
|turn|32
|-message|duckstroyer forfeited.
|
|win|sixofrobins
|player|p1|
|c|☆sixofrobins|gg

</script>
<script type="application/json" class="data" id="replaydata-smogtours-gen3ou-801387">
{"id":"smogtours-gen3ou-801387","format":"[Gen 3] OU","players":["duckstroyer","sixofrobins"],"uploadtime":1729703243,"views":70,"formatid":"gen3ou","rating":null,"private":0,"password":null}
</script>

<script defer src="js/replays.js?9d40a366"></script>
