<!DOCTYPE html>
<meta charset="utf-8" />
<meta name="viewport" content="width=device-width" />

<title>[Gen 3] OU: thedolla vs. lax - Replays - Pok&eacute;mon Showdown!</title>

<meta name="description" content="Watch a replay of a Pok&eacute;mon battle between thedolla and lax! Format: [Gen 3] OU; Date: Oct 30, 2024" />
<!--

Hey, you! Looking in the source for the replay log?

You can find them in JSON format, just add `.json` at the end of a replay URL.

https://replay.pokemonshowdown.com/gen7randomdoublesbattle-865046831.json

Or, if you only need the log itself, add `.log` instead:

https://replay.pokemonshowdown.com/gen7randomdoublesbattle-865046831.log

-->

<link rel="stylesheet" href="//pokemonshowdown.com/style/global.css?0.023195364461161105" />
<link rel="stylesheet" href="//play.pokemonshowdown.com/style/font-awesome.css?0.13261647063804238" />
<link rel="stylesheet" href="//play.pokemonshowdown.com/style/battle.css?0.8753245789963631" />
<link rel="stylesheet" href="//play.pokemonshowdown.com/style/utilichart.css?0.8627959624976733" />

<!-- Global site tag (gtag.js) - Google Analytics -->
<script async src="https://www.googletagmanager.com/gtag/js?id=UA-26211653-1"></script>
<script>
  window.dataLayer = window.dataLayer || [];
  function gtag(){dataLayer.push(arguments);}
  gtag('js', new Date());

  gtag('config', 'UA-26211653-1');
</script>
<!-- End Google Analytics -->
<!-- Venatus Ad Manager - Install in <HEAD> of page -->
	<script src="https://hb.vntsm.com/v3/live/ad-manager.min.js" type="text/javascript" data-site-id="642aba63ec9a7b11c3c9c1be" data-mode="scan" async></script>
<!-- / Venatus Ad Manager -->

<style>
	@media (max-width:820px) {
		.battle {
			margin: 0 auto;
		}
		.battle-log {
			margin: 7px auto 0;
			max-width: 640px;
			height: 300px;
			position: static;
		}
	}
	.optgroup {
		display: inline-block;
		line-height: 22px;
		font-size: 10pt;
	}
	.optgroup .button {
		height: 25px;
		padding-top: 0;
		padding-bottom: 0;
	}
	.optgroup button.button {
		padding-left: 12px;
		padding-right: 12px;
	}
	.linklist {
		list-style: none;
		margin: 0.5em 0;
		padding: 0;
	}
	.linklist li {
		padding: 2px 0;
	}
	.sidebar {
		float: left;
		width: 320px;
	}
	.bar-wrapper {
		max-width: 1100px;
		margin: 0 auto;
	}
	.bar-wrapper.has-sidebar {
		max-width: 1430px;
	}
	.mainbar {
		margin: 0;
		padding-right: 1px;
	}
	.mainbar.has-sidebar {
		margin-left: 330px;
	}
	@media (min-width: 1511px) {
		.sidebar {
			width: 400px;
		}
		.bar-wrapper.has-sidebar {
			max-width: 1510px;
		}
		.mainbar.has-sidebar {
			margin-left: 410px;
		}
	}
	.section.first-section {
		margin-top: 9px;
	}
	.blocklink small {
		white-space: normal;
	}
	.button {
		vertical-align: middle;
	}
	.replay-controls {
		padding-top: 10px;
	}
	.replay-controls h1 {
		font-size: 16pt;
		font-weight: normal;
		color: #CCC;
	}
	.pagelink {
		text-align: center;
	}
	.pagelink a {
		width: 150px;
	}
	.textbox, .button {
		font-size: 11pt;
		vertical-align: middle;
	}
	@media (max-width: 450px) {
		.button {
			font-size: 9pt;
		}
	}
</style>

<div>

	<header>
		<div class="nav-wrapper"><ul class="nav">
			<li><a class="button nav-first" href="//pokemonshowdown.com/"><img src="//pokemonshowdown.com/images/pokemonshowdownbeta.png" srcset="//pokemonshowdown.com/images/pokemonshowdownbeta.png 1x, //pokemonshowdown.com/images/pokemonshowdownbeta@2x.png 2x" alt="Pok&eacute;mon Showdown" width="146" height="44" /> Home</a></li>
			<li><a class="button" href="//pokemonshowdown.com/dex/">Pok&eacute;dex</a></li>
			<li><a class="button cur" href="/">Replays</a></li>
			<li><a class="button" href="//pokemonshowdown.com/ladder/">Ladder</a></li>
			<li><a class="button nav-last" href="//pokemonshowdown.com/forums/">Forum</a></li>
			<li><a class="button greenbutton nav-first nav-last" href="//play.pokemonshowdown.com/">Play</a></li>
		</ul></div>
	</header>

	<div class="main" id="main">

		<noscript><section class="section">You need to enable JavaScript to use this page; sorry!</section></noscript>

	</div>

</div>

<script defer nomodule src="//play.pokemonshowdown.com/js/lib/ps-polyfill.js"></script>
<script defer src="//play.pokemonshowdown.com/js/lib/preact.min.js"></script>

<script defer src="//play.pokemonshowdown.com/config/config.js?2bddbc15"></script>
<script defer src="//play.pokemonshowdown.com/js/lib/jquery-1.11.0.min.js"></script>
<script defer src="//play.pokemonshowdown.com/js/lib/html-sanitizer-minified.js"></script>
<script defer src="//play.pokemonshowdown.com/js/battle-sound.js"></script>
<script defer src="//play.pokemonshowdown.com/js/battledata.js?0.7209276989879541"></script>
<script defer src="//play.pokemonshowdown.com/data/pokedex-mini.js?0.6111056340867951"></script>
<script defer src="//play.pokemonshowdown.com/data/pokedex-mini-bw.js?0.3532142036491459"></script>
<script defer src="//play.pokemonshowdown.com/data/graphics.js?0.24223875632456182"></script>
<script defer src="//play.pokemonshowdown.com/data/pokedex.js?0.38839984266356864"></script>
<script defer src="//play.pokemonshowdown.com/data/moves.js?0.21866028504024015"></script>
<script defer src="//play.pokemonshowdown.com/data/abilities.js?0.2005157953846628"></script>
<script defer src="//play.pokemonshowdown.com/data/items.js?0.9894211263848525"></script>
<script defer src="//play.pokemonshowdown.com/data/teambuilder-tables.js?0.6008791140282215"></script>
<script defer src="//play.pokemonshowdown.com/js/battle-tooltips.js?0.7580118955022959"></script>
<script defer src="//play.pokemonshowdown.com/js/battle.js?0.6057722274234274"></script>

<script defer src="js/utils.js?e31f9a17"></script>
<script defer src="js/replays-battle.js?7008c182"></script>

<!-- don't scrape this data! just add .json or .log after the URL!
Full API docs: https://github.com/smogon/pokemon-showdown-client/blob/master/WEB-API.md -->
<script type="text/plain" class="log" id="replaylog-smogtours-gen3ou-803508">
|inactive|Battle timer is ON: inactive players will automatically lose when time's up.
|t:|1730330098
|gametype|singles
|player|p1|thedolla|gambler|
|player|p2|lax|#lax|
|teamsize|p1|6
|teamsize|p2|6
|gen|3
|tier|[Gen 3] OU
|rule|Sleep Clause Mod: Limit one foe put to sleep
|rule|Switch Priority Clause Mod: Faster Pokémon switch first
|rule|Species Clause: Limit one of each Pokémon
|rule|OHKO Clause: OHKO moves are banned
|rule|Evasion Items Clause: Evasion items are banned
|rule|Evasion Moves Clause: Evasion moves are banned
|rule|Endless Battle Clause: Forcing endless battles is banned
|rule|HP Percentage Mod: HP is shown in percentages
|rule|One Boost Passer Clause: Limit one Baton Passer that has a way to boost its stats
|rule|Freeze Clause Mod: Limit one foe frozen
|
|t:|1730330098
|start
|switch|p1a: oi UE|Zapdos|100/100
|switch|p2a: Smeargle|Smeargle, M|100/100
|turn|1
|
|t:|1730330125
|move|p1a: oi UE|Thunderbolt|p2a: Smeargle
|-damage|p2a: Smeargle|15/100
|move|p2a: Smeargle|Spore|p1a: oi UE
|-status|p1a: oi UE|slp|[from] move: Spore
|
|-enditem|p2a: Smeargle|Salac Berry|[eat]
|-boost|p2a: Smeargle|spe|1|[from] item: Salac Berry
|upkeep
|turn|2
|
|t:|1730330139
|switch|p1a: me woif|Swampert, M|100/100
|move|p2a: Smeargle|Spikes|p1a: me woif
|-sidestart|p1: thedolla|Spikes
|
|upkeep
|turn|3
|
|t:|1730330142
|move|p2a: Smeargle|Destiny Bond|p2a: Smeargle
|-singlemove|p2a: Smeargle|Destiny Bond
|move|p1a: me woif|Earthquake|p2a: Smeargle
|-damage|p2a: Smeargle|0 fnt
|faint|p2a: Smeargle
|-activate|p2a: Smeargle|move: Destiny Bond
|faint|p1a: me woif
|
|t:|1730330155
|switch|p2a: Zapdos|Zapdos|100/100
|switch|p1a: ashley look at me|Tyranitar, F|100/100
|-damage|p1a: ashley look at me|88/100|[from] Spikes
|-weather|Sandstorm|[from] ability: Sand Stream|[of] p1a: ashley look at me
|
|-weather|Sandstorm|[upkeep]
|-damage|p2a: Zapdos|94/100|[from] Sandstorm
|-heal|p2a: Zapdos|100/100|[from] item: Leftovers
|-heal|p1a: ashley look at me|94/100|[from] item: Leftovers
|upkeep
|turn|4
|
|t:|1730330160
|move|p2a: Zapdos|Baton Pass|p2a: Zapdos
|
|t:|1730330166
|switch|p2a: Swampert|Swampert, M|100/100|[from] Baton Pass
|move|p1a: ashley look at me|Ice Beam|p2a: Swampert
|-damage|p2a: Swampert|71/100
|
|-weather|Sandstorm|[upkeep]
|-heal|p1a: ashley look at me|100/100|[from] item: Leftovers
|upkeep
|turn|5
|
|t:|1730330171
|move|p2a: Swampert|Substitute|p2a: Swampert
|-start|p2a: Swampert|Substitute
|-damage|p2a: Swampert|46/100
|move|p1a: ashley look at me|Hidden Power|p2a: Swampert
|-supereffective|p2a: Swampert
|-end|p2a: Swampert|Substitute
|
|-weather|Sandstorm|[upkeep]
|upkeep
|turn|6
|
|t:|1730330189
|move|p2a: Swampert|Substitute|p2a: Swampert
|-start|p2a: Swampert|Substitute
|-damage|p2a: Swampert|21/100
|move|p1a: ashley look at me|Hidden Power|p2a: Swampert
|-supereffective|p2a: Swampert
|-end|p2a: Swampert|Substitute
|
|-weather|Sandstorm|[upkeep]
|-enditem|p2a: Swampert|Salac Berry|[eat]
|-boost|p2a: Swampert|spe|1|[from] item: Salac Berry
|upkeep
|turn|7
|
|t:|1730330193
|move|p2a: Swampert|Surf|p1a: ashley look at me
|-supereffective|p1a: ashley look at me
|-damage|p1a: ashley look at me|14/100
|move|p1a: ashley look at me|Hidden Power|p2a: Swampert
|-supereffective|p2a: Swampert
|-damage|p2a: Swampert|0 fnt
|faint|p2a: Swampert
|
|t:|1730330196
|switch|p2a: Zapdos|Zapdos|100/100
|
|-weather|Sandstorm|[upkeep]
|-damage|p2a: Zapdos|94/100|[from] Sandstorm
|-heal|p2a: Zapdos|100/100|[from] item: Leftovers
|-heal|p1a: ashley look at me|21/100|[from] item: Leftovers
|upkeep
|turn|8
|
|t:|1730330202
|switch|p1a: oi UE|Zapdos|100/100 slp
|move|p2a: Zapdos|Thunderbolt|p1a: oi UE
|-damage|p1a: oi UE|47/100 slp
|
|-weather|Sandstorm|[upkeep]
|-damage|p2a: Zapdos|94/100|[from] Sandstorm
|-damage|p1a: oi UE|41/100 slp|[from] Sandstorm
|-heal|p2a: Zapdos|100/100|[from] item: Leftovers
|-heal|p1a: oi UE|47/100 slp|[from] item: Leftovers
|upkeep
|turn|9
|
|t:|1730330210
|move|p2a: Zapdos|Substitute|p2a: Zapdos
|-start|p2a: Zapdos|Substitute
|-damage|p2a: Zapdos|75/100
|cant|p1a: oi UE|slp
|
|-weather|Sandstorm|[upkeep]
|-damage|p2a: Zapdos|69/100|[from] Sandstorm
|-damage|p1a: oi UE|41/100 slp|[from] Sandstorm
|-heal|p2a: Zapdos|75/100|[from] item: Leftovers
|-heal|p1a: oi UE|47/100 slp|[from] item: Leftovers
|upkeep
|turn|10
|
|t:|1730330214
|move|p2a: Zapdos|Thunderbolt|p1a: oi UE
|-damage|p1a: oi UE|0 fnt
|faint|p1a: oi UE
|
|t:|1730330218
|switch|p1a: homelanda killed|Jirachi|100/100
|-damage|p1a: homelanda killed|88/100|[from] Spikes
|
|-weather|Sandstorm|[upkeep]
|-damage|p2a: Zapdos|69/100|[from] Sandstorm
|-heal|p2a: Zapdos|75/100|[from] item: Leftovers
|upkeep
|turn|11
|
|t:|1730330220
|move|p1a: homelanda killed|Body Slam|p2a: Zapdos
|-crit|p2a: Zapdos
|-end|p2a: Zapdos|Substitute
|move|p2a: Zapdos|Thunderbolt|p1a: homelanda killed
|-damage|p1a: homelanda killed|39/100
|
|-weather|Sandstorm|[upkeep]
|-damage|p2a: Zapdos|69/100|[from] Sandstorm
|-heal|p2a: Zapdos|75/100|[from] item: Leftovers
|upkeep
|turn|12
|
|t:|1730330230
|move|p1a: homelanda killed|Body Slam|p2a: Zapdos
|-damage|p2a: Zapdos|36/100
|move|p2a: Zapdos|Thunderbolt|p1a: homelanda killed
|-damage|p1a: homelanda killed|0 fnt
|faint|p1a: homelanda killed
|
|t:|1730330233
|switch|p1a: 500 yummers|Aerodactyl, F|100/100
|
|-weather|Sandstorm|[upkeep]
|-damage|p2a: Zapdos|30/100|[from] Sandstorm
|-heal|p2a: Zapdos|36/100|[from] item: Leftovers
|upkeep
|turn|13
|
|t:|1730330238
|switch|p2a: Metagross|Metagross|100/100
|move|p1a: 500 yummers|Rock Slide|p2a: Metagross
|-resisted|p2a: Metagross
|-damage|p2a: Metagross|87/100
|
|-weather|Sandstorm|[upkeep]
|-heal|p2a: Metagross|93/100|[from] item: Leftovers
|upkeep
|turn|14
|
|t:|1730330242
|move|p1a: 500 yummers|Substitute|p1a: 500 yummers
|-start|p1a: 500 yummers|Substitute
|-damage|p1a: 500 yummers|75/100
|move|p2a: Metagross|Agility|p2a: Metagross
|-boost|p2a: Metagross|spe|2
|
|-weather|Sandstorm|[upkeep]
|-heal|p2a: Metagross|99/100|[from] item: Leftovers
|upkeep
|turn|15
|
|t:|1730330244
|move|p2a: Metagross|Meteor Mash|p1a: 500 yummers
|-supereffective|p1a: 500 yummers
|-end|p1a: 500 yummers|Substitute
|move|p1a: 500 yummers|Earthquake|p2a: Metagross
|-supereffective|p2a: Metagross
|-damage|p2a: Metagross|52/100
|
|-weather|Sandstorm|[upkeep]
|-heal|p2a: Metagross|58/100|[from] item: Leftovers
|upkeep
|turn|16
|
|t:|1730330249
|switch|p1a: ashley look at me|Tyranitar, F|21/100
|-damage|p1a: ashley look at me|8/100|[from] Spikes
|move|p2a: Metagross|Meteor Mash|p1a: ashley look at me
|-supereffective|p1a: ashley look at me
|-damage|p1a: ashley look at me|0 fnt
|faint|p1a: ashley look at me
|
|t:|1730330250
|switch|p1a: deep blow a train|Salamence, M|100/100
|-ability|p1a: deep blow a train|Intimidate|boost
|-fail|p2a: Metagross|unboost|[from] ability: Clear Body|[of] p2a: Metagross
|
|-weather|Sandstorm|[upkeep]
|-damage|p1a: deep blow a train|94/100|[from] Sandstorm
|-heal|p2a: Metagross|64/100|[from] item: Leftovers
|-heal|p1a: deep blow a train|100/100|[from] item: Leftovers
|upkeep
|turn|17
|
|t:|1730330259
|switch|p2a: Zapdos|Zapdos|36/100
|move|p1a: deep blow a train|Fire Blast|p2a: Zapdos
|-damage|p2a: Zapdos|0 fnt
|faint|p2a: Zapdos
|
|t:|1730330264
|switch|p2a: Gengar|Gengar, M|100/100
|
|-weather|Sandstorm|[upkeep]
|-damage|p2a: Gengar|94/100|[from] Sandstorm
|-damage|p1a: deep blow a train|94/100|[from] Sandstorm
|-heal|p2a: Gengar|100/100|[from] item: Leftovers
|-heal|p1a: deep blow a train|100/100|[from] item: Leftovers
|upkeep
|turn|18
|
|t:|1730330267
|move|p2a: Gengar|Will-O-Wisp|p1a: deep blow a train
|-status|p1a: deep blow a train|brn
|move|p1a: deep blow a train|Dragon Claw|p2a: Gengar
|-damage|p2a: Gengar|46/100
|
|-weather|Sandstorm|[upkeep]
|-damage|p2a: Gengar|40/100|[from] Sandstorm
|-damage|p1a: deep blow a train|94/100 brn|[from] Sandstorm
|-heal|p2a: Gengar|46/100|[from] item: Leftovers
|-heal|p1a: deep blow a train|100/100 brn|[from] item: Leftovers
|-damage|p1a: deep blow a train|88/100 brn|[from] brn
|upkeep
|turn|19
|
|t:|1730330270
|move|p2a: Gengar|Substitute|p2a: Gengar
|-start|p2a: Gengar|Substitute
|-damage|p2a: Gengar|21/100
|move|p1a: deep blow a train|Dragon Claw|p2a: Gengar
|-end|p2a: Gengar|Substitute
|
|-weather|Sandstorm|[upkeep]
|-damage|p2a: Gengar|15/100|[from] Sandstorm
|-damage|p1a: deep blow a train|82/100 brn|[from] Sandstorm
|-heal|p2a: Gengar|21/100|[from] item: Leftovers
|-heal|p1a: deep blow a train|88/100 brn|[from] item: Leftovers
|-damage|p1a: deep blow a train|76/100 brn|[from] brn
|upkeep
|turn|20
|
|t:|1730330274
|move|p2a: Gengar|Explosion|p1a: deep blow a train
|-damage|p1a: deep blow a train|0 fnt
|faint|p2a: Gengar
|faint|p1a: deep blow a train
|
|t:|1730330279
|switch|p2a: Metagross|Metagross|64/100
|switch|p1a: 500 yummers|Aerodactyl, F|75/100
|
|-weather|Sandstorm|[upkeep]
|-heal|p2a: Metagross|70/100|[from] item: Leftovers
|upkeep
|turn|21
|
|t:|1730330283
|move|p1a: 500 yummers|Earthquake|p2a: Metagross
|-supereffective|p2a: Metagross
|-damage|p2a: Metagross|21/100
|move|p2a: Metagross|Agility|p2a: Metagross
|-boost|p2a: Metagross|spe|2
|
|-weather|Sandstorm|[upkeep]
|-heal|p2a: Metagross|27/100|[from] item: Leftovers
|upkeep
|turn|22
|
|t:|1730330286
|move|p2a: Metagross|Explosion|p1a: 500 yummers
|-resisted|p1a: 500 yummers
|-damage|p1a: 500 yummers|0 fnt
|faint|p2a: Metagross
|faint|p1a: 500 yummers
|
|win|lax
|c|☆thedolla|gg
|c|☆lax|ggs
|c|☆lax|/log lax made the replay of this battle unlisted.
|player|p2|

</script>
<script type="application/json" class="data" id="replaydata-smogtours-gen3ou-803508">
{"id":"smogtours-gen3ou-803508","format":"[Gen 3] OU","players":["thedolla","lax"],"uploadtime":1730330286,"views":76,"formatid":"gen3ou","rating":null,"private":1,"password":null}
</script>

<script defer src="js/replays.js?9d40a366"></script>
