<!DOCTYPE html>
<meta charset="utf-8" />
<meta name="viewport" content="width=device-width" />

<title>[Gen 3] OU: datguycactus vs. rezzo64 - Replays - Pok&eacute;mon Showdown!</title>

<meta name="description" content="Watch a replay of a Pok&eacute;mon battle between datguycactus and rezzo64! Format: [Gen 3] OU; Date: Oct 27, 2024" />
<!--

Hey, you! Looking in the source for the replay log?

You can find them in JSON format, just add `.json` at the end of a replay URL.

https://replay.pokemonshowdown.com/gen7randomdoublesbattle-865046831.json

Or, if you only need the log itself, add `.log` instead:

https://replay.pokemonshowdown.com/gen7randomdoublesbattle-865046831.log

-->

<link rel="stylesheet" href="//pokemonshowdown.com/style/global.css?0.767286132409787" />
<link rel="stylesheet" href="//play.pokemonshowdown.com/style/font-awesome.css?0.9266228007934947" />
<link rel="stylesheet" href="//play.pokemonshowdown.com/style/battle.css?0.7924700842790926" />
<link rel="stylesheet" href="//play.pokemonshowdown.com/style/utilichart.css?0.8777417872839479" />

<!-- Global site tag (gtag.js) - Google Analytics -->
<script async src="https://www.googletagmanager.com/gtag/js?id=UA-26211653-1"></script>
<script>
  window.dataLayer = window.dataLayer || [];
  function gtag(){dataLayer.push(arguments);}
  gtag('js', new Date());

  gtag('config', 'UA-26211653-1');
</script>
<!-- End Google Analytics -->
<!-- Venatus Ad Manager - Install in <HEAD> of page -->
	<script src="https://hb.vntsm.com/v3/live/ad-manager.min.js" type="text/javascript" data-site-id="642aba63ec9a7b11c3c9c1be" data-mode="scan" async></script>
<!-- / Venatus Ad Manager -->

<style>
	@media (max-width:820px) {
		.battle {
			margin: 0 auto;
		}
		.battle-log {
			margin: 7px auto 0;
			max-width: 640px;
			height: 300px;
			position: static;
		}
	}
	.optgroup {
		display: inline-block;
		line-height: 22px;
		font-size: 10pt;
	}
	.optgroup .button {
		height: 25px;
		padding-top: 0;
		padding-bottom: 0;
	}
	.optgroup button.button {
		padding-left: 12px;
		padding-right: 12px;
	}
	.linklist {
		list-style: none;
		margin: 0.5em 0;
		padding: 0;
	}
	.linklist li {
		padding: 2px 0;
	}
	.sidebar {
		float: left;
		width: 320px;
	}
	.bar-wrapper {
		max-width: 1100px;
		margin: 0 auto;
	}
	.bar-wrapper.has-sidebar {
		max-width: 1430px;
	}
	.mainbar {
		margin: 0;
		padding-right: 1px;
	}
	.mainbar.has-sidebar {
		margin-left: 330px;
	}
	@media (min-width: 1511px) {
		.sidebar {
			width: 400px;
		}
		.bar-wrapper.has-sidebar {
			max-width: 1510px;
		}
		.mainbar.has-sidebar {
			margin-left: 410px;
		}
	}
	.section.first-section {
		margin-top: 9px;
	}
	.blocklink small {
		white-space: normal;
	}
	.button {
		vertical-align: middle;
	}
	.replay-controls {
		padding-top: 10px;
	}
	.replay-controls h1 {
		font-size: 16pt;
		font-weight: normal;
		color: #CCC;
	}
	.pagelink {
		text-align: center;
	}
	.pagelink a {
		width: 150px;
	}
	.textbox, .button {
		font-size: 11pt;
		vertical-align: middle;
	}
	@media (max-width: 450px) {
		.button {
			font-size: 9pt;
		}
	}
</style>

<div>

	<header>
		<div class="nav-wrapper"><ul class="nav">
			<li><a class="button nav-first" href="//pokemonshowdown.com/"><img src="//pokemonshowdown.com/images/pokemonshowdownbeta.png" srcset="//pokemonshowdown.com/images/pokemonshowdownbeta.png 1x, //pokemonshowdown.com/images/pokemonshowdownbeta@2x.png 2x" alt="Pok&eacute;mon Showdown" width="146" height="44" /> Home</a></li>
			<li><a class="button" href="//pokemonshowdown.com/dex/">Pok&eacute;dex</a></li>
			<li><a class="button cur" href="/">Replays</a></li>
			<li><a class="button" href="//pokemonshowdown.com/ladder/">Ladder</a></li>
			<li><a class="button nav-last" href="//pokemonshowdown.com/forums/">Forum</a></li>
			<li><a class="button greenbutton nav-first nav-last" href="//play.pokemonshowdown.com/">Play</a></li>
		</ul></div>
	</header>

	<div class="main" id="main">

		<noscript><section class="section">You need to enable JavaScript to use this page; sorry!</section></noscript>

	</div>

</div>

<script defer nomodule src="//play.pokemonshowdown.com/js/lib/ps-polyfill.js"></script>
<script defer src="//play.pokemonshowdown.com/js/lib/preact.min.js"></script>

<script defer src="//play.pokemonshowdown.com/config/config.js?6dec07f6"></script>
<script defer src="//play.pokemonshowdown.com/js/lib/jquery-1.11.0.min.js"></script>
<script defer src="//play.pokemonshowdown.com/js/lib/html-sanitizer-minified.js"></script>
<script defer src="//play.pokemonshowdown.com/js/battle-sound.js"></script>
<script defer src="//play.pokemonshowdown.com/js/battledata.js?0.6315294753075389"></script>
<script defer src="//play.pokemonshowdown.com/data/pokedex-mini.js?0.7603743185311358"></script>
<script defer src="//play.pokemonshowdown.com/data/pokedex-mini-bw.js?0.030888842834281283"></script>
<script defer src="//play.pokemonshowdown.com/data/graphics.js?0.05593094747507488"></script>
<script defer src="//play.pokemonshowdown.com/data/pokedex.js?0.47064822249611904"></script>
<script defer src="//play.pokemonshowdown.com/data/moves.js?0.8583693120512459"></script>
<script defer src="//play.pokemonshowdown.com/data/abilities.js?0.16017181182386842"></script>
<script defer src="//play.pokemonshowdown.com/data/items.js?0.4163379185673943"></script>
<script defer src="//play.pokemonshowdown.com/data/teambuilder-tables.js?0.31075597372830477"></script>
<script defer src="//play.pokemonshowdown.com/js/battle-tooltips.js?0.6536193500708172"></script>
<script defer src="//play.pokemonshowdown.com/js/battle.js?0.1916591943277901"></script>

<script defer src="js/utils.js?e31f9a17"></script>
<script defer src="js/replays-battle.js?7008c182"></script>

<!-- don't scrape this data! just add .json or .log after the URL!
Full API docs: https://github.com/smogon/pokemon-showdown-client/blob/master/WEB-API.md -->
<script type="text/plain" class="log" id="replaylog-smogtours-gen3ou-802539">
|inactive|Battle timer is ON: inactive players will automatically lose when time's up.
|t:|1730048923
|gametype|singles
|player|p1|datguycactus|265|
|player|p2|rezzo64|worker|
|teamsize|p1|6
|teamsize|p2|6
|gen|3
|tier|[Gen 3] OU
|rule|Sleep Clause Mod: Limit one foe put to sleep
|rule|Switch Priority Clause Mod: Faster Pokémon switch first
|rule|Species Clause: Limit one of each Pokémon
|rule|OHKO Clause: OHKO moves are banned
|rule|Evasion Items Clause: Evasion items are banned
|rule|Evasion Moves Clause: Evasion moves are banned
|rule|Endless Battle Clause: Forcing endless battles is banned
|rule|HP Percentage Mod: HP is shown in percentages
|rule|One Boost Passer Clause: Limit one Baton Passer that has a way to boost its stats
|rule|Freeze Clause Mod: Limit one foe frozen
|
|t:|1730048923
|start
|switch|p1a: Tyranitar|Tyranitar, F|100/100
|switch|p2a: Zapdos|Zapdos|100/100
|-weather|Sandstorm|[from] ability: Sand Stream|[of] p1a: Tyranitar
|turn|1
|
|t:|1730048933
|move|p2a: Zapdos|Hidden Power|p1a: Tyranitar
|-supereffective|p1a: Tyranitar
|-damage|p1a: Tyranitar|0 fnt
|faint|p1a: Tyranitar
|
|t:|1730048939
|switch|p1a: Salamence|Salamence, M|100/100
|-ability|p1a: Salamence|Intimidate|boost
|-unboost|p2a: Zapdos|atk|1
|
|-weather|Sandstorm|[upkeep]
|-damage|p1a: Salamence|94/100|[from] Sandstorm
|-damage|p2a: Zapdos|94/100|[from] Sandstorm
|-heal|p1a: Salamence|100/100|[from] item: Leftovers
|upkeep
|turn|2
|
|t:|1730048959
|switch|p2a: Swampert|Swampert, M|100/100
|move|p1a: Salamence|Rock Slide|p2a: Swampert
|-resisted|p2a: Swampert
|-damage|p2a: Swampert|86/100
|
|-weather|Sandstorm|[upkeep]
|-damage|p1a: Salamence|94/100|[from] Sandstorm
|-heal|p1a: Salamence|100/100|[from] item: Leftovers
|-heal|p2a: Swampert|93/100|[from] item: Leftovers
|upkeep
|turn|3
|
|t:|1730048970
|switch|p1a: Skarmory|Skarmory, M|100/100
|move|p2a: Swampert|Rain Dance|p2a: Swampert
|-weather|RainDance
|
|-weather|RainDance|[upkeep]
|-heal|p2a: Swampert|99/100|[from] item: Leftovers
|upkeep
|turn|4
|
|t:|1730048975
|move|p2a: Swampert|Hydro Pump|p1a: Skarmory
|-damage|p1a: Skarmory|27/100
|move|p1a: Skarmory|Spikes|p2a: Swampert
|-sidestart|p2: rezzo64|Spikes
|
|-weather|RainDance|[upkeep]
|-heal|p2a: Swampert|100/100|[from] item: Leftovers
|-heal|p1a: Skarmory|33/100|[from] item: Leftovers
|upkeep
|turn|5
|
|t:|1730048981
|move|p1a: Skarmory|Protect|p1a: Skarmory
|-singleturn|p1a: Skarmory|Protect
|move|p2a: Swampert|Hydro Pump|p1a: Skarmory
|-activate|p1a: Skarmory|Protect
|
|-weather|RainDance|[upkeep]
|-heal|p1a: Skarmory|39/100|[from] item: Leftovers
|upkeep
|turn|6
|
|t:|1730048983
|switch|p1a: Starmie|Starmie|100/100
|move|p2a: Swampert|Hydro Pump|p1a: Starmie
|-resisted|p1a: Starmie
|-damage|p1a: Starmie|51/100
|
|-weather|RainDance|[upkeep]
|-heal|p1a: Starmie|58/100|[from] item: Leftovers
|upkeep
|turn|7
|
|t:|1730048991
|move|p1a: Starmie|Recover|p1a: Starmie
|-heal|p1a: Starmie|100/100
|move|p2a: Swampert|Earthquake|p1a: Starmie
|-damage|p1a: Starmie|52/100
|
|-weather|none
|-heal|p1a: Starmie|58/100|[from] item: Leftovers
|upkeep
|turn|8
|
|t:|1730048998
|switch|p1a: Charizard|Charizard, M|100/100
|switch|p2a: 小呆|Snorlax, F, shiny|100/100
|-damage|p2a: 小呆|88/100|[from] Spikes
|
|-heal|p2a: 小呆|94/100|[from] item: Leftovers
|upkeep
|turn|9
|
|t:|1730049027
|move|p1a: Charizard|Substitute|p1a: Charizard
|-start|p1a: Charizard|Substitute
|-damage|p1a: Charizard|76/100
|move|p2a: 小呆|Body Slam|p1a: Charizard
|-end|p1a: Charizard|Substitute
|
|-heal|p1a: Charizard|82/100|[from] item: Leftovers
|-heal|p2a: 小呆|100/100|[from] item: Leftovers
|upkeep
|turn|10
|
|t:|1730049034
|switch|p1a: Skarmory|Skarmory, M|39/100
|move|p2a: 小呆|Body Slam|p1a: Skarmory
|-resisted|p1a: Skarmory
|-damage|p1a: Skarmory|24/100
|
|-heal|p1a: Skarmory|30/100|[from] item: Leftovers
|upkeep
|turn|11
|inactive|rezzo64 has 270 seconds left.
|
|t:|1730049068
|move|p1a: Skarmory|Spikes|p2a: 小呆
|-sidestart|p2: rezzo64|Spikes
|move|p2a: 小呆|Body Slam|p1a: Skarmory
|-resisted|p1a: Skarmory
|-damage|p1a: Skarmory|12/100
|
|-heal|p1a: Skarmory|18/100|[from] item: Leftovers
|upkeep
|turn|12
|
|t:|1730049074
|move|p1a: Skarmory|Spikes|p2a: 小呆
|-sidestart|p2: rezzo64|Spikes
|move|p2a: 小呆|Body Slam|p1a: Skarmory
|-resisted|p1a: Skarmory
|-damage|p1a: Skarmory|1/100
|
|-heal|p1a: Skarmory|7/100|[from] item: Leftovers
|upkeep
|turn|13
|
|t:|1730049079
|move|p1a: Skarmory|Protect|p1a: Skarmory
|-singleturn|p1a: Skarmory|Protect
|move|p2a: 小呆|Body Slam|p1a: Skarmory
|-activate|p1a: Skarmory|Protect
|
|-heal|p1a: Skarmory|13/100|[from] item: Leftovers
|upkeep
|turn|14
|
|t:|1730049089
|switch|p1a: Salamence|Salamence, M|100/100
|-ability|p1a: Salamence|Intimidate|boost
|-unboost|p2a: 小呆|atk|1
|move|p2a: 小呆|Body Slam|p1a: Salamence
|-damage|p1a: Salamence|65/100
|
|-heal|p1a: Salamence|71/100|[from] item: Leftovers
|upkeep
|turn|15
|
|t:|1730049106
|move|p1a: Salamence|Hidden Power|p2a: 小呆
|-damage|p2a: 小呆|64/100
|move|p2a: 小呆|Body Slam|p1a: Salamence
|-damage|p1a: Salamence|40/100
|-status|p1a: Salamence|par
|
|-heal|p2a: 小呆|70/100|[from] item: Leftovers
|-heal|p1a: Salamence|46/100 par|[from] item: Leftovers
|upkeep
|turn|16
|
|t:|1730049116
|move|p2a: 小呆|Body Slam|p1a: Salamence
|-damage|p1a: Salamence|11/100 par
|move|p1a: Salamence|Hidden Power|p2a: 小呆
|-damage|p2a: 小呆|34/100
|
|-heal|p2a: 小呆|40/100|[from] item: Leftovers
|-heal|p1a: Salamence|17/100 par|[from] item: Leftovers
|upkeep
|turn|17
|
|t:|1730049122
|move|p2a: 小呆|Body Slam|p1a: Salamence
|-damage|p1a: Salamence|0 fnt
|faint|p1a: Salamence
|
|t:|1730049124
|switch|p1a: Skarmory|Skarmory, M|13/100
|
|-heal|p1a: Skarmory|19/100|[from] item: Leftovers
|-heal|p2a: 小呆|47/100|[from] item: Leftovers
|upkeep
|turn|18
|
|t:|1730049127
|move|p2a: 小呆|Body Slam|p1a: Skarmory
|-resisted|p1a: Skarmory
|-damage|p1a: Skarmory|8/100
|move|p1a: Skarmory|Roar|p2a: 小呆
|drag|p2a: Swampert|Swampert, M|100/100
|-damage|p2a: Swampert|76/100|[from] Spikes
|
|-heal|p2a: Swampert|82/100|[from] item: Leftovers
|-heal|p1a: Skarmory|14/100|[from] item: Leftovers
|upkeep
|turn|19
|
|t:|1730049134
|move|p1a: Skarmory|Protect|p1a: Skarmory
|-singleturn|p1a: Skarmory|Protect
|move|p2a: Swampert|Ice Beam|p1a: Skarmory
|-activate|p1a: Skarmory|Protect
|
|-heal|p2a: Swampert|88/100|[from] item: Leftovers
|-heal|p1a: Skarmory|20/100|[from] item: Leftovers
|upkeep
|turn|20
|
|t:|1730049142
|switch|p2a: Zapdos|Zapdos|94/100
|switch|p1a: Swampert|Swampert, M|100/100
|
|upkeep
|turn|21
|inactive|rezzo64 has 270 seconds left.
|
|t:|1730049188
|switch|p2a: 小呆|Snorlax, F, shiny|47/100
|-damage|p2a: 小呆|22/100|[from] Spikes
|move|p1a: Swampert|Ice Beam|p2a: 小呆
|-crit|p2a: 小呆
|-damage|p2a: 小呆|0 fnt
|faint|p2a: 小呆
|
|t:|1730049201
|switch|p2a: Suicune|Suicune|100/100
|-damage|p2a: Suicune|75/100|[from] Spikes
|
|-heal|p2a: Suicune|82/100|[from] item: Leftovers
|upkeep
|turn|22
|
|t:|1730049206
|switch|p1a: Starmie|Starmie|58/100
|move|p2a: Suicune|Calm Mind|p2a: Suicune
|-boost|p2a: Suicune|spa|1
|-boost|p2a: Suicune|spd|1
|
|-heal|p1a: Starmie|64/100|[from] item: Leftovers
|-heal|p2a: Suicune|88/100|[from] item: Leftovers
|upkeep
|turn|23
|
|t:|1730049217
|move|p1a: Starmie|Thunder Wave|p2a: Suicune
|-status|p2a: Suicune|par
|move|p2a: Suicune|Surf|p1a: Starmie
|-resisted|p1a: Starmie
|-damage|p1a: Starmie|37/100
|
|-heal|p1a: Starmie|43/100|[from] item: Leftovers
|-heal|p2a: Suicune|94/100 par|[from] item: Leftovers
|upkeep
|turn|24
|
|t:|1730049239
|move|p1a: Starmie|Recover|p1a: Starmie
|-heal|p1a: Starmie|93/100
|move|p2a: Suicune|Rest|p2a: Suicune
|-status|p2a: Suicune|slp|[from] move: Rest
|-heal|p2a: Suicune|100/100 slp|[silent]
|
|-heal|p1a: Starmie|99/100|[from] item: Leftovers
|upkeep
|turn|25
|
|t:|1730049243
|switch|p1a: Skarmory|Skarmory, M|20/100
|cant|p2a: Suicune|slp
|
|-heal|p1a: Skarmory|26/100|[from] item: Leftovers
|upkeep
|turn|26
|
|t:|1730049250
|cant|p2a: Suicune|slp
|move|p1a: Skarmory|Roar|p2a: Suicune
|drag|p2a: Zapdos|Zapdos|94/100
|
|-heal|p1a: Skarmory|32/100|[from] item: Leftovers
|upkeep
|turn|27
|inactive|rezzo64 has 270 seconds left.
|
|t:|1730049267
|switch|p2a: 西瓜|Metagross, shiny|100/100
|-damage|p2a: 西瓜|76/100|[from] Spikes
|move|p1a: Skarmory|Protect||[still]
|-fail|p1a: Skarmory
|
|-heal|p1a: Skarmory|38/100|[from] item: Leftovers
|upkeep
|turn|28
|inactive|rezzo64 has 270 seconds left.
|
|t:|1730049279
|move|p1a: Skarmory|Protect|p1a: Skarmory
|-singleturn|p1a: Skarmory|Protect
|move|p2a: 西瓜|Brick Break|p1a: Skarmory
|-activate|p1a: Skarmory|Protect
|
|-heal|p1a: Skarmory|44/100|[from] item: Leftovers
|upkeep
|turn|29
|
|t:|1730049285
|switch|p1a: Charizard|Charizard, M|82/100
|move|p2a: 西瓜|Brick Break|p1a: Charizard
|-resisted|p1a: Charizard
|-damage|p1a: Charizard|51/100
|
|-heal|p1a: Charizard|57/100|[from] item: Leftovers
|upkeep
|turn|30
|
|t:|1730049294
|switch|p2a: Suicune|Suicune|100/100 slp
|-damage|p2a: Suicune|75/100 slp|[from] Spikes
|move|p1a: Charizard|Substitute|p1a: Charizard
|-start|p1a: Charizard|Substitute
|-damage|p1a: Charizard|32/100
|
|-heal|p1a: Charizard|38/100|[from] item: Leftovers
|-heal|p2a: Suicune|82/100 slp|[from] item: Leftovers
|upkeep
|turn|31
|
|t:|1730049301
|move|p1a: Charizard|Hidden Power|p2a: Suicune
|-supereffective|p2a: Suicune
|-damage|p2a: Suicune|54/100 slp
|-curestatus|p2a: Suicune|slp|[msg]
|move|p2a: Suicune|Roar|p1a: Charizard
|drag|p1a: Starmie|Starmie|99/100
|
|-heal|p1a: Starmie|100/100|[from] item: Leftovers
|-heal|p2a: Suicune|60/100|[from] item: Leftovers
|upkeep
|turn|32
|
|t:|1730049310
|move|p1a: Starmie|Thunder Wave|p2a: Suicune
|-status|p2a: Suicune|par
|move|p2a: Suicune|Calm Mind|p2a: Suicune
|-boost|p2a: Suicune|spa|1
|-boost|p2a: Suicune|spd|1
|
|-heal|p2a: Suicune|66/100 par|[from] item: Leftovers
|upkeep
|turn|33
|
|t:|1730049317
|switch|p1a: Swampert|Swampert, M|100/100
|cant|p2a: Suicune|par
|
|-heal|p2a: Suicune|73/100 par|[from] item: Leftovers
|upkeep
|turn|34
|
|t:|1730049323
|move|p1a: Swampert|Earthquake|p2a: Suicune
|-damage|p2a: Suicune|45/100 par
|move|p2a: Suicune|Surf|p1a: Swampert
|-damage|p1a: Swampert|61/100
|
|-heal|p1a: Swampert|67/100|[from] item: Leftovers
|-heal|p2a: Suicune|51/100 par|[from] item: Leftovers
|upkeep
|turn|35
|
|t:|1730049332
|move|p1a: Swampert|Earthquake|p2a: Suicune
|-damage|p2a: Suicune|23/100 par
|move|p2a: Suicune|Rest|p2a: Suicune
|-status|p2a: Suicune|slp|[from] move: Rest
|-heal|p2a: Suicune|100/100 slp|[silent]
|
|-heal|p1a: Swampert|73/100|[from] item: Leftovers
|upkeep
|turn|36
|
|t:|1730049336
|switch|p1a: Skarmory|Skarmory, M|44/100
|cant|p2a: Suicune|slp
|
|-heal|p1a: Skarmory|50/100|[from] item: Leftovers
|upkeep
|turn|37
|
|t:|1730049340
|cant|p2a: Suicune|slp
|move|p1a: Skarmory|Roar|p2a: Suicune
|drag|p2a: Swampert|Swampert, M|88/100
|-damage|p2a: Swampert|63/100|[from] Spikes
|
|-heal|p2a: Swampert|69/100|[from] item: Leftovers
|-heal|p1a: Skarmory|56/100|[from] item: Leftovers
|upkeep
|turn|38
|
|t:|1730049356
|move|p2a: Swampert|Hydro Pump|p1a: Skarmory|[miss]
|-miss|p2a: Swampert|p1a: Skarmory
|move|p1a: Skarmory|Toxic|p2a: Swampert
|-status|p2a: Swampert|tox
|
|-heal|p2a: Swampert|75/100 tox|[from] item: Leftovers
|-damage|p2a: Swampert|69/100 tox|[from] psn
|-heal|p1a: Skarmory|62/100|[from] item: Leftovers
|upkeep
|turn|39
|
|t:|1730049362
|switch|p1a: Starmie|Starmie|100/100
|move|p2a: Swampert|Hydro Pump|p1a: Starmie
|-resisted|p1a: Starmie
|-damage|p1a: Starmie|69/100
|
|-heal|p1a: Starmie|75/100|[from] item: Leftovers
|-heal|p2a: Swampert|75/100 tox|[from] item: Leftovers
|-damage|p2a: Swampert|63/100 tox|[from] psn
|upkeep
|turn|40
|
|t:|1730049373
|move|p1a: Starmie|Surf|p2a: Swampert
|-damage|p2a: Swampert|20/100 tox
|move|p2a: Swampert|Earthquake|p1a: Starmie
|-damage|p1a: Starmie|26/100
|
|-heal|p1a: Starmie|33/100|[from] item: Leftovers
|-heal|p2a: Swampert|26/100 tox|[from] item: Leftovers
|-damage|p2a: Swampert|8/100 tox|[from] psn
|upkeep
|turn|41
|
|t:|1730049390
|move|p1a: Starmie|Recover|p1a: Starmie
|-heal|p1a: Starmie|83/100
|move|p2a: Swampert|Earthquake|p1a: Starmie
|-damage|p1a: Starmie|37/100
|
|-heal|p1a: Starmie|43/100|[from] item: Leftovers
|-heal|p2a: Swampert|14/100 tox|[from] item: Leftovers
|-damage|p2a: Swampert|0 fnt|[from] psn
|faint|p2a: Swampert
|upkeep
|inactive|rezzo64 has 270 seconds left.
|
|t:|1730049426
|switch|p2a: Zapdos|Zapdos|94/100
|turn|42
|
|t:|1730049431
|move|p1a: Starmie|Recover|p1a: Starmie
|-heal|p1a: Starmie|93/100
|move|p2a: Zapdos|Drill Peck|p1a: Starmie
|-damage|p1a: Starmie|32/100
|
|-heal|p1a: Starmie|38/100|[from] item: Leftovers
|upkeep
|turn|43
|
|t:|1730049436
|switch|p1a: Skarmory|Skarmory, M|62/100
|move|p2a: Zapdos|Drill Peck|p1a: Skarmory
|-resisted|p1a: Skarmory
|-damage|p1a: Skarmory|40/100
|
|-heal|p1a: Skarmory|46/100|[from] item: Leftovers
|upkeep
|turn|44
|
|t:|1730049446
|switch|p2a: 西瓜|Metagross, shiny|76/100
|-damage|p2a: 西瓜|51/100|[from] Spikes
|move|p1a: Skarmory|Roar|p2a: 西瓜
|drag|p2a: Suicune|Suicune|100/100 slp
|-damage|p2a: Suicune|75/100 slp|[from] Spikes
|
|-heal|p2a: Suicune|82/100 slp|[from] item: Leftovers
|-heal|p1a: Skarmory|52/100|[from] item: Leftovers
|upkeep
|turn|45
|
|t:|1730049453
|switch|p1a: Swampert|Swampert, M|73/100
|-curestatus|p2a: Suicune|slp|[msg]
|move|p2a: Suicune|Surf|p1a: Swampert
|-damage|p1a: Swampert|48/100
|
|-heal|p2a: Suicune|88/100|[from] item: Leftovers
|-heal|p1a: Swampert|54/100|[from] item: Leftovers
|upkeep
|turn|46
|
|t:|1730049460
|move|p2a: Suicune|Calm Mind|p2a: Suicune
|-boost|p2a: Suicune|spa|1
|-boost|p2a: Suicune|spd|1
|move|p1a: Swampert|Earthquake|p2a: Suicune
|-damage|p2a: Suicune|59/100
|
|-heal|p2a: Suicune|66/100|[from] item: Leftovers
|-heal|p1a: Swampert|60/100|[from] item: Leftovers
|upkeep
|turn|47
|
|t:|1730049464
|move|p2a: Suicune|Surf|p1a: Swampert
|-damage|p1a: Swampert|17/100
|move|p1a: Swampert|Earthquake|p2a: Suicune
|-damage|p2a: Suicune|37/100
|
|-heal|p2a: Suicune|43/100|[from] item: Leftovers
|-heal|p1a: Swampert|24/100|[from] item: Leftovers
|upkeep
|turn|48
|
|t:|1730049471
|switch|p1a: Starmie|Starmie|38/100
|move|p2a: Suicune|Surf|p1a: Starmie
|-resisted|p1a: Starmie
|-damage|p1a: Starmie|10/100
|
|-heal|p1a: Starmie|17/100|[from] item: Leftovers
|-heal|p2a: Suicune|50/100|[from] item: Leftovers
|upkeep
|turn|49
|
|t:|1730049482
|move|p1a: Starmie|Recover|p1a: Starmie
|-heal|p1a: Starmie|67/100
|move|p2a: Suicune|Calm Mind|p2a: Suicune
|-boost|p2a: Suicune|spa|1
|-boost|p2a: Suicune|spd|1
|
|-heal|p1a: Starmie|73/100|[from] item: Leftovers
|-heal|p2a: Suicune|56/100|[from] item: Leftovers
|upkeep
|turn|50
|
|t:|1730049486
|move|p1a: Starmie|Thunder Wave|p2a: Suicune
|-status|p2a: Suicune|par
|move|p2a: Suicune|Calm Mind|p2a: Suicune
|-boost|p2a: Suicune|spa|1
|-boost|p2a: Suicune|spd|1
|
|-heal|p1a: Starmie|79/100|[from] item: Leftovers
|-heal|p2a: Suicune|62/100 par|[from] item: Leftovers
|upkeep
|turn|51
|
|t:|1730049491
|switch|p1a: Swampert|Swampert, M|24/100
|move|p2a: Suicune|Calm Mind|p2a: Suicune
|-boost|p2a: Suicune|spa|1
|-boost|p2a: Suicune|spd|1
|
|-heal|p1a: Swampert|30/100|[from] item: Leftovers
|-heal|p2a: Suicune|68/100 par|[from] item: Leftovers
|upkeep
|turn|52
|
|t:|1730049495
|move|p1a: Swampert|Earthquake|p2a: Suicune
|-crit|p2a: Suicune
|-damage|p2a: Suicune|9/100 par
|move|p2a: Suicune|Surf|p1a: Swampert
|-damage|p1a: Swampert|0 fnt
|faint|p1a: Swampert
|
|t:|1730049497
|switch|p1a: Charizard|Charizard, M|38/100
|
|-heal|p1a: Charizard|44/100|[from] item: Leftovers
|-heal|p2a: Suicune|15/100 par|[from] item: Leftovers
|upkeep
|turn|53
|inactive|rezzo64 has 270 seconds left.
|inactive|rezzo64 has 240 seconds left.
|
|t:|1730049558
|move|p1a: Charizard|Hidden Power|p2a: Suicune
|-supereffective|p2a: Suicune
|-damage|p2a: Suicune|6/100 par
|move|p2a: Suicune|Rest|p2a: Suicune
|-status|p2a: Suicune|slp|[from] move: Rest
|-heal|p2a: Suicune|100/100 slp|[silent]
|
|-heal|p1a: Charizard|50/100|[from] item: Leftovers
|upkeep
|turn|54
|
|t:|1730049566
|switch|p1a: Skarmory|Skarmory, M|52/100
|cant|p2a: Suicune|slp
|
|-heal|p1a: Skarmory|58/100|[from] item: Leftovers
|upkeep
|turn|55
|
|t:|1730049574
|cant|p2a: Suicune|slp
|move|p1a: Skarmory|Roar|p2a: Suicune
|drag|p2a: 西瓜|Metagross, shiny|51/100
|-damage|p2a: 西瓜|26/100|[from] Spikes
|
|-heal|p1a: Skarmory|64/100|[from] item: Leftovers
|upkeep
|turn|56
|
|t:|1730049592
|move|p1a: Skarmory|Protect|p1a: Skarmory
|-singleturn|p1a: Skarmory|Protect
|move|p2a: 西瓜|Meteor Mash|p1a: Skarmory
|-activate|p1a: Skarmory|Protect
|
|-heal|p1a: Skarmory|70/100|[from] item: Leftovers
|upkeep
|turn|57
|
|t:|1730049599
|switch|p1a: Starmie|Starmie|79/100
|move|p2a: 西瓜|Meteor Mash|p1a: Starmie
|-resisted|p1a: Starmie
|-damage|p1a: Starmie|30/100
|
|-heal|p1a: Starmie|36/100|[from] item: Leftovers
|upkeep
|turn|58
|
|t:|1730049624
|switch|p2a: Suicune|Suicune|100/100 slp
|-damage|p2a: Suicune|75/100 slp|[from] Spikes
|move|p1a: Starmie|Surf|p2a: Suicune
|-resisted|p2a: Suicune
|-damage|p2a: Suicune|66/100 slp
|
|-heal|p1a: Starmie|42/100|[from] item: Leftovers
|-heal|p2a: Suicune|72/100 slp|[from] item: Leftovers
|upkeep
|turn|59
|
|t:|1730049633
|switch|p1a: Skarmory|Skarmory, M|70/100
|-curestatus|p2a: Suicune|slp|[msg]
|move|p2a: Suicune|Calm Mind|p2a: Suicune
|-boost|p2a: Suicune|spa|1
|-boost|p2a: Suicune|spd|1
|
|-heal|p2a: Suicune|78/100|[from] item: Leftovers
|-heal|p1a: Skarmory|76/100|[from] item: Leftovers
|upkeep
|turn|60
|
|t:|1730049636
|move|p2a: Suicune|Surf|p1a: Skarmory
|-damage|p1a: Skarmory|36/100
|move|p1a: Skarmory|Toxic|p2a: Suicune
|-status|p2a: Suicune|tox
|
|-heal|p2a: Suicune|85/100 tox|[from] item: Leftovers
|-damage|p2a: Suicune|78/100 tox|[from] psn
|-heal|p1a: Skarmory|42/100|[from] item: Leftovers
|upkeep
|turn|61
|inactive|rezzo64 has 270 seconds left.
|
|t:|1730049645
|switch|p1a: Starmie|Starmie|42/100
|move|p2a: Suicune|Calm Mind|p2a: Suicune
|-boost|p2a: Suicune|spa|1
|-boost|p2a: Suicune|spd|1
|
|-heal|p1a: Starmie|49/100|[from] item: Leftovers
|-heal|p2a: Suicune|85/100 tox|[from] item: Leftovers
|-damage|p2a: Suicune|72/100 tox|[from] psn
|upkeep
|turn|62
|
|t:|1730049655
|move|p1a: Starmie|Recover|p1a: Starmie
|-heal|p1a: Starmie|99/100
|move|p2a: Suicune|Surf|p1a: Starmie
|-resisted|p1a: Starmie
|-damage|p1a: Starmie|61/100
|
|-heal|p1a: Starmie|67/100|[from] item: Leftovers
|-heal|p2a: Suicune|78/100 tox|[from] item: Leftovers
|-damage|p2a: Suicune|60/100 tox|[from] psn
|upkeep
|turn|63
|
|t:|1730049662
|move|p1a: Starmie|Surf|p2a: Suicune
|-resisted|p2a: Suicune
|-damage|p2a: Suicune|55/100 tox
|move|p2a: Suicune|Rest|p2a: Suicune
|-status|p2a: Suicune|slp|[from] move: Rest
|-heal|p2a: Suicune|100/100 slp|[silent]
|
|-heal|p1a: Starmie|73/100|[from] item: Leftovers
|upkeep
|turn|64
|
|t:|1730049667
|switch|p1a: Skarmory|Skarmory, M|42/100
|cant|p2a: Suicune|slp
|
|-heal|p1a: Skarmory|48/100|[from] item: Leftovers
|upkeep
|turn|65
|
|t:|1730049672
|cant|p2a: Suicune|slp
|move|p1a: Skarmory|Roar|p2a: Suicune
|drag|p2a: Zapdos|Zapdos|94/100
|
|-heal|p1a: Skarmory|54/100|[from] item: Leftovers
|upkeep
|turn|66
|
|t:|1730049681
|move|p2a: Zapdos|Thunderbolt|p1a: Skarmory
|-supereffective|p1a: Skarmory
|-damage|p1a: Skarmory|0 fnt
|faint|p1a: Skarmory
|
|t:|1730049686
|switch|p1a: Charizard|Charizard, M|50/100
|
|-heal|p1a: Charizard|56/100|[from] item: Leftovers
|upkeep
|turn|67
|inactive|rezzo64 has 270 seconds left.
|inactive|rezzo64 has 240 seconds left.
|
|t:|1730049756
|switch|p2a: Suicune|Suicune|100/100 slp
|-damage|p2a: Suicune|75/100 slp|[from] Spikes
|move|p1a: Charizard|Substitute|p1a: Charizard
|-start|p1a: Charizard|Substitute
|-damage|p1a: Charizard|31/100
|
|-heal|p1a: Charizard|37/100|[from] item: Leftovers
|-heal|p2a: Suicune|82/100 slp|[from] item: Leftovers
|upkeep
|turn|68
|inactive|rezzo64 has 240 seconds left.
|
|t:|1730049765
|move|p1a: Charizard|Hidden Power|p2a: Suicune
|-supereffective|p2a: Suicune
|-damage|p2a: Suicune|57/100 slp
|-curestatus|p2a: Suicune|slp|[msg]
|move|p2a: Suicune|Surf|p1a: Charizard
|-supereffective|p1a: Charizard
|-end|p1a: Charizard|Substitute
|
|-heal|p1a: Charizard|43/100|[from] item: Leftovers
|-heal|p2a: Suicune|63/100|[from] item: Leftovers
|upkeep
|turn|69
|
|t:|1730049771
|move|p1a: Charizard|Hidden Power|p2a: Suicune
|-supereffective|p2a: Suicune
|-damage|p2a: Suicune|40/100
|move|p2a: Suicune|Surf|p1a: Charizard
|-supereffective|p1a: Charizard
|-damage|p1a: Charizard|0 fnt
|faint|p1a: Charizard
|
|t:|1730049773
|switch|p1a: Starmie|Starmie|73/100
|
|-heal|p1a: Starmie|79/100|[from] item: Leftovers
|-heal|p2a: Suicune|46/100|[from] item: Leftovers
|upkeep
|turn|70
|
|t:|1730049783
|move|p1a: Starmie|Surf|p2a: Suicune
|-resisted|p2a: Suicune
|-damage|p2a: Suicune|36/100
|move|p2a: Suicune|Rest|p2a: Suicune
|-status|p2a: Suicune|slp|[from] move: Rest
|-heal|p2a: Suicune|100/100 slp|[silent]
|
|-heal|p1a: Starmie|85/100|[from] item: Leftovers
|upkeep
|turn|71
|
|t:|1730049785
|move|p1a: Starmie|Surf|p2a: Suicune
|-resisted|p2a: Suicune
|-damage|p2a: Suicune|90/100 slp
|cant|p2a: Suicune|slp
|
|-heal|p1a: Starmie|92/100|[from] item: Leftovers
|-heal|p2a: Suicune|96/100 slp|[from] item: Leftovers
|upkeep
|turn|72
|
|t:|1730049787
|move|p1a: Starmie|Surf|p2a: Suicune
|-resisted|p2a: Suicune
|-damage|p2a: Suicune|85/100 slp
|cant|p2a: Suicune|slp
|
|-heal|p1a: Starmie|98/100|[from] item: Leftovers
|-heal|p2a: Suicune|92/100 slp|[from] item: Leftovers
|upkeep
|turn|73
|
|t:|1730049788
|move|p1a: Starmie|Surf|p2a: Suicune
|-resisted|p2a: Suicune
|-damage|p2a: Suicune|81/100 slp
|-curestatus|p2a: Suicune|slp|[msg]
|move|p2a: Suicune|Calm Mind|p2a: Suicune
|-boost|p2a: Suicune|spa|1
|-boost|p2a: Suicune|spd|1
|
|-heal|p1a: Starmie|100/100|[from] item: Leftovers
|-heal|p2a: Suicune|87/100|[from] item: Leftovers
|upkeep
|turn|74
|
|t:|1730049790
|move|p1a: Starmie|Surf|p2a: Suicune
|-resisted|p2a: Suicune
|-damage|p2a: Suicune|80/100
|move|p2a: Suicune|Calm Mind|p2a: Suicune
|-boost|p2a: Suicune|spa|1
|-boost|p2a: Suicune|spd|1
|
|-heal|p2a: Suicune|87/100|[from] item: Leftovers
|upkeep
|turn|75
|
|t:|1730049792
|move|p1a: Starmie|Surf|p2a: Suicune
|-resisted|p2a: Suicune
|-damage|p2a: Suicune|81/100
|move|p2a: Suicune|Calm Mind|p2a: Suicune
|-boost|p2a: Suicune|spa|1
|-boost|p2a: Suicune|spd|1
|
|-heal|p2a: Suicune|88/100|[from] item: Leftovers
|upkeep
|turn|76
|
|t:|1730049793
|move|p1a: Starmie|Surf|p2a: Suicune
|-resisted|p2a: Suicune
|-crit|p2a: Suicune
|-damage|p2a: Suicune|68/100
|move|p2a: Suicune|Calm Mind|p2a: Suicune
|-boost|p2a: Suicune|spa|1
|-boost|p2a: Suicune|spd|1
|
|-heal|p2a: Suicune|75/100|[from] item: Leftovers
|upkeep
|turn|77
|
|t:|1730049794
|move|p1a: Starmie|Surf|p2a: Suicune
|-resisted|p2a: Suicune
|-damage|p2a: Suicune|71/100
|move|p2a: Suicune|Calm Mind|p2a: Suicune
|-boost|p2a: Suicune|spa|1
|-boost|p2a: Suicune|spd|1
|
|-heal|p2a: Suicune|77/100|[from] item: Leftovers
|upkeep
|turn|78
|
|t:|1730049796
|move|p1a: Starmie|Surf|p2a: Suicune
|-resisted|p2a: Suicune
|-damage|p2a: Suicune|74/100
|move|p2a: Suicune|Calm Mind|p2a: Suicune
|-boost|p2a: Suicune|spa|1
|-boost|p2a: Suicune|spd|1
|
|-heal|p2a: Suicune|80/100|[from] item: Leftovers
|upkeep
|turn|79
|
|t:|1730049797
|move|p1a: Starmie|Surf|p2a: Suicune
|-resisted|p2a: Suicune
|-damage|p2a: Suicune|78/100
|move|p2a: Suicune|Surf|p1a: Starmie
|-resisted|p1a: Starmie
|-damage|p1a: Starmie|28/100
|
|-heal|p1a: Starmie|34/100|[from] item: Leftovers
|-heal|p2a: Suicune|84/100|[from] item: Leftovers
|upkeep
|turn|80
|
|t:|1730049800
|move|p1a: Starmie|Rapid Spin|p2a: Suicune
|-crit|p2a: Suicune
|-damage|p2a: Suicune|79/100
|move|p2a: Suicune|Surf|p1a: Starmie
|-resisted|p1a: Starmie
|-crit|p1a: Starmie
|-damage|p1a: Starmie|0 fnt
|faint|p1a: Starmie
|
|win|rezzo64
|c|☆rezzo64|ggs
|c|☆datguycactus|gg

</script>
<script type="application/json" class="data" id="replaydata-smogtours-gen3ou-802539">
{"id":"smogtours-gen3ou-802539","format":"[Gen 3] OU","players":["datguycactus","rezzo64"],"uploadtime":1730049800,"views":104,"formatid":"gen3ou","rating":null,"private":0,"password":null}
</script>

<script defer src="js/replays.js?9d40a366"></script>
