<!DOCTYPE html>
<meta charset="utf-8" />
<meta name="viewport" content="width=device-width" />

<title>[Gen 3] OU: banana plus plus vs. Hydreigon &gt; Latias - Replays - Pok&eacute;mon Showdown!</title>

<meta name="description" content="Watch a replay of a Pok&eacute;mon battle between banana plus plus and Hydreigon &gt; Latias! Format: [Gen 3] OU; Date: Oct 14, 2024" />
<!--

Hey, you! Looking in the source for the replay log?

You can find them in JSON format, just add `.json` at the end of a replay URL.

https://replay.pokemonshowdown.com/gen7randomdoublesbattle-865046831.json

Or, if you only need the log itself, add `.log` instead:

https://replay.pokemonshowdown.com/gen7randomdoublesbattle-865046831.log

-->

<link rel="stylesheet" href="//pokemonshowdown.com/style/global.css?0.767286132409787" />
<link rel="stylesheet" href="//play.pokemonshowdown.com/style/font-awesome.css?0.9266228007934947" />
<link rel="stylesheet" href="//play.pokemonshowdown.com/style/battle.css?0.7924700842790926" />
<link rel="stylesheet" href="//play.pokemonshowdown.com/style/utilichart.css?0.8777417872839479" />

<!-- Global site tag (gtag.js) - Google Analytics -->
<script async src="https://www.googletagmanager.com/gtag/js?id=UA-26211653-1"></script>
<script>
  window.dataLayer = window.dataLayer || [];
  function gtag(){dataLayer.push(arguments);}
  gtag('js', new Date());

  gtag('config', 'UA-26211653-1');
</script>
<!-- End Google Analytics -->
<!-- Venatus Ad Manager - Install in <HEAD> of page -->
	<script src="https://hb.vntsm.com/v3/live/ad-manager.min.js" type="text/javascript" data-site-id="642aba63ec9a7b11c3c9c1be" data-mode="scan" async></script>
<!-- / Venatus Ad Manager -->

<style>
	@media (max-width:820px) {
		.battle {
			margin: 0 auto;
		}
		.battle-log {
			margin: 7px auto 0;
			max-width: 640px;
			height: 300px;
			position: static;
		}
	}
	.optgroup {
		display: inline-block;
		line-height: 22px;
		font-size: 10pt;
	}
	.optgroup .button {
		height: 25px;
		padding-top: 0;
		padding-bottom: 0;
	}
	.optgroup button.button {
		padding-left: 12px;
		padding-right: 12px;
	}
	.linklist {
		list-style: none;
		margin: 0.5em 0;
		padding: 0;
	}
	.linklist li {
		padding: 2px 0;
	}
	.sidebar {
		float: left;
		width: 320px;
	}
	.bar-wrapper {
		max-width: 1100px;
		margin: 0 auto;
	}
	.bar-wrapper.has-sidebar {
		max-width: 1430px;
	}
	.mainbar {
		margin: 0;
		padding-right: 1px;
	}
	.mainbar.has-sidebar {
		margin-left: 330px;
	}
	@media (min-width: 1511px) {
		.sidebar {
			width: 400px;
		}
		.bar-wrapper.has-sidebar {
			max-width: 1510px;
		}
		.mainbar.has-sidebar {
			margin-left: 410px;
		}
	}
	.section.first-section {
		margin-top: 9px;
	}
	.blocklink small {
		white-space: normal;
	}
	.button {
		vertical-align: middle;
	}
	.replay-controls {
		padding-top: 10px;
	}
	.replay-controls h1 {
		font-size: 16pt;
		font-weight: normal;
		color: #CCC;
	}
	.pagelink {
		text-align: center;
	}
	.pagelink a {
		width: 150px;
	}
	.textbox, .button {
		font-size: 11pt;
		vertical-align: middle;
	}
	@media (max-width: 450px) {
		.button {
			font-size: 9pt;
		}
	}
</style>

<div>

	<header>
		<div class="nav-wrapper"><ul class="nav">
			<li><a class="button nav-first" href="//pokemonshowdown.com/"><img src="//pokemonshowdown.com/images/pokemonshowdownbeta.png" srcset="//pokemonshowdown.com/images/pokemonshowdownbeta.png 1x, //pokemonshowdown.com/images/pokemonshowdownbeta@2x.png 2x" alt="Pok&eacute;mon Showdown" width="146" height="44" /> Home</a></li>
			<li><a class="button" href="//pokemonshowdown.com/dex/">Pok&eacute;dex</a></li>
			<li><a class="button cur" href="/">Replays</a></li>
			<li><a class="button" href="//pokemonshowdown.com/ladder/">Ladder</a></li>
			<li><a class="button nav-last" href="//pokemonshowdown.com/forums/">Forum</a></li>
			<li><a class="button greenbutton nav-first nav-last" href="//play.pokemonshowdown.com/">Play</a></li>
		</ul></div>
	</header>

	<div class="main" id="main">

		<noscript><section class="section">You need to enable JavaScript to use this page; sorry!</section></noscript>

	</div>

</div>

<script defer nomodule src="//play.pokemonshowdown.com/js/lib/ps-polyfill.js"></script>
<script defer src="//play.pokemonshowdown.com/js/lib/preact.min.js"></script>

<script defer src="//play.pokemonshowdown.com/config/config.js?6dec07f6"></script>
<script defer src="//play.pokemonshowdown.com/js/lib/jquery-1.11.0.min.js"></script>
<script defer src="//play.pokemonshowdown.com/js/lib/html-sanitizer-minified.js"></script>
<script defer src="//play.pokemonshowdown.com/js/battle-sound.js"></script>
<script defer src="//play.pokemonshowdown.com/js/battledata.js?0.6315294753075389"></script>
<script defer src="//play.pokemonshowdown.com/data/pokedex-mini.js?0.7603743185311358"></script>
<script defer src="//play.pokemonshowdown.com/data/pokedex-mini-bw.js?0.030888842834281283"></script>
<script defer src="//play.pokemonshowdown.com/data/graphics.js?0.05593094747507488"></script>
<script defer src="//play.pokemonshowdown.com/data/pokedex.js?0.47064822249611904"></script>
<script defer src="//play.pokemonshowdown.com/data/moves.js?0.8583693120512459"></script>
<script defer src="//play.pokemonshowdown.com/data/abilities.js?0.16017181182386842"></script>
<script defer src="//play.pokemonshowdown.com/data/items.js?0.4163379185673943"></script>
<script defer src="//play.pokemonshowdown.com/data/teambuilder-tables.js?0.31075597372830477"></script>
<script defer src="//play.pokemonshowdown.com/js/battle-tooltips.js?0.6536193500708172"></script>
<script defer src="//play.pokemonshowdown.com/js/battle.js?0.1916591943277901"></script>

<script defer src="js/utils.js?e31f9a17"></script>
<script defer src="js/replays-battle.js?7008c182"></script>

<!-- don't scrape this data! just add .json or .log after the URL!
Full API docs: https://github.com/smogon/pokemon-showdown-client/blob/master/WEB-API.md -->
<script type="text/plain" class="log" id="replaylog-smogtours-gen3ou-798574">
|inactive|Battle timer is ON: inactive players will automatically lose when time's up.
|badge|p2|bronze|gen9uu|100-3
|uhtml|medal-msg|<div class="broadcast-blue">Curious what those medals under the avatar are? PS now has Ladder Seasons! For more information, check out the <a href="https://www.smogon.com/forums/threads/3740067/">thread on Smogon.<\/a><\/div>
|t:|1728870279
|gametype|singles
|player|p1|banana plus plus|265|
|player|p2|Hydreigon > Latias|guitarist|
|teamsize|p1|6
|teamsize|p2|6
|gen|3
|tier|[Gen 3] OU
|rule|Sleep Clause Mod: Limit one foe put to sleep
|rule|Switch Priority Clause Mod: Faster Pokémon switch first
|rule|Species Clause: Limit one of each Pokémon
|rule|OHKO Clause: OHKO moves are banned
|rule|Evasion Items Clause: Evasion items are banned
|rule|Evasion Moves Clause: Evasion moves are banned
|rule|Endless Battle Clause: Forcing endless battles is banned
|rule|HP Percentage Mod: HP is shown in percentages
|rule|One Boost Passer Clause: Limit one Baton Passer that has a way to boost its stats
|rule|Freeze Clause Mod: Limit one foe frozen
|
|t:|1728870279
|start
|switch|p1a: Kekeke~|Gengar, M, shiny|100/100
|switch|p2a: Zapdos|Zapdos|100/100
|turn|1
|
|t:|1728870291
|move|p1a: Kekeke~|Hypnosis|p2a: Zapdos
|-status|p2a: Zapdos|slp|[from] move: Hypnosis
|cant|p2a: Zapdos|slp
|
|upkeep
|turn|2
|
|t:|1728870296
|switch|p2a: Tyranitar|Tyranitar, F|100/100
|-weather|Sandstorm|[from] ability: Sand Stream|[of] p2a: Tyranitar
|move|p1a: Kekeke~|Ice Punch|p2a: Tyranitar
|-damage|p2a: Tyranitar|82/100
|
|-weather|Sandstorm|[upkeep]
|-damage|p1a: Kekeke~|95/100|[from] Sandstorm
|-heal|p1a: Kekeke~|100/100|[from] item: Leftovers
|-heal|p2a: Tyranitar|88/100|[from] item: Leftovers
|upkeep
|turn|3
|inactive|banana plus plus has 270 seconds left.
|
|t:|1728870327
|switch|p1a: Purpert|Swampert, M, shiny|100/100
|move|p2a: Tyranitar|Rock Slide|p1a: Purpert
|-resisted|p1a: Purpert
|-damage|p1a: Purpert|78/100
|
|-weather|Sandstorm|[upkeep]
|-heal|p1a: Purpert|84/100|[from] item: Leftovers
|-heal|p2a: Tyranitar|94/100|[from] item: Leftovers
|upkeep
|turn|4
|inactive|banana plus plus has 270 seconds left.
|
|t:|1728870345
|switch|p1a: Onion Fairy|Celebi|100/100
|switch|p2a: Skarmory|Skarmory, M|100/100
|
|-weather|Sandstorm|[upkeep]
|-damage|p1a: Onion Fairy|94/100|[from] Sandstorm
|-heal|p1a: Onion Fairy|100/100|[from] item: Leftovers
|upkeep
|turn|5
|inactive|banana plus plus has 270 seconds left.
|
|t:|1728870367
|move|p1a: Onion Fairy|Hidden Power|p2a: Skarmory
|-supereffective|p2a: Skarmory
|-crit|p2a: Skarmory
|-damage|p2a: Skarmory|31/100
|move|p2a: Skarmory|Spikes|p1a: Onion Fairy
|-sidestart|p1: banana plus plus|Spikes
|
|-weather|Sandstorm|[upkeep]
|-damage|p1a: Onion Fairy|94/100|[from] Sandstorm
|-heal|p1a: Onion Fairy|100/100|[from] item: Leftovers
|-heal|p2a: Skarmory|37/100|[from] item: Leftovers
|upkeep
|turn|6
|inactive|banana plus plus has 270 seconds left.
|
|t:|1728870377
|switch|p2a: Tyranitar|Tyranitar, F|94/100
|move|p1a: Onion Fairy|Hidden Power|p2a: Tyranitar
|-resisted|p2a: Tyranitar
|-crit|p2a: Tyranitar
|-damage|p2a: Tyranitar|80/100
|
|-weather|Sandstorm|[upkeep]
|-damage|p1a: Onion Fairy|94/100|[from] Sandstorm
|-heal|p1a: Onion Fairy|100/100|[from] item: Leftovers
|-heal|p2a: Tyranitar|87/100|[from] item: Leftovers
|upkeep
|turn|7
|inactive|banana plus plus has 270 seconds left.
|
|t:|1728870388
|move|p1a: Onion Fairy|Baton Pass|p1a: Onion Fairy
|inactive|banana plus plus has 270 seconds left.
|
|t:|1728870394
|switch|p1a: Purpert|Swampert, M, shiny|84/100|[from] Baton Pass
|-damage|p1a: Purpert|72/100|[from] Spikes
|move|p2a: Tyranitar|Rock Slide|p1a: Purpert
|-resisted|p1a: Purpert
|-damage|p1a: Purpert|51/100
|
|-weather|Sandstorm|[upkeep]
|-heal|p1a: Purpert|57/100|[from] item: Leftovers
|-heal|p2a: Tyranitar|93/100|[from] item: Leftovers
|upkeep
|turn|8
|inactive|banana plus plus has 270 seconds left.
|
|t:|1728870411
|-singleturn|p1a: Purpert|move: Focus Punch
|move|p2a: Tyranitar|Earthquake|p1a: Purpert
|-damage|p1a: Purpert|22/100
|move|p1a: Purpert|Focus Punch||[still]
|cant|p1a: Purpert|Focus Punch|Focus Punch
|
|-weather|Sandstorm|[upkeep]
|-heal|p1a: Purpert|28/100|[from] item: Leftovers
|-heal|p2a: Tyranitar|99/100|[from] item: Leftovers
|upkeep
|turn|9
|inactive|banana plus plus has 270 seconds left.
|
|t:|1728870437
|switch|p1a: Quackzy|Porygon2|100/100
|-damage|p1a: Quackzy|88/100|[from] Spikes
|-ability|p1a: Quackzy|Sand Stream|[from] ability: Trace|[of] p2a: Tyranitar
|move|p2a: Tyranitar|Earthquake|p1a: Quackzy
|-damage|p1a: Quackzy|61/100
|
|-weather|Sandstorm|[upkeep]
|-damage|p1a: Quackzy|54/100|[from] Sandstorm
|-heal|p2a: Tyranitar|100/100|[from] item: Leftovers
|-heal|p1a: Quackzy|61/100|[from] item: Leftovers
|upkeep
|turn|10
|
|t:|1728870451
|-singleturn|p2a: Tyranitar|move: Focus Punch
|move|p1a: Quackzy|Thunder Wave|p2a: Tyranitar
|-status|p2a: Tyranitar|par
|move|p2a: Tyranitar|Focus Punch|p1a: Quackzy
|-supereffective|p1a: Quackzy
|-crit|p1a: Quackzy
|-damage|p1a: Quackzy|0 fnt
|faint|p1a: Quackzy
|
|t:|1728870464
|switch|p1a: Purpert|Swampert, M, shiny|28/100
|-damage|p1a: Purpert|16/100|[from] Spikes
|
|-weather|Sandstorm|[upkeep]
|-heal|p1a: Purpert|22/100|[from] item: Leftovers
|upkeep
|turn|11
|
|t:|1728870478
|switch|p2a: Zapdos|Zapdos|100/100 slp
|move|p1a: Purpert|Hydro Pump|p2a: Zapdos
|-damage|p2a: Zapdos|9/100 slp
|
|-weather|Sandstorm|[upkeep]
|-damage|p2a: Zapdos|3/100 slp|[from] Sandstorm
|-heal|p2a: Zapdos|9/100 slp|[from] item: Leftovers
|-heal|p1a: Purpert|28/100|[from] item: Leftovers
|upkeep
|turn|12
|
|t:|1728870490
|switch|p2a: Lanturn|Lanturn, F|100/100
|move|p1a: Purpert|Ice Beam|p2a: Lanturn
|-resisted|p2a: Lanturn
|-damage|p2a: Lanturn|86/100
|
|-weather|Sandstorm|[upkeep]
|-damage|p2a: Lanturn|80/100|[from] Sandstorm
|-heal|p2a: Lanturn|86/100|[from] item: Leftovers
|-heal|p1a: Purpert|34/100|[from] item: Leftovers
|upkeep
|turn|13
|
|t:|1728870505
|switch|p1a: Onion Fairy|Celebi|100/100
|-damage|p1a: Onion Fairy|88/100|[from] Spikes
|move|p2a: Lanturn|Hydro Pump|p1a: Onion Fairy|[miss]
|-miss|p2a: Lanturn|p1a: Onion Fairy
|
|-weather|Sandstorm|[upkeep]
|-damage|p1a: Onion Fairy|82/100|[from] Sandstorm
|-damage|p2a: Lanturn|80/100|[from] Sandstorm
|-heal|p1a: Onion Fairy|88/100|[from] item: Leftovers
|-heal|p2a: Lanturn|86/100|[from] item: Leftovers
|upkeep
|turn|14
|
|t:|1728870522
|switch|p2a: Skarmory|Skarmory, M|37/100
|move|p1a: Onion Fairy|Giga Drain|p2a: Skarmory
|-resisted|p2a: Skarmory
|-damage|p2a: Skarmory|32/100
|-heal|p1a: Onion Fairy|90/100|[from] drain|[of] p2a: Skarmory
|
|-weather|Sandstorm|[upkeep]
|-damage|p1a: Onion Fairy|84/100|[from] Sandstorm
|-heal|p1a: Onion Fairy|90/100|[from] item: Leftovers
|-heal|p2a: Skarmory|38/100|[from] item: Leftovers
|upkeep
|turn|15
|
|t:|1728870535
|switch|p2a: Tyranitar|Tyranitar, F|100/100 par
|move|p1a: Onion Fairy|Hidden Power|p2a: Tyranitar
|-resisted|p2a: Tyranitar
|-damage|p2a: Tyranitar|94/100 par
|
|-weather|Sandstorm|[upkeep]
|-damage|p1a: Onion Fairy|84/100|[from] Sandstorm
|-heal|p1a: Onion Fairy|90/100|[from] item: Leftovers
|-heal|p2a: Tyranitar|99/100 par|[from] item: Leftovers
|upkeep
|turn|16
|inactive|banana plus plus has 240 seconds left.
|
|t:|1728870554
|switch|p1a: Kekeke~|Gengar, M, shiny|100/100
|move|p2a: Tyranitar|Hidden Power|p1a: Kekeke~
|-resisted|p1a: Kekeke~
|-damage|p1a: Kekeke~|89/100
|
|-weather|Sandstorm|[upkeep]
|-damage|p1a: Kekeke~|83/100|[from] Sandstorm
|-heal|p1a: Kekeke~|89/100|[from] item: Leftovers
|-heal|p2a: Tyranitar|100/100 par|[from] item: Leftovers
|upkeep
|turn|17
|inactive|banana plus plus has 240 seconds left.
|
|t:|1728870565
|move|p1a: Kekeke~|Thunderbolt|p2a: Tyranitar
|-damage|p2a: Tyranitar|79/100 par
|move|p2a: Tyranitar|Rock Slide|p1a: Kekeke~|[miss]
|-miss|p2a: Tyranitar|p1a: Kekeke~
|
|-weather|Sandstorm|[upkeep]
|-damage|p1a: Kekeke~|83/100|[from] Sandstorm
|-heal|p1a: Kekeke~|89/100|[from] item: Leftovers
|-heal|p2a: Tyranitar|85/100 par|[from] item: Leftovers
|upkeep
|turn|18
|inactive|banana plus plus has 240 seconds left.
|
|t:|1728870585
|switch|p1a: Onion Fairy|Celebi|90/100
|-damage|p1a: Onion Fairy|78/100|[from] Spikes
|cant|p2a: Tyranitar|par
|
|-weather|Sandstorm|[upkeep]
|-damage|p1a: Onion Fairy|72/100|[from] Sandstorm
|-heal|p1a: Onion Fairy|78/100|[from] item: Leftovers
|-heal|p2a: Tyranitar|92/100 par|[from] item: Leftovers
|upkeep
|turn|19
|
|t:|1728870594
|move|p1a: Onion Fairy|Giga Drain|p2a: Tyranitar
|-supereffective|p2a: Tyranitar
|-damage|p2a: Tyranitar|54/100 par
|-heal|p1a: Onion Fairy|97/100|[from] drain|[of] p2a: Tyranitar
|cant|p2a: Tyranitar|par
|
|-weather|Sandstorm|[upkeep]
|-damage|p1a: Onion Fairy|90/100|[from] Sandstorm
|-heal|p1a: Onion Fairy|97/100|[from] item: Leftovers
|-heal|p2a: Tyranitar|60/100 par|[from] item: Leftovers
|upkeep
|turn|20
|inactive|banana plus plus has 240 seconds left.
|
|t:|1728870607
|move|p1a: Onion Fairy|Calm Mind|p1a: Onion Fairy
|-boost|p1a: Onion Fairy|spa|1
|-boost|p1a: Onion Fairy|spd|1
|cant|p2a: Tyranitar|par
|
|-weather|Sandstorm|[upkeep]
|-damage|p1a: Onion Fairy|90/100|[from] Sandstorm
|-heal|p1a: Onion Fairy|97/100|[from] item: Leftovers
|-heal|p2a: Tyranitar|66/100 par|[from] item: Leftovers
|upkeep
|turn|21
|inactive|banana plus plus has 240 seconds left.
|
|t:|1728870618
|move|p1a: Onion Fairy|Calm Mind|p1a: Onion Fairy
|-boost|p1a: Onion Fairy|spa|1
|-boost|p1a: Onion Fairy|spd|1
|cant|p2a: Tyranitar|par
|
|-weather|Sandstorm|[upkeep]
|-damage|p1a: Onion Fairy|90/100|[from] Sandstorm
|-heal|p1a: Onion Fairy|97/100|[from] item: Leftovers
|-heal|p2a: Tyranitar|72/100 par|[from] item: Leftovers
|upkeep
|turn|22
|inactive|banana plus plus has 240 seconds left.
|
|t:|1728870628
|move|p1a: Onion Fairy|Giga Drain|p2a: Tyranitar
|-supereffective|p2a: Tyranitar
|-damage|p2a: Tyranitar|3/100 par
|-heal|p1a: Onion Fairy|100/100|[from] drain|[of] p2a: Tyranitar
|cant|p2a: Tyranitar|par
|
|-weather|Sandstorm|[upkeep]
|-damage|p1a: Onion Fairy|94/100|[from] Sandstorm
|-heal|p1a: Onion Fairy|100/100|[from] item: Leftovers
|-heal|p2a: Tyranitar|9/100 par|[from] item: Leftovers
|upkeep
|turn|23
|c|☆banana plus plus|what
|c|☆banana plus plus|im so sorry
|inactive|banana plus plus has 240 seconds left.
|
|t:|1728870643
|move|p1a: Onion Fairy|Hidden Power|p2a: Tyranitar
|-resisted|p2a: Tyranitar
|-damage|p2a: Tyranitar|0 fnt
|faint|p2a: Tyranitar
|
|t:|1728870646
|switch|p2a: Gengar|Gengar, F|100/100
|
|-weather|Sandstorm|[upkeep]
|-damage|p2a: Gengar|95/100|[from] Sandstorm
|-damage|p1a: Onion Fairy|94/100|[from] Sandstorm
|-heal|p2a: Gengar|100/100|[from] item: Leftovers
|-heal|p1a: Onion Fairy|100/100|[from] item: Leftovers
|upkeep
|turn|24
|
|t:|1728870655
|move|p2a: Gengar|Ice Punch|p1a: Onion Fairy
|-supereffective|p1a: Onion Fairy
|-damage|p1a: Onion Fairy|81/100
|move|p1a: Onion Fairy|Baton Pass|p1a: Onion Fairy
|
|t:|1728870670
|switch|p1a: Kekeke~|Gengar, M, shiny|89/100|[from] Baton Pass
|
|-weather|Sandstorm|[upkeep]
|-damage|p2a: Gengar|95/100|[from] Sandstorm
|-damage|p1a: Kekeke~|83/100|[from] Sandstorm
|-heal|p2a: Gengar|100/100|[from] item: Leftovers
|-heal|p1a: Kekeke~|89/100|[from] item: Leftovers
|upkeep
|turn|25
|
|t:|1728870678
|switch|p2a: Lanturn|Lanturn, F|86/100
|move|p1a: Kekeke~|Ice Punch|p2a: Lanturn
|-resisted|p2a: Lanturn
|-damage|p2a: Lanturn|63/100
|
|-weather|Sandstorm|[upkeep]
|-damage|p1a: Kekeke~|83/100|[from] Sandstorm
|-damage|p2a: Lanturn|57/100|[from] Sandstorm
|-heal|p1a: Kekeke~|89/100|[from] item: Leftovers
|-heal|p2a: Lanturn|63/100|[from] item: Leftovers
|upkeep
|turn|26
|
|t:|1728870689
|move|p1a: Kekeke~|Ice Punch|p2a: Lanturn
|-resisted|p2a: Lanturn
|-damage|p2a: Lanturn|39/100
|move|p2a: Lanturn|Hydro Pump|p1a: Kekeke~
|-damage|p1a: Kekeke~|61/100
|
|-weather|Sandstorm|[upkeep]
|-damage|p1a: Kekeke~|55/100|[from] Sandstorm
|-damage|p2a: Lanturn|33/100|[from] Sandstorm
|-heal|p1a: Kekeke~|61/100|[from] item: Leftovers
|-heal|p2a: Lanturn|39/100|[from] item: Leftovers
|upkeep
|turn|27
|
|t:|1728870701
|move|p1a: Kekeke~|Ice Punch|p2a: Lanturn
|-resisted|p2a: Lanturn
|-damage|p2a: Lanturn|19/100
|move|p2a: Lanturn|Hydro Pump|p1a: Kekeke~
|-damage|p1a: Kekeke~|35/100
|
|-weather|Sandstorm|[upkeep]
|-damage|p1a: Kekeke~|29/100|[from] Sandstorm
|-damage|p2a: Lanturn|13/100|[from] Sandstorm
|-heal|p1a: Kekeke~|35/100|[from] item: Leftovers
|-heal|p2a: Lanturn|19/100|[from] item: Leftovers
|upkeep
|turn|28
|
|t:|1728870711
|move|p1a: Kekeke~|Ice Punch|p2a: Lanturn
|-resisted|p2a: Lanturn
|-damage|p2a: Lanturn|0 fnt
|faint|p2a: Lanturn
|
|t:|1728870716
|switch|p2a: Metagross|Metagross|100/100
|
|-weather|Sandstorm|[upkeep]
|-damage|p1a: Kekeke~|29/100|[from] Sandstorm
|-heal|p1a: Kekeke~|35/100|[from] item: Leftovers
|upkeep
|turn|29
|
|t:|1728870722
|move|p1a: Kekeke~|Thunderbolt|p2a: Metagross
|-damage|p2a: Metagross|42/100
|move|p2a: Metagross|Agility|p2a: Metagross
|-boost|p2a: Metagross|spe|2
|
|-weather|Sandstorm|[upkeep]
|-damage|p1a: Kekeke~|29/100|[from] Sandstorm
|-heal|p2a: Metagross|48/100|[from] item: Leftovers
|-heal|p1a: Kekeke~|35/100|[from] item: Leftovers
|upkeep
|turn|30
|inactive|banana plus plus has 270 seconds left.
|
|t:|1728870733
|move|p2a: Metagross|Meteor Mash|p1a: Kekeke~
|-damage|p1a: Kekeke~|0 fnt
|-boost|p2a: Metagross|atk|1
|faint|p1a: Kekeke~
|
|t:|1728870744
|switch|p1a: Onion Fairy|Celebi|81/100
|-damage|p1a: Onion Fairy|69/100|[from] Spikes
|
|-weather|Sandstorm|[upkeep]
|-damage|p1a: Onion Fairy|63/100|[from] Sandstorm
|-heal|p2a: Metagross|54/100|[from] item: Leftovers
|-heal|p1a: Onion Fairy|69/100|[from] item: Leftovers
|upkeep
|turn|31
|
|t:|1728870751
|move|p2a: Metagross|Meteor Mash|p1a: Onion Fairy
|-damage|p1a: Onion Fairy|0 fnt
|-boost|p2a: Metagross|atk|1
|faint|p1a: Onion Fairy
|
|t:|1728870760
|switch|p1a: Purpert|Swampert, M, shiny|34/100
|-damage|p1a: Purpert|22/100|[from] Spikes
|
|-weather|Sandstorm|[upkeep]
|-heal|p2a: Metagross|60/100|[from] item: Leftovers
|-heal|p1a: Purpert|28/100|[from] item: Leftovers
|upkeep
|turn|32
|inactive|banana plus plus has 270 seconds left.
|
|t:|1728870767
|move|p2a: Metagross|Earthquake|p1a: Purpert
|-damage|p1a: Purpert|0 fnt
|faint|p1a: Purpert
|inactive|banana plus plus has 270 seconds left.
|
|t:|1728870773
|switch|p1a: Dig Dig Dig|Dugtrio, M, shiny|100/100
|-damage|p1a: Dig Dig Dig|88/100|[from] Spikes
|
|-weather|Sandstorm|[upkeep]
|-heal|p2a: Metagross|66/100|[from] item: Leftovers
|upkeep
|turn|33
|
|t:|1728870779
|move|p2a: Metagross|Earthquake|p1a: Dig Dig Dig
|-damage|p1a: Dig Dig Dig|0 fnt
|faint|p1a: Dig Dig Dig
|
|t:|1728870783
|switch|p1a: ZEUS|Raikou|100/100
|-damage|p1a: ZEUS|88/100|[from] Spikes
|
|-weather|Sandstorm|[upkeep]
|-damage|p1a: ZEUS|82/100|[from] Sandstorm
|-heal|p2a: Metagross|72/100|[from] item: Leftovers
|-heal|p1a: ZEUS|88/100|[from] item: Leftovers
|upkeep
|turn|34
|
|t:|1728870790
|move|p2a: Metagross|Earthquake|p1a: ZEUS
|-supereffective|p1a: ZEUS
|-damage|p1a: ZEUS|0 fnt
|faint|p1a: ZEUS
|
|win|Hydreigon > Latias
|c|☆banana plus plus|ggs
|c|☆Hydreigon > Latias|gg

</script>
<script type="application/json" class="data" id="replaydata-smogtours-gen3ou-798574">
{"id":"smogtours-gen3ou-798574","format":"[Gen 3] OU","players":["banana plus plus","Hydreigon > Latias"],"uploadtime":1728870790,"views":136,"formatid":"gen3ou","rating":null,"private":0,"password":null}
</script>

<script defer src="js/replays.js?9d40a366"></script>
