<!DOCTYPE html>
<meta charset="utf-8" />
<meta name="viewport" content="width=device-width" />

<title>[Gen 3] OU: Fear vs. yd12k - Replays - Pok&eacute;mon Showdown!</title>

<meta name="description" content="Watch a replay of a Pok&eacute;mon battle between Fear and yd12k! Format: [Gen 3] OU; Date: Oct 7, 2024" />
<!--

Hey, you! Looking in the source for the replay log?

You can find them in JSON format, just add `.json` at the end of a replay URL.

https://replay.pokemonshowdown.com/gen7randomdoublesbattle-865046831.json

Or, if you only need the log itself, add `.log` instead:

https://replay.pokemonshowdown.com/gen7randomdoublesbattle-865046831.log

-->

<link rel="stylesheet" href="//pokemonshowdown.com/style/global.css?0.023195364461161105" />
<link rel="stylesheet" href="//play.pokemonshowdown.com/style/font-awesome.css?0.13261647063804238" />
<link rel="stylesheet" href="//play.pokemonshowdown.com/style/battle.css?0.8753245789963631" />
<link rel="stylesheet" href="//play.pokemonshowdown.com/style/utilichart.css?0.8627959624976733" />

<!-- Global site tag (gtag.js) - Google Analytics -->
<script async src="https://www.googletagmanager.com/gtag/js?id=UA-26211653-1"></script>
<script>
  window.dataLayer = window.dataLayer || [];
  function gtag(){dataLayer.push(arguments);}
  gtag('js', new Date());

  gtag('config', 'UA-26211653-1');
</script>
<!-- End Google Analytics -->
<!-- Venatus Ad Manager - Install in <HEAD> of page -->
	<script src="https://hb.vntsm.com/v3/live/ad-manager.min.js" type="text/javascript" data-site-id="642aba63ec9a7b11c3c9c1be" data-mode="scan" async></script>
<!-- / Venatus Ad Manager -->

<style>
	@media (max-width:820px) {
		.battle {
			margin: 0 auto;
		}
		.battle-log {
			margin: 7px auto 0;
			max-width: 640px;
			height: 300px;
			position: static;
		}
	}
	.optgroup {
		display: inline-block;
		line-height: 22px;
		font-size: 10pt;
	}
	.optgroup .button {
		height: 25px;
		padding-top: 0;
		padding-bottom: 0;
	}
	.optgroup button.button {
		padding-left: 12px;
		padding-right: 12px;
	}
	.linklist {
		list-style: none;
		margin: 0.5em 0;
		padding: 0;
	}
	.linklist li {
		padding: 2px 0;
	}
	.sidebar {
		float: left;
		width: 320px;
	}
	.bar-wrapper {
		max-width: 1100px;
		margin: 0 auto;
	}
	.bar-wrapper.has-sidebar {
		max-width: 1430px;
	}
	.mainbar {
		margin: 0;
		padding-right: 1px;
	}
	.mainbar.has-sidebar {
		margin-left: 330px;
	}
	@media (min-width: 1511px) {
		.sidebar {
			width: 400px;
		}
		.bar-wrapper.has-sidebar {
			max-width: 1510px;
		}
		.mainbar.has-sidebar {
			margin-left: 410px;
		}
	}
	.section.first-section {
		margin-top: 9px;
	}
	.blocklink small {
		white-space: normal;
	}
	.button {
		vertical-align: middle;
	}
	.replay-controls {
		padding-top: 10px;
	}
	.replay-controls h1 {
		font-size: 16pt;
		font-weight: normal;
		color: #CCC;
	}
	.pagelink {
		text-align: center;
	}
	.pagelink a {
		width: 150px;
	}
	.textbox, .button {
		font-size: 11pt;
		vertical-align: middle;
	}
	@media (max-width: 450px) {
		.button {
			font-size: 9pt;
		}
	}
</style>

<div>

	<header>
		<div class="nav-wrapper"><ul class="nav">
			<li><a class="button nav-first" href="//pokemonshowdown.com/"><img src="//pokemonshowdown.com/images/pokemonshowdownbeta.png" srcset="//pokemonshowdown.com/images/pokemonshowdownbeta.png 1x, //pokemonshowdown.com/images/pokemonshowdownbeta@2x.png 2x" alt="Pok&eacute;mon Showdown" width="146" height="44" /> Home</a></li>
			<li><a class="button" href="//pokemonshowdown.com/dex/">Pok&eacute;dex</a></li>
			<li><a class="button cur" href="/">Replays</a></li>
			<li><a class="button" href="//pokemonshowdown.com/ladder/">Ladder</a></li>
			<li><a class="button nav-last" href="//pokemonshowdown.com/forums/">Forum</a></li>
			<li><a class="button greenbutton nav-first nav-last" href="//play.pokemonshowdown.com/">Play</a></li>
		</ul></div>
	</header>

	<div class="main" id="main">

		<noscript><section class="section">You need to enable JavaScript to use this page; sorry!</section></noscript>

	</div>

</div>

<script defer nomodule src="//play.pokemonshowdown.com/js/lib/ps-polyfill.js"></script>
<script defer src="//play.pokemonshowdown.com/js/lib/preact.min.js"></script>

<script defer src="//play.pokemonshowdown.com/config/config.js?2bddbc15"></script>
<script defer src="//play.pokemonshowdown.com/js/lib/jquery-1.11.0.min.js"></script>
<script defer src="//play.pokemonshowdown.com/js/lib/html-sanitizer-minified.js"></script>
<script defer src="//play.pokemonshowdown.com/js/battle-sound.js"></script>
<script defer src="//play.pokemonshowdown.com/js/battledata.js?0.7209276989879541"></script>
<script defer src="//play.pokemonshowdown.com/data/pokedex-mini.js?0.6111056340867951"></script>
<script defer src="//play.pokemonshowdown.com/data/pokedex-mini-bw.js?0.3532142036491459"></script>
<script defer src="//play.pokemonshowdown.com/data/graphics.js?0.24223875632456182"></script>
<script defer src="//play.pokemonshowdown.com/data/pokedex.js?0.38839984266356864"></script>
<script defer src="//play.pokemonshowdown.com/data/moves.js?0.21866028504024015"></script>
<script defer src="//play.pokemonshowdown.com/data/abilities.js?0.2005157953846628"></script>
<script defer src="//play.pokemonshowdown.com/data/items.js?0.9894211263848525"></script>
<script defer src="//play.pokemonshowdown.com/data/teambuilder-tables.js?0.6008791140282215"></script>
<script defer src="//play.pokemonshowdown.com/js/battle-tooltips.js?0.7580118955022959"></script>
<script defer src="//play.pokemonshowdown.com/js/battle.js?0.6057722274234274"></script>

<script defer src="js/utils.js?e31f9a17"></script>
<script defer src="js/replays-battle.js?7008c182"></script>

<!-- don't scrape this data! just add .json or .log after the URL!
Full API docs: https://github.com/smogon/pokemon-showdown-client/blob/master/WEB-API.md -->
<script type="text/plain" class="log" id="replaylog-smogtours-gen3ou-796206">
|inactive|Battle timer is ON: inactive players will automatically lose when time's up.
|t:|1728328568
|gametype|singles
|player|p1|Fear|#gscpl3ironmanmachamps|
|player|p2|yd12k|veteranf|
|teamsize|p1|6
|teamsize|p2|6
|gen|3
|tier|[Gen 3] OU
|rule|Sleep Clause Mod: Limit one foe put to sleep
|rule|Switch Priority Clause Mod: Faster Pokémon switch first
|rule|Species Clause: Limit one of each Pokémon
|rule|OHKO Clause: OHKO moves are banned
|rule|Evasion Items Clause: Evasion items are banned
|rule|Evasion Moves Clause: Evasion moves are banned
|rule|Endless Battle Clause: Forcing endless battles is banned
|rule|HP Percentage Mod: HP is shown in percentages
|rule|One Boost Passer Clause: Limit one Baton Passer that has a way to boost its stats
|rule|Freeze Clause Mod: Limit one foe frozen
|
|t:|1728328568
|start
|switch|p1a: Tyranitar|Tyranitar, F|100/100
|switch|p2a: Metagross|Metagross|100/100
|-weather|Sandstorm|[from] ability: Sand Stream|[of] p1a: Tyranitar
|turn|1
|
|t:|1728328582
|switch|p1a: Swampert|Swampert, M|100/100
|move|p2a: Metagross|Earthquake|p1a: Swampert
|-damage|p1a: Swampert|70/100
|
|-weather|Sandstorm|[upkeep]
|-heal|p1a: Swampert|76/100|[from] item: Leftovers
|upkeep
|turn|2
|
|t:|1728328605
|switch|p2a: Salamence|Salamence, M|100/100
|-ability|p2a: Salamence|Intimidate|boost
|-unboost|p1a: Swampert|atk|1
|move|p1a: Swampert|Ice Beam|p2a: Salamence
|-supereffective|p2a: Salamence
|-damage|p2a: Salamence|0 fnt
|faint|p2a: Salamence
|
|t:|1728328613
|switch|p2a: Celebi|Celebi|100/100
|
|-weather|Sandstorm|[upkeep]
|-damage|p2a: Celebi|94/100|[from] Sandstorm
|-heal|p2a: Celebi|100/100|[from] item: Leftovers
|-heal|p1a: Swampert|83/100|[from] item: Leftovers
|upkeep
|turn|3
|
|t:|1728328630
|switch|p1a: Tyranitar|Tyranitar, F|100/100
|move|p2a: Celebi|Leech Seed|p1a: Tyranitar
|-start|p1a: Tyranitar|move: Leech Seed
|
|-weather|Sandstorm|[upkeep]
|-damage|p2a: Celebi|94/100|[from] Sandstorm
|-heal|p2a: Celebi|100/100|[from] item: Leftovers
|-damage|p1a: Tyranitar|88/100|[from] Leech Seed|[of] p2a: Celebi
|upkeep
|turn|4
|
|t:|1728328640
|switch|p1a: Jirachi|Jirachi|100/100
|move|p2a: Celebi|Substitute|p2a: Celebi
|-start|p2a: Celebi|Substitute
|-damage|p2a: Celebi|75/100
|
|-weather|Sandstorm|[upkeep]
|-damage|p2a: Celebi|69/100|[from] Sandstorm
|-heal|p2a: Celebi|75/100|[from] item: Leftovers
|upkeep
|turn|5
|
|t:|1728328653
|move|p1a: Jirachi|Fire Punch|p2a: Celebi
|-supereffective|p2a: Celebi
|-activate|p2a: Celebi|Substitute|[damage]
|move|p2a: Celebi|Baton Pass|p2a: Celebi
|
|t:|1728328658
|switch|p2a: Dugtrio|Dugtrio, M|100/100|[from] Baton Pass
|
|-weather|Sandstorm|[upkeep]
|upkeep
|turn|6
|
|t:|1728328669
|move|p2a: Dugtrio|Earthquake|p1a: Jirachi
|-supereffective|p1a: Jirachi
|-damage|p1a: Jirachi|12/100
|move|p1a: Jirachi|Fire Punch|p2a: Dugtrio
|-end|p2a: Dugtrio|Substitute
|
|-weather|Sandstorm|[upkeep]
|-heal|p1a: Jirachi|18/100|[from] item: Leftovers
|upkeep
|turn|7
|
|t:|1728328678
|move|p1a: Jirachi|Protect|p1a: Jirachi
|-singleturn|p1a: Jirachi|Protect
|move|p2a: Dugtrio|Earthquake|p1a: Jirachi
|-activate|p1a: Jirachi|Protect
|
|-weather|Sandstorm|[upkeep]
|-heal|p1a: Jirachi|24/100|[from] item: Leftovers
|upkeep
|turn|8
|
|t:|1728328685
|move|p2a: Dugtrio|Earthquake|p1a: Jirachi
|-supereffective|p1a: Jirachi
|-damage|p1a: Jirachi|0 fnt
|faint|p1a: Jirachi
|
|t:|1728328690
|switch|p1a: Gyarados|Gyarados, M|100/100
|-ability|p1a: Gyarados|Intimidate|boost
|-unboost|p2a: Dugtrio|atk|1
|
|-weather|Sandstorm|[upkeep]
|-damage|p1a: Gyarados|94/100|[from] Sandstorm
|-heal|p1a: Gyarados|100/100|[from] item: Leftovers
|upkeep
|turn|9
|
|t:|1728328700
|switch|p2a: Celebi|Celebi|75/100
|move|p1a: Gyarados|Earthquake|p2a: Celebi
|-resisted|p2a: Celebi
|-damage|p2a: Celebi|61/100
|
|-weather|Sandstorm|[upkeep]
|-damage|p1a: Gyarados|94/100|[from] Sandstorm
|-damage|p2a: Celebi|54/100|[from] Sandstorm
|-heal|p1a: Gyarados|100/100|[from] item: Leftovers
|-heal|p2a: Celebi|61/100|[from] item: Leftovers
|upkeep
|turn|10
|
|t:|1728328715
|move|p2a: Celebi|Substitute|p2a: Celebi
|-start|p2a: Celebi|Substitute
|-damage|p2a: Celebi|36/100
|move|p1a: Gyarados|Dragon Dance|p1a: Gyarados
|-boost|p1a: Gyarados|atk|1
|-boost|p1a: Gyarados|spe|1
|
|-weather|Sandstorm|[upkeep]
|-damage|p1a: Gyarados|94/100|[from] Sandstorm
|-damage|p2a: Celebi|29/100|[from] Sandstorm
|-heal|p1a: Gyarados|100/100|[from] item: Leftovers
|-heal|p2a: Celebi|36/100|[from] item: Leftovers
|upkeep
|turn|11
|
|t:|1728328725
|move|p1a: Gyarados|Hidden Power|p2a: Celebi
|-supereffective|p2a: Celebi
|-end|p2a: Celebi|Substitute
|move|p2a: Celebi|Leech Seed|p1a: Gyarados
|-start|p1a: Gyarados|move: Leech Seed
|
|-weather|Sandstorm|[upkeep]
|-damage|p1a: Gyarados|94/100|[from] Sandstorm
|-damage|p2a: Celebi|29/100|[from] Sandstorm
|-heal|p1a: Gyarados|100/100|[from] item: Leftovers
|-damage|p1a: Gyarados|88/100|[from] Leech Seed|[of] p2a: Celebi
|-heal|p2a: Celebi|40/100|[silent]
|-heal|p2a: Celebi|46/100|[from] item: Leftovers
|upkeep
|turn|12
|
|t:|1728328738
|switch|p2a: Metagross|Metagross|100/100
|move|p1a: Gyarados|Earthquake|p2a: Metagross
|-supereffective|p2a: Metagross
|-damage|p2a: Metagross|23/100
|
|-weather|Sandstorm|[upkeep]
|-damage|p1a: Gyarados|82/100|[from] Sandstorm
|-heal|p1a: Gyarados|88/100|[from] item: Leftovers
|-damage|p1a: Gyarados|76/100|[from] Leech Seed|[of] p2a: Metagross
|-heal|p2a: Metagross|34/100|[silent]
|-heal|p2a: Metagross|40/100|[from] item: Leftovers
|upkeep
|turn|13
|
|t:|1728328753
|switch|p2a: Celebi|Celebi|46/100
|move|p1a: Gyarados|Earthquake|p2a: Celebi
|-resisted|p2a: Celebi
|-damage|p2a: Celebi|23/100
|
|-weather|Sandstorm|[upkeep]
|-damage|p1a: Gyarados|69/100|[from] Sandstorm
|-damage|p2a: Celebi|17/100|[from] Sandstorm
|-heal|p1a: Gyarados|76/100|[from] item: Leftovers
|-damage|p1a: Gyarados|63/100|[from] Leech Seed|[of] p2a: Celebi
|-heal|p2a: Celebi|27/100|[silent]
|-heal|p2a: Celebi|34/100|[from] item: Leftovers
|upkeep
|turn|14
|
|t:|1728328768
|move|p1a: Gyarados|Hidden Power|p2a: Celebi
|-supereffective|p2a: Celebi
|-damage|p2a: Celebi|0 fnt
|faint|p2a: Celebi
|
|t:|1728328781
|switch|p2a: Metagross|Metagross|40/100
|
|-weather|Sandstorm|[upkeep]
|-damage|p1a: Gyarados|57/100|[from] Sandstorm
|-heal|p1a: Gyarados|63/100|[from] item: Leftovers
|-damage|p1a: Gyarados|51/100|[from] Leech Seed|[of] p2a: Metagross
|-heal|p2a: Metagross|52/100|[silent]
|-heal|p2a: Metagross|58/100|[from] item: Leftovers
|upkeep
|turn|15
|
|t:|1728328791
|move|p1a: Gyarados|Earthquake|p2a: Metagross
|-supereffective|p2a: Metagross
|-damage|p2a: Metagross|0 fnt
|faint|p2a: Metagross
|
|t:|1728328795
|switch|p2a: Dugtrio|Dugtrio, M|100/100
|
|-weather|Sandstorm|[upkeep]
|-damage|p1a: Gyarados|44/100|[from] Sandstorm
|-heal|p1a: Gyarados|51/100|[from] item: Leftovers
|-damage|p1a: Gyarados|38/100|[from] Leech Seed|[of] p2a: Dugtrio
|upkeep
|turn|16
|
|t:|1728328808
|move|p2a: Dugtrio|Rock Slide|p1a: Gyarados
|-supereffective|p1a: Gyarados
|-damage|p1a: Gyarados|0 fnt
|faint|p1a: Gyarados
|
|t:|1728328813
|switch|p1a: Swampert|Swampert, M|83/100
|
|-weather|Sandstorm|[upkeep]
|-heal|p1a: Swampert|89/100|[from] item: Leftovers
|upkeep
|turn|17
|
|t:|1728328819
|move|p2a: Dugtrio|Rock Slide|p1a: Swampert
|-resisted|p1a: Swampert
|-damage|p1a: Swampert|79/100
|move|p1a: Swampert|Earthquake|p2a: Dugtrio
|-damage|p2a: Dugtrio|0 fnt
|faint|p2a: Dugtrio
|
|t:|1728328827
|switch|p2a: Banette|Banette, M|100/100
|
|-weather|Sandstorm|[upkeep]
|-damage|p2a: Banette|94/100|[from] Sandstorm
|-heal|p1a: Swampert|85/100|[from] item: Leftovers
|-heal|p2a: Banette|100/100|[from] item: Leftovers
|upkeep
|turn|18
|
|t:|1728328835
|move|p1a: Swampert|Protect|p1a: Swampert
|-singleturn|p1a: Swampert|Protect
|move|p2a: Banette|Will-O-Wisp|p1a: Swampert|[miss]
|-miss|p2a: Banette|p1a: Swampert
|
|-weather|Sandstorm|[upkeep]
|-damage|p2a: Banette|94/100|[from] Sandstorm
|-heal|p1a: Swampert|91/100|[from] item: Leftovers
|-heal|p2a: Banette|100/100|[from] item: Leftovers
|upkeep
|turn|19
|
|t:|1728328846
|switch|p1a: Magneton|Magneton|100/100
|move|p2a: Banette|Will-O-Wisp|p1a: Magneton
|-status|p1a: Magneton|brn
|
|-weather|Sandstorm|[upkeep]
|-damage|p2a: Banette|94/100|[from] Sandstorm
|-damage|p1a: Magneton|88/100 brn|[from] brn
|-heal|p2a: Banette|100/100|[from] item: Leftovers
|upkeep
|turn|20
|
|t:|1728328859
|move|p1a: Magneton|Thunderbolt|p2a: Banette
|-damage|p2a: Banette|45/100
|move|p2a: Banette|Hidden Power|p1a: Magneton
|-supereffective|p1a: Magneton
|-damage|p1a: Magneton|37/100 brn
|
|-weather|Sandstorm|[upkeep]
|-damage|p2a: Banette|39/100|[from] Sandstorm
|-damage|p1a: Magneton|25/100 brn|[from] brn
|-heal|p2a: Banette|45/100|[from] item: Leftovers
|upkeep
|turn|21
|
|t:|1728328875
|switch|p2a: Magneton|Magneton|100/100
|move|p1a: Magneton|Thunderbolt|p2a: Magneton
|-resisted|p2a: Magneton
|-damage|p2a: Magneton|55/100
|
|-weather|Sandstorm|[upkeep]
|-damage|p1a: Magneton|13/100 brn|[from] brn
|-heal|p2a: Magneton|62/100|[from] item: Leftovers
|upkeep
|turn|22
|
|t:|1728328886
|move|p2a: Magneton|Protect|p2a: Magneton
|-singleturn|p2a: Magneton|Protect
|move|p1a: Magneton|Hidden Power|p2a: Magneton
|-activate|p2a: Magneton|Protect
|
|-weather|Sandstorm|[upkeep]
|-damage|p1a: Magneton|0 fnt|[from] brn
|faint|p1a: Magneton
|-heal|p2a: Magneton|68/100|[from] item: Leftovers
|upkeep
|
|t:|1728328889
|switch|p1a: Flygon|Flygon, F|100/100
|turn|23
|
|t:|1728328897
|move|p1a: Flygon|Earthquake|p2a: Magneton
|-supereffective|p2a: Magneton
|-damage|p2a: Magneton|0 fnt
|faint|p2a: Magneton
|
|t:|1728328901
|switch|p2a: Banette|Banette, M|45/100
|
|-weather|Sandstorm|[upkeep]
|-damage|p2a: Banette|39/100|[from] Sandstorm
|-heal|p2a: Banette|45/100|[from] item: Leftovers
|upkeep
|turn|24
|
|t:|1728328909
|move|p1a: Flygon|Earthquake|p2a: Banette
|-damage|p2a: Banette|0 fnt
|faint|p2a: Banette
|
|win|Fear
|c|☆Fear|ggs

</script>
<script type="application/json" class="data" id="replaydata-smogtours-gen3ou-796206">
{"id":"smogtours-gen3ou-796206","format":"[Gen 3] OU","players":["Fear","yd12k"],"uploadtime":1728328909,"views":117,"formatid":"gen3ou","rating":null,"private":0,"password":null}
</script>

<script defer src="js/replays.js?9d40a366"></script>
