<!DOCTYPE html>
<meta charset="utf-8" />
<meta name="viewport" content="width=device-width" />

<title>[Gen 3] OU: shitking vs. RedCrimp - Replays - Pok&eacute;mon Showdown!</title>

<meta name="description" content="Watch a replay of a Pok&eacute;mon battle between shitking and RedCrimp! Format: [Gen 3] OU; Date: Oct 2, 2024" />
<!--

Hey, you! Looking in the source for the replay log?

You can find them in JSON format, just add `.json` at the end of a replay URL.

https://replay.pokemonshowdown.com/gen7randomdoublesbattle-865046831.json

Or, if you only need the log itself, add `.log` instead:

https://replay.pokemonshowdown.com/gen7randomdoublesbattle-865046831.log

-->

<link rel="stylesheet" href="//pokemonshowdown.com/style/global.css?0.767286132409787" />
<link rel="stylesheet" href="//play.pokemonshowdown.com/style/font-awesome.css?0.9266228007934947" />
<link rel="stylesheet" href="//play.pokemonshowdown.com/style/battle.css?0.7924700842790926" />
<link rel="stylesheet" href="//play.pokemonshowdown.com/style/utilichart.css?0.8777417872839479" />

<!-- Global site tag (gtag.js) - Google Analytics -->
<script async src="https://www.googletagmanager.com/gtag/js?id=UA-26211653-1"></script>
<script>
  window.dataLayer = window.dataLayer || [];
  function gtag(){dataLayer.push(arguments);}
  gtag('js', new Date());

  gtag('config', 'UA-26211653-1');
</script>
<!-- End Google Analytics -->
<!-- Venatus Ad Manager - Install in <HEAD> of page -->
	<script src="https://hb.vntsm.com/v3/live/ad-manager.min.js" type="text/javascript" data-site-id="642aba63ec9a7b11c3c9c1be" data-mode="scan" async></script>
<!-- / Venatus Ad Manager -->

<style>
	@media (max-width:820px) {
		.battle {
			margin: 0 auto;
		}
		.battle-log {
			margin: 7px auto 0;
			max-width: 640px;
			height: 300px;
			position: static;
		}
	}
	.optgroup {
		display: inline-block;
		line-height: 22px;
		font-size: 10pt;
	}
	.optgroup .button {
		height: 25px;
		padding-top: 0;
		padding-bottom: 0;
	}
	.optgroup button.button {
		padding-left: 12px;
		padding-right: 12px;
	}
	.linklist {
		list-style: none;
		margin: 0.5em 0;
		padding: 0;
	}
	.linklist li {
		padding: 2px 0;
	}
	.sidebar {
		float: left;
		width: 320px;
	}
	.bar-wrapper {
		max-width: 1100px;
		margin: 0 auto;
	}
	.bar-wrapper.has-sidebar {
		max-width: 1430px;
	}
	.mainbar {
		margin: 0;
		padding-right: 1px;
	}
	.mainbar.has-sidebar {
		margin-left: 330px;
	}
	@media (min-width: 1511px) {
		.sidebar {
			width: 400px;
		}
		.bar-wrapper.has-sidebar {
			max-width: 1510px;
		}
		.mainbar.has-sidebar {
			margin-left: 410px;
		}
	}
	.section.first-section {
		margin-top: 9px;
	}
	.blocklink small {
		white-space: normal;
	}
	.button {
		vertical-align: middle;
	}
	.replay-controls {
		padding-top: 10px;
	}
	.replay-controls h1 {
		font-size: 16pt;
		font-weight: normal;
		color: #CCC;
	}
	.pagelink {
		text-align: center;
	}
	.pagelink a {
		width: 150px;
	}
	.textbox, .button {
		font-size: 11pt;
		vertical-align: middle;
	}
	@media (max-width: 450px) {
		.button {
			font-size: 9pt;
		}
	}
</style>

<div>

	<header>
		<div class="nav-wrapper"><ul class="nav">
			<li><a class="button nav-first" href="//pokemonshowdown.com/"><img src="//pokemonshowdown.com/images/pokemonshowdownbeta.png" srcset="//pokemonshowdown.com/images/pokemonshowdownbeta.png 1x, //pokemonshowdown.com/images/pokemonshowdownbeta@2x.png 2x" alt="Pok&eacute;mon Showdown" width="146" height="44" /> Home</a></li>
			<li><a class="button" href="//pokemonshowdown.com/dex/">Pok&eacute;dex</a></li>
			<li><a class="button cur" href="/">Replays</a></li>
			<li><a class="button" href="//pokemonshowdown.com/ladder/">Ladder</a></li>
			<li><a class="button nav-last" href="//pokemonshowdown.com/forums/">Forum</a></li>
			<li><a class="button greenbutton nav-first nav-last" href="//play.pokemonshowdown.com/">Play</a></li>
		</ul></div>
	</header>

	<div class="main" id="main">

		<noscript><section class="section">You need to enable JavaScript to use this page; sorry!</section></noscript>

	</div>

</div>

<script defer nomodule src="//play.pokemonshowdown.com/js/lib/ps-polyfill.js"></script>
<script defer src="//play.pokemonshowdown.com/js/lib/preact.min.js"></script>

<script defer src="//play.pokemonshowdown.com/config/config.js?6dec07f6"></script>
<script defer src="//play.pokemonshowdown.com/js/lib/jquery-1.11.0.min.js"></script>
<script defer src="//play.pokemonshowdown.com/js/lib/html-sanitizer-minified.js"></script>
<script defer src="//play.pokemonshowdown.com/js/battle-sound.js"></script>
<script defer src="//play.pokemonshowdown.com/js/battledata.js?0.6315294753075389"></script>
<script defer src="//play.pokemonshowdown.com/data/pokedex-mini.js?0.7603743185311358"></script>
<script defer src="//play.pokemonshowdown.com/data/pokedex-mini-bw.js?0.030888842834281283"></script>
<script defer src="//play.pokemonshowdown.com/data/graphics.js?0.05593094747507488"></script>
<script defer src="//play.pokemonshowdown.com/data/pokedex.js?0.47064822249611904"></script>
<script defer src="//play.pokemonshowdown.com/data/moves.js?0.8583693120512459"></script>
<script defer src="//play.pokemonshowdown.com/data/abilities.js?0.16017181182386842"></script>
<script defer src="//play.pokemonshowdown.com/data/items.js?0.4163379185673943"></script>
<script defer src="//play.pokemonshowdown.com/data/teambuilder-tables.js?0.31075597372830477"></script>
<script defer src="//play.pokemonshowdown.com/js/battle-tooltips.js?0.6536193500708172"></script>
<script defer src="//play.pokemonshowdown.com/js/battle.js?0.1916591943277901"></script>

<script defer src="js/utils.js?e31f9a17"></script>
<script defer src="js/replays-battle.js?7008c182"></script>

<!-- don't scrape this data! just add .json or .log after the URL!
Full API docs: https://github.com/smogon/pokemon-showdown-client/blob/master/WEB-API.md -->
<script type="text/plain" class="log" id="replaylog-smogtours-gen3ou-793934">
|inactive|Battle timer is ON: inactive players will automatically lose when time's up.
|t:|1727877781
|gametype|singles
|player|p1|shitking|266|
|player|p2|RedCrimp|2|
|teamsize|p1|6
|teamsize|p2|6
|gen|3
|tier|[Gen 3] OU
|rule|Sleep Clause Mod: Limit one foe put to sleep
|rule|Switch Priority Clause Mod: Faster Pokémon switch first
|rule|Species Clause: Limit one of each Pokémon
|rule|OHKO Clause: OHKO moves are banned
|rule|Evasion Items Clause: Evasion items are banned
|rule|Evasion Moves Clause: Evasion moves are banned
|rule|Endless Battle Clause: Forcing endless battles is banned
|rule|HP Percentage Mod: HP is shown in percentages
|rule|One Boost Passer Clause: Limit one Baton Passer that has a way to boost its stats
|rule|Freeze Clause Mod: Limit one foe frozen
|
|t:|1727877781
|start
|switch|p1a: Skarmory|Skarmory, M|100/100
|switch|p2a: Tyranitar|Tyranitar, M|100/100
|-weather|Sandstorm|[from] ability: Sand Stream|[of] p2a: Tyranitar
|turn|1
|
|t:|1727877789
|-singleturn|p2a: Tyranitar|move: Focus Punch
|move|p1a: Skarmory|Spikes|p2a: Tyranitar
|-sidestart|p2: RedCrimp|Spikes
|move|p2a: Tyranitar|Focus Punch|p1a: Skarmory
|-damage|p1a: Skarmory|57/100
|
|-weather|Sandstorm|[upkeep]
|-heal|p1a: Skarmory|63/100|[from] item: Leftovers
|upkeep
|turn|2
|
|t:|1727877798
|-singleturn|p2a: Tyranitar|move: Focus Punch
|move|p1a: Skarmory|Spikes|p2a: Tyranitar
|-sidestart|p2: RedCrimp|Spikes
|move|p2a: Tyranitar|Focus Punch|p1a: Skarmory
|-damage|p1a: Skarmory|18/100
|
|-weather|Sandstorm|[upkeep]
|-heal|p1a: Skarmory|24/100|[from] item: Leftovers
|upkeep
|turn|3
|
|t:|1727877804
|switch|p1a: Gengar|Gengar, F|100/100
|move|p2a: Tyranitar|Rock Slide|p1a: Gengar
|-damage|p1a: Gengar|5/100
|
|-weather|Sandstorm|[upkeep]
|-damage|p1a: Gengar|0 fnt|[from] Sandstorm
|faint|p1a: Gengar
|upkeep
|
|t:|1727877810
|switch|p1a: Metagross|Metagross|100/100
|turn|4
|
|t:|1727877819
|switch|p2a: Skarmory|Skarmory, M|100/100
|move|p1a: Metagross|Meteor Mash|p2a: Skarmory
|-resisted|p2a: Skarmory
|-damage|p2a: Skarmory|70/100
|
|-weather|Sandstorm|[upkeep]
|-heal|p2a: Skarmory|76/100|[from] item: Leftovers
|upkeep
|turn|5
|
|t:|1727877829
|switch|p1a: Jolteon|Jolteon, M|100/100
|move|p2a: Skarmory|Spikes|p1a: Jolteon
|-sidestart|p1: shitking|Spikes
|
|-weather|Sandstorm|[upkeep]
|-damage|p1a: Jolteon|94/100|[from] Sandstorm
|-heal|p1a: Jolteon|100/100|[from] item: Leftovers
|-heal|p2a: Skarmory|82/100|[from] item: Leftovers
|upkeep
|turn|6
|
|t:|1727877838
|switch|p2a: Blissey|Blissey, F|100/100
|-damage|p2a: Blissey|84/100|[from] Spikes
|move|p1a: Jolteon|Thunder Wave|p2a: Blissey
|-status|p2a: Blissey|par
|
|-weather|Sandstorm|[upkeep]
|-damage|p1a: Jolteon|94/100|[from] Sandstorm
|-damage|p2a: Blissey|78/100 par|[from] Sandstorm
|-heal|p1a: Jolteon|100/100|[from] item: Leftovers
|-heal|p2a: Blissey|84/100 par|[from] item: Leftovers
|upkeep
|turn|7
|
|t:|1727877850
|move|p1a: Jolteon|Baton Pass|p1a: Jolteon
|
|t:|1727877854
|switch|p1a: Metagross|Metagross|100/100|[from] Baton Pass
|-damage|p1a: Metagross|88/100|[from] Spikes
|move|p2a: Blissey|Thunderbolt|p1a: Metagross
|-damage|p1a: Metagross|61/100
|
|-weather|Sandstorm|[upkeep]
|-damage|p2a: Blissey|78/100 par|[from] Sandstorm
|-heal|p2a: Blissey|84/100 par|[from] item: Leftovers
|upkeep
|turn|8
|
|t:|1727877879
|-curestatus|p2a: Blissey|par|[from] ability: Natural Cure
|switch|p2a: Skarmory|Skarmory, M|82/100
|move|p1a: Metagross|Meteor Mash|p2a: Skarmory
|-resisted|p2a: Skarmory
|-damage|p2a: Skarmory|46/100
|-boost|p1a: Metagross|atk|1
|
|-weather|Sandstorm|[upkeep]
|-heal|p2a: Skarmory|52/100|[from] item: Leftovers
|upkeep
|turn|9
|
|t:|1727877888
|switch|p1a: Jolteon|Jolteon, M|100/100
|-damage|p1a: Jolteon|88/100|[from] Spikes
|move|p2a: Skarmory|Protect||[still]
|-fail|p2a: Skarmory
|
|-weather|Sandstorm|[upkeep]
|-damage|p1a: Jolteon|82/100|[from] Sandstorm
|-heal|p1a: Jolteon|88/100|[from] item: Leftovers
|-heal|p2a: Skarmory|58/100|[from] item: Leftovers
|upkeep
|turn|10
|
|t:|1727877899
|switch|p2a: Tyranitar|Tyranitar, M|100/100
|-damage|p2a: Tyranitar|84/100|[from] Spikes
|move|p1a: Jolteon|Baton Pass|p1a: Jolteon
|
|t:|1727877912
|switch|p1a: Starmie|Starmie|100/100|[from] Baton Pass
|-damage|p1a: Starmie|88/100|[from] Spikes
|
|-weather|Sandstorm|[upkeep]
|-damage|p1a: Starmie|82/100|[from] Sandstorm
|-heal|p1a: Starmie|88/100|[from] item: Leftovers
|-heal|p2a: Tyranitar|90/100|[from] item: Leftovers
|upkeep
|turn|11
|
|t:|1727877919
|move|p1a: Starmie|Hydro Pump|p2a: Tyranitar
|-supereffective|p2a: Tyranitar
|-damage|p2a: Tyranitar|0 fnt
|faint|p2a: Tyranitar
|
|t:|1727877924
|switch|p2a: Blissey|Blissey, F|84/100
|-damage|p2a: Blissey|67/100|[from] Spikes
|
|-weather|Sandstorm|[upkeep]
|-damage|p1a: Starmie|82/100|[from] Sandstorm
|-damage|p2a: Blissey|61/100|[from] Sandstorm
|-heal|p1a: Starmie|88/100|[from] item: Leftovers
|-heal|p2a: Blissey|67/100|[from] item: Leftovers
|upkeep
|turn|12
|
|t:|1727877933
|switch|p1a: Jolteon|Jolteon, M|88/100
|-damage|p1a: Jolteon|75/100|[from] Spikes
|move|p2a: Blissey|Thunderbolt|p1a: Jolteon
|-heal|p1a: Jolteon|100/100|[from] ability: Volt Absorb|[of] p2a: Blissey
|
|-weather|Sandstorm|[upkeep]
|-damage|p1a: Jolteon|94/100|[from] Sandstorm
|-damage|p2a: Blissey|61/100|[from] Sandstorm
|-heal|p1a: Jolteon|100/100|[from] item: Leftovers
|-heal|p2a: Blissey|67/100|[from] item: Leftovers
|upkeep
|turn|13
|
|t:|1727877937
|move|p1a: Jolteon|Thunder Wave|p2a: Blissey
|-status|p2a: Blissey|par
|move|p2a: Blissey|Soft-Boiled|p2a: Blissey
|-heal|p2a: Blissey|100/100 par
|
|-weather|Sandstorm|[upkeep]
|-damage|p1a: Jolteon|94/100|[from] Sandstorm
|-damage|p2a: Blissey|94/100 par|[from] Sandstorm
|-heal|p1a: Jolteon|100/100|[from] item: Leftovers
|-heal|p2a: Blissey|100/100 par|[from] item: Leftovers
|upkeep
|turn|14
|
|t:|1727877944
|move|p1a: Jolteon|Baton Pass|p1a: Jolteon
|
|t:|1727877948
|switch|p1a: Skarmory|Skarmory, M|24/100|[from] Baton Pass
|move|p2a: Blissey|Thunderbolt|p1a: Skarmory
|-supereffective|p1a: Skarmory
|-damage|p1a: Skarmory|0 fnt
|faint|p1a: Skarmory
|
|t:|1727877953
|switch|p1a: Metagross|Metagross|61/100
|-damage|p1a: Metagross|48/100|[from] Spikes
|
|-weather|Sandstorm|[upkeep]
|-damage|p2a: Blissey|94/100 par|[from] Sandstorm
|-heal|p2a: Blissey|100/100 par|[from] item: Leftovers
|upkeep
|turn|15
|inactive|RedCrimp has 270 seconds left.
|
|t:|1727877986
|-curestatus|p2a: Blissey|par|[from] ability: Natural Cure
|switch|p2a: Skarmory|Skarmory, M|58/100
|move|p1a: Metagross|Meteor Mash|p2a: Skarmory
|-resisted|p2a: Skarmory
|-damage|p2a: Skarmory|24/100
|
|-weather|Sandstorm|[upkeep]
|-heal|p2a: Skarmory|30/100|[from] item: Leftovers
|upkeep
|turn|16
|
|t:|1727877997
|switch|p1a: Jolteon|Jolteon, M|100/100
|-damage|p1a: Jolteon|88/100|[from] Spikes
|move|p2a: Skarmory|Protect||[still]
|-fail|p2a: Skarmory
|
|-weather|Sandstorm|[upkeep]
|-damage|p1a: Jolteon|82/100|[from] Sandstorm
|-heal|p1a: Jolteon|88/100|[from] item: Leftovers
|-heal|p2a: Skarmory|36/100|[from] item: Leftovers
|upkeep
|turn|17
|
|t:|1727878009
|move|p2a: Skarmory|Protect|p2a: Skarmory
|-singleturn|p2a: Skarmory|Protect
|move|p1a: Jolteon|Thunder Wave|p2a: Skarmory
|-activate|p2a: Skarmory|Protect
|
|-weather|Sandstorm|[upkeep]
|-damage|p1a: Jolteon|82/100|[from] Sandstorm
|-heal|p1a: Jolteon|88/100|[from] item: Leftovers
|-heal|p2a: Skarmory|42/100|[from] item: Leftovers
|upkeep
|turn|18
|
|t:|1727878014
|switch|p2a: Blissey|Blissey, F|100/100
|-damage|p2a: Blissey|84/100|[from] Spikes
|move|p1a: Jolteon|Baton Pass|p1a: Jolteon
|
|t:|1727878021
|switch|p1a: Metagross|Metagross|48/100|[from] Baton Pass
|-damage|p1a: Metagross|36/100|[from] Spikes
|
|-weather|Sandstorm|[upkeep]
|-damage|p2a: Blissey|78/100|[from] Sandstorm
|-heal|p2a: Blissey|84/100|[from] item: Leftovers
|upkeep
|turn|19
|
|t:|1727878025
|switch|p2a: Starmie|Starmie|100/100
|-damage|p2a: Starmie|84/100|[from] Spikes
|move|p1a: Metagross|Explosion|p2a: Starmie
|-damage|p2a: Starmie|0 fnt
|faint|p1a: Metagross
|faint|p2a: Starmie
|
|t:|1727878041
|switch|p2a: Skarmory|Skarmory, M|42/100
|switch|p1a: Jolteon|Jolteon, M|88/100
|-damage|p1a: Jolteon|75/100|[from] Spikes
|
|-weather|Sandstorm|[upkeep]
|-damage|p1a: Jolteon|69/100|[from] Sandstorm
|-heal|p1a: Jolteon|75/100|[from] item: Leftovers
|-heal|p2a: Skarmory|48/100|[from] item: Leftovers
|upkeep
|turn|20
|
|t:|1727878048
|move|p2a: Skarmory|Protect|p2a: Skarmory
|-singleturn|p2a: Skarmory|Protect
|move|p1a: Jolteon|Thunder Wave|p2a: Skarmory
|-activate|p2a: Skarmory|Protect
|
|-weather|Sandstorm|[upkeep]
|-damage|p1a: Jolteon|69/100|[from] Sandstorm
|-heal|p1a: Jolteon|75/100|[from] item: Leftovers
|-heal|p2a: Skarmory|54/100|[from] item: Leftovers
|upkeep
|turn|21
|
|t:|1727878054
|switch|p2a: Blissey|Blissey, F|84/100
|-damage|p2a: Blissey|67/100|[from] Spikes
|move|p1a: Jolteon|Thunderbolt|p2a: Blissey
|-damage|p2a: Blissey|51/100
|
|-weather|Sandstorm|[upkeep]
|-damage|p1a: Jolteon|69/100|[from] Sandstorm
|-damage|p2a: Blissey|45/100|[from] Sandstorm
|-heal|p1a: Jolteon|75/100|[from] item: Leftovers
|-heal|p2a: Blissey|51/100|[from] item: Leftovers
|upkeep
|turn|22
|
|t:|1727878062
|move|p1a: Jolteon|Thunderbolt|p2a: Blissey
|-damage|p2a: Blissey|33/100
|move|p2a: Blissey|Soft-Boiled|p2a: Blissey
|-heal|p2a: Blissey|83/100
|
|-weather|Sandstorm|[upkeep]
|-damage|p1a: Jolteon|69/100|[from] Sandstorm
|-damage|p2a: Blissey|76/100|[from] Sandstorm
|-heal|p1a: Jolteon|75/100|[from] item: Leftovers
|-heal|p2a: Blissey|83/100|[from] item: Leftovers
|upkeep
|turn|23
|
|t:|1727878067
|move|p1a: Jolteon|Baton Pass|p1a: Jolteon
|
|t:|1727878070
|switch|p1a: Tyranitar|Tyranitar, F|100/100|[from] Baton Pass
|-damage|p1a: Tyranitar|88/100|[from] Spikes
|move|p2a: Blissey|Soft-Boiled|p2a: Blissey
|-heal|p2a: Blissey|100/100
|
|-weather|Sandstorm|[upkeep]
|-damage|p2a: Blissey|94/100|[from] Sandstorm
|-heal|p1a: Tyranitar|94/100|[from] item: Leftovers
|-heal|p2a: Blissey|100/100|[from] item: Leftovers
|upkeep
|turn|24
|
|t:|1727878088
|switch|p2a: Swampert|Swampert, M|100/100
|-damage|p2a: Swampert|84/100|[from] Spikes
|move|p1a: Tyranitar|Rock Slide|p2a: Swampert
|-resisted|p2a: Swampert
|-damage|p2a: Swampert|69/100
|
|-weather|Sandstorm|[upkeep]
|-heal|p2a: Swampert|75/100|[from] item: Leftovers
|-heal|p1a: Tyranitar|100/100|[from] item: Leftovers
|upkeep
|turn|25
|
|t:|1727878096
|switch|p1a: Starmie|Starmie|88/100
|-damage|p1a: Starmie|76/100|[from] Spikes
|move|p2a: Swampert|Roar|p1a: Starmie
|drag|p1a: Jolteon|Jolteon, M|75/100
|-damage|p1a: Jolteon|63/100|[from] Spikes
|
|-weather|Sandstorm|[upkeep]
|-damage|p1a: Jolteon|57/100|[from] Sandstorm
|-heal|p1a: Jolteon|63/100|[from] item: Leftovers
|-heal|p2a: Swampert|81/100|[from] item: Leftovers
|upkeep
|turn|26
|
|t:|1727878104
|move|p2a: Swampert|Protect|p2a: Swampert
|-singleturn|p2a: Swampert|Protect
|move|p1a: Jolteon|Hidden Power|p2a: Swampert
|-activate|p2a: Swampert|Protect
|
|-weather|Sandstorm|[upkeep]
|-damage|p1a: Jolteon|57/100|[from] Sandstorm
|-heal|p1a: Jolteon|63/100|[from] item: Leftovers
|-heal|p2a: Swampert|88/100|[from] item: Leftovers
|upkeep
|turn|27
|
|t:|1727878113
|switch|p2a: Skarmory|Skarmory, M|54/100
|move|p1a: Jolteon|Thunderbolt|p2a: Skarmory
|-supereffective|p2a: Skarmory
|-damage|p2a: Skarmory|0 fnt
|faint|p2a: Skarmory
|
|t:|1727878117
|switch|p2a: Blissey|Blissey, F|100/100
|-damage|p2a: Blissey|84/100|[from] Spikes
|
|-weather|Sandstorm|[upkeep]
|-damage|p1a: Jolteon|57/100|[from] Sandstorm
|-damage|p2a: Blissey|78/100|[from] Sandstorm
|-heal|p1a: Jolteon|63/100|[from] item: Leftovers
|-heal|p2a: Blissey|84/100|[from] item: Leftovers
|upkeep
|turn|28
|
|t:|1727878121
|move|p1a: Jolteon|Thunder Wave|p2a: Blissey
|-status|p2a: Blissey|par
|move|p2a: Blissey|Ice Beam|p1a: Jolteon
|-damage|p1a: Jolteon|28/100
|
|-weather|Sandstorm|[upkeep]
|-damage|p1a: Jolteon|22/100|[from] Sandstorm
|-damage|p2a: Blissey|78/100 par|[from] Sandstorm
|-heal|p1a: Jolteon|28/100|[from] item: Leftovers
|-heal|p2a: Blissey|84/100 par|[from] item: Leftovers
|upkeep
|turn|29
|
|t:|1727878131
|switch|p1a: Tyranitar|Tyranitar, F|100/100
|-damage|p1a: Tyranitar|88/100|[from] Spikes
|move|p2a: Blissey|Ice Beam|p1a: Tyranitar
|-damage|p1a: Tyranitar|66/100
|
|-weather|Sandstorm|[upkeep]
|-damage|p2a: Blissey|78/100 par|[from] Sandstorm
|-heal|p1a: Tyranitar|72/100|[from] item: Leftovers
|-heal|p2a: Blissey|84/100 par|[from] item: Leftovers
|upkeep
|turn|30
|
|t:|1727878142
|-singleturn|p1a: Tyranitar|move: Focus Punch
|-curestatus|p2a: Blissey|par|[from] ability: Natural Cure
|switch|p2a: Gengar|Gengar, F|100/100
|move|p1a: Tyranitar|Focus Punch|p2a: Gengar
|-immune|p2a: Gengar
|
|-weather|Sandstorm|[upkeep]
|-damage|p2a: Gengar|94/100|[from] Sandstorm
|-heal|p2a: Gengar|100/100|[from] item: Leftovers
|-heal|p1a: Tyranitar|78/100|[from] item: Leftovers
|upkeep
|turn|31
|
|t:|1727878149
|move|p2a: Gengar|Will-O-Wisp|p1a: Tyranitar
|-status|p1a: Tyranitar|brn
|move|p1a: Tyranitar|Rock Slide|p2a: Gengar|[miss]
|-miss|p1a: Tyranitar|p2a: Gengar
|
|-weather|Sandstorm|[upkeep]
|-damage|p2a: Gengar|94/100|[from] Sandstorm
|-heal|p2a: Gengar|100/100|[from] item: Leftovers
|-heal|p1a: Tyranitar|84/100 brn|[from] item: Leftovers
|-damage|p1a: Tyranitar|72/100 brn|[from] brn
|upkeep
|turn|32
|
|t:|1727878160
|move|p2a: Gengar|Giga Drain|p1a: Tyranitar
|-supereffective|p1a: Tyranitar
|-damage|p1a: Tyranitar|43/100 brn
|move|p1a: Tyranitar|Rock Slide|p2a: Gengar
|-damage|p2a: Gengar|64/100
|
|-weather|Sandstorm|[upkeep]
|-damage|p2a: Gengar|58/100|[from] Sandstorm
|-heal|p2a: Gengar|64/100|[from] item: Leftovers
|-heal|p1a: Tyranitar|50/100 brn|[from] item: Leftovers
|-damage|p1a: Tyranitar|37/100 brn|[from] brn
|upkeep
|turn|33
|
|t:|1727878171
|move|p2a: Gengar|Giga Drain|p1a: Tyranitar
|-supereffective|p1a: Tyranitar
|-damage|p1a: Tyranitar|6/100 brn
|-heal|p2a: Gengar|84/100|[from] drain|[of] p1a: Tyranitar
|move|p1a: Tyranitar|Rock Slide|p2a: Gengar
|-damage|p2a: Gengar|51/100
|
|-weather|Sandstorm|[upkeep]
|-damage|p2a: Gengar|45/100|[from] Sandstorm
|-heal|p2a: Gengar|51/100|[from] item: Leftovers
|-heal|p1a: Tyranitar|12/100 brn|[from] item: Leftovers
|-damage|p1a: Tyranitar|0 fnt|[from] brn
|faint|p1a: Tyranitar
|upkeep
|
|t:|1727878175
|switch|p1a: Starmie|Starmie|76/100
|-damage|p1a: Starmie|64/100|[from] Spikes
|turn|34
|
|t:|1727878194
|move|p1a: Starmie|Psychic|p2a: Gengar
|-supereffective|p2a: Gengar
|-damage|p2a: Gengar|0 fnt
|faint|p2a: Gengar
|
|t:|1727878196
|switch|p2a: Blissey|Blissey, F|84/100
|-damage|p2a: Blissey|67/100|[from] Spikes
|
|-weather|Sandstorm|[upkeep]
|-damage|p1a: Starmie|58/100|[from] Sandstorm
|-damage|p2a: Blissey|61/100|[from] Sandstorm
|-heal|p1a: Starmie|64/100|[from] item: Leftovers
|-heal|p2a: Blissey|67/100|[from] item: Leftovers
|upkeep
|turn|35
|
|t:|1727878202
|move|p1a: Starmie|Psychic|p2a: Blissey
|-damage|p2a: Blissey|51/100
|move|p2a: Blissey|Soft-Boiled|p2a: Blissey
|-heal|p2a: Blissey|100/100
|
|-weather|Sandstorm|[upkeep]
|-damage|p1a: Starmie|58/100|[from] Sandstorm
|-damage|p2a: Blissey|94/100|[from] Sandstorm
|-heal|p1a: Starmie|64/100|[from] item: Leftovers
|-heal|p2a: Blissey|100/100|[from] item: Leftovers
|upkeep
|turn|36
|
|t:|1727878210
|switch|p1a: Jolteon|Jolteon, M|28/100
|-damage|p1a: Jolteon|16/100|[from] Spikes
|move|p2a: Blissey|Ice Beam|p1a: Jolteon
|-damage|p1a: Jolteon|0 fnt
|faint|p1a: Jolteon
|
|t:|1727878216
|switch|p1a: Starmie|Starmie|64/100
|-damage|p1a: Starmie|52/100|[from] Spikes
|
|-weather|Sandstorm|[upkeep]
|-damage|p1a: Starmie|46/100|[from] Sandstorm
|-damage|p2a: Blissey|94/100|[from] Sandstorm
|-heal|p1a: Starmie|52/100|[from] item: Leftovers
|-heal|p2a: Blissey|100/100|[from] item: Leftovers
|upkeep
|turn|37
|
|t:|1727878225
|move|p1a: Starmie|Psychic|p2a: Blissey
|-damage|p2a: Blissey|84/100
|move|p2a: Blissey|Thunderbolt|p1a: Starmie
|-supereffective|p1a: Starmie
|-damage|p1a: Starmie|0 fnt
|faint|p1a: Starmie
|
|win|RedCrimp
|player|p1|
|c|☆RedCrimp|gg

</script>
<script type="application/json" class="data" id="replaydata-smogtours-gen3ou-793934">
{"id":"smogtours-gen3ou-793934","format":"[Gen 3] OU","players":["shitking","RedCrimp"],"uploadtime":1727878225,"views":177,"formatid":"gen3ou","rating":null,"private":0,"password":null}
</script>

<script defer src="js/replays.js?9d40a366"></script>
