<!DOCTYPE html>
<meta charset="utf-8" />
<meta name="viewport" content="width=device-width" />

<title>[Gen 3] OU: scald&gt;focusmiss vs. brotha dog - Replays - Pok&eacute;mon Showdown!</title>

<meta name="description" content="Watch a replay of a Pok&eacute;mon battle between scald&gt;focusmiss and brotha dog! Format: [Gen 3] OU; Date: Oct 10, 2024" />
<!--

Hey, you! Looking in the source for the replay log?

You can find them in JSON format, just add `.json` at the end of a replay URL.

https://replay.pokemonshowdown.com/gen7randomdoublesbattle-865046831.json

Or, if you only need the log itself, add `.log` instead:

https://replay.pokemonshowdown.com/gen7randomdoublesbattle-865046831.log

-->

<link rel="stylesheet" href="//pokemonshowdown.com/style/global.css?0.767286132409787" />
<link rel="stylesheet" href="//play.pokemonshowdown.com/style/font-awesome.css?0.9266228007934947" />
<link rel="stylesheet" href="//play.pokemonshowdown.com/style/battle.css?0.7924700842790926" />
<link rel="stylesheet" href="//play.pokemonshowdown.com/style/utilichart.css?0.8777417872839479" />

<!-- Global site tag (gtag.js) - Google Analytics -->
<script async src="https://www.googletagmanager.com/gtag/js?id=UA-26211653-1"></script>
<script>
  window.dataLayer = window.dataLayer || [];
  function gtag(){dataLayer.push(arguments);}
  gtag('js', new Date());

  gtag('config', 'UA-26211653-1');
</script>
<!-- End Google Analytics -->
<!-- Venatus Ad Manager - Install in <HEAD> of page -->
	<script src="https://hb.vntsm.com/v3/live/ad-manager.min.js" type="text/javascript" data-site-id="642aba63ec9a7b11c3c9c1be" data-mode="scan" async></script>
<!-- / Venatus Ad Manager -->

<style>
	@media (max-width:820px) {
		.battle {
			margin: 0 auto;
		}
		.battle-log {
			margin: 7px auto 0;
			max-width: 640px;
			height: 300px;
			position: static;
		}
	}
	.optgroup {
		display: inline-block;
		line-height: 22px;
		font-size: 10pt;
	}
	.optgroup .button {
		height: 25px;
		padding-top: 0;
		padding-bottom: 0;
	}
	.optgroup button.button {
		padding-left: 12px;
		padding-right: 12px;
	}
	.linklist {
		list-style: none;
		margin: 0.5em 0;
		padding: 0;
	}
	.linklist li {
		padding: 2px 0;
	}
	.sidebar {
		float: left;
		width: 320px;
	}
	.bar-wrapper {
		max-width: 1100px;
		margin: 0 auto;
	}
	.bar-wrapper.has-sidebar {
		max-width: 1430px;
	}
	.mainbar {
		margin: 0;
		padding-right: 1px;
	}
	.mainbar.has-sidebar {
		margin-left: 330px;
	}
	@media (min-width: 1511px) {
		.sidebar {
			width: 400px;
		}
		.bar-wrapper.has-sidebar {
			max-width: 1510px;
		}
		.mainbar.has-sidebar {
			margin-left: 410px;
		}
	}
	.section.first-section {
		margin-top: 9px;
	}
	.blocklink small {
		white-space: normal;
	}
	.button {
		vertical-align: middle;
	}
	.replay-controls {
		padding-top: 10px;
	}
	.replay-controls h1 {
		font-size: 16pt;
		font-weight: normal;
		color: #CCC;
	}
	.pagelink {
		text-align: center;
	}
	.pagelink a {
		width: 150px;
	}
	.textbox, .button {
		font-size: 11pt;
		vertical-align: middle;
	}
	@media (max-width: 450px) {
		.button {
			font-size: 9pt;
		}
	}
</style>

<div>

	<header>
		<div class="nav-wrapper"><ul class="nav">
			<li><a class="button nav-first" href="//pokemonshowdown.com/"><img src="//pokemonshowdown.com/images/pokemonshowdownbeta.png" srcset="//pokemonshowdown.com/images/pokemonshowdownbeta.png 1x, //pokemonshowdown.com/images/pokemonshowdownbeta@2x.png 2x" alt="Pok&eacute;mon Showdown" width="146" height="44" /> Home</a></li>
			<li><a class="button" href="//pokemonshowdown.com/dex/">Pok&eacute;dex</a></li>
			<li><a class="button cur" href="/">Replays</a></li>
			<li><a class="button" href="//pokemonshowdown.com/ladder/">Ladder</a></li>
			<li><a class="button nav-last" href="//pokemonshowdown.com/forums/">Forum</a></li>
			<li><a class="button greenbutton nav-first nav-last" href="//play.pokemonshowdown.com/">Play</a></li>
		</ul></div>
	</header>

	<div class="main" id="main">

		<noscript><section class="section">You need to enable JavaScript to use this page; sorry!</section></noscript>

	</div>

</div>

<script defer nomodule src="//play.pokemonshowdown.com/js/lib/ps-polyfill.js"></script>
<script defer src="//play.pokemonshowdown.com/js/lib/preact.min.js"></script>

<script defer src="//play.pokemonshowdown.com/config/config.js?6dec07f6"></script>
<script defer src="//play.pokemonshowdown.com/js/lib/jquery-1.11.0.min.js"></script>
<script defer src="//play.pokemonshowdown.com/js/lib/html-sanitizer-minified.js"></script>
<script defer src="//play.pokemonshowdown.com/js/battle-sound.js"></script>
<script defer src="//play.pokemonshowdown.com/js/battledata.js?0.6315294753075389"></script>
<script defer src="//play.pokemonshowdown.com/data/pokedex-mini.js?0.7603743185311358"></script>
<script defer src="//play.pokemonshowdown.com/data/pokedex-mini-bw.js?0.030888842834281283"></script>
<script defer src="//play.pokemonshowdown.com/data/graphics.js?0.05593094747507488"></script>
<script defer src="//play.pokemonshowdown.com/data/pokedex.js?0.47064822249611904"></script>
<script defer src="//play.pokemonshowdown.com/data/moves.js?0.8583693120512459"></script>
<script defer src="//play.pokemonshowdown.com/data/abilities.js?0.16017181182386842"></script>
<script defer src="//play.pokemonshowdown.com/data/items.js?0.4163379185673943"></script>
<script defer src="//play.pokemonshowdown.com/data/teambuilder-tables.js?0.31075597372830477"></script>
<script defer src="//play.pokemonshowdown.com/js/battle-tooltips.js?0.6536193500708172"></script>
<script defer src="//play.pokemonshowdown.com/js/battle.js?0.1916591943277901"></script>

<script defer src="js/utils.js?e31f9a17"></script>
<script defer src="js/replays-battle.js?7008c182"></script>

<!-- don't scrape this data! just add .json or .log after the URL!
Full API docs: https://github.com/smogon/pokemon-showdown-client/blob/master/WEB-API.md -->
<script type="text/plain" class="log" id="replaylog-smogtours-gen3ou-796821">
|inactive|Battle timer is ON: inactive players will automatically lose when time's up.
|t:|1728518982
|gametype|singles
|player|p1|scald>focusmiss|colress|
|player|p2|brotha dog|cynthia-masters|
|teamsize|p1|6
|teamsize|p2|6
|gen|3
|tier|[Gen 3] OU
|rule|Sleep Clause Mod: Limit one foe put to sleep
|rule|Switch Priority Clause Mod: Faster Pokémon switch first
|rule|Species Clause: Limit one of each Pokémon
|rule|OHKO Clause: OHKO moves are banned
|rule|Evasion Items Clause: Evasion items are banned
|rule|Evasion Moves Clause: Evasion moves are banned
|rule|Endless Battle Clause: Forcing endless battles is banned
|rule|HP Percentage Mod: HP is shown in percentages
|rule|One Boost Passer Clause: Limit one Baton Passer that has a way to boost its stats
|rule|Freeze Clause Mod: Limit one foe frozen
|
|t:|1728518982
|start
|switch|p1a: Tyranitar|Tyranitar, F|100/100
|switch|p2a: Zapdos|Zapdos|100/100
|-weather|Sandstorm|[from] ability: Sand Stream|[of] p1a: Tyranitar
|turn|1
|inactive|brotha dog also wants the timer to be on.
|
|t:|1728519001
|switch|p2a: Metagross|Metagross|100/100
|move|p1a: Tyranitar|Rock Slide|p2a: Metagross|[miss]
|-miss|p1a: Tyranitar|p2a: Metagross
|
|-weather|Sandstorm|[upkeep]
|upkeep
|turn|2
|
|t:|1728519011
|switch|p1a: Skarmory|Skarmory, M|100/100
|move|p2a: Metagross|Meteor Mash|p1a: Skarmory
|-resisted|p1a: Skarmory
|-damage|p1a: Skarmory|77/100
|-boost|p2a: Metagross|atk|1
|
|-weather|Sandstorm|[upkeep]
|-heal|p1a: Skarmory|83/100|[from] item: Leftovers
|upkeep
|turn|3
|
|t:|1728519017
|move|p1a: Skarmory|Protect|p1a: Skarmory
|-singleturn|p1a: Skarmory|Protect
|move|p2a: Metagross|Meteor Mash|p1a: Skarmory
|-activate|p1a: Skarmory|Protect
|
|-weather|Sandstorm|[upkeep]
|-heal|p1a: Skarmory|89/100|[from] item: Leftovers
|upkeep
|turn|4
|
|t:|1728519022
|move|p2a: Metagross|Meteor Mash|p1a: Skarmory
|-resisted|p1a: Skarmory
|-damage|p1a: Skarmory|57/100
|move|p1a: Skarmory|Spikes|p2a: Metagross
|-sidestart|p2: brotha dog|Spikes
|
|-weather|Sandstorm|[upkeep]
|-heal|p1a: Skarmory|63/100|[from] item: Leftovers
|upkeep
|turn|5
|
|t:|1728519027
|move|p2a: Metagross|Meteor Mash|p1a: Skarmory
|-resisted|p1a: Skarmory
|-damage|p1a: Skarmory|28/100
|move|p1a: Skarmory|Roar|p2a: Metagross
|drag|p2a: Celebi|Celebi|100/100
|-damage|p2a: Celebi|88/100|[from] Spikes
|
|-weather|Sandstorm|[upkeep]
|-damage|p2a: Celebi|82/100|[from] Sandstorm
|-heal|p2a: Celebi|88/100|[from] item: Leftovers
|-heal|p1a: Skarmory|34/100|[from] item: Leftovers
|upkeep
|turn|6
|
|t:|1728519035
|move|p2a: Celebi|Calm Mind|p2a: Celebi
|-boost|p2a: Celebi|spa|1
|-boost|p2a: Celebi|spd|1
|move|p1a: Skarmory|Roar|p2a: Celebi
|drag|p2a: Suicune|Suicune|100/100
|-damage|p2a: Suicune|88/100|[from] Spikes
|
|-weather|Sandstorm|[upkeep]
|-damage|p2a: Suicune|82/100|[from] Sandstorm
|-heal|p2a: Suicune|88/100|[from] item: Leftovers
|-heal|p1a: Skarmory|40/100|[from] item: Leftovers
|upkeep
|turn|7
|
|t:|1728519042
|move|p2a: Suicune|Surf|p1a: Skarmory
|-damage|p1a: Skarmory|7/100
|move|p1a: Skarmory|Toxic|p2a: Suicune
|-status|p2a: Suicune|tox
|
|-weather|Sandstorm|[upkeep]
|-damage|p2a: Suicune|82/100 tox|[from] Sandstorm
|-heal|p2a: Suicune|88/100 tox|[from] item: Leftovers
|-damage|p2a: Suicune|82/100 tox|[from] psn
|-heal|p1a: Skarmory|13/100|[from] item: Leftovers
|upkeep
|turn|8
|
|t:|1728519049
|switch|p1a: Blissey|Blissey, F|100/100
|move|p2a: Suicune|Calm Mind|p2a: Suicune
|-boost|p2a: Suicune|spa|1
|-boost|p2a: Suicune|spd|1
|
|-weather|Sandstorm|[upkeep]
|-damage|p2a: Suicune|76/100 tox|[from] Sandstorm
|-damage|p1a: Blissey|94/100|[from] Sandstorm
|-heal|p2a: Suicune|82/100 tox|[from] item: Leftovers
|-damage|p2a: Suicune|70/100 tox|[from] psn
|-heal|p1a: Blissey|100/100|[from] item: Leftovers
|upkeep
|turn|9
|inactive|brotha dog has 270 seconds left.
|
|t:|1728519085
|switch|p2a: Celebi|Celebi|88/100
|-damage|p2a: Celebi|76/100|[from] Spikes
|switch|p1a: Gengar|Gengar, F|100/100
|
|-weather|Sandstorm|[upkeep]
|-damage|p1a: Gengar|94/100|[from] Sandstorm
|-damage|p2a: Celebi|70/100|[from] Sandstorm
|-heal|p1a: Gengar|100/100|[from] item: Leftovers
|-heal|p2a: Celebi|76/100|[from] item: Leftovers
|upkeep
|turn|10
|inactive|brotha dog has 270 seconds left.
|
|t:|1728519111
|switch|p1a: Tyranitar|Tyranitar, F|100/100
|move|p2a: Celebi|Calm Mind|p2a: Celebi
|-boost|p2a: Celebi|spa|1
|-boost|p2a: Celebi|spd|1
|
|-weather|Sandstorm|[upkeep]
|-damage|p2a: Celebi|70/100|[from] Sandstorm
|-heal|p2a: Celebi|76/100|[from] item: Leftovers
|upkeep
|turn|11
|inactive|brotha dog has 270 seconds left.
|inactive|brotha dog has 240 seconds left.
|inactive|brotha dog has 210 seconds left.
|inactive|brotha dog has 180 seconds left.
|
|t:|1728519230
|move|p2a: Celebi|Baton Pass|p2a: Celebi
|
|t:|1728519232
|switch|p2a: Metagross|Metagross|100/100|[from] Baton Pass
|-damage|p2a: Metagross|88/100|[from] Spikes
|move|p1a: Tyranitar|Hidden Power|p2a: Metagross
|-damage|p2a: Metagross|66/100
|
|-weather|Sandstorm|[upkeep]
|-heal|p2a: Metagross|72/100|[from] item: Leftovers
|upkeep
|turn|12
|inactive|scald>focusmiss has 270 seconds left.
|
|t:|1728519263
|move|p2a: Metagross|Agility|p2a: Metagross
|-boost|p2a: Metagross|spe|2
|move|p1a: Tyranitar|Earthquake|p2a: Metagross
|-supereffective|p2a: Metagross
|-damage|p2a: Metagross|14/100
|
|-weather|Sandstorm|[upkeep]
|-heal|p2a: Metagross|20/100|[from] item: Leftovers
|upkeep
|turn|13
|inactive|scald>focusmiss has 270 seconds left.
|
|t:|1728519283
|move|p2a: Metagross|Meteor Mash|p1a: Tyranitar
|-supereffective|p1a: Tyranitar
|-damage|p1a: Tyranitar|14/100
|move|p1a: Tyranitar|Earthquake|p2a: Metagross
|-supereffective|p2a: Metagross
|-damage|p2a: Metagross|0 fnt
|faint|p2a: Metagross
|inactive|brotha dog has 150 seconds left.
|inactive|brotha dog has 120 seconds left.
|inactive|brotha dog has 90 seconds left.
|inactive|brotha dog has 60 seconds left.
|
|t:|1728519389
|switch|p2a: Zapdos|Zapdos|100/100
|
|-weather|Sandstorm|[upkeep]
|-damage|p2a: Zapdos|94/100|[from] Sandstorm
|-heal|p2a: Zapdos|100/100|[from] item: Leftovers
|-heal|p1a: Tyranitar|20/100|[from] item: Leftovers
|upkeep
|turn|14
|
|t:|1728519404
|switch|p1a: Blissey|Blissey, F|100/100
|move|p2a: Zapdos|Substitute|p2a: Zapdos
|-start|p2a: Zapdos|Substitute
|-damage|p2a: Zapdos|76/100
|
|-weather|Sandstorm|[upkeep]
|-damage|p2a: Zapdos|69/100|[from] Sandstorm
|-damage|p1a: Blissey|94/100|[from] Sandstorm
|-heal|p2a: Zapdos|76/100|[from] item: Leftovers
|-heal|p1a: Blissey|100/100|[from] item: Leftovers
|upkeep
|turn|15
|inactive|scald>focusmiss has 270 seconds left.
|inactive|brotha dog has 60 seconds left.
|
|t:|1728519429
|move|p2a: Zapdos|Baton Pass|p2a: Zapdos
|
|t:|1728519431
|switch|p2a: Dugtrio|Dugtrio, F|100/100|[from] Baton Pass
|-damage|p2a: Dugtrio|88/100|[from] Spikes
|move|p1a: Blissey|Ice Beam|p2a: Dugtrio
|-supereffective|p2a: Dugtrio
|-end|p2a: Dugtrio|Substitute
|
|-weather|Sandstorm|[upkeep]
|-damage|p1a: Blissey|94/100|[from] Sandstorm
|-heal|p1a: Blissey|100/100|[from] item: Leftovers
|upkeep
|turn|16
|
|t:|1728519435
|move|p2a: Dugtrio|Earthquake|p1a: Blissey
|-damage|p1a: Blissey|51/100
|move|p1a: Blissey|Ice Beam|p2a: Dugtrio
|-supereffective|p2a: Dugtrio
|-damage|p2a: Dugtrio|4/100
|
|-weather|Sandstorm|[upkeep]
|-damage|p1a: Blissey|45/100|[from] Sandstorm
|-heal|p1a: Blissey|51/100|[from] item: Leftovers
|upkeep
|turn|17
|inactive|brotha dog has 60 seconds left.
|inactive|brotha dog has 30 seconds left.
|
|t:|1728519493
|move|p2a: Dugtrio|Earthquake|p1a: Blissey
|-damage|p1a: Blissey|0 fnt
|faint|p1a: Blissey
|inactive|brotha dog has 30 seconds left this turn.
|
|t:|1728519504
|switch|p1a: Skarmory|Skarmory, M|13/100
|
|-weather|Sandstorm|[upkeep]
|-heal|p1a: Skarmory|19/100|[from] item: Leftovers
|upkeep
|turn|18
|inactive|brotha dog has 30 seconds left.
|
|t:|1728519520
|switch|p2a: Zapdos|Zapdos|76/100
|move|p1a: Skarmory|Toxic|p2a: Zapdos
|-status|p2a: Zapdos|tox
|
|-weather|Sandstorm|[upkeep]
|-damage|p2a: Zapdos|69/100 tox|[from] Sandstorm
|-heal|p2a: Zapdos|76/100 tox|[from] item: Leftovers
|-damage|p2a: Zapdos|69/100 tox|[from] psn
|-heal|p1a: Skarmory|25/100|[from] item: Leftovers
|upkeep
|turn|19
|
|t:|1728519531
|move|p1a: Skarmory|Protect|p1a: Skarmory
|-singleturn|p1a: Skarmory|Protect
|move|p2a: Zapdos|Thunderbolt|p1a: Skarmory
|-activate|p1a: Skarmory|Protect
|
|-weather|Sandstorm|[upkeep]
|-damage|p2a: Zapdos|63/100 tox|[from] Sandstorm
|-heal|p2a: Zapdos|69/100 tox|[from] item: Leftovers
|-damage|p2a: Zapdos|57/100 tox|[from] psn
|-heal|p1a: Skarmory|31/100|[from] item: Leftovers
|upkeep
|turn|20
|
|t:|1728519557
|switch|p1a: Tyranitar|Tyranitar, F|20/100
|move|p2a: Zapdos|Thunderbolt|p1a: Tyranitar
|-damage|p1a: Tyranitar|0 fnt
|faint|p1a: Tyranitar
|
|t:|1728519563
|switch|p1a: Skarmory|Skarmory, M|31/100
|
|-weather|Sandstorm|[upkeep]
|-damage|p2a: Zapdos|51/100 tox|[from] Sandstorm
|-heal|p2a: Zapdos|57/100 tox|[from] item: Leftovers
|-damage|p2a: Zapdos|38/100 tox|[from] psn
|-heal|p1a: Skarmory|37/100|[from] item: Leftovers
|upkeep
|turn|21
|inactive|brotha dog has 30 seconds left.
|
|t:|1728519587
|move|p1a: Skarmory|Protect|p1a: Skarmory
|-singleturn|p1a: Skarmory|Protect
|move|p2a: Zapdos|Thunderbolt|p1a: Skarmory
|-activate|p1a: Skarmory|Protect
|
|-weather|Sandstorm|[upkeep]
|-damage|p2a: Zapdos|32/100 tox|[from] Sandstorm
|-heal|p2a: Zapdos|38/100 tox|[from] item: Leftovers
|-damage|p2a: Zapdos|13/100 tox|[from] psn
|-heal|p1a: Skarmory|43/100|[from] item: Leftovers
|upkeep
|turn|22
|
|t:|1728519592
|switch|p1a: Swampert|Swampert, F|100/100
|move|p2a: Zapdos|Thunderbolt|p1a: Swampert
|-immune|p1a: Swampert
|
|-weather|Sandstorm|[upkeep]
|-damage|p2a: Zapdos|7/100 tox|[from] Sandstorm
|-heal|p2a: Zapdos|13/100 tox|[from] item: Leftovers
|-damage|p2a: Zapdos|0 fnt|[from] psn
|faint|p2a: Zapdos
|upkeep
|inactive|brotha dog has 30 seconds left.
|
|t:|1728519608
|switch|p2a: Celebi|Celebi|76/100
|-damage|p2a: Celebi|63/100|[from] Spikes
|turn|23
|
|t:|1728519614
|move|p2a: Celebi|Calm Mind|p2a: Celebi
|-boost|p2a: Celebi|spa|1
|-boost|p2a: Celebi|spd|1
|move|p1a: Swampert|Ice Beam|p2a: Celebi
|-supereffective|p2a: Celebi
|-damage|p2a: Celebi|39/100
|
|-weather|Sandstorm|[upkeep]
|-damage|p2a: Celebi|33/100|[from] Sandstorm
|-heal|p2a: Celebi|39/100|[from] item: Leftovers
|upkeep
|turn|24
|
|t:|1728519621
|switch|p1a: Skarmory|Skarmory, M|43/100
|move|p2a: Celebi|Hidden Power|p1a: Skarmory
|-resisted|p1a: Skarmory
|-damage|p1a: Skarmory|32/100
|
|-weather|Sandstorm|[upkeep]
|-damage|p2a: Celebi|33/100|[from] Sandstorm
|-heal|p2a: Celebi|39/100|[from] item: Leftovers
|-heal|p1a: Skarmory|38/100|[from] item: Leftovers
|upkeep
|turn|25
|
|t:|1728519628
|move|p2a: Celebi|Psychic|p1a: Skarmory
|-resisted|p1a: Skarmory
|-damage|p1a: Skarmory|14/100
|-unboost|p1a: Skarmory|spd|1
|move|p1a: Skarmory|Roar|p2a: Celebi
|drag|p2a: Starmie|Starmie|100/100
|-damage|p2a: Starmie|88/100|[from] Spikes
|
|-weather|Sandstorm|[upkeep]
|-damage|p2a: Starmie|82/100|[from] Sandstorm
|-heal|p2a: Starmie|88/100|[from] item: Leftovers
|-heal|p1a: Skarmory|20/100|[from] item: Leftovers
|upkeep
|turn|26
|inactive|brotha dog has 60 seconds left.
|
|t:|1728519633
|move|p2a: Starmie|Rapid Spin|p1a: Skarmory
|-resisted|p1a: Skarmory
|-damage|p1a: Skarmory|19/100
|-sideend|p2: brotha dog|Spikes|[from] move: Rapid Spin|[of] p2a: Starmie
|move|p1a: Skarmory|Toxic|p2a: Starmie
|-status|p2a: Starmie|tox
|
|-weather|Sandstorm|[upkeep]
|-damage|p2a: Starmie|82/100 tox|[from] Sandstorm
|-heal|p2a: Starmie|88/100 tox|[from] item: Leftovers
|-damage|p2a: Starmie|82/100 tox|[from] psn
|-heal|p1a: Skarmory|25/100|[from] item: Leftovers
|upkeep
|turn|27
|
|t:|1728519640
|-curestatus|p2a: Starmie|tox|[from] ability: Natural Cure
|switch|p2a: Celebi|Celebi|39/100
|move|p1a: Skarmory|Protect||[still]
|-fail|p1a: Skarmory
|
|-weather|Sandstorm|[upkeep]
|-damage|p2a: Celebi|33/100|[from] Sandstorm
|-heal|p2a: Celebi|39/100|[from] item: Leftovers
|-heal|p1a: Skarmory|31/100|[from] item: Leftovers
|upkeep
|turn|28
|
|t:|1728519643
|move|p2a: Celebi|Psychic|p1a: Skarmory
|-resisted|p1a: Skarmory
|-damage|p1a: Skarmory|5/100
|move|p1a: Skarmory|Spikes|p2a: Celebi
|-sidestart|p2: brotha dog|Spikes
|
|-weather|Sandstorm|[upkeep]
|-damage|p2a: Celebi|33/100|[from] Sandstorm
|-heal|p2a: Celebi|39/100|[from] item: Leftovers
|-heal|p1a: Skarmory|11/100|[from] item: Leftovers
|upkeep
|turn|29
|
|t:|1728519676
|move|p2a: Celebi|Calm Mind|p2a: Celebi
|-boost|p2a: Celebi|spa|1
|-boost|p2a: Celebi|spd|1
|move|p1a: Skarmory|Spikes|p2a: Celebi
|-sidestart|p2: brotha dog|Spikes
|
|-weather|Sandstorm|[upkeep]
|-damage|p2a: Celebi|33/100|[from] Sandstorm
|-heal|p2a: Celebi|39/100|[from] item: Leftovers
|-heal|p1a: Skarmory|17/100|[from] item: Leftovers
|upkeep
|turn|30
|
|t:|1728519681
|move|p2a: Celebi|Psychic|p1a: Skarmory
|-resisted|p1a: Skarmory
|-damage|p1a: Skarmory|0 fnt
|faint|p1a: Skarmory
|
|t:|1728519689
|switch|p1a: Aerodactyl|Aerodactyl, F|100/100
|
|-weather|Sandstorm|[upkeep]
|-damage|p2a: Celebi|33/100|[from] Sandstorm
|-heal|p2a: Celebi|39/100|[from] item: Leftovers
|upkeep
|turn|31
|inactive|brotha dog has 60 seconds left.
|
|t:|1728519742
|switch|p2a: Dugtrio|Dugtrio, F|4/100
|-damage|p2a: Dugtrio|0 fnt|[from] Spikes
|faint|p2a: Dugtrio
|
|t:|1728519744
|switch|p2a: Suicune|Suicune|70/100 tox
|-damage|p2a: Suicune|53/100 tox|[from] Spikes
|
|-weather|Sandstorm|[upkeep]
|-damage|p2a: Suicune|47/100 tox|[from] Sandstorm
|-heal|p2a: Suicune|53/100 tox|[from] item: Leftovers
|-damage|p2a: Suicune|47/100 tox|[from] psn
|upkeep
|turn|32
|
|t:|1728519750
|switch|p1a: Gengar|Gengar, F|100/100
|move|p2a: Suicune|Surf|p1a: Gengar
|-damage|p1a: Gengar|65/100
|
|-weather|Sandstorm|[upkeep]
|-damage|p1a: Gengar|58/100|[from] Sandstorm
|-damage|p2a: Suicune|41/100 tox|[from] Sandstorm
|-heal|p1a: Gengar|65/100|[from] item: Leftovers
|-heal|p2a: Suicune|47/100 tox|[from] item: Leftovers
|-damage|p2a: Suicune|34/100 tox|[from] psn
|upkeep
|turn|33
|inactive|brotha dog has 60 seconds left.
|
|t:|1728519756
|move|p1a: Gengar|Taunt|p2a: Suicune
|-start|p2a: Suicune|move: Taunt
|move|p2a: Suicune|Surf|p1a: Gengar
|-damage|p1a: Gengar|22/100
|
|-weather|Sandstorm|[upkeep]
|-damage|p1a: Gengar|16/100|[from] Sandstorm
|-damage|p2a: Suicune|28/100 tox|[from] Sandstorm
|-heal|p1a: Gengar|22/100|[from] item: Leftovers
|-heal|p2a: Suicune|34/100 tox|[from] item: Leftovers
|-damage|p2a: Suicune|16/100 tox|[from] psn
|upkeep
|turn|34
|
|t:|1728519760
|move|p1a: Gengar|Thunderbolt|p2a: Suicune
|-supereffective|p2a: Suicune
|-damage|p2a: Suicune|0 fnt
|faint|p2a: Suicune
|
|t:|1728519765
|switch|p2a: Starmie|Starmie|82/100
|-damage|p2a: Starmie|66/100|[from] Spikes
|
|-weather|Sandstorm|[upkeep]
|-damage|p2a: Starmie|60/100|[from] Sandstorm
|-damage|p1a: Gengar|16/100|[from] Sandstorm
|-heal|p2a: Starmie|66/100|[from] item: Leftovers
|-heal|p1a: Gengar|22/100|[from] item: Leftovers
|upkeep
|turn|35
|
|t:|1728519770
|move|p2a: Starmie|Ice Beam|p1a: Gengar
|-damage|p1a: Gengar|0 fnt
|faint|p1a: Gengar
|
|t:|1728519772
|switch|p1a: Aerodactyl|Aerodactyl, F|100/100
|
|-weather|Sandstorm|[upkeep]
|-damage|p2a: Starmie|60/100|[from] Sandstorm
|-heal|p2a: Starmie|66/100|[from] item: Leftovers
|upkeep
|turn|36
|
|t:|1728519775
|move|p1a: Aerodactyl|Hidden Power|p2a: Starmie
|-supereffective|p2a: Starmie
|-damage|p2a: Starmie|0 fnt
|faint|p2a: Starmie
|
|t:|1728519776
|switch|p2a: Celebi|Celebi|39/100
|-damage|p2a: Celebi|22/100|[from] Spikes
|
|-weather|Sandstorm|[upkeep]
|-damage|p2a: Celebi|16/100|[from] Sandstorm
|-heal|p2a: Celebi|22/100|[from] item: Leftovers
|upkeep
|turn|37
|
|t:|1728519779
|move|p1a: Aerodactyl|Hidden Power|p2a: Celebi
|-supereffective|p2a: Celebi
|-damage|p2a: Celebi|0 fnt
|faint|p2a: Celebi
|
|win|scald>focusmiss
|player|p2|
|c|☆scald>focusmiss|ggs

</script>
<script type="application/json" class="data" id="replaydata-smogtours-gen3ou-796821">
{"id":"smogtours-gen3ou-796821","format":"[Gen 3] OU","players":["scald>focusmiss","brotha dog"],"uploadtime":1728519779,"views":94,"formatid":"gen3ou","rating":null,"private":0,"password":null}
</script>

<script defer src="js/replays.js?9d40a366"></script>
