<!DOCTYPE html>
<meta charset="utf-8" />
<meta name="viewport" content="width=device-width" />

<title>[Gen 3] OU: dicerat8 vs. fakes - Replays - Pok&eacute;mon Showdown!</title>

<meta name="description" content="Watch a replay of a Pok&eacute;mon battle between dicerat8 and fakes! Format: [Gen 3] OU; Date: Oct 31, 2024" />
<!--

Hey, you! Looking in the source for the replay log?

You can find them in JSON format, just add `.json` at the end of a replay URL.

https://replay.pokemonshowdown.com/gen7randomdoublesbattle-865046831.json

Or, if you only need the log itself, add `.log` instead:

https://replay.pokemonshowdown.com/gen7randomdoublesbattle-865046831.log

-->

<link rel="stylesheet" href="//pokemonshowdown.com/style/global.css?0.023195364461161105" />
<link rel="stylesheet" href="//play.pokemonshowdown.com/style/font-awesome.css?0.13261647063804238" />
<link rel="stylesheet" href="//play.pokemonshowdown.com/style/battle.css?0.8753245789963631" />
<link rel="stylesheet" href="//play.pokemonshowdown.com/style/utilichart.css?0.8627959624976733" />

<!-- Global site tag (gtag.js) - Google Analytics -->
<script async src="https://www.googletagmanager.com/gtag/js?id=UA-26211653-1"></script>
<script>
  window.dataLayer = window.dataLayer || [];
  function gtag(){dataLayer.push(arguments);}
  gtag('js', new Date());

  gtag('config', 'UA-26211653-1');
</script>
<!-- End Google Analytics -->
<!-- Venatus Ad Manager - Install in <HEAD> of page -->
	<script src="https://hb.vntsm.com/v3/live/ad-manager.min.js" type="text/javascript" data-site-id="642aba63ec9a7b11c3c9c1be" data-mode="scan" async></script>
<!-- / Venatus Ad Manager -->

<style>
	@media (max-width:820px) {
		.battle {
			margin: 0 auto;
		}
		.battle-log {
			margin: 7px auto 0;
			max-width: 640px;
			height: 300px;
			position: static;
		}
	}
	.optgroup {
		display: inline-block;
		line-height: 22px;
		font-size: 10pt;
	}
	.optgroup .button {
		height: 25px;
		padding-top: 0;
		padding-bottom: 0;
	}
	.optgroup button.button {
		padding-left: 12px;
		padding-right: 12px;
	}
	.linklist {
		list-style: none;
		margin: 0.5em 0;
		padding: 0;
	}
	.linklist li {
		padding: 2px 0;
	}
	.sidebar {
		float: left;
		width: 320px;
	}
	.bar-wrapper {
		max-width: 1100px;
		margin: 0 auto;
	}
	.bar-wrapper.has-sidebar {
		max-width: 1430px;
	}
	.mainbar {
		margin: 0;
		padding-right: 1px;
	}
	.mainbar.has-sidebar {
		margin-left: 330px;
	}
	@media (min-width: 1511px) {
		.sidebar {
			width: 400px;
		}
		.bar-wrapper.has-sidebar {
			max-width: 1510px;
		}
		.mainbar.has-sidebar {
			margin-left: 410px;
		}
	}
	.section.first-section {
		margin-top: 9px;
	}
	.blocklink small {
		white-space: normal;
	}
	.button {
		vertical-align: middle;
	}
	.replay-controls {
		padding-top: 10px;
	}
	.replay-controls h1 {
		font-size: 16pt;
		font-weight: normal;
		color: #CCC;
	}
	.pagelink {
		text-align: center;
	}
	.pagelink a {
		width: 150px;
	}
	.textbox, .button {
		font-size: 11pt;
		vertical-align: middle;
	}
	@media (max-width: 450px) {
		.button {
			font-size: 9pt;
		}
	}
</style>

<div>

	<header>
		<div class="nav-wrapper"><ul class="nav">
			<li><a class="button nav-first" href="//pokemonshowdown.com/"><img src="//pokemonshowdown.com/images/pokemonshowdownbeta.png" srcset="//pokemonshowdown.com/images/pokemonshowdownbeta.png 1x, //pokemonshowdown.com/images/pokemonshowdownbeta@2x.png 2x" alt="Pok&eacute;mon Showdown" width="146" height="44" /> Home</a></li>
			<li><a class="button" href="//pokemonshowdown.com/dex/">Pok&eacute;dex</a></li>
			<li><a class="button cur" href="/">Replays</a></li>
			<li><a class="button" href="//pokemonshowdown.com/ladder/">Ladder</a></li>
			<li><a class="button nav-last" href="//pokemonshowdown.com/forums/">Forum</a></li>
			<li><a class="button greenbutton nav-first nav-last" href="//play.pokemonshowdown.com/">Play</a></li>
		</ul></div>
	</header>

	<div class="main" id="main">

		<noscript><section class="section">You need to enable JavaScript to use this page; sorry!</section></noscript>

	</div>

</div>

<script defer nomodule src="//play.pokemonshowdown.com/js/lib/ps-polyfill.js"></script>
<script defer src="//play.pokemonshowdown.com/js/lib/preact.min.js"></script>

<script defer src="//play.pokemonshowdown.com/config/config.js?2bddbc15"></script>
<script defer src="//play.pokemonshowdown.com/js/lib/jquery-1.11.0.min.js"></script>
<script defer src="//play.pokemonshowdown.com/js/lib/html-sanitizer-minified.js"></script>
<script defer src="//play.pokemonshowdown.com/js/battle-sound.js"></script>
<script defer src="//play.pokemonshowdown.com/js/battledata.js?0.7209276989879541"></script>
<script defer src="//play.pokemonshowdown.com/data/pokedex-mini.js?0.6111056340867951"></script>
<script defer src="//play.pokemonshowdown.com/data/pokedex-mini-bw.js?0.3532142036491459"></script>
<script defer src="//play.pokemonshowdown.com/data/graphics.js?0.24223875632456182"></script>
<script defer src="//play.pokemonshowdown.com/data/pokedex.js?0.38839984266356864"></script>
<script defer src="//play.pokemonshowdown.com/data/moves.js?0.21866028504024015"></script>
<script defer src="//play.pokemonshowdown.com/data/abilities.js?0.2005157953846628"></script>
<script defer src="//play.pokemonshowdown.com/data/items.js?0.9894211263848525"></script>
<script defer src="//play.pokemonshowdown.com/data/teambuilder-tables.js?0.6008791140282215"></script>
<script defer src="//play.pokemonshowdown.com/js/battle-tooltips.js?0.7580118955022959"></script>
<script defer src="//play.pokemonshowdown.com/js/battle.js?0.6057722274234274"></script>

<script defer src="js/utils.js?e31f9a17"></script>
<script defer src="js/replays-battle.js?7008c182"></script>

<!-- don't scrape this data! just add .json or .log after the URL!
Full API docs: https://github.com/smogon/pokemon-showdown-client/blob/master/WEB-API.md -->
<script type="text/plain" class="log" id="replaylog-smogtours-gen3ou-803581">
|inactive|Battle timer is ON: inactive players will automatically lose when time's up.
|t:|1730385494
|gametype|singles
|player|p1|dicerat8|eusine|
|player|p2|fakes|lucas|
|teamsize|p1|6
|teamsize|p2|6
|gen|3
|tier|[Gen 3] OU
|rule|Sleep Clause Mod: Limit one foe put to sleep
|rule|Switch Priority Clause Mod: Faster Pokémon switch first
|rule|Species Clause: Limit one of each Pokémon
|rule|OHKO Clause: OHKO moves are banned
|rule|Evasion Items Clause: Evasion items are banned
|rule|Evasion Moves Clause: Evasion moves are banned
|rule|Endless Battle Clause: Forcing endless battles is banned
|rule|HP Percentage Mod: HP is shown in percentages
|rule|One Boost Passer Clause: Limit one Baton Passer that has a way to boost its stats
|rule|Freeze Clause Mod: Limit one foe frozen
|
|t:|1730385494
|start
|switch|p1a: Sink|Slaking, F, shiny|100/100
|switch|p2a: Tyranitar|Tyranitar, M|100/100
|-weather|Sandstorm|[from] ability: Sand Stream|[of] p2a: Tyranitar
|turn|1
|c|☆dicerat8|hf
|c|☆fakes|U2
|c|☆fakes|Would u be so nice and post replays
|c|☆fakes|Since im on phone
|c|☆dicerat8|ok
|c|☆fakes|Ty
|inactive|dicerat8 has 270 seconds left.
|
|t:|1730385529
|switch|p2a: Skarmory|Skarmory, M|100/100
|move|p1a: Sink|Earthquake|p2a: Skarmory
|-immune|p2a: Skarmory
|
|-weather|Sandstorm|[upkeep]
|-damage|p1a: Sink|94/100|[from] Sandstorm
|upkeep
|turn|2
|
|t:|1730385556
|cant|p1a: Sink|ability: Truant
|move|p2a: Skarmory|Spikes|p1a: Sink
|-sidestart|p1: dicerat8|Spikes
|
|-weather|Sandstorm|[upkeep]
|-damage|p1a: Sink|88/100|[from] Sandstorm
|upkeep
|turn|3
|
|t:|1730385562
|switch|p1a: Magneton|Magneton, shiny|100/100
|-damage|p1a: Magneton|88/100|[from] Spikes
|move|p2a: Skarmory|Spikes|p1a: Magneton
|-sidestart|p1: dicerat8|Spikes
|
|-weather|Sandstorm|[upkeep]
|upkeep
|turn|4
|
|t:|1730385570
|move|p1a: Magneton|Thunderbolt|p2a: Skarmory
|-supereffective|p2a: Skarmory
|-damage|p2a: Skarmory|2/100
|move|p2a: Skarmory|Roar|p1a: Magneton
|drag|p1a: Flygon|Flygon, M, shiny|100/100
|
|-weather|Sandstorm|[upkeep]
|-heal|p2a: Skarmory|8/100|[from] item: Leftovers
|upkeep
|turn|5
|
|t:|1730385574
|switch|p2a: Swampert|Swampert, M|100/100
|move|p1a: Flygon|Rock Slide|p2a: Swampert
|-resisted|p2a: Swampert
|-damage|p2a: Swampert|92/100
|
|-weather|Sandstorm|[upkeep]
|-heal|p2a: Swampert|99/100|[from] item: Leftovers
|upkeep
|turn|6
|
|t:|1730385581
|switch|p1a: Magicarp|Gyarados, F, shiny|100/100
|-ability|p1a: Magicarp|Intimidate|boost
|-unboost|p2a: Swampert|atk|1
|move|p2a: Swampert|Ice Beam|p1a: Magicarp
|-damage|p1a: Magicarp|81/100
|
|-weather|Sandstorm|[upkeep]
|-damage|p1a: Magicarp|75/100|[from] Sandstorm
|-heal|p1a: Magicarp|81/100|[from] item: Leftovers
|-heal|p2a: Swampert|100/100|[from] item: Leftovers
|upkeep
|turn|7
|
|t:|1730385587
|switch|p1a: Snorlax|Snorlax, M, shiny|100/100
|-damage|p1a: Snorlax|84/100|[from] Spikes
|move|p2a: Swampert|Toxic|p1a: Snorlax
|-immune|p1a: Snorlax|[from] ability: Immunity
|
|-weather|Sandstorm|[upkeep]
|-damage|p1a: Snorlax|78/100|[from] Sandstorm
|-heal|p1a: Snorlax|84/100|[from] item: Leftovers
|upkeep
|turn|8
|
|t:|1730385590
|switch|p2a: Celebi|Celebi|100/100
|move|p1a: Snorlax|Body Slam|p2a: Celebi
|-crit|p2a: Celebi
|-damage|p2a: Celebi|48/100
|
|-weather|Sandstorm|[upkeep]
|-damage|p2a: Celebi|42/100|[from] Sandstorm
|-damage|p1a: Snorlax|78/100|[from] Sandstorm
|-heal|p2a: Celebi|48/100|[from] item: Leftovers
|-heal|p1a: Snorlax|84/100|[from] item: Leftovers
|upkeep
|turn|9
|
|t:|1730385595
|move|p2a: Celebi|Recover|p2a: Celebi
|-heal|p2a: Celebi|98/100
|move|p1a: Snorlax|Shadow Ball|p2a: Celebi
|-supereffective|p2a: Celebi
|-damage|p2a: Celebi|68/100
|-unboost|p2a: Celebi|spd|1
|
|-weather|Sandstorm|[upkeep]
|-damage|p2a: Celebi|62/100|[from] Sandstorm
|-damage|p1a: Snorlax|78/100|[from] Sandstorm
|-heal|p2a: Celebi|68/100|[from] item: Leftovers
|-heal|p1a: Snorlax|84/100|[from] item: Leftovers
|upkeep
|turn|10
|
|t:|1730385598
|move|p2a: Celebi|Leech Seed|p1a: Snorlax
|-start|p1a: Snorlax|move: Leech Seed
|move|p1a: Snorlax|Self-Destruct|p2a: Celebi
|-damage|p2a: Celebi|0 fnt
|faint|p1a: Snorlax
|faint|p2a: Celebi
|
|t:|1730385604
|switch|p2a: Aerodactyl|Aerodactyl, F|100/100
|switch|p1a: Magneton|Magneton, shiny|88/100
|-damage|p1a: Magneton|71/100|[from] Spikes
|
|-weather|Sandstorm|[upkeep]
|upkeep
|turn|11
|
|t:|1730385624
|move|p2a: Aerodactyl|Earthquake|p1a: Magneton
|-supereffective|p1a: Magneton
|-damage|p1a: Magneton|0 fnt
|faint|p1a: Magneton
|
|t:|1730385626
|switch|p1a: Flygon|Flygon, M, shiny|100/100
|
|-weather|Sandstorm|[upkeep]
|upkeep
|turn|12
|
|t:|1730385632
|switch|p2a: Skarmory|Skarmory, M|8/100
|move|p1a: Flygon|Substitute|p1a: Flygon
|-start|p1a: Flygon|Substitute
|-damage|p1a: Flygon|76/100
|
|-weather|Sandstorm|[upkeep]
|-heal|p1a: Flygon|82/100|[from] item: Leftovers
|-heal|p2a: Skarmory|14/100|[from] item: Leftovers
|upkeep
|turn|13
|
|t:|1730385639
|move|p2a: Skarmory|Protect|p2a: Skarmory
|-singleturn|p2a: Skarmory|Protect
|move|p1a: Flygon|Rock Slide|p2a: Skarmory
|-activate|p2a: Skarmory|Protect
|
|-weather|Sandstorm|[upkeep]
|-heal|p1a: Flygon|88/100|[from] item: Leftovers
|-heal|p2a: Skarmory|20/100|[from] item: Leftovers
|upkeep
|turn|14
|
|t:|1730385642
|switch|p2a: Swampert|Swampert, M|100/100
|move|p1a: Flygon|Rock Slide|p2a: Swampert
|-resisted|p2a: Swampert
|-damage|p2a: Swampert|92/100
|
|-weather|Sandstorm|[upkeep]
|-heal|p1a: Flygon|94/100|[from] item: Leftovers
|-heal|p2a: Swampert|99/100|[from] item: Leftovers
|upkeep
|turn|15
|
|t:|1730385646
|move|p1a: Flygon|Earthquake|p2a: Swampert
|-damage|p2a: Swampert|69/100
|move|p2a: Swampert|Ice Beam|p1a: Flygon
|-supereffective|p1a: Flygon
|-crit|p1a: Flygon
|-end|p1a: Flygon|Substitute
|
|-weather|Sandstorm|[upkeep]
|-heal|p1a: Flygon|99/100|[from] item: Leftovers
|-heal|p2a: Swampert|75/100|[from] item: Leftovers
|upkeep
|turn|16
|
|t:|1730385654
|switch|p1a: Sink|Slaking, F, shiny|88/100
|-damage|p1a: Sink|72/100|[from] Spikes
|move|p2a: Swampert|Ice Beam|p1a: Sink
|-crit|p1a: Sink
|-damage|p1a: Sink|33/100
|
|-weather|Sandstorm|[upkeep]
|-damage|p1a: Sink|27/100|[from] Sandstorm
|-heal|p2a: Swampert|82/100|[from] item: Leftovers
|upkeep
|turn|17
|
|t:|1730385657
|move|p2a: Swampert|Protect|p2a: Swampert
|-singleturn|p2a: Swampert|Protect
|move|p1a: Sink|Return|p2a: Swampert
|-activate|p2a: Swampert|Protect
|
|-weather|Sandstorm|[upkeep]
|-damage|p1a: Sink|21/100|[from] Sandstorm
|-heal|p2a: Swampert|88/100|[from] item: Leftovers
|upkeep
|turn|18
|
|t:|1730385662
|cant|p1a: Sink|ability: Truant
|move|p2a: Swampert|Ice Beam|p1a: Sink
|-damage|p1a: Sink|2/100
|
|-weather|Sandstorm|[upkeep]
|-damage|p1a: Sink|0 fnt|[from] Sandstorm
|faint|p1a: Sink
|-heal|p2a: Swampert|94/100|[from] item: Leftovers
|upkeep
|
|t:|1730385665
|switch|p1a: Magicarp|Gyarados, F, shiny|81/100
|-ability|p1a: Magicarp|Intimidate|boost
|-unboost|p2a: Swampert|atk|1
|turn|19
|
|t:|1730385667
|move|p1a: Magicarp|Dragon Dance|p1a: Magicarp
|-boost|p1a: Magicarp|atk|1
|-boost|p1a: Magicarp|spe|1
|move|p2a: Swampert|Toxic|p1a: Magicarp
|-status|p1a: Magicarp|tox
|
|-weather|Sandstorm|[upkeep]
|-damage|p1a: Magicarp|75/100 tox|[from] Sandstorm
|-heal|p1a: Magicarp|81/100 tox|[from] item: Leftovers
|-damage|p1a: Magicarp|75/100 tox|[from] psn
|-heal|p2a: Swampert|99/100|[from] item: Leftovers
|upkeep
|turn|20
|
|t:|1730385670
|move|p1a: Magicarp|Dragon Dance|p1a: Magicarp
|-boost|p1a: Magicarp|atk|1
|-boost|p1a: Magicarp|spe|1
|move|p2a: Swampert|Ice Beam|p1a: Magicarp
|-damage|p1a: Magicarp|56/100 tox
|
|-weather|Sandstorm|[upkeep]
|-damage|p1a: Magicarp|50/100 tox|[from] Sandstorm
|-heal|p1a: Magicarp|56/100 tox|[from] item: Leftovers
|-damage|p1a: Magicarp|44/100 tox|[from] psn
|-heal|p2a: Swampert|100/100|[from] item: Leftovers
|upkeep
|turn|21
|
|t:|1730385672
|move|p1a: Magicarp|Hidden Power|p2a: Swampert
|-damage|p2a: Swampert|50/100
|move|p2a: Swampert|Ice Beam|p1a: Magicarp
|-damage|p1a: Magicarp|26/100 tox
|
|-weather|Sandstorm|[upkeep]
|-damage|p1a: Magicarp|19/100 tox|[from] Sandstorm
|-heal|p1a: Magicarp|26/100 tox|[from] item: Leftovers
|-damage|p1a: Magicarp|7/100 tox|[from] psn
|-heal|p2a: Swampert|57/100|[from] item: Leftovers
|upkeep
|turn|22
|
|t:|1730385675
|move|p2a: Swampert|Protect|p2a: Swampert
|-singleturn|p2a: Swampert|Protect
|move|p1a: Magicarp|Double-Edge|p2a: Swampert
|-activate|p2a: Swampert|Protect
|
|-weather|Sandstorm|[upkeep]
|-damage|p1a: Magicarp|1/100 tox|[from] Sandstorm
|-heal|p1a: Magicarp|7/100 tox|[from] item: Leftovers
|-damage|p1a: Magicarp|0 fnt|[from] psn
|faint|p1a: Magicarp
|-heal|p2a: Swampert|63/100|[from] item: Leftovers
|upkeep
|
|t:|1730385678
|switch|p1a: Flygon|Flygon, M, shiny|99/100
|turn|23
|
|t:|1730385680
|move|p1a: Flygon|Earthquake|p2a: Swampert
|-damage|p2a: Swampert|29/100
|move|p2a: Swampert|Ice Beam|p1a: Flygon
|-supereffective|p1a: Flygon
|-damage|p1a: Flygon|0 fnt
|faint|p1a: Flygon
|
|t:|1730385683
|switch|p1a: Tyranitar|Tyranitar, F|100/100
|-damage|p1a: Tyranitar|84/100|[from] Spikes
|
|-weather|Sandstorm|[upkeep]
|-heal|p2a: Swampert|35/100|[from] item: Leftovers
|upkeep
|turn|24
|
|t:|1730385687
|move|p1a: Tyranitar|Dragon Dance|p1a: Tyranitar
|-boost|p1a: Tyranitar|atk|1
|-boost|p1a: Tyranitar|spe|1
|move|p2a: Swampert|Earthquake|p1a: Tyranitar
|-supereffective|p1a: Tyranitar
|-damage|p1a: Tyranitar|38/100
|
|-weather|Sandstorm|[upkeep]
|-heal|p2a: Swampert|41/100|[from] item: Leftovers
|upkeep
|turn|25
|c|☆dicerat8|gg
|
|t:|1730385694
|move|p1a: Tyranitar|Earthquake|p2a: Swampert
|-damage|p2a: Swampert|8/100
|move|p2a: Swampert|Earthquake|p1a: Tyranitar
|-supereffective|p1a: Tyranitar
|-damage|p1a: Tyranitar|0 fnt
|faint|p1a: Tyranitar
|
|win|fakes
|c|☆fakes|Gg

</script>
<script type="application/json" class="data" id="replaydata-smogtours-gen3ou-803581">
{"id":"smogtours-gen3ou-803581","format":"[Gen 3] OU","players":["dicerat8","fakes"],"uploadtime":1730385694,"views":127,"formatid":"gen3ou","rating":null,"private":1,"password":null}
</script>

<script defer src="js/replays.js?9d40a366"></script>
