<!DOCTYPE html>
<meta charset="utf-8" />
<meta name="viewport" content="width=device-width" />

<title>[Gen 3] OU: ojr vs. MintChocolateGuy - Replays - Pok&eacute;mon Showdown!</title>

<meta name="description" content="Watch a replay of a Pok&eacute;mon battle between ojr and MintChocolateGuy! Format: [Gen 3] OU; Date: Oct 13, 2024" />
<!--

Hey, you! Looking in the source for the replay log?

You can find them in JSON format, just add `.json` at the end of a replay URL.

https://replay.pokemonshowdown.com/gen7randomdoublesbattle-865046831.json

Or, if you only need the log itself, add `.log` instead:

https://replay.pokemonshowdown.com/gen7randomdoublesbattle-865046831.log

-->

<link rel="stylesheet" href="//pokemonshowdown.com/style/global.css?0.767286132409787" />
<link rel="stylesheet" href="//play.pokemonshowdown.com/style/font-awesome.css?0.9266228007934947" />
<link rel="stylesheet" href="//play.pokemonshowdown.com/style/battle.css?0.7924700842790926" />
<link rel="stylesheet" href="//play.pokemonshowdown.com/style/utilichart.css?0.8777417872839479" />

<!-- Global site tag (gtag.js) - Google Analytics -->
<script async src="https://www.googletagmanager.com/gtag/js?id=UA-26211653-1"></script>
<script>
  window.dataLayer = window.dataLayer || [];
  function gtag(){dataLayer.push(arguments);}
  gtag('js', new Date());

  gtag('config', 'UA-26211653-1');
</script>
<!-- End Google Analytics -->
<!-- Venatus Ad Manager - Install in <HEAD> of page -->
	<script src="https://hb.vntsm.com/v3/live/ad-manager.min.js" type="text/javascript" data-site-id="642aba63ec9a7b11c3c9c1be" data-mode="scan" async></script>
<!-- / Venatus Ad Manager -->

<style>
	@media (max-width:820px) {
		.battle {
			margin: 0 auto;
		}
		.battle-log {
			margin: 7px auto 0;
			max-width: 640px;
			height: 300px;
			position: static;
		}
	}
	.optgroup {
		display: inline-block;
		line-height: 22px;
		font-size: 10pt;
	}
	.optgroup .button {
		height: 25px;
		padding-top: 0;
		padding-bottom: 0;
	}
	.optgroup button.button {
		padding-left: 12px;
		padding-right: 12px;
	}
	.linklist {
		list-style: none;
		margin: 0.5em 0;
		padding: 0;
	}
	.linklist li {
		padding: 2px 0;
	}
	.sidebar {
		float: left;
		width: 320px;
	}
	.bar-wrapper {
		max-width: 1100px;
		margin: 0 auto;
	}
	.bar-wrapper.has-sidebar {
		max-width: 1430px;
	}
	.mainbar {
		margin: 0;
		padding-right: 1px;
	}
	.mainbar.has-sidebar {
		margin-left: 330px;
	}
	@media (min-width: 1511px) {
		.sidebar {
			width: 400px;
		}
		.bar-wrapper.has-sidebar {
			max-width: 1510px;
		}
		.mainbar.has-sidebar {
			margin-left: 410px;
		}
	}
	.section.first-section {
		margin-top: 9px;
	}
	.blocklink small {
		white-space: normal;
	}
	.button {
		vertical-align: middle;
	}
	.replay-controls {
		padding-top: 10px;
	}
	.replay-controls h1 {
		font-size: 16pt;
		font-weight: normal;
		color: #CCC;
	}
	.pagelink {
		text-align: center;
	}
	.pagelink a {
		width: 150px;
	}
	.textbox, .button {
		font-size: 11pt;
		vertical-align: middle;
	}
	@media (max-width: 450px) {
		.button {
			font-size: 9pt;
		}
	}
</style>

<div>

	<header>
		<div class="nav-wrapper"><ul class="nav">
			<li><a class="button nav-first" href="//pokemonshowdown.com/"><img src="//pokemonshowdown.com/images/pokemonshowdownbeta.png" srcset="//pokemonshowdown.com/images/pokemonshowdownbeta.png 1x, //pokemonshowdown.com/images/pokemonshowdownbeta@2x.png 2x" alt="Pok&eacute;mon Showdown" width="146" height="44" /> Home</a></li>
			<li><a class="button" href="//pokemonshowdown.com/dex/">Pok&eacute;dex</a></li>
			<li><a class="button cur" href="/">Replays</a></li>
			<li><a class="button" href="//pokemonshowdown.com/ladder/">Ladder</a></li>
			<li><a class="button nav-last" href="//pokemonshowdown.com/forums/">Forum</a></li>
			<li><a class="button greenbutton nav-first nav-last" href="//play.pokemonshowdown.com/">Play</a></li>
		</ul></div>
	</header>

	<div class="main" id="main">

		<noscript><section class="section">You need to enable JavaScript to use this page; sorry!</section></noscript>

	</div>

</div>

<script defer nomodule src="//play.pokemonshowdown.com/js/lib/ps-polyfill.js"></script>
<script defer src="//play.pokemonshowdown.com/js/lib/preact.min.js"></script>

<script defer src="//play.pokemonshowdown.com/config/config.js?6dec07f6"></script>
<script defer src="//play.pokemonshowdown.com/js/lib/jquery-1.11.0.min.js"></script>
<script defer src="//play.pokemonshowdown.com/js/lib/html-sanitizer-minified.js"></script>
<script defer src="//play.pokemonshowdown.com/js/battle-sound.js"></script>
<script defer src="//play.pokemonshowdown.com/js/battledata.js?0.6315294753075389"></script>
<script defer src="//play.pokemonshowdown.com/data/pokedex-mini.js?0.7603743185311358"></script>
<script defer src="//play.pokemonshowdown.com/data/pokedex-mini-bw.js?0.030888842834281283"></script>
<script defer src="//play.pokemonshowdown.com/data/graphics.js?0.05593094747507488"></script>
<script defer src="//play.pokemonshowdown.com/data/pokedex.js?0.47064822249611904"></script>
<script defer src="//play.pokemonshowdown.com/data/moves.js?0.8583693120512459"></script>
<script defer src="//play.pokemonshowdown.com/data/abilities.js?0.16017181182386842"></script>
<script defer src="//play.pokemonshowdown.com/data/items.js?0.4163379185673943"></script>
<script defer src="//play.pokemonshowdown.com/data/teambuilder-tables.js?0.31075597372830477"></script>
<script defer src="//play.pokemonshowdown.com/js/battle-tooltips.js?0.6536193500708172"></script>
<script defer src="//play.pokemonshowdown.com/js/battle.js?0.1916591943277901"></script>

<script defer src="js/utils.js?e31f9a17"></script>
<script defer src="js/replays-battle.js?7008c182"></script>

<!-- don't scrape this data! just add .json or .log after the URL!
Full API docs: https://github.com/smogon/pokemon-showdown-client/blob/master/WEB-API.md -->
<script type="text/plain" class="log" id="replaylog-smogtours-gen3ou-798272">
|inactive|Battle timer is ON: inactive players will automatically lose when time's up.
|t:|1728846316
|gametype|singles
|player|p1|ojr|#ptplvjirachis|
|player|p2|MintChocolateGuy|gambler|
|teamsize|p1|6
|teamsize|p2|6
|gen|3
|tier|[Gen 3] OU
|rule|Sleep Clause Mod: Limit one foe put to sleep
|rule|Switch Priority Clause Mod: Faster Pokémon switch first
|rule|Species Clause: Limit one of each Pokémon
|rule|OHKO Clause: OHKO moves are banned
|rule|Evasion Items Clause: Evasion items are banned
|rule|Evasion Moves Clause: Evasion moves are banned
|rule|Endless Battle Clause: Forcing endless battles is banned
|rule|HP Percentage Mod: HP is shown in percentages
|rule|One Boost Passer Clause: Limit one Baton Passer that has a way to boost its stats
|rule|Freeze Clause Mod: Limit one foe frozen
|
|t:|1728846316
|start
|switch|p1a: Zapdos|Zapdos|100/100
|switch|p2a: Suicune|Suicune|100/100
|turn|1
|
|t:|1728846344
|switch|p2a: Celebi|Celebi|100/100
|move|p1a: Zapdos|Toxic|p2a: Celebi
|-status|p2a: Celebi|tox
|
|-damage|p2a: Celebi|94/100 tox|[from] psn
|upkeep
|turn|2
|c|☆ojr|hf
|c|☆MintChocolateGuy|u2
|
|t:|1728846360
|switch|p1a: Skarmory|Skarmory, M|100/100
|move|p2a: Celebi|Leech Seed|p1a: Skarmory
|-start|p1a: Skarmory|move: Leech Seed
|
|-heal|p2a: Celebi|100/100 tox|[from] item: Leftovers
|-damage|p2a: Celebi|88/100 tox|[from] psn
|-damage|p1a: Skarmory|88/100|[from] Leech Seed|[of] p2a: Celebi
|-heal|p2a: Celebi|98/100 tox|[silent]
|upkeep
|turn|3
|
|t:|1728846368
|-curestatus|p2a: Celebi|tox|[from] ability: Natural Cure
|switch|p2a: Forretress|Forretress, F|100/100
|move|p1a: Skarmory|Spikes|p2a: Forretress
|-sidestart|p2: MintChocolateGuy|Spikes
|
|-heal|p1a: Skarmory|94/100|[from] item: Leftovers
|-damage|p1a: Skarmory|82/100|[from] Leech Seed|[of] p2a: Forretress
|upkeep
|turn|4
|
|t:|1728846380
|switch|p1a: Jirachi|Jirachi|100/100
|move|p2a: Forretress|Zap Cannon|p1a: Jirachi|[miss]
|-miss|p2a: Forretress|p1a: Jirachi
|
|upkeep
|turn|5
|inactive|MintChocolateGuy has 270 seconds left.
|
|t:|1728846427
|switch|p2a: Suicune|Suicune|100/100
|-damage|p2a: Suicune|88/100|[from] Spikes
|move|p1a: Jirachi|Fire Punch|p2a: Suicune
|-resisted|p2a: Suicune
|-damage|p2a: Suicune|81/100
|
|-heal|p2a: Suicune|87/100|[from] item: Leftovers
|upkeep
|turn|6
|
|t:|1728846442
|switch|p1a: Zapdos|Zapdos|100/100
|move|p2a: Suicune|Substitute|p2a: Suicune
|-start|p2a: Suicune|Substitute
|-damage|p2a: Suicune|62/100
|
|-heal|p2a: Suicune|68/100|[from] item: Leftovers
|upkeep
|turn|7
|
|t:|1728846455
|move|p2a: Suicune|Ice Beam|p1a: Zapdos
|-supereffective|p1a: Zapdos
|-damage|p1a: Zapdos|61/100
|move|p1a: Zapdos|Roar|p2a: Suicune
|drag|p2a: Forretress|Forretress, F|100/100
|-damage|p2a: Forretress|88/100|[from] Spikes
|
|-heal|p1a: Zapdos|67/100|[from] item: Leftovers
|-heal|p2a: Forretress|94/100|[from] item: Leftovers
|upkeep
|turn|8
|inactive|MintChocolateGuy has 270 seconds left.
|
|t:|1728846470
|move|p1a: Zapdos|Thunderbolt|p2a: Forretress
|-damage|p2a: Forretress|58/100
|move|p2a: Forretress|Rapid Spin|p1a: Zapdos
|-damage|p1a: Zapdos|63/100
|-sideend|p2: MintChocolateGuy|Spikes|[from] move: Rapid Spin|[of] p2a: Forretress
|
|-heal|p1a: Zapdos|70/100|[from] item: Leftovers
|-heal|p2a: Forretress|64/100|[from] item: Leftovers
|upkeep
|turn|9
|inactive|MintChocolateGuy has 270 seconds left.
|
|t:|1728846476
|switch|p2a: Tyranitar|Tyranitar, F|100/100
|-weather|Sandstorm|[from] ability: Sand Stream|[of] p2a: Tyranitar
|move|p1a: Zapdos|Thunderbolt|p2a: Tyranitar
|-damage|p2a: Tyranitar|68/100
|
|-weather|Sandstorm|[upkeep]
|-damage|p1a: Zapdos|63/100|[from] Sandstorm
|-heal|p1a: Zapdos|70/100|[from] item: Leftovers
|-heal|p2a: Tyranitar|74/100|[from] item: Leftovers
|upkeep
|turn|10
|
|t:|1728846491
|move|p1a: Zapdos|Thunderbolt|p2a: Tyranitar
|-damage|p2a: Tyranitar|40/100
|move|p2a: Tyranitar|Rock Slide|p1a: Zapdos
|-supereffective|p1a: Zapdos
|-damage|p1a: Zapdos|0 fnt
|faint|p1a: Zapdos
|inactive|ojr has 270 seconds left.
|
|t:|1728846521
|switch|p1a: Metagross|Metagross|100/100
|
|-weather|Sandstorm|[upkeep]
|-heal|p2a: Tyranitar|47/100|[from] item: Leftovers
|upkeep
|turn|11
|inactive|ojr has 270 seconds left.
|inactive|MintChocolateGuy has 270 seconds left.
|
|t:|1728846547
|switch|p2a: Suicune|Suicune|68/100
|move|p1a: Metagross|Meteor Mash|p2a: Suicune
|-resisted|p2a: Suicune
|-damage|p2a: Suicune|33/100
|
|-weather|Sandstorm|[upkeep]
|-damage|p2a: Suicune|27/100|[from] Sandstorm
|-heal|p2a: Suicune|33/100|[from] item: Leftovers
|upkeep
|turn|12
|inactive|ojr has 270 seconds left.
|inactive|MintChocolateGuy has 270 seconds left.
|
|t:|1728846560
|switch|p2a: Metagross|Metagross|100/100
|move|p1a: Metagross|Meteor Mash|p2a: Metagross
|-resisted|p2a: Metagross
|-damage|p2a: Metagross|66/100
|
|-weather|Sandstorm|[upkeep]
|upkeep
|turn|13
|inactive|MintChocolateGuy has 270 seconds left.
|inactive|ojr has 270 seconds left.
|
|t:|1728846574
|switch|p1a: Skarmory|Skarmory, M|82/100
|move|p2a: Metagross|Earthquake|p1a: Skarmory
|-immune|p1a: Skarmory
|
|-weather|Sandstorm|[upkeep]
|-heal|p1a: Skarmory|88/100|[from] item: Leftovers
|upkeep
|turn|14
|inactive|ojr has 270 seconds left.
|inactive|MintChocolateGuy has 270 seconds left.
|
|t:|1728846596
|switch|p2a: Forretress|Forretress, F|64/100
|move|p1a: Skarmory|Spikes|p2a: Forretress
|-sidestart|p2: MintChocolateGuy|Spikes
|
|-weather|Sandstorm|[upkeep]
|-heal|p1a: Skarmory|94/100|[from] item: Leftovers
|-heal|p2a: Forretress|70/100|[from] item: Leftovers
|upkeep
|turn|15
|inactive|ojr has 270 seconds left.
|
|t:|1728846611
|switch|p1a: Jirachi|Jirachi|100/100
|move|p2a: Forretress|Spikes|p1a: Jirachi
|-sidestart|p1: ojr|Spikes
|
|-weather|Sandstorm|[upkeep]
|-heal|p2a: Forretress|76/100|[from] item: Leftovers
|upkeep
|turn|16
|inactive|MintChocolateGuy has 270 seconds left.
|
|t:|1728846648
|switch|p2a: Tyranitar|Tyranitar, F|47/100
|-damage|p2a: Tyranitar|34/100|[from] Spikes
|move|p1a: Jirachi|Fire Punch|p2a: Tyranitar
|-resisted|p2a: Tyranitar
|-damage|p2a: Tyranitar|27/100
|
|-weather|Sandstorm|[upkeep]
|-heal|p2a: Tyranitar|33/100|[from] item: Leftovers
|upkeep
|turn|17
|
|t:|1728846658
|switch|p1a: Skarmory|Skarmory, M|94/100
|move|p2a: Tyranitar|Dragon Dance|p2a: Tyranitar
|-boost|p2a: Tyranitar|atk|1
|-boost|p2a: Tyranitar|spe|1
|
|-weather|Sandstorm|[upkeep]
|-heal|p2a: Tyranitar|39/100|[from] item: Leftovers
|-heal|p1a: Skarmory|99/100|[from] item: Leftovers
|upkeep
|turn|18
|inactive|ojr has 270 seconds left.
|
|t:|1728846673
|move|p2a: Tyranitar|Rock Slide|p1a: Skarmory
|-damage|p1a: Skarmory|53/100
|move|p1a: Skarmory|Roar|p2a: Tyranitar
|drag|p2a: Aerodactyl|Aerodactyl, F|100/100
|
|-weather|Sandstorm|[upkeep]
|-heal|p1a: Skarmory|59/100|[from] item: Leftovers
|upkeep
|turn|19
|inactive|MintChocolateGuy has 270 seconds left.
|
|t:|1728846682
|switch|p2a: Forretress|Forretress, F|76/100
|-damage|p2a: Forretress|64/100|[from] Spikes
|move|p1a: Skarmory|Protect||[still]
|-fail|p1a: Skarmory
|
|-weather|Sandstorm|[upkeep]
|-heal|p1a: Skarmory|65/100|[from] item: Leftovers
|-heal|p2a: Forretress|70/100|[from] item: Leftovers
|upkeep
|turn|20
|
|t:|1728846701
|switch|p1a: Jirachi|Jirachi|100/100
|-damage|p1a: Jirachi|88/100|[from] Spikes
|move|p2a: Forretress|Rapid Spin|p1a: Jirachi
|-resisted|p1a: Jirachi
|-damage|p1a: Jirachi|86/100
|-sideend|p2: MintChocolateGuy|Spikes|[from] move: Rapid Spin|[of] p2a: Forretress
|
|-weather|Sandstorm|[upkeep]
|-heal|p1a: Jirachi|93/100|[from] item: Leftovers
|-heal|p2a: Forretress|76/100|[from] item: Leftovers
|upkeep
|turn|21
|inactive|MintChocolateGuy has 270 seconds left.
|
|t:|1728846735
|switch|p2a: Tyranitar|Tyranitar, F|39/100
|move|p1a: Jirachi|Fire Punch|p2a: Tyranitar
|-resisted|p2a: Tyranitar
|-damage|p2a: Tyranitar|32/100
|
|-weather|Sandstorm|[upkeep]
|-heal|p1a: Jirachi|99/100|[from] item: Leftovers
|-heal|p2a: Tyranitar|38/100|[from] item: Leftovers
|upkeep
|turn|22
|
|t:|1728846742
|move|p1a: Jirachi|Toxic|p2a: Tyranitar|[miss]
|-miss|p1a: Jirachi|p2a: Tyranitar
|move|p2a: Tyranitar|Earthquake|p1a: Jirachi
|-supereffective|p1a: Jirachi
|-damage|p1a: Jirachi|43/100
|
|-weather|Sandstorm|[upkeep]
|-heal|p1a: Jirachi|50/100|[from] item: Leftovers
|-heal|p2a: Tyranitar|44/100|[from] item: Leftovers
|upkeep
|turn|23
|inactive|MintChocolateGuy has 270 seconds left.
|
|t:|1728846756
|switch|p1a: Skarmory|Skarmory, M|65/100
|move|p2a: Tyranitar|Dragon Dance|p2a: Tyranitar
|-boost|p2a: Tyranitar|atk|1
|-boost|p2a: Tyranitar|spe|1
|
|-weather|Sandstorm|[upkeep]
|-heal|p2a: Tyranitar|50/100|[from] item: Leftovers
|-heal|p1a: Skarmory|71/100|[from] item: Leftovers
|upkeep
|turn|24
|inactive|MintChocolateGuy has 270 seconds left.
|
|t:|1728846771
|move|p1a: Skarmory|Protect|p1a: Skarmory
|-singleturn|p1a: Skarmory|Protect
|move|p2a: Tyranitar|Rock Slide|p1a: Skarmory
|-activate|p1a: Skarmory|Protect
|
|-weather|Sandstorm|[upkeep]
|-heal|p2a: Tyranitar|56/100|[from] item: Leftovers
|-heal|p1a: Skarmory|77/100|[from] item: Leftovers
|upkeep
|turn|25
|
|t:|1728846776
|move|p2a: Tyranitar|Rock Slide|p1a: Skarmory
|-damage|p1a: Skarmory|30/100
|move|p1a: Skarmory|Roar|p2a: Tyranitar
|drag|p2a: Metagross|Metagross|66/100
|
|-weather|Sandstorm|[upkeep]
|-heal|p1a: Skarmory|36/100|[from] item: Leftovers
|upkeep
|turn|26
|
|t:|1728846786
|switch|p2a: Forretress|Forretress, F|76/100
|move|p1a: Skarmory|Protect||[still]
|-fail|p1a: Skarmory
|
|-weather|Sandstorm|[upkeep]
|-heal|p1a: Skarmory|42/100|[from] item: Leftovers
|-heal|p2a: Forretress|83/100|[from] item: Leftovers
|upkeep
|turn|27
|
|t:|1728846792
|switch|p1a: Jirachi|Jirachi|50/100
|-damage|p1a: Jirachi|37/100|[from] Spikes
|move|p2a: Forretress|Zap Cannon|p1a: Jirachi|[miss]
|-miss|p2a: Forretress|p1a: Jirachi
|
|-weather|Sandstorm|[upkeep]
|-heal|p1a: Jirachi|43/100|[from] item: Leftovers
|-heal|p2a: Forretress|89/100|[from] item: Leftovers
|upkeep
|turn|28
|inactive|MintChocolateGuy has 270 seconds left.
|
|t:|1728846823
|switch|p2a: Celebi|Celebi|98/100
|move|p1a: Jirachi|Wish|p1a: Jirachi
|
|-weather|Sandstorm|[upkeep]
|-damage|p2a: Celebi|92/100|[from] Sandstorm
|-heal|p2a: Celebi|98/100|[from] item: Leftovers
|-heal|p1a: Jirachi|50/100|[from] item: Leftovers
|upkeep
|turn|29
|
|t:|1728846830
|move|p1a: Jirachi|Protect|p1a: Jirachi
|-singleturn|p1a: Jirachi|Protect
|move|p2a: Celebi|Leech Seed|p1a: Jirachi
|-activate|p1a: Jirachi|Protect
|
|-heal|p1a: Jirachi|99/100|[from] move: Wish|[wisher] Jirachi
|-weather|Sandstorm|[upkeep]
|-damage|p2a: Celebi|92/100|[from] Sandstorm
|-heal|p2a: Celebi|98/100|[from] item: Leftovers
|-heal|p1a: Jirachi|100/100|[from] item: Leftovers
|upkeep
|turn|30
|
|t:|1728846842
|move|p2a: Celebi|Leech Seed|p1a: Jirachi
|-start|p1a: Jirachi|move: Leech Seed
|move|p1a: Jirachi|Wish|p1a: Jirachi
|
|-weather|Sandstorm|[upkeep]
|-damage|p2a: Celebi|92/100|[from] Sandstorm
|-heal|p2a: Celebi|98/100|[from] item: Leftovers
|-damage|p1a: Jirachi|88/100|[from] Leech Seed|[of] p2a: Celebi
|-heal|p2a: Celebi|100/100|[silent]
|upkeep
|turn|31
|
|t:|1728846853
|switch|p2a: Metagross|Metagross|66/100
|switch|p1a: Skarmory|Skarmory, M|42/100
|
|-heal|p1a: Skarmory|92/100|[from] move: Wish|[wisher] Jirachi
|-weather|Sandstorm|[upkeep]
|-heal|p1a: Skarmory|98/100|[from] item: Leftovers
|upkeep
|turn|32
|
|t:|1728846861
|switch|p2a: Forretress|Forretress, F|89/100
|move|p1a: Skarmory|Protect||[still]
|-fail|p1a: Skarmory
|
|-weather|Sandstorm|[upkeep]
|-heal|p1a: Skarmory|100/100|[from] item: Leftovers
|-heal|p2a: Forretress|95/100|[from] item: Leftovers
|upkeep
|turn|33
|
|t:|1728846870
|move|p1a: Skarmory|Spikes|p2a: Forretress
|-sidestart|p2: MintChocolateGuy|Spikes
|move|p2a: Forretress|Spikes|p1a: Skarmory
|-sidestart|p1: ojr|Spikes
|
|-weather|Sandstorm|[upkeep]
|-heal|p2a: Forretress|100/100|[from] item: Leftovers
|upkeep
|turn|34
|
|t:|1728846883
|switch|p1a: Jirachi|Jirachi|88/100
|-damage|p1a: Jirachi|72/100|[from] Spikes
|move|p2a: Forretress|Rapid Spin|p1a: Jirachi
|-resisted|p1a: Jirachi
|-damage|p1a: Jirachi|70/100
|-sideend|p2: MintChocolateGuy|Spikes|[from] move: Rapid Spin|[of] p2a: Forretress
|
|-weather|Sandstorm|[upkeep]
|-heal|p1a: Jirachi|76/100|[from] item: Leftovers
|upkeep
|turn|35
|
|t:|1728846898
|switch|p2a: Celebi|Celebi|100/100
|move|p1a: Jirachi|Toxic|p2a: Celebi
|-status|p2a: Celebi|tox
|
|-weather|Sandstorm|[upkeep]
|-damage|p2a: Celebi|94/100 tox|[from] Sandstorm
|-heal|p2a: Celebi|100/100 tox|[from] item: Leftovers
|-damage|p2a: Celebi|94/100 tox|[from] psn
|-heal|p1a: Jirachi|82/100|[from] item: Leftovers
|upkeep
|turn|36
|
|t:|1728846909
|move|p2a: Celebi|Leech Seed|p1a: Jirachi
|-start|p1a: Jirachi|move: Leech Seed
|move|p1a: Jirachi|Wish|p1a: Jirachi
|
|-weather|Sandstorm|[upkeep]
|-damage|p2a: Celebi|88/100 tox|[from] Sandstorm
|-heal|p2a: Celebi|94/100 tox|[from] item: Leftovers
|-damage|p2a: Celebi|82/100 tox|[from] psn
|-heal|p1a: Jirachi|88/100|[from] item: Leftovers
|-damage|p1a: Jirachi|76/100|[from] Leech Seed|[of] p2a: Celebi
|-heal|p2a: Celebi|94/100 tox|[silent]
|upkeep
|turn|37
|
|t:|1728846916
|-curestatus|p2a: Celebi|tox|[from] ability: Natural Cure
|switch|p2a: Tyranitar|Tyranitar, F|56/100
|switch|p1a: Metagross|Metagross|100/100
|-damage|p1a: Metagross|84/100|[from] Spikes
|
|-heal|p1a: Metagross|100/100|[from] move: Wish|[wisher] Jirachi
|-weather|Sandstorm|[upkeep]
|-heal|p2a: Tyranitar|63/100|[from] item: Leftovers
|upkeep
|turn|38
|inactive|MintChocolateGuy has 270 seconds left.
|
|t:|1728846972
|switch|p2a: Forretress|Forretress, F|100/100
|move|p1a: Metagross|Meteor Mash|p2a: Forretress
|-resisted|p2a: Forretress
|-damage|p2a: Forretress|70/100
|
|-weather|Sandstorm|[upkeep]
|-heal|p2a: Forretress|76/100|[from] item: Leftovers
|upkeep
|turn|39
|
|t:|1728846979
|move|p1a: Metagross|Meteor Mash|p2a: Forretress
|-resisted|p2a: Forretress
|-damage|p2a: Forretress|45/100
|move|p2a: Forretress|Spikes|p1a: Metagross
|-sidestart|p1: ojr|Spikes
|
|-weather|Sandstorm|[upkeep]
|-heal|p2a: Forretress|52/100|[from] item: Leftovers
|upkeep
|turn|40
|
|t:|1728846991
|switch|p2a: Metagross|Metagross|66/100
|move|p1a: Metagross|Meteor Mash|p2a: Metagross|[miss]
|-miss|p1a: Metagross|p2a: Metagross
|
|-weather|Sandstorm|[upkeep]
|upkeep
|turn|41
|
|t:|1728847004
|switch|p1a: Skarmory|Skarmory, M|100/100
|move|p2a: Metagross|Earthquake|p1a: Skarmory
|-immune|p1a: Skarmory
|
|-weather|Sandstorm|[upkeep]
|upkeep
|turn|42
|
|t:|1728847023
|switch|p2a: Forretress|Forretress, F|52/100
|move|p1a: Skarmory|Spikes|p2a: Forretress
|-sidestart|p2: MintChocolateGuy|Spikes
|
|-weather|Sandstorm|[upkeep]
|-heal|p2a: Forretress|58/100|[from] item: Leftovers
|upkeep
|turn|43
|
|t:|1728847028
|switch|p1a: Jirachi|Jirachi|76/100
|-damage|p1a: Jirachi|51/100|[from] Spikes
|move|p2a: Forretress|Rapid Spin|p1a: Jirachi
|-resisted|p1a: Jirachi
|-damage|p1a: Jirachi|49/100
|-sideend|p2: MintChocolateGuy|Spikes|[from] move: Rapid Spin|[of] p2a: Forretress
|
|-weather|Sandstorm|[upkeep]
|-heal|p1a: Jirachi|55/100|[from] item: Leftovers
|-heal|p2a: Forretress|64/100|[from] item: Leftovers
|upkeep
|turn|44
|inactive|MintChocolateGuy has 270 seconds left.
|
|t:|1728847058
|switch|p2a: Tyranitar|Tyranitar, F|63/100
|move|p1a: Jirachi|Toxic|p2a: Tyranitar
|-status|p2a: Tyranitar|tox
|
|-weather|Sandstorm|[upkeep]
|-heal|p1a: Jirachi|62/100|[from] item: Leftovers
|-heal|p2a: Tyranitar|69/100 tox|[from] item: Leftovers
|-damage|p2a: Tyranitar|63/100 tox|[from] psn
|upkeep
|turn|45
|
|t:|1728847076
|move|p1a: Jirachi|Wish|p1a: Jirachi
|move|p2a: Tyranitar|Dragon Dance|p2a: Tyranitar
|-boost|p2a: Tyranitar|atk|1
|-boost|p2a: Tyranitar|spe|1
|
|-weather|Sandstorm|[upkeep]
|-heal|p2a: Tyranitar|69/100 tox|[from] item: Leftovers
|-damage|p2a: Tyranitar|56/100 tox|[from] psn
|-heal|p1a: Jirachi|68/100|[from] item: Leftovers
|upkeep
|turn|46
|
|t:|1728847085
|switch|p1a: Skarmory|Skarmory, M|100/100
|move|p2a: Tyranitar|Dragon Dance|p2a: Tyranitar
|-boost|p2a: Tyranitar|atk|1
|-boost|p2a: Tyranitar|spe|1
|
|-weather|Sandstorm|[upkeep]
|-heal|p2a: Tyranitar|63/100 tox|[from] item: Leftovers
|-damage|p2a: Tyranitar|44/100 tox|[from] psn
|upkeep
|turn|47
|
|t:|1728847093
|move|p1a: Skarmory|Protect|p1a: Skarmory
|-singleturn|p1a: Skarmory|Protect
|move|p2a: Tyranitar|Rock Slide|p1a: Skarmory
|-activate|p1a: Skarmory|Protect
|
|-weather|Sandstorm|[upkeep]
|-heal|p2a: Tyranitar|50/100 tox|[from] item: Leftovers
|-damage|p2a: Tyranitar|25/100 tox|[from] psn
|upkeep
|turn|48
|
|t:|1728847099
|move|p2a: Tyranitar|Rock Slide|p1a: Skarmory
|-damage|p1a: Skarmory|39/100
|move|p1a: Skarmory|Spikes|p2a: Tyranitar
|-sidestart|p2: MintChocolateGuy|Spikes
|
|-weather|Sandstorm|[upkeep]
|-heal|p2a: Tyranitar|32/100 tox|[from] item: Leftovers
|-damage|p2a: Tyranitar|0 fnt|[from] psn
|faint|p2a: Tyranitar
|-heal|p1a: Skarmory|45/100|[from] item: Leftovers
|upkeep
|
|t:|1728847106
|switch|p2a: Forretress|Forretress, F|64/100
|-damage|p2a: Forretress|52/100|[from] Spikes
|turn|49
|inactive|ojr has 270 seconds left.
|
|t:|1728847140
|switch|p1a: Jirachi|Jirachi|68/100
|-damage|p1a: Jirachi|43/100|[from] Spikes
|move|p2a: Forretress|Rapid Spin|p1a: Jirachi
|-resisted|p1a: Jirachi
|-crit|p1a: Jirachi
|-damage|p1a: Jirachi|39/100
|-sideend|p2: MintChocolateGuy|Spikes|[from] move: Rapid Spin|[of] p2a: Forretress
|
|-weather|Sandstorm|[upkeep]
|-heal|p1a: Jirachi|45/100|[from] item: Leftovers
|-heal|p2a: Forretress|58/100|[from] item: Leftovers
|upkeep
|turn|50
|
|t:|1728847159
|switch|p2a: Metagross|Metagross|66/100
|move|p1a: Jirachi|Wish|p1a: Jirachi
|
|-weather|Sandstorm|[upkeep]
|-heal|p1a: Jirachi|51/100|[from] item: Leftovers
|upkeep
|turn|51
|
|t:|1728847167
|move|p1a: Jirachi|Protect|p1a: Jirachi
|-singleturn|p1a: Jirachi|Protect
|move|p2a: Metagross|Earthquake|p1a: Jirachi
|-activate|p1a: Jirachi|Protect
|
|-heal|p1a: Jirachi|100/100|[from] move: Wish|[wisher] Jirachi
|-weather|Sandstorm|[upkeep]
|upkeep
|turn|52
|
|t:|1728847176
|switch|p1a: Skarmory|Skarmory, M|45/100
|move|p2a: Metagross|Earthquake|p1a: Skarmory
|-immune|p1a: Skarmory
|
|-weather|Sandstorm|[upkeep]
|-heal|p1a: Skarmory|51/100|[from] item: Leftovers
|upkeep
|turn|53
|
|t:|1728847184
|switch|p2a: Forretress|Forretress, F|58/100
|move|p1a: Skarmory|Spikes|p2a: Forretress
|-sidestart|p2: MintChocolateGuy|Spikes
|
|-weather|Sandstorm|[upkeep]
|-heal|p1a: Skarmory|57/100|[from] item: Leftovers
|-heal|p2a: Forretress|64/100|[from] item: Leftovers
|upkeep
|turn|54
|
|t:|1728847199
|switch|p1a: Jirachi|Jirachi|100/100
|-damage|p1a: Jirachi|75/100|[from] Spikes
|move|p2a: Forretress|Zap Cannon|p1a: Jirachi|[miss]
|-miss|p2a: Forretress|p1a: Jirachi
|
|-weather|Sandstorm|[upkeep]
|-heal|p1a: Jirachi|82/100|[from] item: Leftovers
|-heal|p2a: Forretress|70/100|[from] item: Leftovers
|upkeep
|turn|55
|
|t:|1728847212
|switch|p2a: Celebi|Celebi|94/100
|-damage|p2a: Celebi|82/100|[from] Spikes
|move|p1a: Jirachi|Fire Punch|p2a: Celebi
|-supereffective|p2a: Celebi
|-damage|p2a: Celebi|54/100
|
|-weather|Sandstorm|[upkeep]
|-damage|p2a: Celebi|48/100|[from] Sandstorm
|-heal|p2a: Celebi|54/100|[from] item: Leftovers
|-heal|p1a: Jirachi|88/100|[from] item: Leftovers
|upkeep
|turn|56
|inactive|ojr has 270 seconds left.
|
|t:|1728847249
|move|p2a: Celebi|Leech Seed|p1a: Jirachi
|-start|p1a: Jirachi|move: Leech Seed
|move|p1a: Jirachi|Wish|p1a: Jirachi
|
|-weather|Sandstorm|[upkeep]
|-damage|p2a: Celebi|48/100|[from] Sandstorm
|-heal|p2a: Celebi|54/100|[from] item: Leftovers
|-heal|p1a: Jirachi|94/100|[from] item: Leftovers
|-damage|p1a: Jirachi|82/100|[from] Leech Seed|[of] p2a: Celebi
|-heal|p2a: Celebi|67/100|[silent]
|upkeep
|turn|57
|inactive|ojr has 270 seconds left.
|
|t:|1728847262
|switch|p2a: Forretress|Forretress, F|70/100
|-damage|p2a: Forretress|58/100|[from] Spikes
|switch|p1a: Metagross|Metagross|100/100
|-damage|p1a: Metagross|75/100|[from] Spikes
|
|-heal|p1a: Metagross|100/100|[from] move: Wish|[wisher] Jirachi
|-weather|Sandstorm|[upkeep]
|-heal|p2a: Forretress|64/100|[from] item: Leftovers
|upkeep
|turn|58
|inactive|ojr has 270 seconds left.
|
|t:|1728847280
|move|p1a: Metagross|Earthquake|p2a: Forretress
|-damage|p2a: Forretress|23/100
|move|p2a: Forretress|Rapid Spin|p1a: Metagross
|-resisted|p1a: Metagross
|-damage|p1a: Metagross|99/100
|-sideend|p2: MintChocolateGuy|Spikes|[from] move: Rapid Spin|[of] p2a: Forretress
|
|-weather|Sandstorm|[upkeep]
|-heal|p2a: Forretress|29/100|[from] item: Leftovers
|upkeep
|turn|59
|inactive|ojr has 270 seconds left.
|
|t:|1728847288
|switch|p1a: Skarmory|Skarmory, M|57/100
|switch|p2a: Aerodactyl|Aerodactyl, F|100/100
|
|-weather|Sandstorm|[upkeep]
|-heal|p1a: Skarmory|63/100|[from] item: Leftovers
|upkeep
|turn|60
|
|t:|1728847293
|switch|p2a: Forretress|Forretress, F|29/100
|move|p1a: Skarmory|Protect||[still]
|-fail|p1a: Skarmory
|
|-weather|Sandstorm|[upkeep]
|-heal|p1a: Skarmory|69/100|[from] item: Leftovers
|-heal|p2a: Forretress|36/100|[from] item: Leftovers
|upkeep
|turn|61
|
|t:|1728847311
|move|p1a: Skarmory|Spikes|p2a: Forretress
|-sidestart|p2: MintChocolateGuy|Spikes
|move|p2a: Forretress|Zap Cannon|p1a: Skarmory
|-supereffective|p1a: Skarmory
|-damage|p1a: Skarmory|44/100
|-status|p1a: Skarmory|par
|
|-weather|Sandstorm|[upkeep]
|-heal|p2a: Forretress|42/100|[from] item: Leftovers
|-heal|p1a: Skarmory|50/100 par|[from] item: Leftovers
|upkeep
|turn|62
|
|t:|1728847322
|switch|p1a: Starmie|Starmie|100/100
|-damage|p1a: Starmie|76/100|[from] Spikes
|move|p2a: Forretress|Rapid Spin|p1a: Starmie
|-damage|p1a: Starmie|69/100
|-sideend|p2: MintChocolateGuy|Spikes|[from] move: Rapid Spin|[of] p2a: Forretress
|
|-weather|Sandstorm|[upkeep]
|-damage|p1a: Starmie|63/100|[from] Sandstorm
|-heal|p1a: Starmie|69/100|[from] item: Leftovers
|-heal|p2a: Forretress|48/100|[from] item: Leftovers
|upkeep
|turn|63
|inactive|MintChocolateGuy has 270 seconds left.
|inactive|MintChocolateGuy has 240 seconds left.
|
|t:|1728847386
|switch|p2a: Celebi|Celebi|67/100
|move|p1a: Starmie|Hydro Pump|p2a: Celebi
|-resisted|p2a: Celebi
|-damage|p2a: Celebi|44/100
|
|-weather|Sandstorm|[upkeep]
|-damage|p1a: Starmie|63/100|[from] Sandstorm
|-damage|p2a: Celebi|38/100|[from] Sandstorm
|-heal|p1a: Starmie|69/100|[from] item: Leftovers
|-heal|p2a: Celebi|44/100|[from] item: Leftovers
|upkeep
|turn|64
|inactive|MintChocolateGuy has 240 seconds left.
|
|t:|1728847408
|move|p1a: Starmie|Rapid Spin|p2a: Celebi
|-damage|p2a: Celebi|42/100
|-sideend|p1: ojr|Spikes|[from] move: Rapid Spin|[of] p1a: Starmie
|move|p2a: Celebi|Hidden Power|p1a: Starmie
|-supereffective|p1a: Starmie
|-damage|p1a: Starmie|0 fnt
|faint|p1a: Starmie
|inactive|ojr has 270 seconds left.
|
|t:|1728847425
|switch|p1a: Metagross|Metagross|99/100
|
|-weather|Sandstorm|[upkeep]
|-damage|p2a: Celebi|36/100|[from] Sandstorm
|-heal|p2a: Celebi|42/100|[from] item: Leftovers
|upkeep
|turn|65
|inactive|MintChocolateGuy has 240 seconds left.
|
|t:|1728847438
|move|p2a: Celebi|Recover|p2a: Celebi
|-heal|p2a: Celebi|92/100
|move|p1a: Metagross|Meteor Mash|p2a: Celebi
|-damage|p2a: Celebi|39/100
|-boost|p1a: Metagross|atk|1
|
|-weather|Sandstorm|[upkeep]
|-damage|p2a: Celebi|33/100|[from] Sandstorm
|-heal|p2a: Celebi|39/100|[from] item: Leftovers
|upkeep
|turn|66
|inactive|MintChocolateGuy has 240 seconds left.
|
|t:|1728847446
|move|p2a: Celebi|Leech Seed|p1a: Metagross
|-start|p1a: Metagross|move: Leech Seed
|move|p1a: Metagross|Meteor Mash|p2a: Celebi
|-damage|p2a: Celebi|0 fnt
|faint|p2a: Celebi
|
|t:|1728847450
|switch|p2a: Suicune|Suicune|33/100
|
|-weather|Sandstorm|[upkeep]
|-damage|p2a: Suicune|27/100|[from] Sandstorm
|-heal|p2a: Suicune|33/100|[from] item: Leftovers
|-damage|p1a: Metagross|87/100|[from] Leech Seed|[of] p2a: Suicune
|-heal|p2a: Suicune|46/100|[silent]
|upkeep
|turn|67
|
|t:|1728847464
|move|p2a: Suicune|Substitute|p2a: Suicune
|-start|p2a: Suicune|Substitute
|-damage|p2a: Suicune|21/100
|move|p1a: Metagross|Meteor Mash|p2a: Suicune
|-resisted|p2a: Suicune
|-end|p2a: Suicune|Substitute
|
|-weather|Sandstorm|[upkeep]
|-damage|p2a: Suicune|15/100|[from] Sandstorm
|-heal|p2a: Suicune|21/100|[from] item: Leftovers
|-damage|p1a: Metagross|74/100|[from] Leech Seed|[of] p2a: Suicune
|-heal|p2a: Suicune|34/100|[silent]
|upkeep
|turn|68
|
|t:|1728847487
|move|p2a: Suicune|Substitute|p2a: Suicune
|-start|p2a: Suicune|Substitute
|-damage|p2a: Suicune|9/100
|move|p1a: Metagross|Meteor Mash|p2a: Suicune
|-resisted|p2a: Suicune
|-end|p2a: Suicune|Substitute
|
|-weather|Sandstorm|[upkeep]
|-damage|p2a: Suicune|3/100|[from] Sandstorm
|-heal|p2a: Suicune|9/100|[from] item: Leftovers
|-damage|p1a: Metagross|62/100|[from] Leech Seed|[of] p2a: Suicune
|-heal|p2a: Suicune|21/100|[silent]
|upkeep
|turn|69
|inactive|ojr has 270 seconds left.
|inactive|MintChocolateGuy has 240 seconds left.
|
|t:|1728847533
|move|p2a: Suicune|Hydro Pump|p1a: Metagross
|-damage|p1a: Metagross|8/100
|move|p1a: Metagross|Meteor Mash|p2a: Suicune
|-resisted|p2a: Suicune
|-damage|p2a: Suicune|0 fnt
|-boost|p1a: Metagross|atk|1
|faint|p2a: Suicune
|
|t:|1728847539
|switch|p2a: Forretress|Forretress, F|48/100
|
|-weather|Sandstorm|[upkeep]
|-damage|p1a: Metagross|0 fnt|[from] Leech Seed|[of] p2a: Forretress
|-heal|p2a: Forretress|55/100|[silent]
|faint|p1a: Metagross
|-heal|p2a: Forretress|62/100|[from] item: Leftovers
|upkeep
|
|t:|1728847544
|switch|p1a: Jirachi|Jirachi|82/100
|turn|70
|
|t:|1728847555
|switch|p2a: Aerodactyl|Aerodactyl, F|100/100
|move|p1a: Jirachi|Fire Punch|p2a: Aerodactyl
|-resisted|p2a: Aerodactyl
|-damage|p2a: Aerodactyl|89/100
|
|-weather|Sandstorm|[upkeep]
|-heal|p1a: Jirachi|88/100|[from] item: Leftovers
|upkeep
|turn|71
|
|t:|1728847567
|move|p1a: Jirachi|Protect|p1a: Jirachi
|-singleturn|p1a: Jirachi|Protect
|move|p2a: Aerodactyl|Earthquake|p1a: Jirachi
|-activate|p1a: Jirachi|Protect
|
|-weather|Sandstorm|[upkeep]
|-heal|p1a: Jirachi|94/100|[from] item: Leftovers
|upkeep
|turn|72
|
|t:|1728847574
|switch|p2a: Forretress|Forretress, F|62/100
|switch|p1a: Aerodactyl|Aerodactyl, F|100/100
|
|-weather|Sandstorm|[upkeep]
|-heal|p2a: Forretress|68/100|[from] item: Leftovers
|upkeep
|turn|73
|inactive|MintChocolateGuy has 240 seconds left.
|inactive|MintChocolateGuy has 210 seconds left.
|
|t:|1728847620
|switch|p1a: Jirachi|Jirachi|94/100
|move|p2a: Forretress|Zap Cannon|p1a: Jirachi
|-damage|p1a: Jirachi|85/100
|-status|p1a: Jirachi|par
|
|-weather|Sandstorm|[upkeep]
|-heal|p2a: Forretress|74/100|[from] item: Leftovers
|-heal|p1a: Jirachi|91/100 par|[from] item: Leftovers
|upkeep
|turn|74
|inactive|MintChocolateGuy has 210 seconds left.
|
|t:|1728847645
|move|p2a: Forretress|Spikes|p1a: Jirachi
|-sidestart|p1: ojr|Spikes
|move|p1a: Jirachi|Fire Punch|p2a: Forretress
|-supereffective|p2a: Forretress
|-damage|p2a: Forretress|4/100
|-status|p2a: Forretress|brn
|
|-weather|Sandstorm|[upkeep]
|-heal|p2a: Forretress|11/100 brn|[from] item: Leftovers
|-damage|p2a: Forretress|0 fnt|[from] brn
|faint|p2a: Forretress
|-heal|p1a: Jirachi|98/100 par|[from] item: Leftovers
|upkeep
|inactive|MintChocolateGuy has 180 seconds left.
|inactive|MintChocolateGuy has 150 seconds left.
|
|t:|1728847701
|switch|p2a: Metagross|Metagross|66/100
|turn|75
|
|t:|1728847707
|switch|p1a: Skarmory|Skarmory, M|50/100 par
|move|p2a: Metagross|Agility|p2a: Metagross
|-boost|p2a: Metagross|spe|2
|
|-weather|Sandstorm|[upkeep]
|-heal|p1a: Skarmory|56/100 par|[from] item: Leftovers
|upkeep
|turn|76
|c|☆ojr|ohhhh
|c|☆ojr|maybe i shouldve calced
|c|☆ojr|and not just assume cb
|c|☆ojr|xd
|inactive|ojr has 270 seconds left.
|c|☆MintChocolateGuy|i never hit an attack
|
|t:|1728847764
|move|p2a: Metagross|Rock Slide|p1a: Skarmory
|-damage|p1a: Skarmory|35/100 par
|cant|p1a: Skarmory|par
|
|-weather|Sandstorm|[upkeep]
|-heal|p1a: Skarmory|41/100 par|[from] item: Leftovers
|upkeep
|turn|77
|
|t:|1728847771
|move|p1a: Skarmory|Protect|p1a: Skarmory
|-singleturn|p1a: Skarmory|Protect
|move|p2a: Metagross|Rock Slide|p1a: Skarmory|[miss]
|-miss|p2a: Metagross|p1a: Skarmory
|
|-weather|Sandstorm|[upkeep]
|-heal|p1a: Skarmory|47/100 par|[from] item: Leftovers
|upkeep
|turn|78
|
|t:|1728847776
|move|p2a: Metagross|Rock Slide|p1a: Skarmory
|-damage|p1a: Skarmory|22/100 par
|move|p1a: Skarmory|Roar|p2a: Metagross
|drag|p2a: Aerodactyl|Aerodactyl, F|89/100
|
|-weather|Sandstorm|[upkeep]
|-heal|p1a: Skarmory|28/100 par|[from] item: Leftovers
|upkeep
|turn|79
|
|t:|1728847784
|switch|p1a: Jirachi|Jirachi|98/100 par
|-damage|p1a: Jirachi|85/100 par|[from] Spikes
|move|p2a: Aerodactyl|Rock Slide|p1a: Jirachi
|-resisted|p1a: Jirachi
|-damage|p1a: Jirachi|66/100 par
|
|-weather|Sandstorm|[upkeep]
|-heal|p1a: Jirachi|72/100 par|[from] item: Leftovers
|upkeep
|turn|80
|
|t:|1728847800
|switch|p2a: Metagross|Metagross|66/100
|move|p1a: Jirachi|Fire Punch|p2a: Metagross
|-supereffective|p2a: Metagross
|-damage|p2a: Metagross|28/100
|
|-weather|Sandstorm|[upkeep]
|-heal|p1a: Jirachi|78/100 par|[from] item: Leftovers
|upkeep
|turn|81
|inactive|ojr has 240 seconds left.
|
|t:|1728847841
|move|p2a: Metagross|Earthquake|p1a: Jirachi
|-supereffective|p1a: Jirachi
|-damage|p1a: Jirachi|11/100 par
|move|p1a: Jirachi|Fire Punch|p2a: Metagross
|-supereffective|p2a: Metagross
|-damage|p2a: Metagross|0 fnt
|faint|p2a: Metagross
|
|t:|1728847846
|switch|p2a: Aerodactyl|Aerodactyl, F|89/100
|
|-weather|Sandstorm|[upkeep]
|-heal|p1a: Jirachi|17/100 par|[from] item: Leftovers
|upkeep
|turn|82
|
|t:|1728847851
|move|p1a: Jirachi|Protect|p1a: Jirachi
|-singleturn|p1a: Jirachi|Protect
|move|p2a: Aerodactyl|Rock Slide|p1a: Jirachi
|-activate|p1a: Jirachi|Protect
|
|-weather|Sandstorm|[upkeep]
|-heal|p1a: Jirachi|24/100 par|[from] item: Leftovers
|upkeep
|turn|83
|c|☆MintChocolateGuy|aero moment
|inactive|MintChocolateGuy has 210 seconds left.
|
|t:|1728847858
|move|p2a: Aerodactyl|Rock Slide|p1a: Jirachi
|-resisted|p1a: Jirachi
|-damage|p1a: Jirachi|4/100 par
|cant|p1a: Jirachi|flinch
|
|-weather|Sandstorm|[upkeep]
|-heal|p1a: Jirachi|11/100 par|[from] item: Leftovers
|upkeep
|turn|84
|
|t:|1728847862
|move|p1a: Jirachi|Protect|p1a: Jirachi
|-singleturn|p1a: Jirachi|Protect
|move|p2a: Aerodactyl|Rock Slide|p1a: Jirachi|[miss]
|-miss|p2a: Aerodactyl|p1a: Jirachi
|
|-weather|Sandstorm|[upkeep]
|-heal|p1a: Jirachi|17/100 par|[from] item: Leftovers
|upkeep
|turn|85
|
|t:|1728847868
|move|p2a: Aerodactyl|Rock Slide|p1a: Jirachi
|-resisted|p1a: Jirachi
|-damage|p1a: Jirachi|0 fnt
|faint|p1a: Jirachi
|
|t:|1728847874
|switch|p1a: Skarmory|Skarmory, M|28/100 par
|
|-weather|Sandstorm|[upkeep]
|-heal|p1a: Skarmory|34/100 par|[from] item: Leftovers
|upkeep
|turn|86
|
|t:|1728847879
|move|p1a: Skarmory|Protect|p1a: Skarmory
|-singleturn|p1a: Skarmory|Protect
|move|p2a: Aerodactyl|Rock Slide|p1a: Skarmory
|-activate|p1a: Skarmory|Protect
|
|-weather|Sandstorm|[upkeep]
|-heal|p1a: Skarmory|40/100 par|[from] item: Leftovers
|upkeep
|turn|87
|inactive|ojr has 270 seconds left.
|
|t:|1728847885
|move|p2a: Aerodactyl|Rock Slide|p1a: Skarmory
|-damage|p1a: Skarmory|0 fnt
|faint|p1a: Skarmory
|inactive|ojr has 270 seconds left.
|c|☆ojr|okay hf
|
|t:|1728847893
|switch|p1a: Aerodactyl|Aerodactyl, F|100/100
|
|-weather|Sandstorm|[upkeep]
|upkeep
|turn|88
|c|☆MintChocolateGuy|gg either way seesh close one
|
|t:|1728847905
|move|p1a: Aerodactyl|Rock Slide|p2a: Aerodactyl
|-supereffective|p2a: Aerodactyl
|-damage|p2a: Aerodactyl|0 fnt
|faint|p2a: Aerodactyl
|
|win|ojr
|c|☆ojr|damn
|c|☆MintChocolateGuy|brutal
|c|☆ojr|gg sry

</script>
<script type="application/json" class="data" id="replaydata-smogtours-gen3ou-798272">
{"id":"smogtours-gen3ou-798272","format":"[Gen 3] OU","players":["ojr","MintChocolateGuy"],"uploadtime":1728847905,"views":120,"formatid":"gen3ou","rating":null,"private":0,"password":null}
</script>

<script defer src="js/replays.js?9d40a366"></script>
