<!DOCTYPE html>
<meta charset="utf-8" />
<meta name="viewport" content="width=device-width" />

<title>[Gen 3] OU: icypatek vs. go-go-zeppeli-1890 - Replays - Pok&eacute;mon Showdown!</title>

<meta name="description" content="Watch a replay of a Pok&eacute;mon battle between icypatek and go-go-zeppeli-1890! Format: [Gen 3] OU; Date: Oct 18, 2024" />
<!--

Hey, you! Looking in the source for the replay log?

You can find them in JSON format, just add `.json` at the end of a replay URL.

https://replay.pokemonshowdown.com/gen7randomdoublesbattle-865046831.json

Or, if you only need the log itself, add `.log` instead:

https://replay.pokemonshowdown.com/gen7randomdoublesbattle-865046831.log

-->

<link rel="stylesheet" href="//pokemonshowdown.com/style/global.css?0.023195364461161105" />
<link rel="stylesheet" href="//play.pokemonshowdown.com/style/font-awesome.css?0.13261647063804238" />
<link rel="stylesheet" href="//play.pokemonshowdown.com/style/battle.css?0.8753245789963631" />
<link rel="stylesheet" href="//play.pokemonshowdown.com/style/utilichart.css?0.8627959624976733" />

<!-- Global site tag (gtag.js) - Google Analytics -->
<script async src="https://www.googletagmanager.com/gtag/js?id=UA-26211653-1"></script>
<script>
  window.dataLayer = window.dataLayer || [];
  function gtag(){dataLayer.push(arguments);}
  gtag('js', new Date());

  gtag('config', 'UA-26211653-1');
</script>
<!-- End Google Analytics -->
<!-- Venatus Ad Manager - Install in <HEAD> of page -->
	<script src="https://hb.vntsm.com/v3/live/ad-manager.min.js" type="text/javascript" data-site-id="642aba63ec9a7b11c3c9c1be" data-mode="scan" async></script>
<!-- / Venatus Ad Manager -->

<style>
	@media (max-width:820px) {
		.battle {
			margin: 0 auto;
		}
		.battle-log {
			margin: 7px auto 0;
			max-width: 640px;
			height: 300px;
			position: static;
		}
	}
	.optgroup {
		display: inline-block;
		line-height: 22px;
		font-size: 10pt;
	}
	.optgroup .button {
		height: 25px;
		padding-top: 0;
		padding-bottom: 0;
	}
	.optgroup button.button {
		padding-left: 12px;
		padding-right: 12px;
	}
	.linklist {
		list-style: none;
		margin: 0.5em 0;
		padding: 0;
	}
	.linklist li {
		padding: 2px 0;
	}
	.sidebar {
		float: left;
		width: 320px;
	}
	.bar-wrapper {
		max-width: 1100px;
		margin: 0 auto;
	}
	.bar-wrapper.has-sidebar {
		max-width: 1430px;
	}
	.mainbar {
		margin: 0;
		padding-right: 1px;
	}
	.mainbar.has-sidebar {
		margin-left: 330px;
	}
	@media (min-width: 1511px) {
		.sidebar {
			width: 400px;
		}
		.bar-wrapper.has-sidebar {
			max-width: 1510px;
		}
		.mainbar.has-sidebar {
			margin-left: 410px;
		}
	}
	.section.first-section {
		margin-top: 9px;
	}
	.blocklink small {
		white-space: normal;
	}
	.button {
		vertical-align: middle;
	}
	.replay-controls {
		padding-top: 10px;
	}
	.replay-controls h1 {
		font-size: 16pt;
		font-weight: normal;
		color: #CCC;
	}
	.pagelink {
		text-align: center;
	}
	.pagelink a {
		width: 150px;
	}
	.textbox, .button {
		font-size: 11pt;
		vertical-align: middle;
	}
	@media (max-width: 450px) {
		.button {
			font-size: 9pt;
		}
	}
</style>

<div>

	<header>
		<div class="nav-wrapper"><ul class="nav">
			<li><a class="button nav-first" href="//pokemonshowdown.com/"><img src="//pokemonshowdown.com/images/pokemonshowdownbeta.png" srcset="//pokemonshowdown.com/images/pokemonshowdownbeta.png 1x, //pokemonshowdown.com/images/pokemonshowdownbeta@2x.png 2x" alt="Pok&eacute;mon Showdown" width="146" height="44" /> Home</a></li>
			<li><a class="button" href="//pokemonshowdown.com/dex/">Pok&eacute;dex</a></li>
			<li><a class="button cur" href="/">Replays</a></li>
			<li><a class="button" href="//pokemonshowdown.com/ladder/">Ladder</a></li>
			<li><a class="button nav-last" href="//pokemonshowdown.com/forums/">Forum</a></li>
			<li><a class="button greenbutton nav-first nav-last" href="//play.pokemonshowdown.com/">Play</a></li>
		</ul></div>
	</header>

	<div class="main" id="main">

		<noscript><section class="section">You need to enable JavaScript to use this page; sorry!</section></noscript>

	</div>

</div>

<script defer nomodule src="//play.pokemonshowdown.com/js/lib/ps-polyfill.js"></script>
<script defer src="//play.pokemonshowdown.com/js/lib/preact.min.js"></script>

<script defer src="//play.pokemonshowdown.com/config/config.js?2bddbc15"></script>
<script defer src="//play.pokemonshowdown.com/js/lib/jquery-1.11.0.min.js"></script>
<script defer src="//play.pokemonshowdown.com/js/lib/html-sanitizer-minified.js"></script>
<script defer src="//play.pokemonshowdown.com/js/battle-sound.js"></script>
<script defer src="//play.pokemonshowdown.com/js/battledata.js?0.7209276989879541"></script>
<script defer src="//play.pokemonshowdown.com/data/pokedex-mini.js?0.6111056340867951"></script>
<script defer src="//play.pokemonshowdown.com/data/pokedex-mini-bw.js?0.3532142036491459"></script>
<script defer src="//play.pokemonshowdown.com/data/graphics.js?0.24223875632456182"></script>
<script defer src="//play.pokemonshowdown.com/data/pokedex.js?0.38839984266356864"></script>
<script defer src="//play.pokemonshowdown.com/data/moves.js?0.21866028504024015"></script>
<script defer src="//play.pokemonshowdown.com/data/abilities.js?0.2005157953846628"></script>
<script defer src="//play.pokemonshowdown.com/data/items.js?0.9894211263848525"></script>
<script defer src="//play.pokemonshowdown.com/data/teambuilder-tables.js?0.6008791140282215"></script>
<script defer src="//play.pokemonshowdown.com/js/battle-tooltips.js?0.7580118955022959"></script>
<script defer src="//play.pokemonshowdown.com/js/battle.js?0.6057722274234274"></script>

<script defer src="js/utils.js?e31f9a17"></script>
<script defer src="js/replays-battle.js?7008c182"></script>

<!-- don't scrape this data! just add .json or .log after the URL!
Full API docs: https://github.com/smogon/pokemon-showdown-client/blob/master/WEB-API.md -->
<script type="text/plain" class="log" id="replaylog-smogtours-gen3ou-799637">
|inactive|Battle timer is ON: inactive players will automatically lose when time's up.
|t:|1729279001
|gametype|singles
|player|p1|icypatek|102|
|player|p2|go-go-zeppeli-1890|266|
|teamsize|p1|6
|teamsize|p2|6
|gen|3
|tier|[Gen 3] OU
|rule|Sleep Clause Mod: Limit one foe put to sleep
|rule|Switch Priority Clause Mod: Faster Pokémon switch first
|rule|Species Clause: Limit one of each Pokémon
|rule|OHKO Clause: OHKO moves are banned
|rule|Evasion Items Clause: Evasion items are banned
|rule|Evasion Moves Clause: Evasion moves are banned
|rule|Endless Battle Clause: Forcing endless battles is banned
|rule|HP Percentage Mod: HP is shown in percentages
|rule|One Boost Passer Clause: Limit one Baton Passer that has a way to boost its stats
|rule|Freeze Clause Mod: Limit one foe frozen
|
|t:|1729279001
|start
|switch|p1a: Kinda $|Tyranitar, F|100/100
|switch|p2a: Snorlax|Snorlax, M|100/100
|-weather|Sandstorm|[from] ability: Sand Stream|[of] p1a: Kinda $
|turn|1
|
|t:|1729279015
|move|p1a: Kinda $|Substitute|p1a: Kinda $
|-start|p1a: Kinda $|Substitute
|-damage|p1a: Kinda $|75/100
|move|p2a: Snorlax|Brick Break|p1a: Kinda $
|-supereffective|p1a: Kinda $
|-end|p1a: Kinda $|Substitute
|
|-weather|Sandstorm|[upkeep]
|-damage|p2a: Snorlax|94/100|[from] Sandstorm
|upkeep
|turn|2
|
|t:|1729279021
|switch|p1a: Shatters|Moltres|100/100
|move|p2a: Snorlax|Brick Break|p1a: Shatters
|-resisted|p1a: Shatters
|-damage|p1a: Shatters|86/100
|
|-weather|Sandstorm|[upkeep]
|-damage|p1a: Shatters|80/100|[from] Sandstorm
|-damage|p2a: Snorlax|88/100|[from] Sandstorm
|-heal|p1a: Shatters|86/100|[from] item: Leftovers
|upkeep
|turn|3
|
|t:|1729279034
|move|p1a: Shatters|Will-O-Wisp|p2a: Snorlax|[miss]
|-miss|p1a: Shatters|p2a: Snorlax
|move|p2a: Snorlax|Curse|p2a: Snorlax
|-unboost|p2a: Snorlax|spe|1
|-boost|p2a: Snorlax|atk|1
|-boost|p2a: Snorlax|def|1
|
|-weather|Sandstorm|[upkeep]
|-damage|p1a: Shatters|80/100|[from] Sandstorm
|-damage|p2a: Snorlax|82/100|[from] Sandstorm
|-heal|p1a: Shatters|86/100|[from] item: Leftovers
|upkeep
|turn|4
|inactive|go-go-zeppeli-1890 has 270 seconds left.
|
|t:|1729279076
|move|p2a: Snorlax|Curse|p2a: Snorlax
|-unboost|p2a: Snorlax|spe|1
|-boost|p2a: Snorlax|atk|1
|-boost|p2a: Snorlax|def|1
|move|p1a: Shatters|Roar|p2a: Snorlax
|drag|p2a: Metagross|Metagross|100/100
|
|-weather|Sandstorm|[upkeep]
|-damage|p1a: Shatters|80/100|[from] Sandstorm
|-heal|p1a: Shatters|86/100|[from] item: Leftovers
|upkeep
|turn|5
|inactive|go-go-zeppeli-1890 has 240 seconds left.
|
|t:|1729279109
|switch|p2a: Snorlax|Snorlax, M|82/100
|move|p1a: Shatters|Flamethrower|p2a: Snorlax
|-damage|p2a: Snorlax|47/100
|
|-weather|Sandstorm|[upkeep]
|-damage|p1a: Shatters|80/100|[from] Sandstorm
|-damage|p2a: Snorlax|41/100|[from] Sandstorm
|-heal|p1a: Shatters|86/100|[from] item: Leftovers
|upkeep
|turn|6
|
|t:|1729279114
|move|p1a: Shatters|Will-O-Wisp|p2a: Snorlax
|-status|p2a: Snorlax|brn
|-enditem|p2a: Snorlax|Lum Berry|[eat]
|-curestatus|p2a: Snorlax|brn|[msg]
|move|p2a: Snorlax|Self-Destruct|p1a: Shatters
|-damage|p1a: Shatters|0 fnt
|faint|p2a: Snorlax
|faint|p1a: Shatters
|
|t:|1729279129
|switch|p1a: Sleepwalker|Skarmory, M|100/100
|switch|p2a: Metagross|Metagross|100/100
|
|-weather|Sandstorm|[upkeep]
|upkeep
|turn|7
|inactive|go-go-zeppeli-1890 has 240 seconds left.
|
|t:|1729279151
|move|p1a: Sleepwalker|Protect|p1a: Sleepwalker
|-singleturn|p1a: Sleepwalker|Protect
|move|p2a: Metagross|Meteor Mash|p1a: Sleepwalker
|-activate|p1a: Sleepwalker|Protect
|
|-weather|Sandstorm|[upkeep]
|upkeep
|turn|8
|
|t:|1729279155
|move|p2a: Metagross|Meteor Mash|p1a: Sleepwalker
|-resisted|p1a: Sleepwalker
|-damage|p1a: Sleepwalker|65/100
|move|p1a: Sleepwalker|Spikes|p2a: Metagross
|-sidestart|p2: go-go-zeppeli-1890|Spikes
|
|-weather|Sandstorm|[upkeep]
|-heal|p1a: Sleepwalker|71/100|[from] item: Leftovers
|upkeep
|turn|9
|
|t:|1729279159
|move|p1a: Sleepwalker|Protect|p1a: Sleepwalker
|-singleturn|p1a: Sleepwalker|Protect
|move|p2a: Metagross|Meteor Mash|p1a: Sleepwalker
|-activate|p1a: Sleepwalker|Protect
|
|-weather|Sandstorm|[upkeep]
|-heal|p1a: Sleepwalker|77/100|[from] item: Leftovers
|upkeep
|turn|10
|
|t:|1729279162
|move|p2a: Metagross|Meteor Mash|p1a: Sleepwalker
|-resisted|p1a: Sleepwalker
|-damage|p1a: Sleepwalker|42/100
|move|p1a: Sleepwalker|Spikes|p2a: Metagross
|-sidestart|p2: go-go-zeppeli-1890|Spikes
|
|-weather|Sandstorm|[upkeep]
|-heal|p1a: Sleepwalker|48/100|[from] item: Leftovers
|upkeep
|turn|11
|
|t:|1729279167
|move|p1a: Sleepwalker|Protect|p1a: Sleepwalker
|-singleturn|p1a: Sleepwalker|Protect
|move|p2a: Metagross|Meteor Mash|p1a: Sleepwalker
|-activate|p1a: Sleepwalker|Protect
|
|-weather|Sandstorm|[upkeep]
|-heal|p1a: Sleepwalker|54/100|[from] item: Leftovers
|upkeep
|turn|12
|
|t:|1729279169
|move|p2a: Metagross|Meteor Mash|p1a: Sleepwalker
|-resisted|p1a: Sleepwalker
|-damage|p1a: Sleepwalker|21/100
|move|p1a: Sleepwalker|Spikes|p2a: Metagross
|-sidestart|p2: go-go-zeppeli-1890|Spikes
|
|-weather|Sandstorm|[upkeep]
|-heal|p1a: Sleepwalker|27/100|[from] item: Leftovers
|upkeep
|turn|13
|
|t:|1729279174
|move|p1a: Sleepwalker|Protect|p1a: Sleepwalker
|-singleturn|p1a: Sleepwalker|Protect
|move|p2a: Metagross|Meteor Mash|p1a: Sleepwalker
|-activate|p1a: Sleepwalker|Protect
|
|-weather|Sandstorm|[upkeep]
|-heal|p1a: Sleepwalker|33/100|[from] item: Leftovers
|upkeep
|turn|14
|
|t:|1729279184
|move|p1a: Sleepwalker|Protect|p1a: Sleepwalker
|-singleturn|p1a: Sleepwalker|Protect
|move|p2a: Metagross|Meteor Mash|p1a: Sleepwalker
|-activate|p1a: Sleepwalker|Protect
|
|-weather|Sandstorm|[upkeep]
|-heal|p1a: Sleepwalker|39/100|[from] item: Leftovers
|upkeep
|turn|15
|
|t:|1729279187
|move|p2a: Metagross|Meteor Mash|p1a: Sleepwalker
|-resisted|p1a: Sleepwalker
|-damage|p1a: Sleepwalker|2/100
|move|p1a: Sleepwalker|Roar|p2a: Metagross
|drag|p2a: Zapdos|Zapdos|100/100
|
|-weather|Sandstorm|[upkeep]
|-damage|p2a: Zapdos|94/100|[from] Sandstorm
|-heal|p2a: Zapdos|100/100|[from] item: Leftovers
|-heal|p1a: Sleepwalker|8/100|[from] item: Leftovers
|upkeep
|turn|16
|
|t:|1729279195
|move|p2a: Zapdos|Substitute|p2a: Zapdos
|-start|p2a: Zapdos|Substitute
|-damage|p2a: Zapdos|76/100
|move|p1a: Sleepwalker|Drill Peck|p2a: Zapdos
|-resisted|p2a: Zapdos
|-activate|p2a: Zapdos|Substitute|[damage]
|
|-weather|Sandstorm|[upkeep]
|-damage|p2a: Zapdos|70/100|[from] Sandstorm
|-heal|p2a: Zapdos|76/100|[from] item: Leftovers
|-heal|p1a: Sleepwalker|14/100|[from] item: Leftovers
|upkeep
|turn|17
|
|t:|1729279200
|move|p1a: Sleepwalker|Protect|p1a: Sleepwalker
|-singleturn|p1a: Sleepwalker|Protect
|move|p2a: Zapdos|Thunderbolt|p1a: Sleepwalker
|-activate|p1a: Sleepwalker|Protect
|
|-weather|Sandstorm|[upkeep]
|-damage|p2a: Zapdos|70/100|[from] Sandstorm
|-heal|p2a: Zapdos|76/100|[from] item: Leftovers
|-heal|p1a: Sleepwalker|20/100|[from] item: Leftovers
|upkeep
|turn|18
|
|t:|1729279205
|move|p2a: Zapdos|Thunderbolt|p1a: Sleepwalker
|-supereffective|p1a: Sleepwalker
|-damage|p1a: Sleepwalker|0 fnt
|faint|p1a: Sleepwalker
|
|t:|1729279216
|switch|p1a: H town|Flygon, F|100/100
|
|-weather|Sandstorm|[upkeep]
|-damage|p2a: Zapdos|70/100|[from] Sandstorm
|-heal|p2a: Zapdos|76/100|[from] item: Leftovers
|upkeep
|turn|19
|
|t:|1729279222
|switch|p1a: Kinda $|Tyranitar, F|75/100
|move|p2a: Zapdos|Hidden Power|p1a: Kinda $
|-supereffective|p1a: Kinda $
|-damage|p1a: Kinda $|30/100
|
|-weather|Sandstorm|[upkeep]
|-damage|p2a: Zapdos|70/100|[from] Sandstorm
|-heal|p2a: Zapdos|76/100|[from] item: Leftovers
|upkeep
|turn|20
|
|t:|1729279227
|move|p2a: Zapdos|Hidden Power|p1a: Kinda $
|-supereffective|p1a: Kinda $
|-damage|p1a: Kinda $|0 fnt
|faint|p1a: Kinda $
|
|t:|1729279233
|switch|p1a: Blunt|Zapdos|100/100
|
|-weather|Sandstorm|[upkeep]
|-damage|p2a: Zapdos|70/100|[from] Sandstorm
|-damage|p1a: Blunt|94/100|[from] Sandstorm
|-heal|p2a: Zapdos|76/100|[from] item: Leftovers
|-heal|p1a: Blunt|100/100|[from] item: Leftovers
|upkeep
|turn|21
|
|t:|1729279236
|move|p2a: Zapdos|Thunderbolt|p1a: Blunt
|-damage|p1a: Blunt|52/100
|-status|p1a: Blunt|par
|move|p1a: Blunt|Thunderbolt|p2a: Zapdos
|-end|p2a: Zapdos|Substitute
|
|-weather|Sandstorm|[upkeep]
|-damage|p2a: Zapdos|70/100|[from] Sandstorm
|-damage|p1a: Blunt|45/100 par|[from] Sandstorm
|-heal|p2a: Zapdos|76/100|[from] item: Leftovers
|-heal|p1a: Blunt|52/100 par|[from] item: Leftovers
|upkeep
|turn|22
|
|t:|1729279242
|move|p2a: Zapdos|Thunderbolt|p1a: Blunt
|-damage|p1a: Blunt|5/100 par
|move|p1a: Blunt|Thunderbolt|p2a: Zapdos
|-damage|p2a: Zapdos|19/100
|
|-weather|Sandstorm|[upkeep]
|-damage|p2a: Zapdos|13/100|[from] Sandstorm
|-damage|p1a: Blunt|0 fnt|[from] Sandstorm
|faint|p1a: Blunt
|-heal|p2a: Zapdos|19/100|[from] item: Leftovers
|upkeep
|
|t:|1729279249
|switch|p1a: Opium|Aerodactyl, F|100/100
|turn|23
|
|t:|1729279252
|move|p1a: Opium|Substitute|p1a: Opium
|-start|p1a: Opium|Substitute
|-damage|p1a: Opium|76/100
|move|p2a: Zapdos|Thunderbolt|p1a: Opium
|-supereffective|p1a: Opium
|-end|p1a: Opium|Substitute
|
|-weather|Sandstorm|[upkeep]
|-damage|p2a: Zapdos|13/100|[from] Sandstorm
|-heal|p2a: Zapdos|19/100|[from] item: Leftovers
|upkeep
|turn|24
|
|t:|1729279256
|move|p1a: Opium|Rock Slide|p2a: Zapdos
|-supereffective|p2a: Zapdos
|-damage|p2a: Zapdos|0 fnt
|faint|p2a: Zapdos
|
|t:|1729279272
|switch|p2a: Electrode|Electrode|100/100
|-damage|p2a: Electrode|76/100|[from] Spikes
|
|-weather|Sandstorm|[upkeep]
|-damage|p2a: Electrode|69/100|[from] Sandstorm
|upkeep
|turn|25
|
|t:|1729279280
|move|p2a: Electrode|Thunderbolt|p1a: Opium
|-supereffective|p1a: Opium
|-damage|p1a: Opium|0 fnt
|faint|p1a: Opium
|
|t:|1729279284
|switch|p1a: H town|Flygon, F|100/100
|
|-weather|Sandstorm|[upkeep]
|-damage|p2a: Electrode|63/100|[from] Sandstorm
|upkeep
|turn|26
|
|t:|1729279287
|move|p2a: Electrode|Rain Dance|p2a: Electrode
|-weather|RainDance
|move|p1a: H town|Earthquake|p2a: Electrode
|-supereffective|p2a: Electrode
|-damage|p2a: Electrode|0 fnt
|faint|p2a: Electrode
|
|t:|1729279290
|switch|p2a: Kingdra|Kingdra, M|100/100
|-damage|p2a: Kingdra|76/100|[from] Spikes
|
|-weather|RainDance|[upkeep]
|-heal|p2a: Kingdra|82/100|[from] item: Leftovers
|upkeep
|turn|27
|
|t:|1729279295
|move|p2a: Kingdra|Ice Beam|p1a: H town
|-supereffective|p1a: H town
|-damage|p1a: H town|0 fnt
|faint|p1a: H town
|
|win|go-go-zeppeli-1890
|c|☆icypatek|gg
|c|☆go-go-zeppeli-1890|holy GG
|player|p1|

</script>
<script type="application/json" class="data" id="replaydata-smogtours-gen3ou-799637">
{"id":"smogtours-gen3ou-799637","format":"[Gen 3] OU","players":["icypatek","go-go-zeppeli-1890"],"uploadtime":1729279295,"views":82,"formatid":"gen3ou","rating":null,"private":0,"password":null}
</script>

<script defer src="js/replays.js?9d40a366"></script>
