<!DOCTYPE html>
<meta charset="utf-8" />
<meta name="viewport" content="width=device-width" />

<title>[Gen 3] OU: Peppeppeia vs. halux - Replays - Pok&eacute;mon Showdown!</title>

<meta name="description" content="Watch a replay of a Pok&eacute;mon battle between Peppeppeia and halux! Format: [Gen 3] OU; Date: Oct 5, 2024" />
<!--

Hey, you! Looking in the source for the replay log?

You can find them in JSON format, just add `.json` at the end of a replay URL.

https://replay.pokemonshowdown.com/gen7randomdoublesbattle-865046831.json

Or, if you only need the log itself, add `.log` instead:

https://replay.pokemonshowdown.com/gen7randomdoublesbattle-865046831.log

-->

<link rel="stylesheet" href="//pokemonshowdown.com/style/global.css?0.023195364461161105" />
<link rel="stylesheet" href="//play.pokemonshowdown.com/style/font-awesome.css?0.13261647063804238" />
<link rel="stylesheet" href="//play.pokemonshowdown.com/style/battle.css?0.8753245789963631" />
<link rel="stylesheet" href="//play.pokemonshowdown.com/style/utilichart.css?0.8627959624976733" />

<!-- Global site tag (gtag.js) - Google Analytics -->
<script async src="https://www.googletagmanager.com/gtag/js?id=UA-26211653-1"></script>
<script>
  window.dataLayer = window.dataLayer || [];
  function gtag(){dataLayer.push(arguments);}
  gtag('js', new Date());

  gtag('config', 'UA-26211653-1');
</script>
<!-- End Google Analytics -->
<!-- Venatus Ad Manager - Install in <HEAD> of page -->
	<script src="https://hb.vntsm.com/v3/live/ad-manager.min.js" type="text/javascript" data-site-id="642aba63ec9a7b11c3c9c1be" data-mode="scan" async></script>
<!-- / Venatus Ad Manager -->

<style>
	@media (max-width:820px) {
		.battle {
			margin: 0 auto;
		}
		.battle-log {
			margin: 7px auto 0;
			max-width: 640px;
			height: 300px;
			position: static;
		}
	}
	.optgroup {
		display: inline-block;
		line-height: 22px;
		font-size: 10pt;
	}
	.optgroup .button {
		height: 25px;
		padding-top: 0;
		padding-bottom: 0;
	}
	.optgroup button.button {
		padding-left: 12px;
		padding-right: 12px;
	}
	.linklist {
		list-style: none;
		margin: 0.5em 0;
		padding: 0;
	}
	.linklist li {
		padding: 2px 0;
	}
	.sidebar {
		float: left;
		width: 320px;
	}
	.bar-wrapper {
		max-width: 1100px;
		margin: 0 auto;
	}
	.bar-wrapper.has-sidebar {
		max-width: 1430px;
	}
	.mainbar {
		margin: 0;
		padding-right: 1px;
	}
	.mainbar.has-sidebar {
		margin-left: 330px;
	}
	@media (min-width: 1511px) {
		.sidebar {
			width: 400px;
		}
		.bar-wrapper.has-sidebar {
			max-width: 1510px;
		}
		.mainbar.has-sidebar {
			margin-left: 410px;
		}
	}
	.section.first-section {
		margin-top: 9px;
	}
	.blocklink small {
		white-space: normal;
	}
	.button {
		vertical-align: middle;
	}
	.replay-controls {
		padding-top: 10px;
	}
	.replay-controls h1 {
		font-size: 16pt;
		font-weight: normal;
		color: #CCC;
	}
	.pagelink {
		text-align: center;
	}
	.pagelink a {
		width: 150px;
	}
	.textbox, .button {
		font-size: 11pt;
		vertical-align: middle;
	}
	@media (max-width: 450px) {
		.button {
			font-size: 9pt;
		}
	}
</style>

<div>

	<header>
		<div class="nav-wrapper"><ul class="nav">
			<li><a class="button nav-first" href="//pokemonshowdown.com/"><img src="//pokemonshowdown.com/images/pokemonshowdownbeta.png" srcset="//pokemonshowdown.com/images/pokemonshowdownbeta.png 1x, //pokemonshowdown.com/images/pokemonshowdownbeta@2x.png 2x" alt="Pok&eacute;mon Showdown" width="146" height="44" /> Home</a></li>
			<li><a class="button" href="//pokemonshowdown.com/dex/">Pok&eacute;dex</a></li>
			<li><a class="button cur" href="/">Replays</a></li>
			<li><a class="button" href="//pokemonshowdown.com/ladder/">Ladder</a></li>
			<li><a class="button nav-last" href="//pokemonshowdown.com/forums/">Forum</a></li>
			<li><a class="button greenbutton nav-first nav-last" href="//play.pokemonshowdown.com/">Play</a></li>
		</ul></div>
	</header>

	<div class="main" id="main">

		<noscript><section class="section">You need to enable JavaScript to use this page; sorry!</section></noscript>

	</div>

</div>

<script defer nomodule src="//play.pokemonshowdown.com/js/lib/ps-polyfill.js"></script>
<script defer src="//play.pokemonshowdown.com/js/lib/preact.min.js"></script>

<script defer src="//play.pokemonshowdown.com/config/config.js?2bddbc15"></script>
<script defer src="//play.pokemonshowdown.com/js/lib/jquery-1.11.0.min.js"></script>
<script defer src="//play.pokemonshowdown.com/js/lib/html-sanitizer-minified.js"></script>
<script defer src="//play.pokemonshowdown.com/js/battle-sound.js"></script>
<script defer src="//play.pokemonshowdown.com/js/battledata.js?0.7209276989879541"></script>
<script defer src="//play.pokemonshowdown.com/data/pokedex-mini.js?0.6111056340867951"></script>
<script defer src="//play.pokemonshowdown.com/data/pokedex-mini-bw.js?0.3532142036491459"></script>
<script defer src="//play.pokemonshowdown.com/data/graphics.js?0.24223875632456182"></script>
<script defer src="//play.pokemonshowdown.com/data/pokedex.js?0.38839984266356864"></script>
<script defer src="//play.pokemonshowdown.com/data/moves.js?0.21866028504024015"></script>
<script defer src="//play.pokemonshowdown.com/data/abilities.js?0.2005157953846628"></script>
<script defer src="//play.pokemonshowdown.com/data/items.js?0.9894211263848525"></script>
<script defer src="//play.pokemonshowdown.com/data/teambuilder-tables.js?0.6008791140282215"></script>
<script defer src="//play.pokemonshowdown.com/js/battle-tooltips.js?0.7580118955022959"></script>
<script defer src="//play.pokemonshowdown.com/js/battle.js?0.6057722274234274"></script>

<script defer src="js/utils.js?e31f9a17"></script>
<script defer src="js/replays-battle.js?7008c182"></script>

<!-- don't scrape this data! just add .json or .log after the URL!
Full API docs: https://github.com/smogon/pokemon-showdown-client/blob/master/WEB-API.md -->
<script type="text/plain" class="log" id="replaylog-smogtours-gen3ou-795224">
|inactive|Battle timer is ON: inactive players will automatically lose when time's up.
|t:|1728165468
|gametype|singles
|player|p1|Peppeppeia|101|
|player|p2|halux|wattson|
|teamsize|p1|6
|teamsize|p2|6
|gen|3
|tier|[Gen 3] OU
|rule|Sleep Clause Mod: Limit one foe put to sleep
|rule|Switch Priority Clause Mod: Faster Pokémon switch first
|rule|Species Clause: Limit one of each Pokémon
|rule|OHKO Clause: OHKO moves are banned
|rule|Evasion Items Clause: Evasion items are banned
|rule|Evasion Moves Clause: Evasion moves are banned
|rule|Endless Battle Clause: Forcing endless battles is banned
|rule|HP Percentage Mod: HP is shown in percentages
|rule|One Boost Passer Clause: Limit one Baton Passer that has a way to boost its stats
|rule|Freeze Clause Mod: Limit one foe frozen
|
|t:|1728165468
|start
|switch|p1a: Metagross|Metagross|100/100
|switch|p2a: Salamence|Salamence, M|100/100
|-ability|p2a: Salamence|Intimidate|boost
|-fail|p1a: Metagross|unboost|[from] ability: Clear Body|[of] p1a: Metagross
|turn|1
|c|☆halux|gl hf!
|c|☆Peppeppeia|same!
|
|t:|1728165496
|move|p2a: Salamence|Fire Blast|p1a: Metagross|[miss]
|-miss|p2a: Salamence|p1a: Metagross
|move|p1a: Metagross|Rock Slide|p2a: Salamence
|-supereffective|p2a: Salamence
|-damage|p2a: Salamence|37/100
|
|-heal|p2a: Salamence|43/100|[from] item: Leftovers
|upkeep
|turn|2
|
|t:|1728165512
|switch|p2a: Forretress|Forretress, M|100/100
|move|p1a: Metagross|Rock Slide|p2a: Forretress
|-damage|p2a: Forretress|81/100
|
|-heal|p2a: Forretress|87/100|[from] item: Leftovers
|upkeep
|turn|3
|
|t:|1728165524
|switch|p1a: Tyranitar|Tyranitar, F|100/100
|-weather|Sandstorm|[from] ability: Sand Stream|[of] p1a: Tyranitar
|move|p2a: Forretress|Spikes|p1a: Tyranitar
|-sidestart|p1: Peppeppeia|Spikes
|
|-weather|Sandstorm|[upkeep]
|-heal|p2a: Forretress|93/100|[from] item: Leftovers
|upkeep
|turn|4
|
|t:|1728165539
|switch|p2a: Tyranitar|Tyranitar, F|100/100
|move|p1a: Tyranitar|Thunder Wave|p2a: Tyranitar
|-status|p2a: Tyranitar|par
|
|-weather|Sandstorm|[upkeep]
|upkeep
|turn|5
|
|t:|1728165553
|switch|p1a: Metagross|Metagross|100/100
|-damage|p1a: Metagross|88/100|[from] Spikes
|switch|p2a: Salamence|Salamence, M|43/100
|-ability|p2a: Salamence|Intimidate|boost
|-fail|p1a: Metagross|unboost|[from] ability: Clear Body|[of] p1a: Metagross
|
|-weather|Sandstorm|[upkeep]
|-damage|p2a: Salamence|37/100|[from] Sandstorm
|-heal|p2a: Salamence|43/100|[from] item: Leftovers
|-heal|p1a: Metagross|94/100|[from] item: Leftovers
|upkeep
|turn|6
|
|t:|1728165568
|move|p2a: Salamence|Fire Blast|p1a: Metagross|[miss]
|-miss|p2a: Salamence|p1a: Metagross
|move|p1a: Metagross|Meteor Mash|p2a: Salamence
|-damage|p2a: Salamence|0 fnt
|faint|p2a: Salamence
|
|t:|1728165578
|switch|p2a: Forretress|Forretress, M|93/100
|
|-weather|Sandstorm|[upkeep]
|-heal|p1a: Metagross|100/100|[from] item: Leftovers
|-heal|p2a: Forretress|99/100|[from] item: Leftovers
|upkeep
|turn|7
|
|t:|1728165588
|switch|p1a: Forretress|Forretress, F|100/100
|-damage|p1a: Forretress|88/100|[from] Spikes
|move|p2a: Forretress|Earthquake|p1a: Forretress
|-damage|p1a: Forretress|75/100
|
|-weather|Sandstorm|[upkeep]
|-heal|p2a: Forretress|100/100|[from] item: Leftovers
|-heal|p1a: Forretress|81/100|[from] item: Leftovers
|upkeep
|turn|8
|
|t:|1728165603
|switch|p2a: Tyranitar|Tyranitar, F|100/100 par
|move|p1a: Forretress|Spikes|p2a: Tyranitar
|-sidestart|p2: halux|Spikes
|
|-weather|Sandstorm|[upkeep]
|-heal|p1a: Forretress|88/100|[from] item: Leftovers
|upkeep
|turn|9
|
|t:|1728165614
|move|p1a: Forretress|Protect|p1a: Forretress
|-singleturn|p1a: Forretress|Protect
|move|p2a: Tyranitar|Fire Blast|p1a: Forretress
|-activate|p1a: Forretress|Protect
|
|-weather|Sandstorm|[upkeep]
|-heal|p1a: Forretress|94/100|[from] item: Leftovers
|upkeep
|turn|10
|
|t:|1728165629
|switch|p1a: Snorlax|Snorlax, M|100/100
|-damage|p1a: Snorlax|88/100|[from] Spikes
|cant|p2a: Tyranitar|par
|
|-weather|Sandstorm|[upkeep]
|-damage|p1a: Snorlax|82/100|[from] Sandstorm
|upkeep
|turn|11
|
|t:|1728165643
|move|p1a: Snorlax|Curse|p1a: Snorlax
|-unboost|p1a: Snorlax|spe|1
|-boost|p1a: Snorlax|atk|1
|-boost|p1a: Snorlax|def|1
|cant|p2a: Tyranitar|par
|
|-weather|Sandstorm|[upkeep]
|-damage|p1a: Snorlax|76/100|[from] Sandstorm
|upkeep
|turn|12
|
|t:|1728165661
|move|p1a: Snorlax|Curse|p1a: Snorlax
|-unboost|p1a: Snorlax|spe|1
|-boost|p1a: Snorlax|atk|1
|-boost|p1a: Snorlax|def|1
|move|p2a: Tyranitar|Crunch|p1a: Snorlax
|-damage|p1a: Snorlax|57/100
|
|-weather|Sandstorm|[upkeep]
|-damage|p1a: Snorlax|51/100|[from] Sandstorm
|upkeep
|turn|13
|inactive|Peppeppeia has 270 seconds left.
|
|t:|1728165700
|move|p1a: Snorlax|Body Slam|p2a: Tyranitar
|-resisted|p2a: Tyranitar
|-damage|p2a: Tyranitar|75/100 par
|move|p2a: Tyranitar|Counter|p1a: Snorlax
|-damage|p1a: Snorlax|7/100
|
|-weather|Sandstorm|[upkeep]
|-damage|p1a: Snorlax|0 fnt|[from] Sandstorm
|faint|p1a: Snorlax
|-heal|p2a: Tyranitar|81/100 par|[from] item: Leftovers
|upkeep
|
|t:|1728165712
|switch|p1a: Dugtrio|Dugtrio, M|100/100
|-damage|p1a: Dugtrio|88/100|[from] Spikes
|turn|14
|
|t:|1728165728
|move|p1a: Dugtrio|Earthquake|p2a: Tyranitar
|-supereffective|p2a: Tyranitar
|-crit|p2a: Tyranitar
|-damage|p2a: Tyranitar|0 fnt
|faint|p2a: Tyranitar
|
|t:|1728165733
|switch|p2a: Aerodactyl|Aerodactyl, F|100/100
|
|-weather|Sandstorm|[upkeep]
|upkeep
|turn|15
|inactive|Peppeppeia has 270 seconds left.
|
|t:|1728165740
|switch|p1a: Metagross|Metagross|100/100
|-damage|p1a: Metagross|88/100|[from] Spikes
|move|p2a: Aerodactyl|Earthquake|p1a: Metagross
|-supereffective|p1a: Metagross
|-damage|p1a: Metagross|17/100
|
|-weather|Sandstorm|[upkeep]
|-heal|p1a: Metagross|23/100|[from] item: Leftovers
|upkeep
|turn|16
|inactive|Peppeppeia has 270 seconds left.
|
|t:|1728165753
|move|p2a: Aerodactyl|Earthquake|p1a: Metagross
|-supereffective|p1a: Metagross
|-damage|p1a: Metagross|0 fnt
|faint|p1a: Metagross
|inactive|Peppeppeia has 270 seconds left.
|
|t:|1728165759
|switch|p1a: Aerodactyl|Aerodactyl, F|100/100
|
|-weather|Sandstorm|[upkeep]
|upkeep
|turn|17
|
|t:|1728165766
|switch|p2a: Jirachi|Jirachi|100/100
|-damage|p2a: Jirachi|88/100|[from] Spikes
|move|p1a: Aerodactyl|Rock Slide|p2a: Jirachi
|-resisted|p2a: Jirachi
|-crit|p2a: Jirachi
|-damage|p2a: Jirachi|55/100
|
|-weather|Sandstorm|[upkeep]
|-heal|p2a: Jirachi|61/100|[from] item: Leftovers
|upkeep
|turn|18
|inactive|Peppeppeia has 270 seconds left.
|
|t:|1728165789
|switch|p1a: Tyranitar|Tyranitar, F|100/100
|-damage|p1a: Tyranitar|88/100|[from] Spikes
|move|p2a: Jirachi|Toxic|p1a: Tyranitar|[miss]
|-miss|p2a: Jirachi|p1a: Tyranitar
|
|-weather|Sandstorm|[upkeep]
|-heal|p2a: Jirachi|67/100|[from] item: Leftovers
|-heal|p1a: Tyranitar|94/100|[from] item: Leftovers
|upkeep
|turn|19
|inactive|Peppeppeia has 270 seconds left.
|
|t:|1728165804
|move|p2a: Jirachi|Protect|p2a: Jirachi
|-singleturn|p2a: Jirachi|Protect
|move|p1a: Tyranitar|Thunder Wave|p2a: Jirachi
|-activate|p2a: Jirachi|Protect
|
|-weather|Sandstorm|[upkeep]
|-heal|p2a: Jirachi|73/100|[from] item: Leftovers
|-heal|p1a: Tyranitar|100/100|[from] item: Leftovers
|upkeep
|turn|20
|
|t:|1728165814
|switch|p2a: Blissey|Blissey, F|100/100
|-damage|p2a: Blissey|88/100|[from] Spikes
|move|p1a: Tyranitar|Flamethrower|p2a: Blissey
|-damage|p2a: Blissey|78/100
|
|-weather|Sandstorm|[upkeep]
|-damage|p2a: Blissey|72/100|[from] Sandstorm
|-heal|p2a: Blissey|78/100|[from] item: Leftovers
|upkeep
|turn|21
|
|t:|1728165831
|switch|p1a: Forretress|Forretress, F|94/100
|-damage|p1a: Forretress|81/100|[from] Spikes
|move|p2a: Blissey|Seismic Toss|p1a: Forretress
|-damage|p1a: Forretress|53/100
|
|-weather|Sandstorm|[upkeep]
|-damage|p2a: Blissey|72/100|[from] Sandstorm
|-heal|p2a: Blissey|78/100|[from] item: Leftovers
|-heal|p1a: Forretress|59/100|[from] item: Leftovers
|upkeep
|turn|22
|
|t:|1728165845
|move|p2a: Blissey|Seismic Toss|p1a: Forretress
|-damage|p1a: Forretress|31/100
|move|p1a: Forretress|Spikes|p2a: Blissey
|-sidestart|p2: halux|Spikes
|
|-weather|Sandstorm|[upkeep]
|-damage|p2a: Blissey|72/100|[from] Sandstorm
|-heal|p2a: Blissey|78/100|[from] item: Leftovers
|-heal|p1a: Forretress|37/100|[from] item: Leftovers
|upkeep
|turn|23
|
|t:|1728165853
|switch|p2a: Forretress|Forretress, M|100/100
|-damage|p2a: Forretress|84/100|[from] Spikes
|move|p1a: Forretress|Protect||[still]
|-fail|p1a: Forretress
|
|-weather|Sandstorm|[upkeep]
|-heal|p2a: Forretress|90/100|[from] item: Leftovers
|-heal|p1a: Forretress|43/100|[from] item: Leftovers
|upkeep
|turn|24
|
|t:|1728165860
|move|p2a: Forretress|Rapid Spin|p1a: Forretress
|-resisted|p1a: Forretress
|-damage|p1a: Forretress|42/100
|-sideend|p2: halux|Spikes|[from] move: Rapid Spin|[of] p2a: Forretress
|move|p1a: Forretress|Rapid Spin|p2a: Forretress
|-resisted|p2a: Forretress
|-damage|p2a: Forretress|89/100
|-sideend|p1: Peppeppeia|Spikes|[from] move: Rapid Spin|[of] p1a: Forretress
|
|-weather|Sandstorm|[upkeep]
|-heal|p2a: Forretress|95/100|[from] item: Leftovers
|-heal|p1a: Forretress|48/100|[from] item: Leftovers
|upkeep
|turn|25
|
|t:|1728165867
|switch|p2a: Blissey|Blissey, F|78/100
|switch|p1a: Tyranitar|Tyranitar, F|100/100
|
|-weather|Sandstorm|[upkeep]
|-damage|p2a: Blissey|72/100|[from] Sandstorm
|-heal|p2a: Blissey|78/100|[from] item: Leftovers
|upkeep
|turn|26
|
|t:|1728165876
|move|p2a: Blissey|Seismic Toss|p1a: Tyranitar
|-damage|p1a: Tyranitar|76/100
|move|p1a: Tyranitar|Thunder Wave|p2a: Blissey
|-status|p2a: Blissey|par
|
|-weather|Sandstorm|[upkeep]
|-damage|p2a: Blissey|72/100 par|[from] Sandstorm
|-heal|p1a: Tyranitar|82/100|[from] item: Leftovers
|-heal|p2a: Blissey|78/100 par|[from] item: Leftovers
|upkeep
|turn|27
|
|t:|1728165895
|switch|p1a: Forretress|Forretress, F|48/100
|move|p2a: Blissey|Seismic Toss|p1a: Forretress
|-damage|p1a: Forretress|20/100
|
|-weather|Sandstorm|[upkeep]
|-damage|p2a: Blissey|72/100 par|[from] Sandstorm
|-heal|p1a: Forretress|26/100|[from] item: Leftovers
|-heal|p2a: Blissey|78/100 par|[from] item: Leftovers
|upkeep
|turn|28
|
|t:|1728165906
|move|p1a: Forretress|Protect|p1a: Forretress
|-singleturn|p1a: Forretress|Protect
|move|p2a: Blissey|Seismic Toss|p1a: Forretress
|-activate|p1a: Forretress|Protect
|
|-weather|Sandstorm|[upkeep]
|-damage|p2a: Blissey|72/100 par|[from] Sandstorm
|-heal|p1a: Forretress|32/100|[from] item: Leftovers
|-heal|p2a: Blissey|78/100 par|[from] item: Leftovers
|upkeep
|turn|29
|
|t:|1728165913
|move|p1a: Forretress|Explosion|p2a: Blissey
|-damage|p2a: Blissey|0 fnt
|faint|p1a: Forretress
|faint|p2a: Blissey
|
|t:|1728165924
|switch|p2a: Forretress|Forretress, M|95/100
|switch|p1a: Aerodactyl|Aerodactyl, F|100/100
|
|-weather|Sandstorm|[upkeep]
|-heal|p2a: Forretress|100/100|[from] item: Leftovers
|upkeep
|turn|30
|
|t:|1728165934
|move|p1a: Aerodactyl|Rock Slide|p2a: Forretress|[miss]
|-miss|p1a: Aerodactyl|p2a: Forretress
|move|p2a: Forretress|Spikes|p1a: Aerodactyl
|-sidestart|p1: Peppeppeia|Spikes
|
|-weather|Sandstorm|[upkeep]
|upkeep
|turn|31
|
|t:|1728165942
|switch|p1a: Tyranitar|Tyranitar, F|82/100
|-damage|p1a: Tyranitar|70/100|[from] Spikes
|move|p2a: Forretress|Spikes|p1a: Tyranitar
|-sidestart|p1: Peppeppeia|Spikes
|
|-weather|Sandstorm|[upkeep]
|-heal|p1a: Tyranitar|76/100|[from] item: Leftovers
|upkeep
|turn|32
|
|t:|1728165951
|move|p1a: Tyranitar|Thunder Wave|p2a: Forretress
|-status|p2a: Forretress|par
|move|p2a: Forretress|Explosion|p1a: Tyranitar
|-resisted|p1a: Tyranitar
|-damage|p1a: Tyranitar|35/100
|faint|p2a: Forretress
|
|t:|1728165957
|switch|p2a: Aerodactyl|Aerodactyl, F|100/100
|
|-weather|Sandstorm|[upkeep]
|-heal|p1a: Tyranitar|42/100|[from] item: Leftovers
|upkeep
|turn|33
|
|t:|1728165967
|switch|p1a: Aerodactyl|Aerodactyl, F|100/100
|move|p2a: Aerodactyl|Rock Slide|p1a: Aerodactyl
|-supereffective|p1a: Aerodactyl
|-damage|p1a: Aerodactyl|0 fnt
|faint|p1a: Aerodactyl
|
|t:|1728165972
|switch|p1a: Tyranitar|Tyranitar, F|42/100
|-damage|p1a: Tyranitar|25/100|[from] Spikes
|
|-weather|Sandstorm|[upkeep]
|-heal|p1a: Tyranitar|31/100|[from] item: Leftovers
|upkeep
|turn|34
|
|t:|1728165978
|move|p2a: Aerodactyl|Rock Slide|p1a: Tyranitar
|-damage|p1a: Tyranitar|0 fnt
|faint|p1a: Tyranitar
|
|t:|1728165980
|switch|p1a: Dugtrio|Dugtrio, M|88/100
|-damage|p1a: Dugtrio|72/100|[from] Spikes
|
|-weather|Sandstorm|[upkeep]
|upkeep
|turn|35
|
|t:|1728165987
|switch|p2a: Jirachi|Jirachi|73/100
|move|p1a: Dugtrio|Rock Slide|p2a: Jirachi
|-resisted|p2a: Jirachi
|-damage|p2a: Jirachi|65/100
|
|-weather|Sandstorm|[upkeep]
|-heal|p2a: Jirachi|71/100|[from] item: Leftovers
|upkeep
|turn|36
|
|t:|1728165993
|move|p1a: Dugtrio|Rock Slide|p2a: Jirachi
|-resisted|p2a: Jirachi
|-damage|p2a: Jirachi|62/100
|cant|p2a: Jirachi|flinch
|
|-weather|Sandstorm|[upkeep]
|-heal|p2a: Jirachi|68/100|[from] item: Leftovers
|upkeep
|turn|37
|
|t:|1728166000
|move|p1a: Dugtrio|Rock Slide|p2a: Jirachi
|-resisted|p2a: Jirachi
|-damage|p2a: Jirachi|60/100
|move|p2a: Jirachi|Fire Punch|p1a: Dugtrio
|-crit|p1a: Dugtrio
|-damage|p1a: Dugtrio|1/100
|
|-weather|Sandstorm|[upkeep]
|-heal|p2a: Jirachi|67/100|[from] item: Leftovers
|upkeep
|turn|38
|
|t:|1728166007
|move|p1a: Dugtrio|Rock Slide|p2a: Jirachi
|-resisted|p2a: Jirachi
|-damage|p2a: Jirachi|57/100
|cant|p2a: Jirachi|flinch
|
|-weather|Sandstorm|[upkeep]
|-heal|p2a: Jirachi|64/100|[from] item: Leftovers
|upkeep
|turn|39
|
|t:|1728166014
|move|p1a: Dugtrio|Rock Slide|p2a: Jirachi
|-resisted|p2a: Jirachi
|-damage|p2a: Jirachi|55/100
|move|p2a: Jirachi|Fire Punch|p1a: Dugtrio
|-damage|p1a: Dugtrio|0 fnt
|faint|p1a: Dugtrio
|
|win|halux
|c|☆halux|gg

</script>
<script type="application/json" class="data" id="replaydata-smogtours-gen3ou-795224">
{"id":"smogtours-gen3ou-795224","format":"[Gen 3] OU","players":["Peppeppeia","halux"],"uploadtime":1728166014,"views":92,"formatid":"gen3ou","rating":null,"private":0,"password":null}
</script>

<script defer src="js/replays.js?9d40a366"></script>
