<!DOCTYPE html>
<meta charset="utf-8" />
<meta name="viewport" content="width=device-width" />

<title>[Gen 3] OU: Capitao General ll vs. azepto - Replays - Pok&eacute;mon Showdown!</title>

<meta name="description" content="Watch a replay of a Pok&eacute;mon battle between Capitao General ll and azepto! Format: [Gen 3] OU; Date: Oct 20, 2024" />
<!--

Hey, you! Looking in the source for the replay log?

You can find them in JSON format, just add `.json` at the end of a replay URL.

https://replay.pokemonshowdown.com/gen7randomdoublesbattle-865046831.json

Or, if you only need the log itself, add `.log` instead:

https://replay.pokemonshowdown.com/gen7randomdoublesbattle-865046831.log

-->

<link rel="stylesheet" href="//pokemonshowdown.com/style/global.css?0.023195364461161105" />
<link rel="stylesheet" href="//play.pokemonshowdown.com/style/font-awesome.css?0.13261647063804238" />
<link rel="stylesheet" href="//play.pokemonshowdown.com/style/battle.css?0.8753245789963631" />
<link rel="stylesheet" href="//play.pokemonshowdown.com/style/utilichart.css?0.8627959624976733" />

<!-- Global site tag (gtag.js) - Google Analytics -->
<script async src="https://www.googletagmanager.com/gtag/js?id=UA-26211653-1"></script>
<script>
  window.dataLayer = window.dataLayer || [];
  function gtag(){dataLayer.push(arguments);}
  gtag('js', new Date());

  gtag('config', 'UA-26211653-1');
</script>
<!-- End Google Analytics -->
<!-- Venatus Ad Manager - Install in <HEAD> of page -->
	<script src="https://hb.vntsm.com/v3/live/ad-manager.min.js" type="text/javascript" data-site-id="642aba63ec9a7b11c3c9c1be" data-mode="scan" async></script>
<!-- / Venatus Ad Manager -->

<style>
	@media (max-width:820px) {
		.battle {
			margin: 0 auto;
		}
		.battle-log {
			margin: 7px auto 0;
			max-width: 640px;
			height: 300px;
			position: static;
		}
	}
	.optgroup {
		display: inline-block;
		line-height: 22px;
		font-size: 10pt;
	}
	.optgroup .button {
		height: 25px;
		padding-top: 0;
		padding-bottom: 0;
	}
	.optgroup button.button {
		padding-left: 12px;
		padding-right: 12px;
	}
	.linklist {
		list-style: none;
		margin: 0.5em 0;
		padding: 0;
	}
	.linklist li {
		padding: 2px 0;
	}
	.sidebar {
		float: left;
		width: 320px;
	}
	.bar-wrapper {
		max-width: 1100px;
		margin: 0 auto;
	}
	.bar-wrapper.has-sidebar {
		max-width: 1430px;
	}
	.mainbar {
		margin: 0;
		padding-right: 1px;
	}
	.mainbar.has-sidebar {
		margin-left: 330px;
	}
	@media (min-width: 1511px) {
		.sidebar {
			width: 400px;
		}
		.bar-wrapper.has-sidebar {
			max-width: 1510px;
		}
		.mainbar.has-sidebar {
			margin-left: 410px;
		}
	}
	.section.first-section {
		margin-top: 9px;
	}
	.blocklink small {
		white-space: normal;
	}
	.button {
		vertical-align: middle;
	}
	.replay-controls {
		padding-top: 10px;
	}
	.replay-controls h1 {
		font-size: 16pt;
		font-weight: normal;
		color: #CCC;
	}
	.pagelink {
		text-align: center;
	}
	.pagelink a {
		width: 150px;
	}
	.textbox, .button {
		font-size: 11pt;
		vertical-align: middle;
	}
	@media (max-width: 450px) {
		.button {
			font-size: 9pt;
		}
	}
</style>

<div>

	<header>
		<div class="nav-wrapper"><ul class="nav">
			<li><a class="button nav-first" href="//pokemonshowdown.com/"><img src="//pokemonshowdown.com/images/pokemonshowdownbeta.png" srcset="//pokemonshowdown.com/images/pokemonshowdownbeta.png 1x, //pokemonshowdown.com/images/pokemonshowdownbeta@2x.png 2x" alt="Pok&eacute;mon Showdown" width="146" height="44" /> Home</a></li>
			<li><a class="button" href="//pokemonshowdown.com/dex/">Pok&eacute;dex</a></li>
			<li><a class="button cur" href="/">Replays</a></li>
			<li><a class="button" href="//pokemonshowdown.com/ladder/">Ladder</a></li>
			<li><a class="button nav-last" href="//pokemonshowdown.com/forums/">Forum</a></li>
			<li><a class="button greenbutton nav-first nav-last" href="//play.pokemonshowdown.com/">Play</a></li>
		</ul></div>
	</header>

	<div class="main" id="main">

		<noscript><section class="section">You need to enable JavaScript to use this page; sorry!</section></noscript>

	</div>

</div>

<script defer nomodule src="//play.pokemonshowdown.com/js/lib/ps-polyfill.js"></script>
<script defer src="//play.pokemonshowdown.com/js/lib/preact.min.js"></script>

<script defer src="//play.pokemonshowdown.com/config/config.js?2bddbc15"></script>
<script defer src="//play.pokemonshowdown.com/js/lib/jquery-1.11.0.min.js"></script>
<script defer src="//play.pokemonshowdown.com/js/lib/html-sanitizer-minified.js"></script>
<script defer src="//play.pokemonshowdown.com/js/battle-sound.js"></script>
<script defer src="//play.pokemonshowdown.com/js/battledata.js?0.7209276989879541"></script>
<script defer src="//play.pokemonshowdown.com/data/pokedex-mini.js?0.6111056340867951"></script>
<script defer src="//play.pokemonshowdown.com/data/pokedex-mini-bw.js?0.3532142036491459"></script>
<script defer src="//play.pokemonshowdown.com/data/graphics.js?0.24223875632456182"></script>
<script defer src="//play.pokemonshowdown.com/data/pokedex.js?0.38839984266356864"></script>
<script defer src="//play.pokemonshowdown.com/data/moves.js?0.21866028504024015"></script>
<script defer src="//play.pokemonshowdown.com/data/abilities.js?0.2005157953846628"></script>
<script defer src="//play.pokemonshowdown.com/data/items.js?0.9894211263848525"></script>
<script defer src="//play.pokemonshowdown.com/data/teambuilder-tables.js?0.6008791140282215"></script>
<script defer src="//play.pokemonshowdown.com/js/battle-tooltips.js?0.7580118955022959"></script>
<script defer src="//play.pokemonshowdown.com/js/battle.js?0.6057722274234274"></script>

<script defer src="js/utils.js?e31f9a17"></script>
<script defer src="js/replays-battle.js?7008c182"></script>

<!-- don't scrape this data! just add .json or .log after the URL!
Full API docs: https://github.com/smogon/pokemon-showdown-client/blob/master/WEB-API.md -->
<script type="text/plain" class="log" id="replaylog-smogtours-gen3ou-800354">
|inactive|Battle timer is ON: inactive players will automatically lose when time's up.
|t:|1729430779
|gametype|singles
|player|p1|Capitao General ll|scientist-gen3|
|player|p2|azepto|officeworker|
|teamsize|p1|6
|teamsize|p2|6
|gen|3
|tier|[Gen 3] OU
|rule|Sleep Clause Mod: Limit one foe put to sleep
|rule|Switch Priority Clause Mod: Faster Pokémon switch first
|rule|Species Clause: Limit one of each Pokémon
|rule|OHKO Clause: OHKO moves are banned
|rule|Evasion Items Clause: Evasion items are banned
|rule|Evasion Moves Clause: Evasion moves are banned
|rule|Endless Battle Clause: Forcing endless battles is banned
|rule|HP Percentage Mod: HP is shown in percentages
|rule|One Boost Passer Clause: Limit one Baton Passer that has a way to boost its stats
|rule|Freeze Clause Mod: Limit one foe frozen
|
|t:|1729430779
|start
|switch|p1a: Metagross|Metagross|100/100
|switch|p2a: Hariyama|Hariyama, F|100/100
|turn|1
|inactive|azepto has 270 seconds left.
|
|t:|1729430810
|switch|p2a: Swampert|Swampert, F|100/100
|move|p1a: Metagross|Meteor Mash|p2a: Swampert
|-resisted|p2a: Swampert
|-damage|p2a: Swampert|81/100
|-boost|p1a: Metagross|atk|1
|
|-heal|p2a: Swampert|87/100|[from] item: Leftovers
|upkeep
|turn|2
|
|t:|1729430838
|switch|p1a: Skarmory|Skarmory, F|100/100
|move|p2a: Swampert|Protect||[still]
|-fail|p2a: Swampert
|
|-heal|p2a: Swampert|94/100|[from] item: Leftovers
|upkeep
|turn|3
|
|t:|1729430859
|switch|p2a: Hariyama|Hariyama, F|100/100
|move|p1a: Skarmory|Spikes|p2a: Hariyama
|-sidestart|p2: azepto|Spikes
|
|upkeep
|turn|4
|
|t:|1729430868
|switch|p1a: Metagross|Metagross|100/100
|move|p2a: Hariyama|Knock Off|p1a: Metagross
|-damage|p1a: Metagross|98/100
|-enditem|p1a: Metagross|Leftovers|[from] move: Knock Off|[of] p2a: Hariyama
|-hint|In Gens 3-4, Knock Off only makes the target's item unusable; it cannot obtain a new item.
|
|upkeep
|turn|5
|inactive|azepto has 270 seconds left.
|
|t:|1729430916
|switch|p2a: Metagross|Metagross|100/100
|-damage|p2a: Metagross|88/100|[from] Spikes
|move|p1a: Metagross|Meteor Mash|p2a: Metagross
|-resisted|p2a: Metagross
|-damage|p2a: Metagross|64/100
|-boost|p1a: Metagross|atk|1
|
|upkeep
|turn|6
|
|t:|1729430943
|switch|p1a: Claydol|Claydol|100/100
|move|p2a: Metagross|Explosion|p1a: Claydol
|-damage|p1a: Claydol|0 fnt
|faint|p2a: Metagross
|faint|p1a: Claydol
|inactive|azepto has 270 seconds left.
|
|t:|1729430960
|switch|p2a: Swampert|Swampert, F|94/100
|switch|p1a: Skarmory|Skarmory, F|100/100
|-damage|p2a: Swampert|81/100|[from] Spikes
|
|-heal|p2a: Swampert|87/100|[from] item: Leftovers
|upkeep
|turn|7
|
|t:|1729430979
|switch|p2a: Blissey|Blissey, F|100/100
|-damage|p2a: Blissey|88/100|[from] Spikes
|move|p1a: Skarmory|Spikes|p2a: Blissey
|-sidestart|p2: azepto|Spikes
|
|-heal|p2a: Blissey|94/100|[from] item: Leftovers
|upkeep
|turn|8
|
|t:|1729430992
|move|p1a: Skarmory|Spikes|p2a: Blissey
|-sidestart|p2: azepto|Spikes
|move|p2a: Blissey|Thunderbolt|p1a: Skarmory
|-supereffective|p1a: Skarmory
|-damage|p1a: Skarmory|71/100
|-status|p1a: Skarmory|par
|
|-heal|p2a: Blissey|99/100|[from] item: Leftovers
|-heal|p1a: Skarmory|77/100 par|[from] item: Leftovers
|upkeep
|turn|9
|
|t:|1729431022
|switch|p1a: Siege Rhino|Tyranitar, F|100/100
|-weather|Sandstorm|[from] ability: Sand Stream|[of] p1a: Siege Rhino
|move|p2a: Blissey|Thunderbolt|p1a: Siege Rhino
|-damage|p1a: Siege Rhino|85/100
|
|-weather|Sandstorm|[upkeep]
|-damage|p2a: Blissey|94/100|[from] Sandstorm
|-heal|p1a: Siege Rhino|91/100|[from] item: Leftovers
|-heal|p2a: Blissey|99/100|[from] item: Leftovers
|upkeep
|turn|10
|
|t:|1729431037
|-singleturn|p1a: Siege Rhino|move: Focus Punch
|move|p2a: Blissey|Toxic|p1a: Siege Rhino
|-status|p1a: Siege Rhino|tox
|move|p1a: Siege Rhino|Focus Punch|p2a: Blissey
|-supereffective|p2a: Blissey
|-damage|p2a: Blissey|7/100
|
|-weather|Sandstorm|[upkeep]
|-damage|p2a: Blissey|1/100|[from] Sandstorm
|-heal|p1a: Siege Rhino|98/100 tox|[from] item: Leftovers
|-damage|p1a: Siege Rhino|91/100 tox|[from] psn
|-heal|p2a: Blissey|7/100|[from] item: Leftovers
|upkeep
|turn|11
|inactive|Capitao General ll has 270 seconds left.
|
|t:|1729431059
|move|p1a: Siege Rhino|Earthquake|p2a: Blissey
|-damage|p2a: Blissey|0 fnt
|faint|p2a: Blissey
|
|t:|1729431071
|switch|p2a: Swampert|Swampert, F|87/100
|-damage|p2a: Swampert|63/100|[from] Spikes
|
|-weather|Sandstorm|[upkeep]
|-heal|p1a: Siege Rhino|98/100 tox|[from] item: Leftovers
|-damage|p1a: Siege Rhino|85/100 tox|[from] psn
|-heal|p2a: Swampert|69/100|[from] item: Leftovers
|upkeep
|turn|12
|
|t:|1729431077
|switch|p1a: Skarmory|Skarmory, F|77/100 par
|move|p2a: Swampert|Protect||[still]
|-fail|p2a: Swampert
|
|-weather|Sandstorm|[upkeep]
|-heal|p2a: Swampert|75/100|[from] item: Leftovers
|-heal|p1a: Skarmory|83/100 par|[from] item: Leftovers
|upkeep
|turn|13
|inactive|azepto has 270 seconds left.
|
|t:|1729431088
|switch|p2a: Hariyama|Hariyama, F|100/100
|-damage|p2a: Hariyama|76/100|[from] Spikes
|cant|p1a: Skarmory|par
|
|-weather|Sandstorm|[upkeep]
|-damage|p2a: Hariyama|69/100|[from] Sandstorm
|-heal|p2a: Hariyama|76/100|[from] item: Leftovers
|-heal|p1a: Skarmory|89/100 par|[from] item: Leftovers
|upkeep
|turn|14
|inactive|azepto has 270 seconds left.
|
|t:|1729431112
|switch|p1a: Metagross|Metagross|98/100
|move|p2a: Hariyama|Bulk Up|p2a: Hariyama
|-boost|p2a: Hariyama|atk|1
|-boost|p2a: Hariyama|def|1
|
|-weather|Sandstorm|[upkeep]
|-damage|p2a: Hariyama|69/100|[from] Sandstorm
|-heal|p2a: Hariyama|76/100|[from] item: Leftovers
|upkeep
|turn|15
|
|t:|1729431128
|move|p1a: Metagross|Explosion|p2a: Hariyama
|-damage|p2a: Hariyama|0 fnt
|faint|p1a: Metagross
|faint|p2a: Hariyama
|
|t:|1729431142
|switch|p1a: Skarmory|Skarmory, F|89/100 par
|switch|p2a: Swampert|Swampert, F|75/100
|-damage|p2a: Swampert|50/100|[from] Spikes
|
|-weather|Sandstorm|[upkeep]
|-heal|p2a: Swampert|56/100|[from] item: Leftovers
|-heal|p1a: Skarmory|95/100 par|[from] item: Leftovers
|upkeep
|turn|16
|
|t:|1729431149
|move|p2a: Swampert|Protect|p2a: Swampert
|-singleturn|p2a: Swampert|Protect
|move|p1a: Skarmory|Roar|p2a: Swampert
|-activate|p2a: Swampert|Protect
|
|-weather|Sandstorm|[upkeep]
|-heal|p2a: Swampert|63/100|[from] item: Leftovers
|-heal|p1a: Skarmory|100/100 par|[from] item: Leftovers
|upkeep
|turn|17
|
|t:|1729431154
|move|p2a: Swampert|Surf|p1a: Skarmory
|-damage|p1a: Skarmory|75/100 par
|move|p1a: Skarmory|Toxic|p2a: Swampert
|-status|p2a: Swampert|tox
|
|-weather|Sandstorm|[upkeep]
|-heal|p2a: Swampert|69/100 tox|[from] item: Leftovers
|-damage|p2a: Swampert|63/100 tox|[from] psn
|-heal|p1a: Skarmory|81/100 par|[from] item: Leftovers
|upkeep
|turn|18
|
|t:|1729431164
|move|p2a: Swampert|Surf|p1a: Skarmory
|-damage|p1a: Skarmory|54/100 par
|move|p1a: Skarmory|Roar|p2a: Swampert
|drag|p2a: Snorlax|Snorlax, F|100/100
|-damage|p2a: Snorlax|75/100|[from] Spikes
|
|-weather|Sandstorm|[upkeep]
|-damage|p2a: Snorlax|69/100|[from] Sandstorm
|-heal|p2a: Snorlax|75/100|[from] item: Leftovers
|-heal|p1a: Skarmory|60/100 par|[from] item: Leftovers
|upkeep
|turn|19
|inactive|azepto has 270 seconds left.
|
|t:|1729431186
|move|p1a: Skarmory|Protect|p1a: Skarmory
|-singleturn|p1a: Skarmory|Protect
|move|p2a: Snorlax|Curse|p2a: Snorlax
|-unboost|p2a: Snorlax|spe|1
|-boost|p2a: Snorlax|atk|1
|-boost|p2a: Snorlax|def|1
|
|-weather|Sandstorm|[upkeep]
|-damage|p2a: Snorlax|69/100|[from] Sandstorm
|-heal|p2a: Snorlax|75/100|[from] item: Leftovers
|-heal|p1a: Skarmory|66/100 par|[from] item: Leftovers
|upkeep
|turn|20
|
|t:|1729431193
|move|p2a: Snorlax|Body Slam|p1a: Skarmory
|-resisted|p1a: Skarmory
|-damage|p1a: Skarmory|48/100 par
|move|p1a: Skarmory|Roar|p2a: Snorlax
|drag|p2a: Salamence|Salamence, M|100/100
|-ability|p2a: Salamence|Intimidate|boost
|-unboost|p1a: Skarmory|atk|1
|
|-weather|Sandstorm|[upkeep]
|-damage|p2a: Salamence|94/100|[from] Sandstorm
|-heal|p2a: Salamence|100/100|[from] item: Leftovers
|-heal|p1a: Skarmory|54/100 par|[from] item: Leftovers
|upkeep
|turn|21
|
|t:|1729431210
|switch|p1a: Somebody told me|Swampert, F|100/100
|move|p2a: Salamence|Rock Slide|p1a: Somebody told me
|-resisted|p1a: Somebody told me
|-damage|p1a: Somebody told me|91/100
|
|-weather|Sandstorm|[upkeep]
|-damage|p2a: Salamence|94/100|[from] Sandstorm
|-heal|p2a: Salamence|100/100|[from] item: Leftovers
|-heal|p1a: Somebody told me|97/100|[from] item: Leftovers
|upkeep
|turn|22
|inactive|azepto has 270 seconds left.
|
|t:|1729431247
|switch|p2a: Snorlax|Snorlax, F|75/100
|-damage|p2a: Snorlax|50/100|[from] Spikes
|move|p1a: Somebody told me|Ice Beam|p2a: Snorlax
|-damage|p2a: Snorlax|41/100
|-status|p2a: Snorlax|frz
|
|-weather|Sandstorm|[upkeep]
|-damage|p2a: Snorlax|35/100 frz|[from] Sandstorm
|-heal|p1a: Somebody told me|100/100|[from] item: Leftovers
|-heal|p2a: Snorlax|41/100 frz|[from] item: Leftovers
|upkeep
|turn|23
|c|☆Capitao General ll|sorry
|c|☆azepto|all good it happens
|inactive|Capitao General ll has 270 seconds left.
|
|t:|1729431277
|move|p1a: Somebody told me|Earthquake|p2a: Snorlax
|-damage|p2a: Snorlax|15/100 frz
|-curestatus|p2a: Snorlax|frz|[msg]
|move|p2a: Snorlax|Body Slam|p1a: Somebody told me
|-damage|p1a: Somebody told me|79/100
|-status|p1a: Somebody told me|par
|
|-weather|Sandstorm|[upkeep]
|-damage|p2a: Snorlax|9/100|[from] Sandstorm
|-heal|p2a: Snorlax|15/100|[from] item: Leftovers
|-heal|p1a: Somebody told me|85/100 par|[from] item: Leftovers
|upkeep
|turn|24
|inactive|Capitao General ll has 270 seconds left.
|
|t:|1729431288
|move|p2a: Snorlax|Rest|p2a: Snorlax
|-status|p2a: Snorlax|slp|[from] move: Rest
|-heal|p2a: Snorlax|100/100 slp|[silent]
|move|p1a: Somebody told me|Refresh|p1a: Somebody told me
|-curestatus|p1a: Somebody told me|par|[msg]
|
|-weather|Sandstorm|[upkeep]
|-damage|p2a: Snorlax|94/100 slp|[from] Sandstorm
|-heal|p1a: Somebody told me|92/100|[from] item: Leftovers
|-heal|p2a: Snorlax|100/100 slp|[from] item: Leftovers
|upkeep
|turn|25
|
|t:|1729431295
|switch|p1a: Skarmory|Skarmory, F|54/100 par
|cant|p2a: Snorlax|slp
|
|-weather|Sandstorm|[upkeep]
|-damage|p2a: Snorlax|94/100 slp|[from] Sandstorm
|-heal|p2a: Snorlax|100/100 slp|[from] item: Leftovers
|-heal|p1a: Skarmory|60/100 par|[from] item: Leftovers
|upkeep
|turn|26
|
|t:|1729431298
|cant|p2a: Snorlax|slp
|move|p1a: Skarmory|Roar|p2a: Snorlax
|drag|p2a: Salamence|Salamence, M|100/100
|-ability|p2a: Salamence|Intimidate|boost
|-unboost|p1a: Skarmory|atk|1
|
|-weather|Sandstorm|[upkeep]
|-damage|p2a: Salamence|94/100|[from] Sandstorm
|-heal|p2a: Salamence|100/100|[from] item: Leftovers
|-heal|p1a: Skarmory|66/100 par|[from] item: Leftovers
|upkeep
|turn|27
|
|t:|1729431306
|move|p2a: Salamence|Rock Slide|p1a: Skarmory
|-damage|p1a: Skarmory|45/100 par
|cant|p1a: Skarmory|flinch
|
|-weather|Sandstorm|[upkeep]
|-damage|p2a: Salamence|94/100|[from] Sandstorm
|-heal|p2a: Salamence|100/100|[from] item: Leftovers
|-heal|p1a: Skarmory|51/100 par|[from] item: Leftovers
|upkeep
|turn|28
|
|t:|1729431312
|switch|p1a: Somebody told me|Swampert, F|92/100
|move|p2a: Salamence|Rock Slide|p1a: Somebody told me
|-resisted|p1a: Somebody told me
|-damage|p1a: Somebody told me|81/100
|
|-weather|Sandstorm|[upkeep]
|-damage|p2a: Salamence|94/100|[from] Sandstorm
|-heal|p2a: Salamence|100/100|[from] item: Leftovers
|-heal|p1a: Somebody told me|87/100|[from] item: Leftovers
|upkeep
|turn|29
|
|t:|1729431319
|switch|p2a: Snorlax|Snorlax, F|100/100 slp
|-damage|p2a: Snorlax|75/100 slp|[from] Spikes
|move|p1a: Somebody told me|Ice Beam|p2a: Snorlax
|-damage|p2a: Snorlax|65/100 slp
|
|-weather|Sandstorm|[upkeep]
|-damage|p2a: Snorlax|59/100 slp|[from] Sandstorm
|-heal|p1a: Somebody told me|93/100|[from] item: Leftovers
|-heal|p2a: Snorlax|65/100 slp|[from] item: Leftovers
|upkeep
|turn|30
|
|t:|1729431327
|switch|p1a: Skarmory|Skarmory, F|51/100 par
|-curestatus|p2a: Snorlax|slp|[msg]
|move|p2a: Snorlax|Curse|p2a: Snorlax
|-unboost|p2a: Snorlax|spe|1
|-boost|p2a: Snorlax|atk|1
|-boost|p2a: Snorlax|def|1
|
|-weather|Sandstorm|[upkeep]
|-damage|p2a: Snorlax|59/100|[from] Sandstorm
|-heal|p2a: Snorlax|65/100|[from] item: Leftovers
|-heal|p1a: Skarmory|57/100 par|[from] item: Leftovers
|upkeep
|turn|31
|
|t:|1729431333
|move|p2a: Snorlax|Body Slam|p1a: Skarmory
|-resisted|p1a: Skarmory
|-damage|p1a: Skarmory|38/100 par
|move|p1a: Skarmory|Roar|p2a: Snorlax
|drag|p2a: Salamence|Salamence, M|100/100
|-ability|p2a: Salamence|Intimidate|boost
|-unboost|p1a: Skarmory|atk|1
|
|-weather|Sandstorm|[upkeep]
|-damage|p2a: Salamence|94/100|[from] Sandstorm
|-heal|p2a: Salamence|100/100|[from] item: Leftovers
|-heal|p1a: Skarmory|44/100 par|[from] item: Leftovers
|upkeep
|turn|32
|
|t:|1729431346
|switch|p1a: Somebody told me|Swampert, F|93/100
|move|p2a: Salamence|Rock Slide|p1a: Somebody told me|[miss]
|-miss|p2a: Salamence|p1a: Somebody told me
|
|-weather|Sandstorm|[upkeep]
|-damage|p2a: Salamence|94/100|[from] Sandstorm
|-heal|p2a: Salamence|100/100|[from] item: Leftovers
|-heal|p1a: Somebody told me|99/100|[from] item: Leftovers
|upkeep
|turn|33
|
|t:|1729431353
|switch|p2a: Snorlax|Snorlax, F|65/100
|-damage|p2a: Snorlax|40/100|[from] Spikes
|move|p1a: Somebody told me|Ice Beam|p2a: Snorlax
|-damage|p2a: Snorlax|30/100
|
|-weather|Sandstorm|[upkeep]
|-damage|p2a: Snorlax|24/100|[from] Sandstorm
|-heal|p1a: Somebody told me|100/100|[from] item: Leftovers
|-heal|p2a: Snorlax|30/100|[from] item: Leftovers
|upkeep
|turn|34
|
|t:|1729431359
|move|p1a: Somebody told me|Earthquake|p2a: Snorlax
|-damage|p2a: Snorlax|4/100
|move|p2a: Snorlax|Rest|p2a: Snorlax
|-status|p2a: Snorlax|slp|[from] move: Rest
|-heal|p2a: Snorlax|100/100 slp|[silent]
|
|-weather|Sandstorm|[upkeep]
|-damage|p2a: Snorlax|94/100 slp|[from] Sandstorm
|-heal|p2a: Snorlax|100/100 slp|[from] item: Leftovers
|upkeep
|turn|35
|
|t:|1729431368
|switch|p1a: Skarmory|Skarmory, F|44/100 par
|cant|p2a: Snorlax|slp
|
|-weather|Sandstorm|[upkeep]
|-damage|p2a: Snorlax|94/100 slp|[from] Sandstorm
|-heal|p2a: Snorlax|100/100 slp|[from] item: Leftovers
|-heal|p1a: Skarmory|50/100 par|[from] item: Leftovers
|upkeep
|turn|36
|
|t:|1729431372
|cant|p2a: Snorlax|slp
|move|p1a: Skarmory|Roar|p2a: Snorlax
|drag|p2a: Salamence|Salamence, M|100/100
|-ability|p2a: Salamence|Intimidate|boost
|-unboost|p1a: Skarmory|atk|1
|
|-weather|Sandstorm|[upkeep]
|-damage|p2a: Salamence|94/100|[from] Sandstorm
|-heal|p2a: Salamence|100/100|[from] item: Leftovers
|-heal|p1a: Skarmory|56/100 par|[from] item: Leftovers
|upkeep
|turn|37
|
|t:|1729431383
|move|p1a: Skarmory|Protect|p1a: Skarmory
|-singleturn|p1a: Skarmory|Protect
|move|p2a: Salamence|Rock Slide|p1a: Skarmory|[miss]
|-miss|p2a: Salamence|p1a: Skarmory
|
|-weather|Sandstorm|[upkeep]
|-damage|p2a: Salamence|94/100|[from] Sandstorm
|-heal|p2a: Salamence|100/100|[from] item: Leftovers
|-heal|p1a: Skarmory|62/100 par|[from] item: Leftovers
|upkeep
|turn|38
|
|t:|1729431395
|switch|p2a: Swampert|Swampert, F|63/100 tox
|-damage|p2a: Swampert|38/100 tox|[from] Spikes
|switch|p1a: Somebody told me|Swampert, F|100/100
|
|-weather|Sandstorm|[upkeep]
|-heal|p2a: Swampert|44/100 tox|[from] item: Leftovers
|-damage|p2a: Swampert|38/100 tox|[from] psn
|upkeep
|turn|39
|
|t:|1729431405
|move|p2a: Swampert|Protect|p2a: Swampert
|-singleturn|p2a: Swampert|Protect
|move|p1a: Somebody told me|Protect||[still]
|-fail|p1a: Somebody told me
|
|-weather|Sandstorm|[upkeep]
|-heal|p2a: Swampert|44/100 tox|[from] item: Leftovers
|-damage|p2a: Swampert|32/100 tox|[from] psn
|upkeep
|turn|40
|
|t:|1729431414
|move|p2a: Swampert|Surf|p1a: Somebody told me
|-damage|p1a: Somebody told me|60/100
|move|p1a: Somebody told me|Earthquake|p2a: Swampert
|-damage|p2a: Swampert|8/100 tox
|
|-weather|Sandstorm|[upkeep]
|-heal|p2a: Swampert|14/100 tox|[from] item: Leftovers
|-damage|p2a: Swampert|0 fnt|[from] psn
|faint|p2a: Swampert
|-heal|p1a: Somebody told me|66/100|[from] item: Leftovers
|upkeep
|
|t:|1729431419
|switch|p2a: Snorlax|Snorlax, F|100/100 slp
|-damage|p2a: Snorlax|75/100 slp|[from] Spikes
|turn|41
|
|t:|1729431424
|switch|p1a: Siege Rhino|Tyranitar, F|85/100 tox
|-curestatus|p2a: Snorlax|slp|[msg]
|move|p2a: Snorlax|Curse|p2a: Snorlax
|-unboost|p2a: Snorlax|spe|1
|-boost|p2a: Snorlax|atk|1
|-boost|p2a: Snorlax|def|1
|
|-weather|Sandstorm|[upkeep]
|-damage|p2a: Snorlax|69/100|[from] Sandstorm
|-heal|p1a: Siege Rhino|91/100 tox|[from] item: Leftovers
|-damage|p1a: Siege Rhino|85/100 tox|[from] psn
|-heal|p2a: Snorlax|75/100|[from] item: Leftovers
|upkeep
|turn|42
|
|t:|1729431437
|switch|p1a: Skarmory|Skarmory, F|62/100 par
|move|p2a: Snorlax|Curse|p2a: Snorlax
|-unboost|p2a: Snorlax|spe|1
|-boost|p2a: Snorlax|atk|1
|-boost|p2a: Snorlax|def|1
|
|-weather|Sandstorm|[upkeep]
|-damage|p2a: Snorlax|69/100|[from] Sandstorm
|-heal|p2a: Snorlax|75/100|[from] item: Leftovers
|-heal|p1a: Skarmory|68/100 par|[from] item: Leftovers
|upkeep
|turn|43
|
|t:|1729431443
|move|p2a: Snorlax|Body Slam|p1a: Skarmory
|-resisted|p1a: Skarmory
|-damage|p1a: Skarmory|42/100 par
|move|p1a: Skarmory|Roar|p2a: Snorlax
|drag|p2a: Salamence|Salamence, M|100/100
|-ability|p2a: Salamence|Intimidate|boost
|-unboost|p1a: Skarmory|atk|1
|
|-weather|Sandstorm|[upkeep]
|-damage|p2a: Salamence|94/100|[from] Sandstorm
|-heal|p2a: Salamence|100/100|[from] item: Leftovers
|-heal|p1a: Skarmory|48/100 par|[from] item: Leftovers
|upkeep
|turn|44
|
|t:|1729431453
|switch|p1a: Somebody told me|Swampert, F|66/100
|move|p2a: Salamence|Dragon Dance|p2a: Salamence
|-boost|p2a: Salamence|atk|1
|-boost|p2a: Salamence|spe|1
|
|-weather|Sandstorm|[upkeep]
|-damage|p2a: Salamence|94/100|[from] Sandstorm
|-heal|p2a: Salamence|100/100|[from] item: Leftovers
|-heal|p1a: Somebody told me|72/100|[from] item: Leftovers
|upkeep
|turn|45
|
|t:|1729431469
|move|p2a: Salamence|Hidden Power|p1a: Somebody told me
|-damage|p1a: Somebody told me|31/100
|move|p1a: Somebody told me|Ice Beam|p2a: Salamence
|-supereffective|p2a: Salamence
|-damage|p2a: Salamence|16/100
|
|-weather|Sandstorm|[upkeep]
|-damage|p2a: Salamence|10/100|[from] Sandstorm
|-heal|p2a: Salamence|16/100|[from] item: Leftovers
|-heal|p1a: Somebody told me|37/100|[from] item: Leftovers
|upkeep
|turn|46
|
|t:|1729431490
|switch|p1a: Skarmory|Skarmory, F|48/100 par
|move|p2a: Salamence|Dragon Dance|p2a: Salamence
|-boost|p2a: Salamence|atk|1
|-boost|p2a: Salamence|spe|1
|
|-weather|Sandstorm|[upkeep]
|-damage|p2a: Salamence|10/100|[from] Sandstorm
|-heal|p2a: Salamence|16/100|[from] item: Leftovers
|-heal|p1a: Skarmory|54/100 par|[from] item: Leftovers
|upkeep
|turn|47
|
|t:|1729431496
|move|p2a: Salamence|Rock Slide|p1a: Skarmory
|-damage|p1a: Skarmory|9/100 par
|move|p1a: Skarmory|Roar|p2a: Salamence
|drag|p2a: Snorlax|Snorlax, F|75/100
|-damage|p2a: Snorlax|50/100|[from] Spikes
|
|-weather|Sandstorm|[upkeep]
|-damage|p2a: Snorlax|44/100|[from] Sandstorm
|-heal|p2a: Snorlax|50/100|[from] item: Leftovers
|-heal|p1a: Skarmory|15/100 par|[from] item: Leftovers
|upkeep
|turn|48
|
|t:|1729431511
|move|p2a: Snorlax|Rest|p2a: Snorlax
|-status|p2a: Snorlax|slp|[from] move: Rest
|-heal|p2a: Snorlax|100/100 slp|[silent]
|move|p1a: Skarmory|Roar|p2a: Snorlax
|drag|p2a: Salamence|Salamence, M|16/100
|-ability|p2a: Salamence|Intimidate|boost
|-unboost|p1a: Skarmory|atk|1
|
|-weather|Sandstorm|[upkeep]
|-damage|p2a: Salamence|10/100|[from] Sandstorm
|-heal|p2a: Salamence|16/100|[from] item: Leftovers
|-heal|p1a: Skarmory|21/100 par|[from] item: Leftovers
|upkeep
|turn|49
|
|t:|1729431527
|move|p2a: Salamence|Rock Slide|p1a: Skarmory
|-damage|p1a: Skarmory|0 fnt
|faint|p1a: Skarmory
|
|t:|1729431538
|switch|p1a: Somebody told me|Swampert, F|37/100
|
|-weather|Sandstorm|[upkeep]
|-damage|p2a: Salamence|10/100|[from] Sandstorm
|-heal|p2a: Salamence|16/100|[from] item: Leftovers
|-heal|p1a: Somebody told me|44/100|[from] item: Leftovers
|upkeep
|turn|50
|inactive|Capitao General ll has 270 seconds left.
|
|t:|1729431560
|switch|p2a: Snorlax|Snorlax, F|100/100 slp
|-damage|p2a: Snorlax|75/100 slp|[from] Spikes
|move|p1a: Somebody told me|Ice Beam|p2a: Snorlax
|-crit|p2a: Snorlax
|-damage|p2a: Snorlax|57/100 slp
|
|-weather|Sandstorm|[upkeep]
|-damage|p2a: Snorlax|50/100 slp|[from] Sandstorm
|-heal|p1a: Somebody told me|50/100|[from] item: Leftovers
|-heal|p2a: Snorlax|57/100 slp|[from] item: Leftovers
|upkeep
|turn|51
|inactive|azepto has 270 seconds left.
|
|t:|1729431585
|switch|p2a: Salamence|Salamence, M|16/100
|-ability|p2a: Salamence|Intimidate|boost
|-unboost|p1a: Somebody told me|atk|1
|move|p1a: Somebody told me|Earthquake|p2a: Salamence
|-immune|p2a: Salamence
|
|-weather|Sandstorm|[upkeep]
|-damage|p2a: Salamence|10/100|[from] Sandstorm
|-heal|p2a: Salamence|16/100|[from] item: Leftovers
|-heal|p1a: Somebody told me|56/100|[from] item: Leftovers
|upkeep
|turn|52
|
|t:|1729431593
|move|p2a: Salamence|Hidden Power|p1a: Somebody told me
|-damage|p1a: Somebody told me|27/100
|move|p1a: Somebody told me|Ice Beam|p2a: Salamence
|-supereffective|p2a: Salamence
|-damage|p2a: Salamence|0 fnt
|faint|p2a: Salamence
|
|t:|1729431595
|switch|p2a: Snorlax|Snorlax, F|57/100 slp
|-damage|p2a: Snorlax|32/100 slp|[from] Spikes
|
|-weather|Sandstorm|[upkeep]
|-damage|p2a: Snorlax|25/100 slp|[from] Sandstorm
|-heal|p1a: Somebody told me|34/100|[from] item: Leftovers
|-heal|p2a: Snorlax|32/100 slp|[from] item: Leftovers
|upkeep
|turn|53
|
|t:|1729431600
|switch|p1a: Siege Rhino|Tyranitar, F|85/100 tox
|cant|p2a: Snorlax|slp
|
|-weather|Sandstorm|[upkeep]
|-damage|p2a: Snorlax|25/100 slp|[from] Sandstorm
|-heal|p1a: Siege Rhino|91/100 tox|[from] item: Leftovers
|-damage|p1a: Siege Rhino|85/100 tox|[from] psn
|-heal|p2a: Snorlax|32/100 slp|[from] item: Leftovers
|upkeep
|turn|54
|
|t:|1729431606
|-singleturn|p1a: Siege Rhino|move: Focus Punch
|cant|p2a: Snorlax|slp
|move|p1a: Siege Rhino|Focus Punch|p2a: Snorlax
|-supereffective|p2a: Snorlax
|-damage|p2a: Snorlax|0 fnt
|faint|p2a: Snorlax
|
|win|Capitao General ll
|c|☆azepto|gg
|c|☆Capitao General ll|gg
|player|p1|
|player|p1|Capitao General ll|scientist-gen3|

</script>
<script type="application/json" class="data" id="replaydata-smogtours-gen3ou-800354">
{"id":"smogtours-gen3ou-800354","format":"[Gen 3] OU","players":["Capitao General ll","azepto"],"uploadtime":1729431606,"views":82,"formatid":"gen3ou","rating":null,"private":0,"password":null}
</script>

<script defer src="js/replays.js?9d40a366"></script>
