<!DOCTYPE html>
<meta charset="utf-8" />
<meta name="viewport" content="width=device-width" />

<title>[Gen 3] OU: Rambode vs. Spreek - Replays - Pok&eacute;mon Showdown!</title>

<meta name="description" content="Watch a replay of a Pok&eacute;mon battle between Rambode and Spreek! Format: [Gen 3] OU; Date: Oct 4, 2024" />
<!--

Hey, you! Looking in the source for the replay log?

You can find them in JSON format, just add `.json` at the end of a replay URL.

https://replay.pokemonshowdown.com/gen7randomdoublesbattle-865046831.json

Or, if you only need the log itself, add `.log` instead:

https://replay.pokemonshowdown.com/gen7randomdoublesbattle-865046831.log

-->

<link rel="stylesheet" href="//pokemonshowdown.com/style/global.css?0.023195364461161105" />
<link rel="stylesheet" href="//play.pokemonshowdown.com/style/font-awesome.css?0.13261647063804238" />
<link rel="stylesheet" href="//play.pokemonshowdown.com/style/battle.css?0.8753245789963631" />
<link rel="stylesheet" href="//play.pokemonshowdown.com/style/utilichart.css?0.8627959624976733" />

<!-- Global site tag (gtag.js) - Google Analytics -->
<script async src="https://www.googletagmanager.com/gtag/js?id=UA-26211653-1"></script>
<script>
  window.dataLayer = window.dataLayer || [];
  function gtag(){dataLayer.push(arguments);}
  gtag('js', new Date());

  gtag('config', 'UA-26211653-1');
</script>
<!-- End Google Analytics -->
<!-- Venatus Ad Manager - Install in <HEAD> of page -->
	<script src="https://hb.vntsm.com/v3/live/ad-manager.min.js" type="text/javascript" data-site-id="642aba63ec9a7b11c3c9c1be" data-mode="scan" async></script>
<!-- / Venatus Ad Manager -->

<style>
	@media (max-width:820px) {
		.battle {
			margin: 0 auto;
		}
		.battle-log {
			margin: 7px auto 0;
			max-width: 640px;
			height: 300px;
			position: static;
		}
	}
	.optgroup {
		display: inline-block;
		line-height: 22px;
		font-size: 10pt;
	}
	.optgroup .button {
		height: 25px;
		padding-top: 0;
		padding-bottom: 0;
	}
	.optgroup button.button {
		padding-left: 12px;
		padding-right: 12px;
	}
	.linklist {
		list-style: none;
		margin: 0.5em 0;
		padding: 0;
	}
	.linklist li {
		padding: 2px 0;
	}
	.sidebar {
		float: left;
		width: 320px;
	}
	.bar-wrapper {
		max-width: 1100px;
		margin: 0 auto;
	}
	.bar-wrapper.has-sidebar {
		max-width: 1430px;
	}
	.mainbar {
		margin: 0;
		padding-right: 1px;
	}
	.mainbar.has-sidebar {
		margin-left: 330px;
	}
	@media (min-width: 1511px) {
		.sidebar {
			width: 400px;
		}
		.bar-wrapper.has-sidebar {
			max-width: 1510px;
		}
		.mainbar.has-sidebar {
			margin-left: 410px;
		}
	}
	.section.first-section {
		margin-top: 9px;
	}
	.blocklink small {
		white-space: normal;
	}
	.button {
		vertical-align: middle;
	}
	.replay-controls {
		padding-top: 10px;
	}
	.replay-controls h1 {
		font-size: 16pt;
		font-weight: normal;
		color: #CCC;
	}
	.pagelink {
		text-align: center;
	}
	.pagelink a {
		width: 150px;
	}
	.textbox, .button {
		font-size: 11pt;
		vertical-align: middle;
	}
	@media (max-width: 450px) {
		.button {
			font-size: 9pt;
		}
	}
</style>

<div>

	<header>
		<div class="nav-wrapper"><ul class="nav">
			<li><a class="button nav-first" href="//pokemonshowdown.com/"><img src="//pokemonshowdown.com/images/pokemonshowdownbeta.png" srcset="//pokemonshowdown.com/images/pokemonshowdownbeta.png 1x, //pokemonshowdown.com/images/pokemonshowdownbeta@2x.png 2x" alt="Pok&eacute;mon Showdown" width="146" height="44" /> Home</a></li>
			<li><a class="button" href="//pokemonshowdown.com/dex/">Pok&eacute;dex</a></li>
			<li><a class="button cur" href="/">Replays</a></li>
			<li><a class="button" href="//pokemonshowdown.com/ladder/">Ladder</a></li>
			<li><a class="button nav-last" href="//pokemonshowdown.com/forums/">Forum</a></li>
			<li><a class="button greenbutton nav-first nav-last" href="//play.pokemonshowdown.com/">Play</a></li>
		</ul></div>
	</header>

	<div class="main" id="main">

		<noscript><section class="section">You need to enable JavaScript to use this page; sorry!</section></noscript>

	</div>

</div>

<script defer nomodule src="//play.pokemonshowdown.com/js/lib/ps-polyfill.js"></script>
<script defer src="//play.pokemonshowdown.com/js/lib/preact.min.js"></script>

<script defer src="//play.pokemonshowdown.com/config/config.js?2bddbc15"></script>
<script defer src="//play.pokemonshowdown.com/js/lib/jquery-1.11.0.min.js"></script>
<script defer src="//play.pokemonshowdown.com/js/lib/html-sanitizer-minified.js"></script>
<script defer src="//play.pokemonshowdown.com/js/battle-sound.js"></script>
<script defer src="//play.pokemonshowdown.com/js/battledata.js?0.7209276989879541"></script>
<script defer src="//play.pokemonshowdown.com/data/pokedex-mini.js?0.6111056340867951"></script>
<script defer src="//play.pokemonshowdown.com/data/pokedex-mini-bw.js?0.3532142036491459"></script>
<script defer src="//play.pokemonshowdown.com/data/graphics.js?0.24223875632456182"></script>
<script defer src="//play.pokemonshowdown.com/data/pokedex.js?0.38839984266356864"></script>
<script defer src="//play.pokemonshowdown.com/data/moves.js?0.21866028504024015"></script>
<script defer src="//play.pokemonshowdown.com/data/abilities.js?0.2005157953846628"></script>
<script defer src="//play.pokemonshowdown.com/data/items.js?0.9894211263848525"></script>
<script defer src="//play.pokemonshowdown.com/data/teambuilder-tables.js?0.6008791140282215"></script>
<script defer src="//play.pokemonshowdown.com/js/battle-tooltips.js?0.7580118955022959"></script>
<script defer src="//play.pokemonshowdown.com/js/battle.js?0.6057722274234274"></script>

<script defer src="js/utils.js?e31f9a17"></script>
<script defer src="js/replays-battle.js?7008c182"></script>

<!-- don't scrape this data! just add .json or .log after the URL!
Full API docs: https://github.com/smogon/pokemon-showdown-client/blob/master/WEB-API.md -->
<script type="text/plain" class="log" id="replaylog-smogtours-gen3ou-794584">
|inactive|Battle timer is ON: inactive players will automatically lose when time's up.
|t:|1728061070
|gametype|singles
|player|p1|Rambode|volkner|
|player|p2|Spreek|101|
|teamsize|p1|6
|teamsize|p2|6
|gen|3
|tier|[Gen 3] OU
|rule|Sleep Clause Mod: Limit one foe put to sleep
|rule|Switch Priority Clause Mod: Faster Pokémon switch first
|rule|Species Clause: Limit one of each Pokémon
|rule|OHKO Clause: OHKO moves are banned
|rule|Evasion Items Clause: Evasion items are banned
|rule|Evasion Moves Clause: Evasion moves are banned
|rule|Endless Battle Clause: Forcing endless battles is banned
|rule|HP Percentage Mod: HP is shown in percentages
|rule|One Boost Passer Clause: Limit one Baton Passer that has a way to boost its stats
|rule|Freeze Clause Mod: Limit one foe frozen
|
|t:|1728061070
|start
|switch|p1a: Medicham|Medicham, M|100/100
|switch|p2a: Tyranitar|Tyranitar, F|100/100
|-weather|Sandstorm|[from] ability: Sand Stream|[of] p2a: Tyranitar
|turn|1
|c|☆Spreek|hf
|c|☆Rambode|gl hf
|inactive|Rambode has 270 seconds left.
|inactive|Spreek has 270 seconds left.
|
|t:|1728061120
|switch|p2a: Salamence|Salamence, F|100/100
|-ability|p2a: Salamence|Intimidate|boost
|-unboost|p1a: Medicham|atk|1
|move|p1a: Medicham|Brick Break|p2a: Salamence
|-resisted|p2a: Salamence
|-damage|p2a: Salamence|79/100
|
|-weather|Sandstorm|[upkeep]
|-damage|p2a: Salamence|73/100|[from] Sandstorm
|-damage|p1a: Medicham|94/100|[from] Sandstorm
|-heal|p2a: Salamence|79/100|[from] item: Leftovers
|upkeep
|turn|2
|inactive|Rambode has 270 seconds left.
|inactive|Spreek has 270 seconds left.
|
|t:|1728061178
|switch|p1a: Jolteon|Jolteon, M|100/100
|move|p2a: Salamence|Dragon Claw|p1a: Jolteon
|-damage|p1a: Jolteon|43/100
|
|-weather|Sandstorm|[upkeep]
|-damage|p1a: Jolteon|37/100|[from] Sandstorm
|-damage|p2a: Salamence|73/100|[from] Sandstorm
|-heal|p1a: Jolteon|43/100|[from] item: Leftovers
|-heal|p2a: Salamence|79/100|[from] item: Leftovers
|upkeep
|turn|3
|inactive|Spreek has 240 seconds left.
|inactive|Rambode has 240 seconds left.
|inactive|Spreek has 210 seconds left.
|
|t:|1728061235
|switch|p2a: Metagross|Metagross|100/100
|move|p1a: Jolteon|Substitute|p1a: Jolteon
|-start|p1a: Jolteon|Substitute
|-damage|p1a: Jolteon|18/100
|
|-weather|Sandstorm|[upkeep]
|-damage|p1a: Jolteon|12/100|[from] Sandstorm
|-heal|p1a: Jolteon|18/100|[from] item: Leftovers
|upkeep
|turn|4
|
|t:|1728061249
|move|p1a: Jolteon|Baton Pass|p1a: Jolteon
|
|t:|1728061260
|switch|p1a: Swampert|Swampert, F|100/100|[from] Baton Pass
|move|p2a: Metagross|Meteor Mash|p1a: Swampert
|-resisted|p1a: Swampert
|-end|p1a: Swampert|Substitute
|
|-weather|Sandstorm|[upkeep]
|upkeep
|turn|5
|inactive|Spreek has 210 seconds left.
|inactive|Rambode has 210 seconds left.
|inactive|Spreek has 180 seconds left.
|inactive|Rambode has 180 seconds left.
|
|t:|1728061344
|switch|p2a: Celebi|Celebi|100/100
|move|p1a: Swampert|Ice Beam|p2a: Celebi
|-supereffective|p2a: Celebi
|-damage|p2a: Celebi|53/100
|
|-weather|Sandstorm|[upkeep]
|-damage|p2a: Celebi|47/100|[from] Sandstorm
|-heal|p2a: Celebi|53/100|[from] item: Leftovers
|upkeep
|turn|6
|inactive|Spreek has 150 seconds left.
|inactive|Rambode has 150 seconds left.
|
|t:|1728061384
|switch|p2a: Starmie|Starmie|100/100
|switch|p1a: Metagross|Metagross|100/100
|
|-weather|Sandstorm|[upkeep]
|-damage|p2a: Starmie|94/100|[from] Sandstorm
|-heal|p2a: Starmie|100/100|[from] item: Leftovers
|upkeep
|turn|7
|inactive|Rambode has 150 seconds left.
|inactive|Spreek has 120 seconds left.
|inactive|Rambode has 120 seconds left.
|
|t:|1728061424
|switch|p2a: Skarmory|Skarmory, F|100/100
|move|p1a: Metagross|Meteor Mash|p2a: Skarmory
|-resisted|p2a: Skarmory
|-damage|p2a: Skarmory|84/100
|
|-weather|Sandstorm|[upkeep]
|-heal|p2a: Skarmory|90/100|[from] item: Leftovers
|upkeep
|turn|8
|inactive|Spreek has 120 seconds left.
|inactive|Rambode has 120 seconds left.
|
|t:|1728061441
|move|p1a: Metagross|Hidden Power|p2a: Skarmory
|-supereffective|p2a: Skarmory
|-damage|p2a: Skarmory|50/100
|move|p2a: Skarmory|Spikes|p1a: Metagross
|-sidestart|p1: Rambode|Spikes
|
|-weather|Sandstorm|[upkeep]
|-heal|p2a: Skarmory|56/100|[from] item: Leftovers
|upkeep
|turn|9
|inactive|Rambode has 120 seconds left.
|inactive|Spreek has 120 seconds left.
|
|t:|1728061454
|move|p2a: Skarmory|Protect|p2a: Skarmory
|-singleturn|p2a: Skarmory|Protect
|move|p1a: Metagross|Hidden Power|p2a: Skarmory
|-activate|p2a: Skarmory|Protect
|
|-weather|Sandstorm|[upkeep]
|-heal|p2a: Skarmory|62/100|[from] item: Leftovers
|upkeep
|turn|10
|inactive|Spreek has 120 seconds left.
|
|t:|1728061479
|switch|p2a: Starmie|Starmie|100/100
|move|p1a: Metagross|Hidden Power|p2a: Starmie
|-resisted|p2a: Starmie
|-damage|p2a: Starmie|86/100
|
|-weather|Sandstorm|[upkeep]
|-damage|p2a: Starmie|80/100|[from] Sandstorm
|-heal|p2a: Starmie|86/100|[from] item: Leftovers
|upkeep
|turn|11
|inactive|Rambode has 120 seconds left.
|
|t:|1728061503
|move|p2a: Starmie|Surf|p1a: Metagross
|-damage|p1a: Metagross|49/100
|move|p1a: Metagross|Meteor Mash|p2a: Starmie
|-resisted|p2a: Starmie
|-damage|p2a: Starmie|55/100
|
|-weather|Sandstorm|[upkeep]
|-damage|p2a: Starmie|49/100|[from] Sandstorm
|-heal|p2a: Starmie|55/100|[from] item: Leftovers
|-heal|p1a: Metagross|55/100|[from] item: Leftovers
|upkeep
|turn|12
|inactive|Rambode has 120 seconds left.
|inactive|Spreek has 120 seconds left.
|
|t:|1728061515
|move|p2a: Starmie|Surf|p1a: Metagross
|-damage|p1a: Metagross|2/100
|move|p1a: Metagross|Explosion|p2a: Starmie
|-damage|p2a: Starmie|0 fnt
|faint|p1a: Metagross
|faint|p2a: Starmie
|inactive|Spreek has 120 seconds left.
|inactive|Rambode has 120 seconds left.
|
|t:|1728061539
|switch|p2a: Celebi|Celebi|53/100
|switch|p1a: Medicham|Medicham, M|94/100
|-damage|p1a: Medicham|82/100|[from] Spikes
|
|-weather|Sandstorm|[upkeep]
|-damage|p1a: Medicham|76/100|[from] Sandstorm
|-damage|p2a: Celebi|47/100|[from] Sandstorm
|-heal|p2a: Celebi|53/100|[from] item: Leftovers
|upkeep
|turn|13
|inactive|Spreek has 90 seconds left.
|
|t:|1728061592
|move|p1a: Medicham|Shadow Ball|p2a: Celebi
|-supereffective|p2a: Celebi
|-damage|p2a: Celebi|0 fnt
|faint|p2a: Celebi
|
|t:|1728061594
|switch|p2a: Salamence|Salamence, F|79/100
|-ability|p2a: Salamence|Intimidate|boost
|-unboost|p1a: Medicham|atk|1
|
|-weather|Sandstorm|[upkeep]
|-damage|p2a: Salamence|73/100|[from] Sandstorm
|-damage|p1a: Medicham|70/100|[from] Sandstorm
|-heal|p2a: Salamence|79/100|[from] item: Leftovers
|upkeep
|turn|14
|
|t:|1728061610
|move|p2a: Salamence|Dragon Claw|p1a: Medicham
|-damage|p1a: Medicham|3/100
|move|p1a: Medicham|Rock Slide|p2a: Salamence|[miss]
|-miss|p1a: Medicham|p2a: Salamence
|
|-weather|Sandstorm|[upkeep]
|-damage|p2a: Salamence|73/100|[from] Sandstorm
|-damage|p1a: Medicham|0 fnt|[from] Sandstorm
|faint|p1a: Medicham
|-heal|p2a: Salamence|79/100|[from] item: Leftovers
|upkeep
|c|☆Spreek|mb
|
|t:|1728061617
|switch|p1a: Salamence|Salamence, M|100/100
|-ability|p1a: Salamence|Intimidate|boost
|-unboost|p2a: Salamence|atk|1
|turn|15
|
|t:|1728061636
|move|p2a: Salamence|Dragon Claw|p1a: Salamence
|-supereffective|p1a: Salamence
|-damage|p1a: Salamence|20/100
|move|p1a: Salamence|Dragon Dance|p1a: Salamence
|-boost|p1a: Salamence|atk|1
|-boost|p1a: Salamence|spe|1
|
|-weather|Sandstorm|[upkeep]
|-damage|p1a: Salamence|14/100|[from] Sandstorm
|-damage|p2a: Salamence|73/100|[from] Sandstorm
|-heal|p1a: Salamence|20/100|[from] item: Leftovers
|-heal|p2a: Salamence|79/100|[from] item: Leftovers
|upkeep
|turn|16
|inactive|Spreek has 60 seconds left.
|
|t:|1728061665
|switch|p2a: Metagross|Metagross|100/100
|move|p1a: Salamence|Rock Slide|p2a: Metagross
|-resisted|p2a: Metagross
|-damage|p2a: Metagross|84/100
|
|-weather|Sandstorm|[upkeep]
|-damage|p1a: Salamence|14/100|[from] Sandstorm
|-heal|p1a: Salamence|20/100|[from] item: Leftovers
|-heal|p2a: Metagross|90/100|[from] item: Leftovers
|upkeep
|turn|17
|inactive|Rambode has 120 seconds left.
|inactive|Spreek has 60 seconds left.
|inactive|Spreek has 30 seconds left.
|
|t:|1728061708
|move|p1a: Salamence|Earthquake|p2a: Metagross
|-supereffective|p2a: Metagross
|-damage|p2a: Metagross|13/100
|move|p2a: Metagross|Psychic|p1a: Salamence
|-damage|p1a: Salamence|0 fnt
|faint|p1a: Salamence
|inactive|Rambode has 120 seconds left.
|
|t:|1728061715
|switch|p1a: Jolteon|Jolteon, M|18/100
|-damage|p1a: Jolteon|6/100|[from] Spikes
|
|-weather|Sandstorm|[upkeep]
|-damage|p1a: Jolteon|0 fnt|[from] Sandstorm
|faint|p1a: Jolteon
|-heal|p2a: Metagross|19/100|[from] item: Leftovers
|upkeep
|inactive|Rambode has 120 seconds left.
|
|t:|1728061734
|switch|p1a: Swampert|Swampert, F|100/100
|-damage|p1a: Swampert|88/100|[from] Spikes
|turn|18
|inactive|Spreek has 30 seconds left.
|
|t:|1728061760
|move|p2a: Metagross|Psychic|p1a: Swampert
|-damage|p1a: Swampert|53/100
|move|p1a: Swampert|Earthquake|p2a: Metagross
|-supereffective|p2a: Metagross
|-damage|p2a: Metagross|0 fnt
|faint|p2a: Metagross
|inactive|Spreek has 30 seconds left this turn.
|inactive|Spreek has 20 seconds left.
|
|t:|1728061771
|switch|p2a: Tyranitar|Tyranitar, F|100/100
|
|-weather|Sandstorm|[upkeep]
|-heal|p1a: Swampert|59/100|[from] item: Leftovers
|upkeep
|turn|19
|inactive|Spreek has 30 seconds left this turn.
|
|t:|1728061775
|move|p2a: Tyranitar|Hidden Power|p1a: Swampert
|-supereffective|p1a: Swampert
|-damage|p1a: Swampert|0 fnt
|faint|p1a: Swampert
|
|t:|1728061777
|switch|p1a: Tyranitar|Tyranitar, F|100/100
|-damage|p1a: Tyranitar|88/100|[from] Spikes
|
|-weather|Sandstorm|[upkeep]
|-heal|p1a: Tyranitar|94/100|[from] item: Leftovers
|upkeep
|turn|20
|
|t:|1728061782
|move|p2a: Tyranitar|Brick Break|p1a: Tyranitar
|-supereffective|p1a: Tyranitar
|-damage|p1a: Tyranitar|24/100
|move|p1a: Tyranitar|Dragon Dance|p1a: Tyranitar
|-boost|p1a: Tyranitar|atk|1
|-boost|p1a: Tyranitar|spe|1
|
|-weather|Sandstorm|[upkeep]
|-heal|p1a: Tyranitar|30/100|[from] item: Leftovers
|upkeep
|turn|21
|inactive|Rambode has 150 seconds left.
|inactive|Spreek has 30 seconds left.
|
|t:|1728061810
|switch|p2a: Salamence|Salamence, F|79/100
|-ability|p2a: Salamence|Intimidate|boost
|-unboost|p1a: Tyranitar|atk|1
|move|p1a: Tyranitar|Earthquake|p2a: Salamence
|-immune|p2a: Salamence
|
|-weather|Sandstorm|[upkeep]
|-damage|p2a: Salamence|73/100|[from] Sandstorm
|-heal|p1a: Tyranitar|37/100|[from] item: Leftovers
|-heal|p2a: Salamence|79/100|[from] item: Leftovers
|upkeep
|turn|22
|inactive|Spreek has 30 seconds left.
|
|t:|1728061827
|move|p1a: Tyranitar|Rock Slide|p2a: Salamence
|-supereffective|p2a: Salamence
|-damage|p2a: Salamence|0 fnt
|faint|p2a: Salamence
|inactive|Spreek has 30 seconds left this turn.
|c|☆Rambode|damnit i knew i had to dd again
|
|t:|1728061828
|switch|p2a: Tyranitar|Tyranitar, F|100/100
|
|-weather|Sandstorm|[upkeep]
|-heal|p1a: Tyranitar|43/100|[from] item: Leftovers
|upkeep
|turn|23
|
|t:|1728061831
|move|p1a: Tyranitar|Rock Slide|p2a: Tyranitar
|-damage|p2a: Tyranitar|61/100
|cant|p2a: Tyranitar|flinch
|
|-weather|Sandstorm|[upkeep]
|-heal|p1a: Tyranitar|49/100|[from] item: Leftovers
|upkeep
|turn|24
|
|t:|1728061845
|switch|p2a: Skarmory|Skarmory, F|62/100
|move|p1a: Tyranitar|Earthquake|p2a: Skarmory
|-immune|p2a: Skarmory
|
|-weather|Sandstorm|[upkeep]
|-heal|p1a: Tyranitar|55/100|[from] item: Leftovers
|-heal|p2a: Skarmory|68/100|[from] item: Leftovers
|upkeep
|turn|25
|
|t:|1728061848
|move|p1a: Tyranitar|Dragon Dance|p1a: Tyranitar
|-boost|p1a: Tyranitar|atk|1
|-boost|p1a: Tyranitar|spe|1
|move|p2a: Skarmory|Toxic|p1a: Tyranitar
|-status|p1a: Tyranitar|tox
|
|-weather|Sandstorm|[upkeep]
|-heal|p1a: Tyranitar|61/100 tox|[from] item: Leftovers
|-damage|p1a: Tyranitar|55/100 tox|[from] psn
|-heal|p2a: Skarmory|74/100|[from] item: Leftovers
|upkeep
|turn|26
|
|t:|1728061860
|move|p2a: Skarmory|Protect|p2a: Skarmory
|-singleturn|p2a: Skarmory|Protect
|move|p1a: Tyranitar|Rock Slide|p2a: Skarmory
|-activate|p2a: Skarmory|Protect
|
|-weather|Sandstorm|[upkeep]
|-heal|p1a: Tyranitar|61/100 tox|[from] item: Leftovers
|-damage|p1a: Tyranitar|49/100 tox|[from] psn
|-heal|p2a: Skarmory|80/100|[from] item: Leftovers
|upkeep
|turn|27
|inactive|Spreek has 60 seconds left.
|
|t:|1728061865
|switch|p2a: Tyranitar|Tyranitar, F|61/100
|move|p1a: Tyranitar|Rock Slide|p2a: Tyranitar
|-damage|p2a: Tyranitar|0 fnt
|faint|p2a: Tyranitar
|
|t:|1728061867
|switch|p2a: Skarmory|Skarmory, F|80/100
|
|-weather|Sandstorm|[upkeep]
|-heal|p1a: Tyranitar|55/100 tox|[from] item: Leftovers
|-damage|p1a: Tyranitar|37/100 tox|[from] psn
|-heal|p2a: Skarmory|86/100|[from] item: Leftovers
|upkeep
|turn|28
|
|t:|1728061871
|move|p2a: Skarmory|Protect|p2a: Skarmory
|-singleturn|p2a: Skarmory|Protect
|move|p1a: Tyranitar|Dragon Dance|p1a: Tyranitar
|-boost|p1a: Tyranitar|atk|1
|-boost|p1a: Tyranitar|spe|1
|
|-weather|Sandstorm|[upkeep]
|-heal|p1a: Tyranitar|43/100 tox|[from] item: Leftovers
|-damage|p1a: Tyranitar|18/100 tox|[from] psn
|-heal|p2a: Skarmory|92/100|[from] item: Leftovers
|upkeep
|turn|29
|
|t:|1728061873
|move|p2a: Skarmory|Protect||[still]
|-fail|p2a: Skarmory
|move|p1a: Tyranitar|Rock Slide|p2a: Skarmory|[miss]
|-miss|p1a: Tyranitar|p2a: Skarmory
|
|-weather|Sandstorm|[upkeep]
|-heal|p1a: Tyranitar|24/100 tox|[from] item: Leftovers
|-damage|p1a: Tyranitar|0 fnt|[from] psn
|faint|p1a: Tyranitar
|
|win|Spreek
|upkeep
|c|☆Rambode|gg
|c|☆Spreek|gg
|player|p1|

</script>
<script type="application/json" class="data" id="replaydata-smogtours-gen3ou-794584">
{"id":"smogtours-gen3ou-794584","format":"[Gen 3] OU","players":["Rambode","Spreek"],"uploadtime":1728061873,"views":121,"formatid":"gen3ou","rating":null,"private":0,"password":null}
</script>

<script defer src="js/replays.js?9d40a366"></script>
