<!DOCTYPE html>
<meta charset="utf-8" />
<meta name="viewport" content="width=device-width" />

<title>[Gen 3] OU: allmovingshadows vs. draccuscomun - Replays - Pok&eacute;mon Showdown!</title>

<meta name="description" content="Watch a replay of a Pok&eacute;mon battle between allmovingshadows and draccuscomun! Format: [Gen 3] OU; Date: Oct 10, 2024" />
<!--

Hey, you! Looking in the source for the replay log?

You can find them in JSON format, just add `.json` at the end of a replay URL.

https://replay.pokemonshowdown.com/gen7randomdoublesbattle-865046831.json

Or, if you only need the log itself, add `.log` instead:

https://replay.pokemonshowdown.com/gen7randomdoublesbattle-865046831.log

-->

<link rel="stylesheet" href="//pokemonshowdown.com/style/global.css?0.023195364461161105" />
<link rel="stylesheet" href="//play.pokemonshowdown.com/style/font-awesome.css?0.13261647063804238" />
<link rel="stylesheet" href="//play.pokemonshowdown.com/style/battle.css?0.8753245789963631" />
<link rel="stylesheet" href="//play.pokemonshowdown.com/style/utilichart.css?0.8627959624976733" />

<!-- Global site tag (gtag.js) - Google Analytics -->
<script async src="https://www.googletagmanager.com/gtag/js?id=UA-26211653-1"></script>
<script>
  window.dataLayer = window.dataLayer || [];
  function gtag(){dataLayer.push(arguments);}
  gtag('js', new Date());

  gtag('config', 'UA-26211653-1');
</script>
<!-- End Google Analytics -->
<!-- Venatus Ad Manager - Install in <HEAD> of page -->
	<script src="https://hb.vntsm.com/v3/live/ad-manager.min.js" type="text/javascript" data-site-id="642aba63ec9a7b11c3c9c1be" data-mode="scan" async></script>
<!-- / Venatus Ad Manager -->

<style>
	@media (max-width:820px) {
		.battle {
			margin: 0 auto;
		}
		.battle-log {
			margin: 7px auto 0;
			max-width: 640px;
			height: 300px;
			position: static;
		}
	}
	.optgroup {
		display: inline-block;
		line-height: 22px;
		font-size: 10pt;
	}
	.optgroup .button {
		height: 25px;
		padding-top: 0;
		padding-bottom: 0;
	}
	.optgroup button.button {
		padding-left: 12px;
		padding-right: 12px;
	}
	.linklist {
		list-style: none;
		margin: 0.5em 0;
		padding: 0;
	}
	.linklist li {
		padding: 2px 0;
	}
	.sidebar {
		float: left;
		width: 320px;
	}
	.bar-wrapper {
		max-width: 1100px;
		margin: 0 auto;
	}
	.bar-wrapper.has-sidebar {
		max-width: 1430px;
	}
	.mainbar {
		margin: 0;
		padding-right: 1px;
	}
	.mainbar.has-sidebar {
		margin-left: 330px;
	}
	@media (min-width: 1511px) {
		.sidebar {
			width: 400px;
		}
		.bar-wrapper.has-sidebar {
			max-width: 1510px;
		}
		.mainbar.has-sidebar {
			margin-left: 410px;
		}
	}
	.section.first-section {
		margin-top: 9px;
	}
	.blocklink small {
		white-space: normal;
	}
	.button {
		vertical-align: middle;
	}
	.replay-controls {
		padding-top: 10px;
	}
	.replay-controls h1 {
		font-size: 16pt;
		font-weight: normal;
		color: #CCC;
	}
	.pagelink {
		text-align: center;
	}
	.pagelink a {
		width: 150px;
	}
	.textbox, .button {
		font-size: 11pt;
		vertical-align: middle;
	}
	@media (max-width: 450px) {
		.button {
			font-size: 9pt;
		}
	}
</style>

<div>

	<header>
		<div class="nav-wrapper"><ul class="nav">
			<li><a class="button nav-first" href="//pokemonshowdown.com/"><img src="//pokemonshowdown.com/images/pokemonshowdownbeta.png" srcset="//pokemonshowdown.com/images/pokemonshowdownbeta.png 1x, //pokemonshowdown.com/images/pokemonshowdownbeta@2x.png 2x" alt="Pok&eacute;mon Showdown" width="146" height="44" /> Home</a></li>
			<li><a class="button" href="//pokemonshowdown.com/dex/">Pok&eacute;dex</a></li>
			<li><a class="button cur" href="/">Replays</a></li>
			<li><a class="button" href="//pokemonshowdown.com/ladder/">Ladder</a></li>
			<li><a class="button nav-last" href="//pokemonshowdown.com/forums/">Forum</a></li>
			<li><a class="button greenbutton nav-first nav-last" href="//play.pokemonshowdown.com/">Play</a></li>
		</ul></div>
	</header>

	<div class="main" id="main">

		<noscript><section class="section">You need to enable JavaScript to use this page; sorry!</section></noscript>

	</div>

</div>

<script defer nomodule src="//play.pokemonshowdown.com/js/lib/ps-polyfill.js"></script>
<script defer src="//play.pokemonshowdown.com/js/lib/preact.min.js"></script>

<script defer src="//play.pokemonshowdown.com/config/config.js?2bddbc15"></script>
<script defer src="//play.pokemonshowdown.com/js/lib/jquery-1.11.0.min.js"></script>
<script defer src="//play.pokemonshowdown.com/js/lib/html-sanitizer-minified.js"></script>
<script defer src="//play.pokemonshowdown.com/js/battle-sound.js"></script>
<script defer src="//play.pokemonshowdown.com/js/battledata.js?0.7209276989879541"></script>
<script defer src="//play.pokemonshowdown.com/data/pokedex-mini.js?0.6111056340867951"></script>
<script defer src="//play.pokemonshowdown.com/data/pokedex-mini-bw.js?0.3532142036491459"></script>
<script defer src="//play.pokemonshowdown.com/data/graphics.js?0.24223875632456182"></script>
<script defer src="//play.pokemonshowdown.com/data/pokedex.js?0.38839984266356864"></script>
<script defer src="//play.pokemonshowdown.com/data/moves.js?0.21866028504024015"></script>
<script defer src="//play.pokemonshowdown.com/data/abilities.js?0.2005157953846628"></script>
<script defer src="//play.pokemonshowdown.com/data/items.js?0.9894211263848525"></script>
<script defer src="//play.pokemonshowdown.com/data/teambuilder-tables.js?0.6008791140282215"></script>
<script defer src="//play.pokemonshowdown.com/js/battle-tooltips.js?0.7580118955022959"></script>
<script defer src="//play.pokemonshowdown.com/js/battle.js?0.6057722274234274"></script>

<script defer src="js/utils.js?e31f9a17"></script>
<script defer src="js/replays-battle.js?7008c182"></script>

<!-- don't scrape this data! just add .json or .log after the URL!
Full API docs: https://github.com/smogon/pokemon-showdown-client/blob/master/WEB-API.md -->
<script type="text/plain" class="log" id="replaylog-smogtours-gen3ou-797021">
|inactive|Battle timer is ON: inactive players will automatically lose when time's up.
|t:|1728594893
|gametype|singles
|player|p1|allmovingshadows|169|
|player|p2|draccuscomun|ruinmaniac|
|teamsize|p1|6
|teamsize|p2|6
|gen|3
|tier|[Gen 3] OU
|rule|Sleep Clause Mod: Limit one foe put to sleep
|rule|Switch Priority Clause Mod: Faster Pokémon switch first
|rule|Species Clause: Limit one of each Pokémon
|rule|OHKO Clause: OHKO moves are banned
|rule|Evasion Items Clause: Evasion items are banned
|rule|Evasion Moves Clause: Evasion moves are banned
|rule|Endless Battle Clause: Forcing endless battles is banned
|rule|HP Percentage Mod: HP is shown in percentages
|rule|One Boost Passer Clause: Limit one Baton Passer that has a way to boost its stats
|rule|Freeze Clause Mod: Limit one foe frozen
|
|t:|1728594893
|start
|switch|p1a: Tyranitar|Tyranitar, M|100/100
|switch|p2a: Salamence|Salamence, M|100/100
|-ability|p2a: Salamence|Intimidate|boost
|-unboost|p1a: Tyranitar|atk|1
|-weather|Sandstorm|[from] ability: Sand Stream|[of] p1a: Tyranitar
|turn|1
|
|t:|1728594919
|switch|p1a: Swampert|Swampert, M|100/100
|move|p2a: Salamence|Brick Break|p1a: Swampert
|-damage|p1a: Swampert|85/100
|
|-weather|Sandstorm|[upkeep]
|-damage|p2a: Salamence|94/100|[from] Sandstorm
|-heal|p2a: Salamence|100/100|[from] item: Leftovers
|-heal|p1a: Swampert|91/100|[from] item: Leftovers
|upkeep
|turn|2
|
|t:|1728594959
|switch|p2a: Gengar|Gengar, M, shiny|100/100
|move|p1a: Swampert|Hydro Pump|p2a: Gengar
|-damage|p2a: Gengar|56/100
|
|-weather|Sandstorm|[upkeep]
|-damage|p2a: Gengar|50/100|[from] Sandstorm
|-heal|p2a: Gengar|56/100|[from] item: Leftovers
|-heal|p1a: Swampert|98/100|[from] item: Leftovers
|upkeep
|turn|3
|inactive|allmovingshadows has 270 seconds left.
|
|t:|1728594979
|move|p2a: Gengar|Will-O-Wisp|p1a: Swampert
|-status|p1a: Swampert|brn
|move|p1a: Swampert|Hydro Pump|p2a: Gengar|[miss]
|-miss|p1a: Swampert|p2a: Gengar
|
|-weather|Sandstorm|[upkeep]
|-damage|p2a: Gengar|50/100|[from] Sandstorm
|-heal|p2a: Gengar|56/100|[from] item: Leftovers
|-heal|p1a: Swampert|100/100 brn|[from] item: Leftovers
|-damage|p1a: Swampert|88/100 brn|[from] brn
|upkeep
|turn|4
|
|t:|1728594994
|switch|p2a: Swampert|Swampert, M|100/100
|move|p1a: Swampert|Hydro Pump|p2a: Swampert
|-damage|p2a: Swampert|66/100
|
|-weather|Sandstorm|[upkeep]
|-heal|p1a: Swampert|94/100 brn|[from] item: Leftovers
|-heal|p2a: Swampert|72/100|[from] item: Leftovers
|-damage|p1a: Swampert|82/100 brn|[from] brn
|upkeep
|turn|5
|
|t:|1728595007
|switch|p1a: Skarmory|Skarmory, F|100/100
|move|p2a: Swampert|Protect||[still]
|-fail|p2a: Swampert
|
|-weather|Sandstorm|[upkeep]
|-heal|p2a: Swampert|78/100|[from] item: Leftovers
|upkeep
|turn|6
|inactive|draccuscomun has 270 seconds left.
|
|t:|1728595027
|switch|p2a: Salamence|Salamence, M|100/100
|-ability|p2a: Salamence|Intimidate|boost
|-unboost|p1a: Skarmory|atk|1
|move|p1a: Skarmory|Spikes|p2a: Salamence
|-sidestart|p2: draccuscomun|Spikes
|
|-weather|Sandstorm|[upkeep]
|-damage|p2a: Salamence|94/100|[from] Sandstorm
|-heal|p2a: Salamence|100/100|[from] item: Leftovers
|upkeep
|turn|7
|
|t:|1728595056
|switch|p1a: Blissey|Blissey, F|100/100
|move|p2a: Salamence|Fire Blast|p1a: Blissey
|-damage|p1a: Blissey|85/100
|
|-weather|Sandstorm|[upkeep]
|-damage|p2a: Salamence|94/100|[from] Sandstorm
|-damage|p1a: Blissey|79/100|[from] Sandstorm
|-heal|p2a: Salamence|100/100|[from] item: Leftovers
|-heal|p1a: Blissey|85/100|[from] item: Leftovers
|upkeep
|turn|8
|inactive|draccuscomun has 270 seconds left.
|
|t:|1728595071
|switch|p2a: Snorlax|Snorlax, F|100/100
|-damage|p2a: Snorlax|88/100|[from] Spikes
|switch|p1a: Swampert|Swampert, M|82/100 brn
|
|-weather|Sandstorm|[upkeep]
|-damage|p2a: Snorlax|82/100|[from] Sandstorm
|-heal|p1a: Swampert|88/100 brn|[from] item: Leftovers
|-damage|p1a: Swampert|76/100 brn|[from] brn
|-heal|p2a: Snorlax|88/100|[from] item: Leftovers
|upkeep
|turn|9
|inactive|draccuscomun has 270 seconds left.
|inactive|allmovingshadows has 270 seconds left.
|
|t:|1728595118
|move|p1a: Swampert|Hydro Pump|p2a: Snorlax
|-damage|p2a: Snorlax|71/100
|move|p2a: Snorlax|Return|p1a: Swampert
|-damage|p1a: Swampert|46/100 brn
|
|-weather|Sandstorm|[upkeep]
|-damage|p2a: Snorlax|65/100|[from] Sandstorm
|-heal|p1a: Swampert|53/100 brn|[from] item: Leftovers
|-damage|p1a: Swampert|40/100 brn|[from] brn
|-heal|p2a: Snorlax|71/100|[from] item: Leftovers
|upkeep
|turn|10
|inactive|draccuscomun has 240 seconds left.
|
|t:|1728595145
|switch|p1a: Tyranitar|Tyranitar, M|100/100
|switch|p2a: Salamence|Salamence, M|100/100
|-ability|p2a: Salamence|Intimidate|boost
|-unboost|p1a: Tyranitar|atk|1
|
|-weather|Sandstorm|[upkeep]
|-damage|p2a: Salamence|94/100|[from] Sandstorm
|-heal|p2a: Salamence|100/100|[from] item: Leftovers
|upkeep
|turn|11
|inactive|draccuscomun has 240 seconds left.
|inactive|allmovingshadows has 240 seconds left.
|
|t:|1728595172
|move|p2a: Salamence|Brick Break|p1a: Tyranitar
|-supereffective|p1a: Tyranitar
|-damage|p1a: Tyranitar|33/100
|move|p1a: Tyranitar|Rock Slide|p2a: Salamence
|-supereffective|p2a: Salamence
|-damage|p2a: Salamence|33/100
|
|-weather|Sandstorm|[upkeep]
|-damage|p2a: Salamence|26/100|[from] Sandstorm
|-heal|p2a: Salamence|33/100|[from] item: Leftovers
|-heal|p1a: Tyranitar|39/100|[from] item: Leftovers
|upkeep
|turn|12
|inactive|draccuscomun has 240 seconds left.
|
|t:|1728595183
|switch|p1a: Swampert|Swampert, M|40/100 brn
|move|p2a: Salamence|Brick Break|p1a: Swampert
|-damage|p1a: Swampert|24/100 brn
|
|-weather|Sandstorm|[upkeep]
|-damage|p2a: Salamence|26/100|[from] Sandstorm
|-heal|p2a: Salamence|33/100|[from] item: Leftovers
|-heal|p1a: Swampert|31/100 brn|[from] item: Leftovers
|-damage|p1a: Swampert|18/100 brn|[from] brn
|upkeep
|turn|13
|
|t:|1728595192
|move|p2a: Salamence|Hidden Power|p1a: Swampert
|-supereffective|p1a: Swampert
|-damage|p1a: Swampert|0 fnt
|faint|p1a: Swampert
|
|t:|1728595201
|switch|p1a: Blissey|Blissey, F|85/100
|
|-weather|Sandstorm|[upkeep]
|-damage|p2a: Salamence|26/100|[from] Sandstorm
|-damage|p1a: Blissey|79/100|[from] Sandstorm
|-heal|p2a: Salamence|33/100|[from] item: Leftovers
|-heal|p1a: Blissey|85/100|[from] item: Leftovers
|upkeep
|turn|14
|inactive|draccuscomun has 240 seconds left.
|inactive|draccuscomun has 210 seconds left.
|
|t:|1728595276
|switch|p2a: Umbreon|Umbreon, M, shiny|100/100
|-damage|p2a: Umbreon|88/100|[from] Spikes
|move|p1a: Blissey|Ice Beam|p2a: Umbreon
|-damage|p2a: Umbreon|74/100
|-status|p2a: Umbreon|frz
|
|-weather|Sandstorm|[upkeep]
|-damage|p2a: Umbreon|68/100 frz|[from] Sandstorm
|-damage|p1a: Blissey|79/100|[from] Sandstorm
|-heal|p2a: Umbreon|74/100 frz|[from] item: Leftovers
|-heal|p1a: Blissey|85/100|[from] item: Leftovers
|upkeep
|turn|15
|inactive|allmovingshadows has 240 seconds left.
|inactive|draccuscomun has 180 seconds left.
|inactive|allmovingshadows has 210 seconds left.
|
|t:|1728595333
|cant|p2a: Umbreon|frz
|move|p1a: Blissey|Toxic||[still]
|-fail|p1a: Blissey
|
|-weather|Sandstorm|[upkeep]
|-damage|p2a: Umbreon|68/100 frz|[from] Sandstorm
|-damage|p1a: Blissey|79/100|[from] Sandstorm
|-heal|p2a: Umbreon|74/100 frz|[from] item: Leftovers
|-heal|p1a: Blissey|85/100|[from] item: Leftovers
|upkeep
|turn|16
|
|t:|1728595342
|-curestatus|p2a: Umbreon|frz|[msg]
|move|p2a: Umbreon|Wish|p2a: Umbreon
|move|p1a: Blissey|Soft-Boiled|p1a: Blissey
|-heal|p1a: Blissey|100/100
|
|-weather|Sandstorm|[upkeep]
|-damage|p2a: Umbreon|68/100|[from] Sandstorm
|-damage|p1a: Blissey|94/100|[from] Sandstorm
|-heal|p2a: Umbreon|74/100|[from] item: Leftovers
|-heal|p1a: Blissey|100/100|[from] item: Leftovers
|upkeep
|turn|17
|
|t:|1728595358
|switch|p1a: Zapdos|Zapdos|100/100
|move|p2a: Umbreon|Baton Pass|p2a: Umbreon
|
|t:|1728595364
|switch|p2a: Snorlax|Snorlax, F|71/100|[from] Baton Pass
|-damage|p2a: Snorlax|58/100|[from] Spikes
|
|-heal|p2a: Snorlax|100/100|[from] move: Wish|[wisher] Umbreon
|-weather|Sandstorm|[upkeep]
|-damage|p1a: Zapdos|94/100|[from] Sandstorm
|-damage|p2a: Snorlax|94/100|[from] Sandstorm
|-heal|p1a: Zapdos|100/100|[from] item: Leftovers
|-heal|p2a: Snorlax|100/100|[from] item: Leftovers
|upkeep
|turn|18
|inactive|allmovingshadows has 210 seconds left.
|
|t:|1728595390
|-singleturn|p2a: Snorlax|move: Focus Punch
|move|p2a: Snorlax|Focus Punch|p1a: Zapdos
|-resisted|p1a: Zapdos
|-damage|p1a: Zapdos|76/100
|move|p1a: Zapdos|Roar|p2a: Snorlax
|drag|p2a: Umbreon|Umbreon, M, shiny|74/100
|-damage|p2a: Umbreon|61/100|[from] Spikes
|
|-weather|Sandstorm|[upkeep]
|-damage|p1a: Zapdos|70/100|[from] Sandstorm
|-damage|p2a: Umbreon|55/100|[from] Sandstorm
|-heal|p1a: Zapdos|76/100|[from] item: Leftovers
|-heal|p2a: Umbreon|61/100|[from] item: Leftovers
|upkeep
|turn|19
|
|t:|1728595403
|move|p1a: Zapdos|Thunder Wave|p2a: Umbreon
|-status|p2a: Umbreon|par
|-status|p1a: Zapdos|par|[from] ability: Synchronize|[of] p2a: Umbreon
|move|p2a: Umbreon|Wish|p2a: Umbreon
|
|-weather|Sandstorm|[upkeep]
|-damage|p1a: Zapdos|70/100 par|[from] Sandstorm
|-damage|p2a: Umbreon|55/100 par|[from] Sandstorm
|-heal|p1a: Zapdos|76/100 par|[from] item: Leftovers
|-heal|p2a: Umbreon|61/100 par|[from] item: Leftovers
|upkeep
|turn|20
|
|t:|1728595413
|switch|p1a: Skarmory|Skarmory, F|100/100
|cant|p2a: Umbreon|par
|
|-heal|p2a: Umbreon|100/100 par|[from] move: Wish|[wisher] Umbreon
|-weather|Sandstorm|[upkeep]
|-damage|p2a: Umbreon|94/100 par|[from] Sandstorm
|-heal|p2a: Umbreon|100/100 par|[from] item: Leftovers
|upkeep
|turn|21
|inactive|draccuscomun has 180 seconds left.
|
|t:|1728595445
|switch|p2a: Gengar|Gengar, M, shiny|56/100
|move|p1a: Skarmory|Spikes|p2a: Gengar
|-sidestart|p2: draccuscomun|Spikes
|
|-weather|Sandstorm|[upkeep]
|-damage|p2a: Gengar|50/100|[from] Sandstorm
|-heal|p2a: Gengar|56/100|[from] item: Leftovers
|upkeep
|turn|22
|inactive|allmovingshadows has 240 seconds left.
|
|t:|1728595458
|move|p2a: Gengar|Thunderbolt|p1a: Skarmory
|-supereffective|p1a: Skarmory
|-damage|p1a: Skarmory|50/100
|move|p1a: Skarmory|Spikes|p2a: Gengar
|-sidestart|p2: draccuscomun|Spikes
|
|-weather|Sandstorm|[upkeep]
|-damage|p2a: Gengar|50/100|[from] Sandstorm
|-heal|p2a: Gengar|56/100|[from] item: Leftovers
|-heal|p1a: Skarmory|56/100|[from] item: Leftovers
|upkeep
|turn|23
|inactive|draccuscomun has 180 seconds left.
|
|t:|1728595468
|switch|p1a: Zapdos|Zapdos|76/100 par
|move|p2a: Gengar|Thunderbolt|p1a: Zapdos
|-damage|p1a: Zapdos|46/100 par
|
|-weather|Sandstorm|[upkeep]
|-damage|p2a: Gengar|50/100|[from] Sandstorm
|-damage|p1a: Zapdos|40/100 par|[from] Sandstorm
|-heal|p2a: Gengar|56/100|[from] item: Leftovers
|-heal|p1a: Zapdos|46/100 par|[from] item: Leftovers
|upkeep
|turn|24
|inactive|draccuscomun has 180 seconds left.
|
|t:|1728595478
|switch|p2a: Umbreon|Umbreon, M, shiny|100/100 par
|-damage|p2a: Umbreon|76/100 par|[from] Spikes
|move|p1a: Zapdos|Thunderbolt|p2a: Umbreon
|-damage|p2a: Umbreon|46/100 par
|
|-weather|Sandstorm|[upkeep]
|-damage|p1a: Zapdos|40/100 par|[from] Sandstorm
|-damage|p2a: Umbreon|39/100 par|[from] Sandstorm
|-heal|p1a: Zapdos|46/100 par|[from] item: Leftovers
|-heal|p2a: Umbreon|46/100 par|[from] item: Leftovers
|upkeep
|turn|25
|inactive|draccuscomun has 180 seconds left.
|
|t:|1728595488
|move|p2a: Umbreon|Wish|p2a: Umbreon
|cant|p1a: Zapdos|par
|
|-weather|Sandstorm|[upkeep]
|-damage|p1a: Zapdos|40/100 par|[from] Sandstorm
|-damage|p2a: Umbreon|39/100 par|[from] Sandstorm
|-heal|p1a: Zapdos|46/100 par|[from] item: Leftovers
|-heal|p2a: Umbreon|46/100 par|[from] item: Leftovers
|upkeep
|turn|26
|
|t:|1728595497
|move|p2a: Umbreon|Taunt|p1a: Zapdos
|-start|p1a: Zapdos|move: Taunt
|cant|p1a: Zapdos|par
|
|-heal|p2a: Umbreon|95/100 par|[from] move: Wish|[wisher] Umbreon
|-weather|Sandstorm|[upkeep]
|-damage|p1a: Zapdos|40/100 par|[from] Sandstorm
|-damage|p2a: Umbreon|89/100 par|[from] Sandstorm
|-heal|p1a: Zapdos|46/100 par|[from] item: Leftovers
|-heal|p2a: Umbreon|95/100 par|[from] item: Leftovers
|upkeep
|turn|27
|
|t:|1728595508
|switch|p1a: Gengar|Gengar, M|100/100
|move|p2a: Umbreon|Wish|p2a: Umbreon
|
|-weather|Sandstorm|[upkeep]
|-damage|p1a: Gengar|94/100|[from] Sandstorm
|-damage|p2a: Umbreon|89/100 par|[from] Sandstorm
|-heal|p1a: Gengar|100/100|[from] item: Leftovers
|-heal|p2a: Umbreon|95/100 par|[from] item: Leftovers
|upkeep
|turn|28
|
|t:|1728595516
|move|p1a: Gengar|Thunderbolt|p2a: Umbreon
|-damage|p2a: Umbreon|76/100 par
|move|p2a: Umbreon|Baton Pass|p2a: Umbreon
|
|t:|1728595521
|switch|p2a: Salamence|Salamence, M|33/100|[from] Baton Pass
|-ability|p2a: Salamence|Intimidate|boost
|-unboost|p1a: Gengar|atk|1
|
|-heal|p2a: Salamence|82/100|[from] move: Wish|[wisher] Umbreon
|-weather|Sandstorm|[upkeep]
|-damage|p1a: Gengar|94/100|[from] Sandstorm
|-damage|p2a: Salamence|76/100|[from] Sandstorm
|-heal|p1a: Gengar|100/100|[from] item: Leftovers
|-heal|p2a: Salamence|82/100|[from] item: Leftovers
|upkeep
|turn|29
|
|t:|1728595545
|switch|p2a: Umbreon|Umbreon, M, shiny|76/100 par
|-damage|p2a: Umbreon|51/100 par|[from] Spikes
|move|p1a: Gengar|Ice Punch|p2a: Umbreon
|-damage|p2a: Umbreon|37/100 par
|
|-weather|Sandstorm|[upkeep]
|-damage|p1a: Gengar|94/100|[from] Sandstorm
|-damage|p2a: Umbreon|31/100 par|[from] Sandstorm
|-heal|p1a: Gengar|100/100|[from] item: Leftovers
|-heal|p2a: Umbreon|37/100 par|[from] item: Leftovers
|upkeep
|turn|30
|
|t:|1728595568
|move|p1a: Gengar|Thunderbolt|p2a: Umbreon
|-damage|p2a: Umbreon|18/100 par
|move|p2a: Umbreon|Wish|p2a: Umbreon
|
|-weather|Sandstorm|[upkeep]
|-damage|p1a: Gengar|94/100|[from] Sandstorm
|-damage|p2a: Umbreon|11/100 par|[from] Sandstorm
|-heal|p1a: Gengar|100/100|[from] item: Leftovers
|-heal|p2a: Umbreon|18/100 par|[from] item: Leftovers
|upkeep
|turn|31
|
|t:|1728595576
|move|p1a: Gengar|Thunderbolt|p2a: Umbreon
|-damage|p2a: Umbreon|0 fnt
|faint|p2a: Umbreon
|
|t:|1728595579
|switch|p2a: Gengar|Gengar, M, shiny|56/100
|
|-heal|p2a: Gengar|100/100|[from] move: Wish|[wisher] Umbreon
|-weather|Sandstorm|[upkeep]
|-damage|p1a: Gengar|94/100|[from] Sandstorm
|-damage|p2a: Gengar|95/100|[from] Sandstorm
|-heal|p1a: Gengar|100/100|[from] item: Leftovers
|-heal|p2a: Gengar|100/100|[from] item: Leftovers
|upkeep
|turn|32
|
|t:|1728595599
|move|p1a: Gengar|Thunderbolt|p2a: Gengar
|-damage|p2a: Gengar|60/100
|move|p2a: Gengar|Will-O-Wisp|p1a: Gengar|[miss]
|-miss|p2a: Gengar|p1a: Gengar
|
|-weather|Sandstorm|[upkeep]
|-damage|p1a: Gengar|94/100|[from] Sandstorm
|-damage|p2a: Gengar|54/100|[from] Sandstorm
|-heal|p1a: Gengar|100/100|[from] item: Leftovers
|-heal|p2a: Gengar|60/100|[from] item: Leftovers
|upkeep
|turn|33
|
|t:|1728595613
|move|p1a: Gengar|Thunderbolt|p2a: Gengar
|-damage|p2a: Gengar|22/100
|move|p2a: Gengar|Thunderbolt|p1a: Gengar
|-damage|p1a: Gengar|57/100
|
|-weather|Sandstorm|[upkeep]
|-damage|p1a: Gengar|51/100|[from] Sandstorm
|-damage|p2a: Gengar|16/100|[from] Sandstorm
|-heal|p1a: Gengar|57/100|[from] item: Leftovers
|-heal|p2a: Gengar|22/100|[from] item: Leftovers
|upkeep
|turn|34
|
|t:|1728595626
|move|p1a: Gengar|Explosion|p2a: Gengar
|-immune|p2a: Gengar
|faint|p1a: Gengar
|
|t:|1728595642
|switch|p1a: Zapdos|Zapdos|46/100 par
|
|-weather|Sandstorm|[upkeep]
|-damage|p2a: Gengar|16/100|[from] Sandstorm
|-damage|p1a: Zapdos|40/100 par|[from] Sandstorm
|-heal|p2a: Gengar|22/100|[from] item: Leftovers
|-heal|p1a: Zapdos|46/100 par|[from] item: Leftovers
|upkeep
|turn|35
|
|t:|1728595663
|move|p2a: Gengar|Ice Punch|p1a: Zapdos
|-supereffective|p1a: Zapdos
|-damage|p1a: Zapdos|1/100 par
|move|p1a: Zapdos|Thunderbolt|p2a: Gengar
|-damage|p2a: Gengar|0 fnt
|faint|p2a: Gengar
|inactive|draccuscomun has 180 seconds left.
|
|t:|1728595699
|switch|p2a: Swampert|Swampert, M|78/100
|-damage|p2a: Swampert|54/100|[from] Spikes
|
|-weather|Sandstorm|[upkeep]
|-damage|p1a: Zapdos|0 fnt|[from] Sandstorm
|faint|p1a: Zapdos
|-heal|p2a: Swampert|60/100|[from] item: Leftovers
|upkeep
|inactive|allmovingshadows has 270 seconds left.
|
|t:|1728595750
|switch|p1a: Skarmory|Skarmory, F|56/100
|turn|36
|
|t:|1728595753
|move|p1a: Skarmory|Toxic|p2a: Swampert
|-status|p2a: Swampert|tox
|move|p2a: Swampert|Surf|p1a: Skarmory
|-damage|p1a: Skarmory|30/100
|
|-weather|Sandstorm|[upkeep]
|-heal|p1a: Skarmory|36/100|[from] item: Leftovers
|-heal|p2a: Swampert|66/100 tox|[from] item: Leftovers
|-damage|p2a: Swampert|60/100 tox|[from] psn
|upkeep
|turn|37
|inactive|draccuscomun has 180 seconds left.
|
|t:|1728595768
|move|p1a: Skarmory|Protect|p1a: Skarmory
|-singleturn|p1a: Skarmory|Protect
|move|p2a: Swampert|Surf|p1a: Skarmory
|-activate|p1a: Skarmory|Protect
|
|-weather|Sandstorm|[upkeep]
|-heal|p1a: Skarmory|42/100|[from] item: Leftovers
|-heal|p2a: Swampert|66/100 tox|[from] item: Leftovers
|-damage|p2a: Swampert|54/100 tox|[from] psn
|upkeep
|turn|38
|inactive|draccuscomun has 180 seconds left.
|inactive|allmovingshadows has 270 seconds left.
|
|t:|1728595781
|switch|p1a: Blissey|Blissey, F|100/100
|move|p2a: Swampert|Surf|p1a: Blissey
|-damage|p1a: Blissey|88/100
|
|-weather|Sandstorm|[upkeep]
|-damage|p1a: Blissey|82/100|[from] Sandstorm
|-heal|p1a: Blissey|88/100|[from] item: Leftovers
|-heal|p2a: Swampert|60/100 tox|[from] item: Leftovers
|-damage|p2a: Swampert|42/100 tox|[from] psn
|upkeep
|turn|39
|inactive|draccuscomun has 180 seconds left.
|
|t:|1728595791
|move|p1a: Blissey|Ice Beam|p2a: Swampert
|-damage|p2a: Swampert|19/100 tox
|move|p2a: Swampert|Earthquake|p1a: Blissey
|-damage|p1a: Blissey|46/100
|
|-weather|Sandstorm|[upkeep]
|-damage|p1a: Blissey|40/100|[from] Sandstorm
|-heal|p1a: Blissey|46/100|[from] item: Leftovers
|-heal|p2a: Swampert|25/100 tox|[from] item: Leftovers
|-damage|p2a: Swampert|1/100 tox|[from] psn
|upkeep
|turn|40
|inactive|draccuscomun has 180 seconds left.
|
|t:|1728595804
|move|p1a: Blissey|Soft-Boiled|p1a: Blissey
|-heal|p1a: Blissey|96/100
|move|p2a: Swampert|Earthquake|p1a: Blissey
|-damage|p1a: Blissey|55/100
|
|-weather|Sandstorm|[upkeep]
|-damage|p1a: Blissey|49/100|[from] Sandstorm
|-heal|p1a: Blissey|55/100|[from] item: Leftovers
|-heal|p2a: Swampert|7/100 tox|[from] item: Leftovers
|-damage|p2a: Swampert|0 fnt|[from] psn
|faint|p2a: Swampert
|upkeep
|inactive|draccuscomun has 180 seconds left.
|
|t:|1728595822
|switch|p2a: Aerodactyl|Aerodactyl, M|100/100
|turn|41
|
|t:|1728595849
|switch|p1a: Tyranitar|Tyranitar, M|39/100
|move|p2a: Aerodactyl|Double-Edge|p1a: Tyranitar
|-resisted|p1a: Tyranitar
|-damage|p1a: Tyranitar|24/100
|
|-weather|Sandstorm|[upkeep]
|-heal|p1a: Tyranitar|30/100|[from] item: Leftovers
|upkeep
|turn|42
|inactive|draccuscomun has 180 seconds left.
|
|t:|1728595860
|move|p2a: Aerodactyl|Earthquake|p1a: Tyranitar
|-supereffective|p1a: Tyranitar
|-damage|p1a: Tyranitar|0 fnt
|faint|p1a: Tyranitar
|
|t:|1728595864
|switch|p1a: Skarmory|Skarmory, F|42/100
|
|-weather|Sandstorm|[upkeep]
|-heal|p1a: Skarmory|48/100|[from] item: Leftovers
|upkeep
|turn|43
|
|t:|1728595868
|move|p2a: Aerodactyl|Substitute|p2a: Aerodactyl
|-start|p2a: Aerodactyl|Substitute
|-damage|p2a: Aerodactyl|76/100
|move|p1a: Skarmory|Toxic||[still]
|-fail|p1a: Skarmory
|
|-weather|Sandstorm|[upkeep]
|-heal|p1a: Skarmory|54/100|[from] item: Leftovers
|upkeep
|turn|44
|
|t:|1728595875
|move|p1a: Skarmory|Protect|p1a: Skarmory
|-singleturn|p1a: Skarmory|Protect
|move|p2a: Aerodactyl|Rock Slide|p1a: Skarmory
|-activate|p1a: Skarmory|Protect
|
|-weather|Sandstorm|[upkeep]
|-heal|p1a: Skarmory|60/100|[from] item: Leftovers
|upkeep
|turn|45
|
|t:|1728595882
|move|p2a: Aerodactyl|Rock Slide|p1a: Skarmory
|-crit|p1a: Skarmory
|-damage|p1a: Skarmory|10/100
|move|p1a: Skarmory|Roar|p2a: Aerodactyl
|drag|p2a: Snorlax|Snorlax, F|100/100
|-damage|p2a: Snorlax|76/100|[from] Spikes
|
|-weather|Sandstorm|[upkeep]
|-damage|p2a: Snorlax|69/100|[from] Sandstorm
|-heal|p1a: Skarmory|16/100|[from] item: Leftovers
|-heal|p2a: Snorlax|76/100|[from] item: Leftovers
|upkeep
|turn|46
|inactive|draccuscomun has 210 seconds left.
|
|t:|1728595894
|-singleturn|p2a: Snorlax|move: Focus Punch
|switch|p1a: Blissey|Blissey, F|55/100
|move|p2a: Snorlax|Focus Punch|p1a: Blissey
|-supereffective|p1a: Blissey
|-damage|p1a: Blissey|0 fnt
|faint|p1a: Blissey
|c|☆allmovingshadows|ggwp
|
|t:|1728595901
|switch|p1a: Skarmory|Skarmory, F|16/100
|
|-weather|Sandstorm|[upkeep]
|-damage|p2a: Snorlax|69/100|[from] Sandstorm
|-heal|p1a: Skarmory|22/100|[from] item: Leftovers
|-heal|p2a: Snorlax|76/100|[from] item: Leftovers
|upkeep
|turn|47
|
|t:|1728595910
|-singleturn|p2a: Snorlax|move: Focus Punch
|move|p1a: Skarmory|Toxic|p2a: Snorlax
|-immune|p2a: Snorlax|[from] ability: Immunity
|move|p2a: Snorlax|Focus Punch|p1a: Skarmory
|-damage|p1a: Skarmory|0 fnt
|faint|p1a: Skarmory
|
|win|draccuscomun
|c|☆draccuscomun|gg well played

</script>
<script type="application/json" class="data" id="replaydata-smogtours-gen3ou-797021">
{"id":"smogtours-gen3ou-797021","format":"[Gen 3] OU","players":["allmovingshadows","draccuscomun"],"uploadtime":1728595910,"views":44,"formatid":"gen3ou","rating":null,"private":0,"password":null}
</script>

<script defer src="js/replays.js?9d40a366"></script>
