<!DOCTYPE html>
<meta charset="utf-8" />
<meta name="viewport" content="width=device-width" />

<title>[Gen 3] OU: Quarante8 vs. blavand - Replays - Pok&eacute;mon Showdown!</title>

<meta name="description" content="Watch a replay of a Pok&eacute;mon battle between Quarante8 and blavand! Format: [Gen 3] OU; Date: Oct 29, 2024" />
<!--

Hey, you! Looking in the source for the replay log?

You can find them in JSON format, just add `.json` at the end of a replay URL.

https://replay.pokemonshowdown.com/gen7randomdoublesbattle-865046831.json

Or, if you only need the log itself, add `.log` instead:

https://replay.pokemonshowdown.com/gen7randomdoublesbattle-865046831.log

-->

<link rel="stylesheet" href="//pokemonshowdown.com/style/global.css?0.023195364461161105" />
<link rel="stylesheet" href="//play.pokemonshowdown.com/style/font-awesome.css?0.13261647063804238" />
<link rel="stylesheet" href="//play.pokemonshowdown.com/style/battle.css?0.8753245789963631" />
<link rel="stylesheet" href="//play.pokemonshowdown.com/style/utilichart.css?0.8627959624976733" />

<!-- Global site tag (gtag.js) - Google Analytics -->
<script async src="https://www.googletagmanager.com/gtag/js?id=UA-26211653-1"></script>
<script>
  window.dataLayer = window.dataLayer || [];
  function gtag(){dataLayer.push(arguments);}
  gtag('js', new Date());

  gtag('config', 'UA-26211653-1');
</script>
<!-- End Google Analytics -->
<!-- Venatus Ad Manager - Install in <HEAD> of page -->
	<script src="https://hb.vntsm.com/v3/live/ad-manager.min.js" type="text/javascript" data-site-id="642aba63ec9a7b11c3c9c1be" data-mode="scan" async></script>
<!-- / Venatus Ad Manager -->

<style>
	@media (max-width:820px) {
		.battle {
			margin: 0 auto;
		}
		.battle-log {
			margin: 7px auto 0;
			max-width: 640px;
			height: 300px;
			position: static;
		}
	}
	.optgroup {
		display: inline-block;
		line-height: 22px;
		font-size: 10pt;
	}
	.optgroup .button {
		height: 25px;
		padding-top: 0;
		padding-bottom: 0;
	}
	.optgroup button.button {
		padding-left: 12px;
		padding-right: 12px;
	}
	.linklist {
		list-style: none;
		margin: 0.5em 0;
		padding: 0;
	}
	.linklist li {
		padding: 2px 0;
	}
	.sidebar {
		float: left;
		width: 320px;
	}
	.bar-wrapper {
		max-width: 1100px;
		margin: 0 auto;
	}
	.bar-wrapper.has-sidebar {
		max-width: 1430px;
	}
	.mainbar {
		margin: 0;
		padding-right: 1px;
	}
	.mainbar.has-sidebar {
		margin-left: 330px;
	}
	@media (min-width: 1511px) {
		.sidebar {
			width: 400px;
		}
		.bar-wrapper.has-sidebar {
			max-width: 1510px;
		}
		.mainbar.has-sidebar {
			margin-left: 410px;
		}
	}
	.section.first-section {
		margin-top: 9px;
	}
	.blocklink small {
		white-space: normal;
	}
	.button {
		vertical-align: middle;
	}
	.replay-controls {
		padding-top: 10px;
	}
	.replay-controls h1 {
		font-size: 16pt;
		font-weight: normal;
		color: #CCC;
	}
	.pagelink {
		text-align: center;
	}
	.pagelink a {
		width: 150px;
	}
	.textbox, .button {
		font-size: 11pt;
		vertical-align: middle;
	}
	@media (max-width: 450px) {
		.button {
			font-size: 9pt;
		}
	}
</style>

<div>

	<header>
		<div class="nav-wrapper"><ul class="nav">
			<li><a class="button nav-first" href="//pokemonshowdown.com/"><img src="//pokemonshowdown.com/images/pokemonshowdownbeta.png" srcset="//pokemonshowdown.com/images/pokemonshowdownbeta.png 1x, //pokemonshowdown.com/images/pokemonshowdownbeta@2x.png 2x" alt="Pok&eacute;mon Showdown" width="146" height="44" /> Home</a></li>
			<li><a class="button" href="//pokemonshowdown.com/dex/">Pok&eacute;dex</a></li>
			<li><a class="button cur" href="/">Replays</a></li>
			<li><a class="button" href="//pokemonshowdown.com/ladder/">Ladder</a></li>
			<li><a class="button nav-last" href="//pokemonshowdown.com/forums/">Forum</a></li>
			<li><a class="button greenbutton nav-first nav-last" href="//play.pokemonshowdown.com/">Play</a></li>
		</ul></div>
	</header>

	<div class="main" id="main">

		<noscript><section class="section">You need to enable JavaScript to use this page; sorry!</section></noscript>

	</div>

</div>

<script defer nomodule src="//play.pokemonshowdown.com/js/lib/ps-polyfill.js"></script>
<script defer src="//play.pokemonshowdown.com/js/lib/preact.min.js"></script>

<script defer src="//play.pokemonshowdown.com/config/config.js?2bddbc15"></script>
<script defer src="//play.pokemonshowdown.com/js/lib/jquery-1.11.0.min.js"></script>
<script defer src="//play.pokemonshowdown.com/js/lib/html-sanitizer-minified.js"></script>
<script defer src="//play.pokemonshowdown.com/js/battle-sound.js"></script>
<script defer src="//play.pokemonshowdown.com/js/battledata.js?0.7209276989879541"></script>
<script defer src="//play.pokemonshowdown.com/data/pokedex-mini.js?0.6111056340867951"></script>
<script defer src="//play.pokemonshowdown.com/data/pokedex-mini-bw.js?0.3532142036491459"></script>
<script defer src="//play.pokemonshowdown.com/data/graphics.js?0.24223875632456182"></script>
<script defer src="//play.pokemonshowdown.com/data/pokedex.js?0.38839984266356864"></script>
<script defer src="//play.pokemonshowdown.com/data/moves.js?0.21866028504024015"></script>
<script defer src="//play.pokemonshowdown.com/data/abilities.js?0.2005157953846628"></script>
<script defer src="//play.pokemonshowdown.com/data/items.js?0.9894211263848525"></script>
<script defer src="//play.pokemonshowdown.com/data/teambuilder-tables.js?0.6008791140282215"></script>
<script defer src="//play.pokemonshowdown.com/js/battle-tooltips.js?0.7580118955022959"></script>
<script defer src="//play.pokemonshowdown.com/js/battle.js?0.6057722274234274"></script>

<script defer src="js/utils.js?e31f9a17"></script>
<script defer src="js/replays-battle.js?7008c182"></script>

<!-- don't scrape this data! just add .json or .log after the URL!
Full API docs: https://github.com/smogon/pokemon-showdown-client/blob/master/WEB-API.md -->
<script type="text/plain" class="log" id="replaylog-smogtours-gen3ou-803308">
|inactive|Battle timer is ON: inactive players will automatically lose when time's up.
|t:|1730233126
|gametype|singles
|player|p1|Quarante8|pilot|
|player|p2|blavand|1|
|teamsize|p1|6
|teamsize|p2|6
|gen|3
|tier|[Gen 3] OU
|rule|Sleep Clause Mod: Limit one foe put to sleep
|rule|Switch Priority Clause Mod: Faster Pokémon switch first
|rule|Species Clause: Limit one of each Pokémon
|rule|OHKO Clause: OHKO moves are banned
|rule|Evasion Items Clause: Evasion items are banned
|rule|Evasion Moves Clause: Evasion moves are banned
|rule|Endless Battle Clause: Forcing endless battles is banned
|rule|HP Percentage Mod: HP is shown in percentages
|rule|One Boost Passer Clause: Limit one Baton Passer that has a way to boost its stats
|rule|Freeze Clause Mod: Limit one foe frozen
|
|t:|1730233126
|start
|switch|p1a: Router Start|Tyranitar, F|100/100
|switch|p2a: Salamence|Salamence, M|100/100
|-ability|p2a: Salamence|Intimidate|boost
|-unboost|p1a: Router Start|atk|1
|-weather|Sandstorm|[from] ability: Sand Stream|[of] p1a: Router Start
|turn|1
|
|t:|1730233139
|switch|p2a: Hariyama|Hariyama, M|100/100
|switch|p1a: Engage Machine|Skarmory, M|100/100
|
|-weather|Sandstorm|[upkeep]
|-damage|p2a: Hariyama|94/100|[from] Sandstorm
|-heal|p2a: Hariyama|100/100|[from] item: Leftovers
|upkeep
|turn|2
|c|☆blavand|glhf
|
|t:|1730233146
|move|p1a: Engage Machine|Drill Peck|p2a: Hariyama
|-supereffective|p2a: Hariyama
|-damage|p2a: Hariyama|58/100
|move|p2a: Hariyama|Knock Off|p1a: Engage Machine
|-resisted|p1a: Engage Machine
|-damage|p1a: Engage Machine|99/100
|-enditem|p1a: Engage Machine|Leftovers|[from] move: Knock Off|[of] p2a: Hariyama
|-hint|In Gens 3-4, Knock Off only makes the target's item unusable; it cannot obtain a new item.
|
|-weather|Sandstorm|[upkeep]
|-damage|p2a: Hariyama|52/100|[from] Sandstorm
|-heal|p2a: Hariyama|58/100|[from] item: Leftovers
|upkeep
|turn|3
|
|t:|1730233151
|-singleturn|p2a: Hariyama|move: Focus Punch
|move|p1a: Engage Machine|Spikes|p2a: Hariyama
|-sidestart|p2: blavand|Spikes
|move|p2a: Hariyama|Focus Punch|p1a: Engage Machine
|-damage|p1a: Engage Machine|43/100
|
|-weather|Sandstorm|[upkeep]
|-damage|p2a: Hariyama|52/100|[from] Sandstorm
|-heal|p2a: Hariyama|58/100|[from] item: Leftovers
|upkeep
|turn|4
|
|t:|1730233161
|switch|p2a: Jirachi|Jirachi|100/100
|-damage|p2a: Jirachi|88/100|[from] Spikes
|move|p1a: Engage Machine|Drill Peck|p2a: Jirachi
|-resisted|p2a: Jirachi
|-damage|p2a: Jirachi|81/100
|
|-weather|Sandstorm|[upkeep]
|-heal|p2a: Jirachi|87/100|[from] item: Leftovers
|upkeep
|turn|5
|
|t:|1730233167
|switch|p1a: In the Way|Blissey, F|100/100
|move|p2a: Jirachi|Toxic|p1a: In the Way|[miss]
|-miss|p2a: Jirachi|p1a: In the Way
|
|-weather|Sandstorm|[upkeep]
|-damage|p1a: In the Way|94/100|[from] Sandstorm
|-heal|p2a: Jirachi|94/100|[from] item: Leftovers
|-heal|p1a: In the Way|100/100|[from] item: Leftovers
|upkeep
|turn|6
|
|t:|1730233171
|move|p2a: Jirachi|Wish|p2a: Jirachi
|move|p1a: In the Way|Calm Mind|p1a: In the Way
|-boost|p1a: In the Way|spa|1
|-boost|p1a: In the Way|spd|1
|
|-weather|Sandstorm|[upkeep]
|-damage|p1a: In the Way|94/100|[from] Sandstorm
|-heal|p2a: Jirachi|99/100|[from] item: Leftovers
|-heal|p1a: In the Way|100/100|[from] item: Leftovers
|upkeep
|turn|7
|
|t:|1730233175
|switch|p2a: Hariyama|Hariyama, M|58/100
|-damage|p2a: Hariyama|45/100|[from] Spikes
|move|p1a: In the Way|Thunderbolt|p2a: Hariyama
|-damage|p2a: Hariyama|10/100
|
|-heal|p2a: Hariyama|60/100|[from] move: Wish|[wisher] Jirachi
|-weather|Sandstorm|[upkeep]
|-damage|p1a: In the Way|94/100|[from] Sandstorm
|-damage|p2a: Hariyama|54/100|[from] Sandstorm
|-heal|p1a: In the Way|100/100|[from] item: Leftovers
|-heal|p2a: Hariyama|60/100|[from] item: Leftovers
|upkeep
|turn|8
|
|t:|1730233181
|move|p1a: In the Way|Ice Beam|p2a: Hariyama
|-damage|p2a: Hariyama|24/100
|move|p2a: Hariyama|Brick Break|p1a: In the Way
|-supereffective|p1a: In the Way
|-damage|p1a: In the Way|26/100
|
|-weather|Sandstorm|[upkeep]
|-damage|p1a: In the Way|20/100|[from] Sandstorm
|-damage|p2a: Hariyama|18/100|[from] Sandstorm
|-heal|p1a: In the Way|26/100|[from] item: Leftovers
|-heal|p2a: Hariyama|24/100|[from] item: Leftovers
|upkeep
|turn|9
|
|t:|1730233192
|move|p1a: In the Way|Thunderbolt|p2a: Hariyama
|-damage|p2a: Hariyama|0 fnt
|faint|p2a: Hariyama
|inactive|blavand has 270 seconds left.
|
|t:|1730233230
|switch|p2a: Claydol|Claydol|100/100
|
|-weather|Sandstorm|[upkeep]
|-damage|p1a: In the Way|20/100|[from] Sandstorm
|-heal|p1a: In the Way|26/100|[from] item: Leftovers
|upkeep
|turn|10
|
|t:|1730233241
|switch|p1a: Engage Machine|Skarmory, M|43/100
|move|p2a: Claydol|Earthquake|p1a: Engage Machine
|-immune|p1a: Engage Machine
|
|-weather|Sandstorm|[upkeep]
|upkeep
|turn|11
|
|t:|1730233245
|move|p2a: Claydol|Rapid Spin|p1a: Engage Machine
|-resisted|p1a: Engage Machine
|-crit|p1a: Engage Machine
|-damage|p1a: Engage Machine|40/100
|-sideend|p2: blavand|Spikes|[from] move: Rapid Spin|[of] p2a: Claydol
|move|p1a: Engage Machine|Spikes|p2a: Claydol
|-sidestart|p2: blavand|Spikes
|
|-weather|Sandstorm|[upkeep]
|upkeep
|turn|12
|
|t:|1730233251
|move|p2a: Claydol|Rapid Spin|p1a: Engage Machine
|-resisted|p1a: Engage Machine
|-damage|p1a: Engage Machine|39/100
|-sideend|p2: blavand|Spikes|[from] move: Rapid Spin|[of] p2a: Claydol
|move|p1a: Engage Machine|Drill Peck|p2a: Claydol
|-damage|p2a: Claydol|75/100
|
|-weather|Sandstorm|[upkeep]
|-heal|p2a: Claydol|81/100|[from] item: Leftovers
|upkeep
|turn|13
|
|t:|1730233265
|switch|p2a: Jirachi|Jirachi|99/100
|move|p1a: Engage Machine|Spikes|p2a: Jirachi
|-sidestart|p2: blavand|Spikes
|
|-weather|Sandstorm|[upkeep]
|-heal|p2a: Jirachi|100/100|[from] item: Leftovers
|upkeep
|turn|14
|
|t:|1730233273
|switch|p2a: Claydol|Claydol|81/100
|switch|p1a: In the Way|Blissey, F|26/100
|
|-weather|Sandstorm|[upkeep]
|-damage|p1a: In the Way|20/100|[from] Sandstorm
|-heal|p2a: Claydol|87/100|[from] item: Leftovers
|-heal|p1a: In the Way|26/100|[from] item: Leftovers
|upkeep
|turn|15
|
|t:|1730233281
|switch|p1a: Spice of Life|Jirachi|100/100
|move|p2a: Claydol|Earthquake|p1a: Spice of Life
|-supereffective|p1a: Spice of Life
|-damage|p1a: Spice of Life|63/100
|
|-weather|Sandstorm|[upkeep]
|-heal|p1a: Spice of Life|70/100|[from] item: Leftovers
|-heal|p2a: Claydol|94/100|[from] item: Leftovers
|upkeep
|turn|16
|
|t:|1730233291
|move|p1a: Spice of Life|Toxic|p2a: Claydol
|-status|p2a: Claydol|tox
|move|p2a: Claydol|Rapid Spin|p1a: Spice of Life
|-resisted|p1a: Spice of Life
|-damage|p1a: Spice of Life|68/100
|-sideend|p2: blavand|Spikes|[from] move: Rapid Spin|[of] p2a: Claydol
|
|-weather|Sandstorm|[upkeep]
|-heal|p1a: Spice of Life|74/100|[from] item: Leftovers
|-heal|p2a: Claydol|99/100 tox|[from] item: Leftovers
|-damage|p2a: Claydol|94/100 tox|[from] psn
|upkeep
|turn|17
|
|t:|1730233302
|switch|p2a: Jirachi|Jirachi|100/100
|move|p1a: Spice of Life|Wish|p1a: Spice of Life
|
|-weather|Sandstorm|[upkeep]
|-heal|p1a: Spice of Life|80/100|[from] item: Leftovers
|upkeep
|turn|18
|
|t:|1730233306
|switch|p1a: In the Way|Blissey, F|26/100
|move|p2a: Jirachi|Fire Punch|p1a: In the Way
|-damage|p1a: In the Way|20/100
|-status|p1a: In the Way|brn
|
|-heal|p1a: In the Way|69/100 brn|[from] move: Wish|[wisher] Spice of Life
|-weather|Sandstorm|[upkeep]
|-damage|p1a: In the Way|63/100 brn|[from] Sandstorm
|-heal|p1a: In the Way|69/100 brn|[from] item: Leftovers
|-damage|p1a: In the Way|57/100 brn|[from] brn
|upkeep
|turn|19
|
|t:|1730233320
|switch|p2a: Suicune|Suicune|100/100
|move|p1a: In the Way|Soft-Boiled|p1a: In the Way
|-heal|p1a: In the Way|100/100 brn
|
|-weather|Sandstorm|[upkeep]
|-damage|p2a: Suicune|94/100|[from] Sandstorm
|-damage|p1a: In the Way|94/100 brn|[from] Sandstorm
|-heal|p2a: Suicune|100/100|[from] item: Leftovers
|-heal|p1a: In the Way|100/100 brn|[from] item: Leftovers
|-damage|p1a: In the Way|88/100 brn|[from] brn
|upkeep
|turn|20
|
|t:|1730233328
|-curestatus|p1a: In the Way|brn|[from] ability: Natural Cure
|switch|p1a: Spice of Life|Jirachi|80/100
|move|p2a: Suicune|Calm Mind|p2a: Suicune
|-boost|p2a: Suicune|spa|1
|-boost|p2a: Suicune|spd|1
|
|-weather|Sandstorm|[upkeep]
|-damage|p2a: Suicune|94/100|[from] Sandstorm
|-heal|p1a: Spice of Life|87/100|[from] item: Leftovers
|-heal|p2a: Suicune|100/100|[from] item: Leftovers
|upkeep
|turn|21
|inactive|blavand has 270 seconds left.
|inactive|blavand has 240 seconds left.
|
|t:|1730233395
|move|p1a: Spice of Life|Toxic|p2a: Suicune
|-status|p2a: Suicune|tox
|move|p2a: Suicune|Surf|p1a: Spice of Life
|-damage|p1a: Spice of Life|47/100
|
|-weather|Sandstorm|[upkeep]
|-damage|p2a: Suicune|94/100 tox|[from] Sandstorm
|-heal|p1a: Spice of Life|53/100|[from] item: Leftovers
|-heal|p2a: Suicune|100/100 tox|[from] item: Leftovers
|-damage|p2a: Suicune|94/100 tox|[from] psn
|upkeep
|turn|22
|inactive|blavand has 240 seconds left.
|inactive|blavand has 210 seconds left.
|
|t:|1730233430
|switch|p2a: Blissey|Blissey, F|100/100
|move|p1a: Spice of Life|Wish|p1a: Spice of Life
|
|-weather|Sandstorm|[upkeep]
|-damage|p2a: Blissey|94/100|[from] Sandstorm
|-heal|p1a: Spice of Life|59/100|[from] item: Leftovers
|-heal|p2a: Blissey|100/100|[from] item: Leftovers
|upkeep
|turn|23
|
|t:|1730233442
|move|p1a: Spice of Life|Toxic|p2a: Blissey
|-status|p2a: Blissey|tox
|move|p2a: Blissey|Aromatherapy|p2a: Blissey
|-cureteam|p2a: Blissey|[from] move: Aromatherapy
|
|-heal|p1a: Spice of Life|100/100|[from] move: Wish|[wisher] Spice of Life
|-weather|Sandstorm|[upkeep]
|-damage|p2a: Blissey|94/100|[from] Sandstorm
|-heal|p2a: Blissey|100/100|[from] item: Leftovers
|upkeep
|turn|24
|
|t:|1730233448
|switch|p2a: Jirachi|Jirachi|100/100
|move|p1a: Spice of Life|Wish|p1a: Spice of Life
|
|-weather|Sandstorm|[upkeep]
|upkeep
|turn|25
|
|t:|1730233455
|switch|p1a: In the Way|Blissey, F|88/100
|move|p2a: Jirachi|Fire Punch|p1a: In the Way
|-damage|p1a: In the Way|81/100
|
|-heal|p1a: In the Way|100/100|[from] move: Wish|[wisher] Spice of Life
|-weather|Sandstorm|[upkeep]
|-damage|p1a: In the Way|94/100|[from] Sandstorm
|-heal|p1a: In the Way|100/100|[from] item: Leftovers
|upkeep
|turn|26
|
|t:|1730233464
|move|p2a: Jirachi|Toxic|p1a: In the Way
|-status|p1a: In the Way|tox
|move|p1a: In the Way|Ice Beam|p2a: Jirachi
|-resisted|p2a: Jirachi
|-damage|p2a: Jirachi|90/100
|
|-weather|Sandstorm|[upkeep]
|-damage|p1a: In the Way|94/100 tox|[from] Sandstorm
|-heal|p2a: Jirachi|96/100|[from] item: Leftovers
|-heal|p1a: In the Way|100/100 tox|[from] item: Leftovers
|-damage|p1a: In the Way|94/100 tox|[from] psn
|upkeep
|turn|27
|
|t:|1730233471
|move|p2a: Jirachi|Fire Punch|p1a: In the Way
|-damage|p1a: In the Way|88/100 tox
|move|p1a: In the Way|Ice Beam|p2a: Jirachi
|-resisted|p2a: Jirachi
|-damage|p2a: Jirachi|86/100
|-status|p2a: Jirachi|frz
|
|-weather|Sandstorm|[upkeep]
|-damage|p1a: In the Way|82/100 tox|[from] Sandstorm
|-heal|p2a: Jirachi|93/100 frz|[from] item: Leftovers
|-heal|p1a: In the Way|88/100 tox|[from] item: Leftovers
|-damage|p1a: In the Way|75/100 tox|[from] psn
|upkeep
|turn|28
|
|t:|1730233480
|-curestatus|p1a: In the Way|tox|[from] ability: Natural Cure
|switch|p1a: Router Start|Tyranitar, F|100/100
|cant|p2a: Jirachi|frz
|
|-weather|Sandstorm|[upkeep]
|-heal|p2a: Jirachi|99/100 frz|[from] item: Leftovers
|upkeep
|turn|29
|
|t:|1730233488
|-singleturn|p1a: Router Start|move: Focus Punch
|switch|p2a: Suicune|Suicune|94/100
|move|p1a: Router Start|Focus Punch|p2a: Suicune
|-damage|p2a: Suicune|59/100
|
|-weather|Sandstorm|[upkeep]
|-damage|p2a: Suicune|53/100|[from] Sandstorm
|-heal|p2a: Suicune|59/100|[from] item: Leftovers
|upkeep
|turn|30
|inactive|blavand has 270 seconds left.
|
|t:|1730233497
|switch|p1a: In the Way|Blissey, F|75/100
|move|p2a: Suicune|Calm Mind|p2a: Suicune
|-boost|p2a: Suicune|spa|1
|-boost|p2a: Suicune|spd|1
|
|-weather|Sandstorm|[upkeep]
|-damage|p2a: Suicune|53/100|[from] Sandstorm
|-damage|p1a: In the Way|69/100|[from] Sandstorm
|-heal|p2a: Suicune|59/100|[from] item: Leftovers
|-heal|p1a: In the Way|75/100|[from] item: Leftovers
|upkeep
|turn|31
|
|t:|1730233502
|move|p2a: Suicune|Calm Mind|p2a: Suicune
|-boost|p2a: Suicune|spa|1
|-boost|p2a: Suicune|spd|1
|move|p1a: In the Way|Calm Mind|p1a: In the Way
|-boost|p1a: In the Way|spa|1
|-boost|p1a: In the Way|spd|1
|
|-weather|Sandstorm|[upkeep]
|-damage|p2a: Suicune|53/100|[from] Sandstorm
|-damage|p1a: In the Way|69/100|[from] Sandstorm
|-heal|p2a: Suicune|59/100|[from] item: Leftovers
|-heal|p1a: In the Way|75/100|[from] item: Leftovers
|upkeep
|turn|32
|
|t:|1730233506
|move|p2a: Suicune|Calm Mind|p2a: Suicune
|-boost|p2a: Suicune|spa|1
|-boost|p2a: Suicune|spd|1
|move|p1a: In the Way|Thunderbolt|p2a: Suicune
|-supereffective|p2a: Suicune
|-damage|p2a: Suicune|34/100
|
|-weather|Sandstorm|[upkeep]
|-damage|p2a: Suicune|28/100|[from] Sandstorm
|-damage|p1a: In the Way|69/100|[from] Sandstorm
|-heal|p2a: Suicune|34/100|[from] item: Leftovers
|-heal|p1a: In the Way|75/100|[from] item: Leftovers
|upkeep
|turn|33
|
|t:|1730233514
|move|p2a: Suicune|Rest|p2a: Suicune
|-status|p2a: Suicune|slp|[from] move: Rest
|-heal|p2a: Suicune|100/100 slp|[silent]
|move|p1a: In the Way|Calm Mind|p1a: In the Way
|-boost|p1a: In the Way|spa|1
|-boost|p1a: In the Way|spd|1
|
|-weather|Sandstorm|[upkeep]
|-damage|p2a: Suicune|94/100 slp|[from] Sandstorm
|-damage|p1a: In the Way|69/100|[from] Sandstorm
|-heal|p2a: Suicune|100/100 slp|[from] item: Leftovers
|-heal|p1a: In the Way|75/100|[from] item: Leftovers
|upkeep
|turn|34
|
|t:|1730233518
|cant|p2a: Suicune|slp
|move|p1a: In the Way|Thunderbolt|p2a: Suicune
|-supereffective|p2a: Suicune
|-crit|p2a: Suicune
|-damage|p2a: Suicune|0 fnt
|faint|p2a: Suicune
|c|☆blavand|gg
|-message|blavand forfeited.
|
|win|Quarante8
|player|p1|
|player|p2|
|player|p2|blavand|1|

</script>
<script type="application/json" class="data" id="replaydata-smogtours-gen3ou-803308">
{"id":"smogtours-gen3ou-803308","format":"[Gen 3] OU","players":["Quarante8","blavand"],"uploadtime":1730233533,"views":93,"formatid":"gen3ou","rating":null,"private":0,"password":null}
</script>

<script defer src="js/replays.js?9d40a366"></script>
