<!DOCTYPE html>
<meta charset="utf-8" />
<meta name="viewport" content="width=device-width" />

<title>[Gen 3] OU: EtymonLegomenon vs. PuruglyIsUgly - Replays - Pok&eacute;mon Showdown!</title>

<meta name="description" content="Watch a replay of a Pok&eacute;mon battle between EtymonLegomenon and PuruglyIsUgly! Format: [Gen 3] OU; Date: Oct 10, 2024" />
<!--

Hey, you! Looking in the source for the replay log?

You can find them in JSON format, just add `.json` at the end of a replay URL.

https://replay.pokemonshowdown.com/gen7randomdoublesbattle-865046831.json

Or, if you only need the log itself, add `.log` instead:

https://replay.pokemonshowdown.com/gen7randomdoublesbattle-865046831.log

-->

<link rel="stylesheet" href="//pokemonshowdown.com/style/global.css?0.023195364461161105" />
<link rel="stylesheet" href="//play.pokemonshowdown.com/style/font-awesome.css?0.13261647063804238" />
<link rel="stylesheet" href="//play.pokemonshowdown.com/style/battle.css?0.8753245789963631" />
<link rel="stylesheet" href="//play.pokemonshowdown.com/style/utilichart.css?0.8627959624976733" />

<!-- Global site tag (gtag.js) - Google Analytics -->
<script async src="https://www.googletagmanager.com/gtag/js?id=UA-26211653-1"></script>
<script>
  window.dataLayer = window.dataLayer || [];
  function gtag(){dataLayer.push(arguments);}
  gtag('js', new Date());

  gtag('config', 'UA-26211653-1');
</script>
<!-- End Google Analytics -->
<!-- Venatus Ad Manager - Install in <HEAD> of page -->
	<script src="https://hb.vntsm.com/v3/live/ad-manager.min.js" type="text/javascript" data-site-id="642aba63ec9a7b11c3c9c1be" data-mode="scan" async></script>
<!-- / Venatus Ad Manager -->

<style>
	@media (max-width:820px) {
		.battle {
			margin: 0 auto;
		}
		.battle-log {
			margin: 7px auto 0;
			max-width: 640px;
			height: 300px;
			position: static;
		}
	}
	.optgroup {
		display: inline-block;
		line-height: 22px;
		font-size: 10pt;
	}
	.optgroup .button {
		height: 25px;
		padding-top: 0;
		padding-bottom: 0;
	}
	.optgroup button.button {
		padding-left: 12px;
		padding-right: 12px;
	}
	.linklist {
		list-style: none;
		margin: 0.5em 0;
		padding: 0;
	}
	.linklist li {
		padding: 2px 0;
	}
	.sidebar {
		float: left;
		width: 320px;
	}
	.bar-wrapper {
		max-width: 1100px;
		margin: 0 auto;
	}
	.bar-wrapper.has-sidebar {
		max-width: 1430px;
	}
	.mainbar {
		margin: 0;
		padding-right: 1px;
	}
	.mainbar.has-sidebar {
		margin-left: 330px;
	}
	@media (min-width: 1511px) {
		.sidebar {
			width: 400px;
		}
		.bar-wrapper.has-sidebar {
			max-width: 1510px;
		}
		.mainbar.has-sidebar {
			margin-left: 410px;
		}
	}
	.section.first-section {
		margin-top: 9px;
	}
	.blocklink small {
		white-space: normal;
	}
	.button {
		vertical-align: middle;
	}
	.replay-controls {
		padding-top: 10px;
	}
	.replay-controls h1 {
		font-size: 16pt;
		font-weight: normal;
		color: #CCC;
	}
	.pagelink {
		text-align: center;
	}
	.pagelink a {
		width: 150px;
	}
	.textbox, .button {
		font-size: 11pt;
		vertical-align: middle;
	}
	@media (max-width: 450px) {
		.button {
			font-size: 9pt;
		}
	}
</style>

<div>

	<header>
		<div class="nav-wrapper"><ul class="nav">
			<li><a class="button nav-first" href="//pokemonshowdown.com/"><img src="//pokemonshowdown.com/images/pokemonshowdownbeta.png" srcset="//pokemonshowdown.com/images/pokemonshowdownbeta.png 1x, //pokemonshowdown.com/images/pokemonshowdownbeta@2x.png 2x" alt="Pok&eacute;mon Showdown" width="146" height="44" /> Home</a></li>
			<li><a class="button" href="//pokemonshowdown.com/dex/">Pok&eacute;dex</a></li>
			<li><a class="button cur" href="/">Replays</a></li>
			<li><a class="button" href="//pokemonshowdown.com/ladder/">Ladder</a></li>
			<li><a class="button nav-last" href="//pokemonshowdown.com/forums/">Forum</a></li>
			<li><a class="button greenbutton nav-first nav-last" href="//play.pokemonshowdown.com/">Play</a></li>
		</ul></div>
	</header>

	<div class="main" id="main">

		<noscript><section class="section">You need to enable JavaScript to use this page; sorry!</section></noscript>

	</div>

</div>

<script defer nomodule src="//play.pokemonshowdown.com/js/lib/ps-polyfill.js"></script>
<script defer src="//play.pokemonshowdown.com/js/lib/preact.min.js"></script>

<script defer src="//play.pokemonshowdown.com/config/config.js?2bddbc15"></script>
<script defer src="//play.pokemonshowdown.com/js/lib/jquery-1.11.0.min.js"></script>
<script defer src="//play.pokemonshowdown.com/js/lib/html-sanitizer-minified.js"></script>
<script defer src="//play.pokemonshowdown.com/js/battle-sound.js"></script>
<script defer src="//play.pokemonshowdown.com/js/battledata.js?0.7209276989879541"></script>
<script defer src="//play.pokemonshowdown.com/data/pokedex-mini.js?0.6111056340867951"></script>
<script defer src="//play.pokemonshowdown.com/data/pokedex-mini-bw.js?0.3532142036491459"></script>
<script defer src="//play.pokemonshowdown.com/data/graphics.js?0.24223875632456182"></script>
<script defer src="//play.pokemonshowdown.com/data/pokedex.js?0.38839984266356864"></script>
<script defer src="//play.pokemonshowdown.com/data/moves.js?0.21866028504024015"></script>
<script defer src="//play.pokemonshowdown.com/data/abilities.js?0.2005157953846628"></script>
<script defer src="//play.pokemonshowdown.com/data/items.js?0.9894211263848525"></script>
<script defer src="//play.pokemonshowdown.com/data/teambuilder-tables.js?0.6008791140282215"></script>
<script defer src="//play.pokemonshowdown.com/js/battle-tooltips.js?0.7580118955022959"></script>
<script defer src="//play.pokemonshowdown.com/js/battle.js?0.6057722274234274"></script>

<script defer src="js/utils.js?e31f9a17"></script>
<script defer src="js/replays-battle.js?7008c182"></script>

<!-- don't scrape this data! just add .json or .log after the URL!
Full API docs: https://github.com/smogon/pokemon-showdown-client/blob/master/WEB-API.md -->
<script type="text/plain" class="log" id="replaylog-smogtours-gen3ou-797062">
|inactive|Battle timer is ON: inactive players will automatically lose when time's up.
|t:|1728600162
|gametype|singles
|player|p1|EtymonLegomenon|juan|
|player|p2|PuruglyIsUgly|101|
|teamsize|p1|6
|teamsize|p2|6
|gen|3
|tier|[Gen 3] OU
|rule|Sleep Clause Mod: Limit one foe put to sleep
|rule|Switch Priority Clause Mod: Faster Pokémon switch first
|rule|Species Clause: Limit one of each Pokémon
|rule|OHKO Clause: OHKO moves are banned
|rule|Evasion Items Clause: Evasion items are banned
|rule|Evasion Moves Clause: Evasion moves are banned
|rule|Endless Battle Clause: Forcing endless battles is banned
|rule|HP Percentage Mod: HP is shown in percentages
|rule|One Boost Passer Clause: Limit one Baton Passer that has a way to boost its stats
|rule|Freeze Clause Mod: Limit one foe frozen
|
|t:|1728600162
|start
|switch|p1a: RaptorialHassle|Zapdos|100/100
|switch|p2a: Slaking|Slaking, F|100/100
|turn|1
|c|☆PuruglyIsUgly|hf
|
|t:|1728600188
|switch|p1a: IronBrian|Metagross|100/100
|move|p2a: Slaking|Frustration|p1a: IronBrian
|-resisted|p1a: IronBrian
|-damage|p1a: IronBrian|59/100
|
|upkeep
|turn|2
|c|☆EtymonLegomenon|Good Luck. Have Fun.
|
|t:|1728600201
|switch|p2a: Magneton|Magneton|100/100
|move|p1a: IronBrian|Explosion|p2a: Magneton
|-resisted|p2a: Magneton
|-damage|p2a: Magneton|0 fnt
|faint|p1a: IronBrian
|faint|p2a: Magneton
|
|t:|1728600218
|switch|p2a: Slaking|Slaking, F|100/100
|switch|p1a: DockyardImpetus|Snorlax, F|100/100
|
|upkeep
|turn|3
|
|t:|1728600226
|move|p2a: Slaking|Frustration|p1a: DockyardImpetus
|-damage|p1a: DockyardImpetus|5/100
|move|p1a: DockyardImpetus|Self-Destruct|p2a: Slaking
|-damage|p2a: Slaking|0 fnt
|faint|p1a: DockyardImpetus
|faint|p2a: Slaking
|
|t:|1728600235
|switch|p2a: Umbreon|Umbreon, M|100/100
|switch|p1a: RaptorialHassle|Zapdos|100/100
|
|upkeep
|turn|4
|
|t:|1728600244
|move|p1a: RaptorialHassle|Agility|p1a: RaptorialHassle
|-boost|p1a: RaptorialHassle|spe|2
|move|p2a: Umbreon|Toxic|p1a: RaptorialHassle
|-status|p1a: RaptorialHassle|tox
|
|-damage|p1a: RaptorialHassle|94/100 tox|[from] psn
|upkeep
|turn|5
|
|t:|1728600256
|move|p1a: RaptorialHassle|Baton Pass|p1a: RaptorialHassle
|
|t:|1728600258
|switch|p1a: BrazilTeambuilding|Breloom, F|100/100|[from] Baton Pass
|move|p2a: Umbreon|Wish|p2a: Umbreon
|
|upkeep
|turn|6
|
|t:|1728600267
|switch|p2a: Salamence|Salamence, M|100/100
|-ability|p2a: Salamence|Intimidate|boost
|-unboost|p1a: BrazilTeambuilding|atk|1
|move|p1a: BrazilTeambuilding|Substitute|p1a: BrazilTeambuilding
|-start|p1a: BrazilTeambuilding|Substitute
|-damage|p1a: BrazilTeambuilding|76/100
|
|-heal|p1a: BrazilTeambuilding|82/100|[from] item: Leftovers
|upkeep
|turn|7
|
|t:|1728600275
|switch|p2a: Umbreon|Umbreon, M|100/100
|move|p1a: BrazilTeambuilding|Spore|p2a: Umbreon
|-status|p2a: Umbreon|slp|[from] move: Spore
|
|-heal|p1a: BrazilTeambuilding|88/100|[from] item: Leftovers
|upkeep
|turn|8
|
|t:|1728600279
|-singleturn|p1a: BrazilTeambuilding|move: Focus Punch
|switch|p2a: Salamence|Salamence, M|100/100
|move|p1a: BrazilTeambuilding|Focus Punch|p2a: Salamence
|-resisted|p2a: Salamence
|-damage|p2a: Salamence|83/100
|
|-heal|p1a: BrazilTeambuilding|94/100|[from] item: Leftovers
|-heal|p2a: Salamence|89/100|[from] item: Leftovers
|upkeep
|turn|9
|
|t:|1728600288
|move|p1a: BrazilTeambuilding|Leech Seed|p2a: Salamence
|-start|p2a: Salamence|move: Leech Seed
|move|p2a: Salamence|Wish|p2a: Salamence
|
|-heal|p1a: BrazilTeambuilding|99/100|[from] item: Leftovers
|-heal|p2a: Salamence|95/100|[from] item: Leftovers
|-damage|p2a: Salamence|83/100|[from] Leech Seed|[of] p1a: BrazilTeambuilding
|-heal|p1a: BrazilTeambuilding|100/100|[silent]
|upkeep
|turn|10
|
|t:|1728600299
|-singleturn|p1a: BrazilTeambuilding|move: Focus Punch
|switch|p2a: Celebi|Celebi|100/100
|move|p1a: BrazilTeambuilding|Focus Punch|p2a: Celebi
|-resisted|p2a: Celebi
|-damage|p2a: Celebi|78/100
|
|-heal|p2a: Celebi|100/100|[from] move: Wish|[wisher] Salamence
|upkeep
|turn|11
|
|t:|1728600310
|-singleturn|p1a: BrazilTeambuilding|move: Focus Punch
|move|p2a: Celebi|Heal Bell|p2a: Celebi
|-activate|p2a: Celebi|move: Heal Bell
|-curestatus|p2: Umbreon|slp|[silent]
|move|p1a: BrazilTeambuilding|Focus Punch|p2a: Celebi
|-resisted|p2a: Celebi
|-damage|p2a: Celebi|77/100
|
|-heal|p2a: Celebi|84/100|[from] item: Leftovers
|upkeep
|turn|12
|
|t:|1728600318
|move|p1a: BrazilTeambuilding|Spore|p2a: Celebi
|-status|p2a: Celebi|slp|[from] move: Spore
|cant|p2a: Celebi|slp
|
|-heal|p2a: Celebi|90/100 slp|[from] item: Leftovers
|upkeep
|turn|13
|
|t:|1728600324
|-singleturn|p1a: BrazilTeambuilding|move: Focus Punch
|-curestatus|p2a: Celebi|slp|[from] ability: Natural Cure
|switch|p2a: Salamence|Salamence, M|83/100
|move|p1a: BrazilTeambuilding|Focus Punch|p2a: Salamence
|-resisted|p2a: Salamence
|-damage|p2a: Salamence|64/100
|
|-heal|p2a: Salamence|70/100|[from] item: Leftovers
|upkeep
|turn|14
|
|t:|1728600332
|-singleturn|p1a: BrazilTeambuilding|move: Focus Punch
|move|p2a: Salamence|Wish|p2a: Salamence
|move|p1a: BrazilTeambuilding|Focus Punch|p2a: Salamence
|-resisted|p2a: Salamence
|-damage|p2a: Salamence|52/100
|
|-heal|p2a: Salamence|59/100|[from] item: Leftovers
|upkeep
|turn|15
|
|t:|1728600337
|move|p1a: BrazilTeambuilding|Spore|p2a: Salamence
|-status|p2a: Salamence|slp|[from] move: Spore
|cant|p2a: Salamence|slp
|
|-heal|p2a: Salamence|100/100 slp|[from] move: Wish|[wisher] Salamence
|upkeep
|turn|16
|
|t:|1728600348
|switch|p1a: CanineEncumberance|Suicune|100/100
|switch|p2a: Celebi|Celebi|90/100
|
|-heal|p2a: Celebi|96/100|[from] item: Leftovers
|upkeep
|turn|17
|
|t:|1728600354
|move|p2a: Celebi|Leech Seed|p1a: CanineEncumberance
|-start|p1a: CanineEncumberance|move: Leech Seed
|move|p1a: CanineEncumberance|Calm Mind|p1a: CanineEncumberance
|-boost|p1a: CanineEncumberance|spa|1
|-boost|p1a: CanineEncumberance|spd|1
|
|-heal|p2a: Celebi|100/100|[from] item: Leftovers
|-damage|p1a: CanineEncumberance|88/100|[from] Leech Seed|[of] p2a: Celebi
|upkeep
|turn|18
|
|t:|1728600368
|switch|p1a: SandyLastWeek|Tyranitar, F|100/100
|-weather|Sandstorm|[from] ability: Sand Stream|[of] p1a: SandyLastWeek
|move|p2a: Celebi|Baton Pass|p2a: Celebi
|
|t:|1728600373
|switch|p2a: Swampert|Swampert, M|100/100|[from] Baton Pass
|
|-weather|Sandstorm|[upkeep]
|upkeep
|turn|19
|
|t:|1728600381
|switch|p1a: RaptorialHassle|Zapdos|94/100 tox
|move|p2a: Swampert|Earthquake|p1a: RaptorialHassle
|-immune|p1a: RaptorialHassle
|
|-weather|Sandstorm|[upkeep]
|-damage|p1a: RaptorialHassle|88/100 tox|[from] Sandstorm
|-heal|p1a: RaptorialHassle|94/100 tox|[from] item: Leftovers
|-damage|p1a: RaptorialHassle|88/100 tox|[from] psn
|upkeep
|turn|20
|
|t:|1728600385
|switch|p2a: Celebi|Celebi|100/100
|move|p1a: RaptorialHassle|Hidden Power|p2a: Celebi
|-resisted|p2a: Celebi
|-damage|p2a: Celebi|95/100
|
|-weather|Sandstorm|[upkeep]
|-damage|p1a: RaptorialHassle|82/100 tox|[from] Sandstorm
|-damage|p2a: Celebi|89/100|[from] Sandstorm
|-heal|p1a: RaptorialHassle|88/100 tox|[from] item: Leftovers
|-damage|p1a: RaptorialHassle|76/100 tox|[from] psn
|-heal|p2a: Celebi|95/100|[from] item: Leftovers
|upkeep
|turn|21
|
|t:|1728600391
|move|p1a: RaptorialHassle|Baton Pass|p1a: RaptorialHassle
|
|t:|1728600399
|switch|p1a: SandyLastWeek|Tyranitar, F|100/100|[from] Baton Pass
|move|p2a: Celebi|Heal Bell|p2a: Celebi
|-activate|p2a: Celebi|move: Heal Bell
|-curestatus|p2: Salamence|slp|[silent]
|
|-weather|Sandstorm|[upkeep]
|-damage|p2a: Celebi|89/100|[from] Sandstorm
|-heal|p2a: Celebi|95/100|[from] item: Leftovers
|upkeep
|turn|22
|
|t:|1728600406
|switch|p2a: Salamence|Salamence, M|100/100
|-ability|p2a: Salamence|Intimidate|boost
|-unboost|p1a: SandyLastWeek|atk|1
|move|p1a: SandyLastWeek|Crunch|p2a: Salamence
|-damage|p2a: Salamence|61/100
|-unboost|p2a: Salamence|spd|1
|
|-weather|Sandstorm|[upkeep]
|-damage|p2a: Salamence|55/100|[from] Sandstorm
|-heal|p2a: Salamence|61/100|[from] item: Leftovers
|upkeep
|turn|23
|
|t:|1728600418
|move|p2a: Salamence|Wish|p2a: Salamence
|move|p1a: SandyLastWeek|Crunch|p2a: Salamence
|-damage|p2a: Salamence|8/100
|
|-weather|Sandstorm|[upkeep]
|-damage|p2a: Salamence|2/100|[from] Sandstorm
|-heal|p2a: Salamence|8/100|[from] item: Leftovers
|upkeep
|turn|24
|
|t:|1728600429
|move|p2a: Salamence|Earthquake|p1a: SandyLastWeek
|-supereffective|p1a: SandyLastWeek
|-damage|p1a: SandyLastWeek|51/100
|move|p1a: SandyLastWeek|Pursuit|p2a: Salamence
|-damage|p2a: Salamence|0 fnt
|faint|p2a: Salamence
|
|t:|1728600436
|switch|p2a: Swampert|Swampert, M|100/100
|
|-weather|Sandstorm|[upkeep]
|-heal|p1a: SandyLastWeek|57/100|[from] item: Leftovers
|upkeep
|turn|25
|
|t:|1728600447
|switch|p1a: CanineEncumberance|Suicune|88/100
|move|p2a: Swampert|Toxic|p1a: CanineEncumberance
|-status|p1a: CanineEncumberance|tox
|
|-weather|Sandstorm|[upkeep]
|-damage|p1a: CanineEncumberance|82/100 tox|[from] Sandstorm
|-heal|p1a: CanineEncumberance|88/100 tox|[from] item: Leftovers
|-damage|p1a: CanineEncumberance|82/100 tox|[from] psn
|upkeep
|turn|26
|
|t:|1728600452
|move|p1a: CanineEncumberance|Calm Mind|p1a: CanineEncumberance
|-boost|p1a: CanineEncumberance|spa|1
|-boost|p1a: CanineEncumberance|spd|1
|move|p2a: Swampert|Earthquake|p1a: CanineEncumberance
|-damage|p1a: CanineEncumberance|59/100 tox
|
|-weather|Sandstorm|[upkeep]
|-damage|p1a: CanineEncumberance|52/100 tox|[from] Sandstorm
|-heal|p1a: CanineEncumberance|59/100 tox|[from] item: Leftovers
|-damage|p1a: CanineEncumberance|46/100 tox|[from] psn
|upkeep
|turn|27
|
|t:|1728600460
|move|p1a: CanineEncumberance|Rest|p1a: CanineEncumberance
|-status|p1a: CanineEncumberance|slp|[from] move: Rest
|-heal|p1a: CanineEncumberance|100/100 slp|[silent]
|move|p2a: Swampert|Roar|p1a: CanineEncumberance
|drag|p1a: SandyLastWeek|Tyranitar, F|57/100
|
|-weather|Sandstorm|[upkeep]
|-heal|p1a: SandyLastWeek|63/100|[from] item: Leftovers
|upkeep
|turn|28
|
|t:|1728600473
|move|p1a: SandyLastWeek|Crunch|p2a: Swampert
|-damage|p2a: Swampert|65/100
|-unboost|p2a: Swampert|spd|1
|move|p2a: Swampert|Earthquake|p1a: SandyLastWeek
|-supereffective|p1a: SandyLastWeek
|-damage|p1a: SandyLastWeek|0 fnt
|faint|p1a: SandyLastWeek
|
|t:|1728600477
|switch|p1a: CanineEncumberance|Suicune|100/100 slp
|
|-weather|Sandstorm|[upkeep]
|-damage|p1a: CanineEncumberance|94/100 slp|[from] Sandstorm
|-heal|p1a: CanineEncumberance|100/100 slp|[from] item: Leftovers
|-heal|p2a: Swampert|71/100|[from] item: Leftovers
|upkeep
|turn|29
|
|t:|1728600484
|switch|p2a: Celebi|Celebi|95/100
|cant|p1a: CanineEncumberance|slp
|move|p1a: CanineEncumberance|Sleep Talk|p1a: CanineEncumberance
|move|p1a: CanineEncumberance|Calm Mind|p1a: CanineEncumberance|[from]Sleep Talk
|-boost|p1a: CanineEncumberance|spa|1
|-boost|p1a: CanineEncumberance|spd|1
|
|-weather|Sandstorm|[upkeep]
|-damage|p2a: Celebi|89/100|[from] Sandstorm
|-damage|p1a: CanineEncumberance|94/100 slp|[from] Sandstorm
|-heal|p2a: Celebi|95/100|[from] item: Leftovers
|-heal|p1a: CanineEncumberance|100/100 slp|[from] item: Leftovers
|upkeep
|turn|30
|
|t:|1728600494
|switch|p1a: BrazilTeambuilding|Breloom, F|100/100
|move|p2a: Celebi|Leech Seed|p1a: BrazilTeambuilding
|-immune|p1a: BrazilTeambuilding
|
|-weather|Sandstorm|[upkeep]
|-damage|p1a: BrazilTeambuilding|94/100|[from] Sandstorm
|-damage|p2a: Celebi|89/100|[from] Sandstorm
|-heal|p1a: BrazilTeambuilding|100/100|[from] item: Leftovers
|-heal|p2a: Celebi|95/100|[from] item: Leftovers
|upkeep
|turn|31
|
|t:|1728600500
|switch|p2a: Umbreon|Umbreon, M|100/100
|move|p1a: BrazilTeambuilding|Spore|p2a: Umbreon
|-status|p2a: Umbreon|slp|[from] move: Spore
|
|-weather|Sandstorm|[upkeep]
|-damage|p1a: BrazilTeambuilding|94/100|[from] Sandstorm
|-damage|p2a: Umbreon|94/100 slp|[from] Sandstorm
|-heal|p1a: BrazilTeambuilding|100/100|[from] item: Leftovers
|-heal|p2a: Umbreon|100/100 slp|[from] item: Leftovers
|upkeep
|turn|32
|
|t:|1728600510
|-singleturn|p1a: BrazilTeambuilding|move: Focus Punch
|switch|p2a: Celebi|Celebi|95/100
|move|p1a: BrazilTeambuilding|Focus Punch|p2a: Celebi
|-resisted|p2a: Celebi
|-damage|p2a: Celebi|64/100
|
|-weather|Sandstorm|[upkeep]
|-damage|p1a: BrazilTeambuilding|94/100|[from] Sandstorm
|-damage|p2a: Celebi|58/100|[from] Sandstorm
|-heal|p1a: BrazilTeambuilding|100/100|[from] item: Leftovers
|-heal|p2a: Celebi|64/100|[from] item: Leftovers
|upkeep
|turn|33
|
|t:|1728600523
|move|p1a: BrazilTeambuilding|Substitute|p1a: BrazilTeambuilding
|-start|p1a: BrazilTeambuilding|Substitute
|-damage|p1a: BrazilTeambuilding|76/100
|move|p2a: Celebi|Hidden Power|p1a: BrazilTeambuilding
|-resisted|p1a: BrazilTeambuilding
|-end|p1a: BrazilTeambuilding|Substitute
|
|-weather|Sandstorm|[upkeep]
|-damage|p1a: BrazilTeambuilding|70/100|[from] Sandstorm
|-damage|p2a: Celebi|58/100|[from] Sandstorm
|-heal|p1a: BrazilTeambuilding|76/100|[from] item: Leftovers
|-heal|p2a: Celebi|64/100|[from] item: Leftovers
|upkeep
|turn|34
|
|t:|1728600530
|switch|p1a: CanineEncumberance|Suicune|100/100 slp
|move|p2a: Celebi|Hidden Power|p1a: CanineEncumberance
|-supereffective|p1a: CanineEncumberance
|-damage|p1a: CanineEncumberance|58/100 slp
|
|-weather|Sandstorm|[upkeep]
|-damage|p2a: Celebi|58/100|[from] Sandstorm
|-damage|p1a: CanineEncumberance|52/100 slp|[from] Sandstorm
|-heal|p2a: Celebi|64/100|[from] item: Leftovers
|-heal|p1a: CanineEncumberance|58/100 slp|[from] item: Leftovers
|upkeep
|turn|35
|
|t:|1728600533
|switch|p1a: RaptorialHassle|Zapdos|76/100 tox
|move|p2a: Celebi|Hidden Power|p1a: RaptorialHassle
|-resisted|p1a: RaptorialHassle
|-damage|p1a: RaptorialHassle|65/100 tox
|
|-weather|Sandstorm|[upkeep]
|-damage|p1a: RaptorialHassle|59/100 tox|[from] Sandstorm
|-damage|p2a: Celebi|58/100|[from] Sandstorm
|-heal|p1a: RaptorialHassle|65/100 tox|[from] item: Leftovers
|-damage|p1a: RaptorialHassle|59/100 tox|[from] psn
|-heal|p2a: Celebi|64/100|[from] item: Leftovers
|upkeep
|turn|36
|
|t:|1728600543
|move|p1a: RaptorialHassle|Thunderbolt|p2a: Celebi
|-resisted|p2a: Celebi
|-damage|p2a: Celebi|53/100
|move|p2a: Celebi|Heal Bell|p2a: Celebi
|-activate|p2a: Celebi|move: Heal Bell
|-curestatus|p2: Umbreon|slp|[silent]
|
|-weather|Sandstorm|[upkeep]
|-damage|p1a: RaptorialHassle|53/100 tox|[from] Sandstorm
|-damage|p2a: Celebi|47/100|[from] Sandstorm
|-heal|p1a: RaptorialHassle|59/100 tox|[from] item: Leftovers
|-damage|p1a: RaptorialHassle|47/100 tox|[from] psn
|-heal|p2a: Celebi|53/100|[from] item: Leftovers
|upkeep
|turn|37
|
|t:|1728600556
|move|p1a: RaptorialHassle|Thunderbolt|p2a: Celebi
|-resisted|p2a: Celebi
|-damage|p2a: Celebi|39/100
|move|p2a: Celebi|Leech Seed|p1a: RaptorialHassle
|-start|p1a: RaptorialHassle|move: Leech Seed
|
|-weather|Sandstorm|[upkeep]
|-damage|p1a: RaptorialHassle|41/100 tox|[from] Sandstorm
|-damage|p2a: Celebi|33/100|[from] Sandstorm
|-heal|p1a: RaptorialHassle|47/100 tox|[from] item: Leftovers
|-damage|p1a: RaptorialHassle|34/100 tox|[from] Leech Seed|[of] p2a: Celebi
|-heal|p2a: Celebi|45/100|[silent]
|-damage|p1a: RaptorialHassle|16/100 tox|[from] psn
|-heal|p2a: Celebi|51/100|[from] item: Leftovers
|upkeep
|turn|38
|
|t:|1728600567
|switch|p2a: Umbreon|Umbreon, M|100/100
|move|p1a: RaptorialHassle|Thunderbolt|p2a: Umbreon
|-damage|p2a: Umbreon|82/100
|
|-weather|Sandstorm|[upkeep]
|-damage|p1a: RaptorialHassle|10/100 tox|[from] Sandstorm
|-damage|p2a: Umbreon|76/100|[from] Sandstorm
|-heal|p1a: RaptorialHassle|16/100 tox|[from] item: Leftovers
|-damage|p1a: RaptorialHassle|4/100 tox|[from] Leech Seed|[of] p2a: Umbreon
|-heal|p2a: Umbreon|88/100|[silent]
|-damage|p1a: RaptorialHassle|0 fnt|[from] psn
|faint|p1a: RaptorialHassle
|-heal|p2a: Umbreon|94/100|[from] item: Leftovers
|upkeep
|
|t:|1728600570
|switch|p1a: BrazilTeambuilding|Breloom, F|76/100
|turn|39
|
|t:|1728600579
|-singleturn|p1a: BrazilTeambuilding|move: Focus Punch
|move|p2a: Umbreon|Wish|p2a: Umbreon
|move|p1a: BrazilTeambuilding|Focus Punch|p2a: Umbreon
|-supereffective|p2a: Umbreon
|-damage|p2a: Umbreon|0 fnt
|faint|p2a: Umbreon
|
|t:|1728600582
|switch|p2a: Celebi|Celebi|51/100
|
|-weather|Sandstorm|[upkeep]
|-damage|p1a: BrazilTeambuilding|70/100|[from] Sandstorm
|-damage|p2a: Celebi|45/100|[from] Sandstorm
|-heal|p1a: BrazilTeambuilding|76/100|[from] item: Leftovers
|-heal|p2a: Celebi|51/100|[from] item: Leftovers
|upkeep
|turn|40
|
|t:|1728600585
|move|p1a: BrazilTeambuilding|Spore|p2a: Celebi
|-status|p2a: Celebi|slp|[from] move: Spore
|cant|p2a: Celebi|slp
|
|-heal|p2a: Celebi|100/100 slp|[from] move: Wish|[wisher] Umbreon
|-weather|Sandstorm|[upkeep]
|-damage|p1a: BrazilTeambuilding|70/100|[from] Sandstorm
|-damage|p2a: Celebi|94/100 slp|[from] Sandstorm
|-heal|p1a: BrazilTeambuilding|76/100|[from] item: Leftovers
|-heal|p2a: Celebi|100/100 slp|[from] item: Leftovers
|upkeep
|turn|41
|
|t:|1728600591
|switch|p1a: CanineEncumberance|Suicune|58/100 slp
|-curestatus|p2a: Celebi|slp|[from] ability: Natural Cure
|switch|p2a: Swampert|Swampert, M|71/100
|
|-weather|Sandstorm|[upkeep]
|-damage|p1a: CanineEncumberance|52/100 slp|[from] Sandstorm
|-heal|p1a: CanineEncumberance|58/100 slp|[from] item: Leftovers
|-heal|p2a: Swampert|77/100|[from] item: Leftovers
|upkeep
|turn|42
|
|t:|1728600598
|switch|p2a: Celebi|Celebi|100/100
|cant|p1a: CanineEncumberance|slp
|
|-weather|Sandstorm|[upkeep]
|-damage|p2a: Celebi|94/100|[from] Sandstorm
|-damage|p1a: CanineEncumberance|52/100 slp|[from] Sandstorm
|-heal|p2a: Celebi|100/100|[from] item: Leftovers
|-heal|p1a: CanineEncumberance|58/100 slp|[from] item: Leftovers
|upkeep
|turn|43
|
|t:|1728600602
|move|p2a: Celebi|Hidden Power|p1a: CanineEncumberance
|-supereffective|p1a: CanineEncumberance
|-damage|p1a: CanineEncumberance|21/100 slp
|cant|p1a: CanineEncumberance|slp
|move|p1a: CanineEncumberance|Sleep Talk|p1a: CanineEncumberance
|move|p1a: CanineEncumberance|Calm Mind|p1a: CanineEncumberance|[from]Sleep Talk
|-boost|p1a: CanineEncumberance|spa|1
|-boost|p1a: CanineEncumberance|spd|1
|
|-weather|Sandstorm|[upkeep]
|-damage|p2a: Celebi|94/100|[from] Sandstorm
|-damage|p1a: CanineEncumberance|15/100 slp|[from] Sandstorm
|-heal|p2a: Celebi|100/100|[from] item: Leftovers
|-heal|p1a: CanineEncumberance|21/100 slp|[from] item: Leftovers
|upkeep
|turn|44
|
|t:|1728600618
|move|p2a: Celebi|Hidden Power|p1a: CanineEncumberance
|-supereffective|p1a: CanineEncumberance
|-damage|p1a: CanineEncumberance|0 fnt
|faint|p1a: CanineEncumberance
|
|t:|1728600619
|switch|p1a: BrazilTeambuilding|Breloom, F|76/100
|
|-weather|Sandstorm|[upkeep]
|-damage|p1a: BrazilTeambuilding|70/100|[from] Sandstorm
|-damage|p2a: Celebi|94/100|[from] Sandstorm
|-heal|p1a: BrazilTeambuilding|76/100|[from] item: Leftovers
|-heal|p2a: Celebi|100/100|[from] item: Leftovers
|upkeep
|turn|45
|
|t:|1728600624
|switch|p2a: Swampert|Swampert, M|77/100
|move|p1a: BrazilTeambuilding|Spore|p2a: Swampert
|-status|p2a: Swampert|slp|[from] move: Spore
|
|-weather|Sandstorm|[upkeep]
|-damage|p1a: BrazilTeambuilding|70/100|[from] Sandstorm
|-heal|p1a: BrazilTeambuilding|76/100|[from] item: Leftovers
|-heal|p2a: Swampert|83/100 slp|[from] item: Leftovers
|upkeep
|turn|46
|
|t:|1728600627
|-singleturn|p1a: BrazilTeambuilding|move: Focus Punch
|switch|p2a: Celebi|Celebi|100/100
|move|p1a: BrazilTeambuilding|Focus Punch|p2a: Celebi
|-resisted|p2a: Celebi
|-damage|p2a: Celebi|68/100
|
|-weather|Sandstorm|[upkeep]
|-damage|p1a: BrazilTeambuilding|70/100|[from] Sandstorm
|-damage|p2a: Celebi|62/100|[from] Sandstorm
|-heal|p1a: BrazilTeambuilding|76/100|[from] item: Leftovers
|-heal|p2a: Celebi|68/100|[from] item: Leftovers
|upkeep
|turn|47
|
|t:|1728600634
|-singleturn|p1a: BrazilTeambuilding|move: Focus Punch
|move|p2a: Celebi|Hidden Power|p1a: BrazilTeambuilding
|-resisted|p1a: BrazilTeambuilding
|-damage|p1a: BrazilTeambuilding|47/100
|move|p1a: BrazilTeambuilding|Focus Punch||[still]
|cant|p1a: BrazilTeambuilding|Focus Punch|Focus Punch
|
|-weather|Sandstorm|[upkeep]
|-damage|p1a: BrazilTeambuilding|41/100|[from] Sandstorm
|-damage|p2a: Celebi|62/100|[from] Sandstorm
|-heal|p1a: BrazilTeambuilding|47/100|[from] item: Leftovers
|-heal|p2a: Celebi|68/100|[from] item: Leftovers
|upkeep
|turn|48
|
|t:|1728600638
|move|p1a: BrazilTeambuilding|Substitute|p1a: BrazilTeambuilding
|-start|p1a: BrazilTeambuilding|Substitute
|-damage|p1a: BrazilTeambuilding|23/100
|move|p2a: Celebi|Hidden Power|p1a: BrazilTeambuilding
|-resisted|p1a: BrazilTeambuilding
|-end|p1a: BrazilTeambuilding|Substitute
|
|-weather|Sandstorm|[upkeep]
|-damage|p1a: BrazilTeambuilding|17/100|[from] Sandstorm
|-damage|p2a: Celebi|62/100|[from] Sandstorm
|-heal|p1a: BrazilTeambuilding|23/100|[from] item: Leftovers
|-heal|p2a: Celebi|68/100|[from] item: Leftovers
|upkeep
|turn|49
|
|t:|1728600642
|-singleturn|p1a: BrazilTeambuilding|move: Focus Punch
|move|p2a: Celebi|Hidden Power|p1a: BrazilTeambuilding
|-resisted|p1a: BrazilTeambuilding
|-damage|p1a: BrazilTeambuilding|0 fnt
|faint|p1a: BrazilTeambuilding
|
|win|PuruglyIsUgly
|c|☆PuruglyIsUgly|gg

</script>
<script type="application/json" class="data" id="replaydata-smogtours-gen3ou-797062">
{"id":"smogtours-gen3ou-797062","format":"[Gen 3] OU","players":["EtymonLegomenon","PuruglyIsUgly"],"uploadtime":1728600642,"views":84,"formatid":"gen3ou","rating":null,"private":0,"password":null}
</script>

<script defer src="js/replays.js?9d40a366"></script>
