<!DOCTYPE html>
<meta charset="utf-8" />
<meta name="viewport" content="width=device-width" />

<title>[Gen 3] OU: Hummusfan vs. Halbert Simpson - Replays - Pok&eacute;mon Showdown!</title>

<meta name="description" content="Watch a replay of a Pok&eacute;mon battle between Hummusfan and Halbert Simpson! Format: [Gen 3] OU; Date: Oct 16, 2024" />
<!--

Hey, you! Looking in the source for the replay log?

You can find them in JSON format, just add `.json` at the end of a replay URL.

https://replay.pokemonshowdown.com/gen7randomdoublesbattle-865046831.json

Or, if you only need the log itself, add `.log` instead:

https://replay.pokemonshowdown.com/gen7randomdoublesbattle-865046831.log

-->

<link rel="stylesheet" href="//pokemonshowdown.com/style/global.css?0.023195364461161105" />
<link rel="stylesheet" href="//play.pokemonshowdown.com/style/font-awesome.css?0.13261647063804238" />
<link rel="stylesheet" href="//play.pokemonshowdown.com/style/battle.css?0.8753245789963631" />
<link rel="stylesheet" href="//play.pokemonshowdown.com/style/utilichart.css?0.8627959624976733" />

<!-- Global site tag (gtag.js) - Google Analytics -->
<script async src="https://www.googletagmanager.com/gtag/js?id=UA-26211653-1"></script>
<script>
  window.dataLayer = window.dataLayer || [];
  function gtag(){dataLayer.push(arguments);}
  gtag('js', new Date());

  gtag('config', 'UA-26211653-1');
</script>
<!-- End Google Analytics -->
<!-- Venatus Ad Manager - Install in <HEAD> of page -->
	<script src="https://hb.vntsm.com/v3/live/ad-manager.min.js" type="text/javascript" data-site-id="642aba63ec9a7b11c3c9c1be" data-mode="scan" async></script>
<!-- / Venatus Ad Manager -->

<style>
	@media (max-width:820px) {
		.battle {
			margin: 0 auto;
		}
		.battle-log {
			margin: 7px auto 0;
			max-width: 640px;
			height: 300px;
			position: static;
		}
	}
	.optgroup {
		display: inline-block;
		line-height: 22px;
		font-size: 10pt;
	}
	.optgroup .button {
		height: 25px;
		padding-top: 0;
		padding-bottom: 0;
	}
	.optgroup button.button {
		padding-left: 12px;
		padding-right: 12px;
	}
	.linklist {
		list-style: none;
		margin: 0.5em 0;
		padding: 0;
	}
	.linklist li {
		padding: 2px 0;
	}
	.sidebar {
		float: left;
		width: 320px;
	}
	.bar-wrapper {
		max-width: 1100px;
		margin: 0 auto;
	}
	.bar-wrapper.has-sidebar {
		max-width: 1430px;
	}
	.mainbar {
		margin: 0;
		padding-right: 1px;
	}
	.mainbar.has-sidebar {
		margin-left: 330px;
	}
	@media (min-width: 1511px) {
		.sidebar {
			width: 400px;
		}
		.bar-wrapper.has-sidebar {
			max-width: 1510px;
		}
		.mainbar.has-sidebar {
			margin-left: 410px;
		}
	}
	.section.first-section {
		margin-top: 9px;
	}
	.blocklink small {
		white-space: normal;
	}
	.button {
		vertical-align: middle;
	}
	.replay-controls {
		padding-top: 10px;
	}
	.replay-controls h1 {
		font-size: 16pt;
		font-weight: normal;
		color: #CCC;
	}
	.pagelink {
		text-align: center;
	}
	.pagelink a {
		width: 150px;
	}
	.textbox, .button {
		font-size: 11pt;
		vertical-align: middle;
	}
	@media (max-width: 450px) {
		.button {
			font-size: 9pt;
		}
	}
</style>

<div>

	<header>
		<div class="nav-wrapper"><ul class="nav">
			<li><a class="button nav-first" href="//pokemonshowdown.com/"><img src="//pokemonshowdown.com/images/pokemonshowdownbeta.png" srcset="//pokemonshowdown.com/images/pokemonshowdownbeta.png 1x, //pokemonshowdown.com/images/pokemonshowdownbeta@2x.png 2x" alt="Pok&eacute;mon Showdown" width="146" height="44" /> Home</a></li>
			<li><a class="button" href="//pokemonshowdown.com/dex/">Pok&eacute;dex</a></li>
			<li><a class="button cur" href="/">Replays</a></li>
			<li><a class="button" href="//pokemonshowdown.com/ladder/">Ladder</a></li>
			<li><a class="button nav-last" href="//pokemonshowdown.com/forums/">Forum</a></li>
			<li><a class="button greenbutton nav-first nav-last" href="//play.pokemonshowdown.com/">Play</a></li>
		</ul></div>
	</header>

	<div class="main" id="main">

		<noscript><section class="section">You need to enable JavaScript to use this page; sorry!</section></noscript>

	</div>

</div>

<script defer nomodule src="//play.pokemonshowdown.com/js/lib/ps-polyfill.js"></script>
<script defer src="//play.pokemonshowdown.com/js/lib/preact.min.js"></script>

<script defer src="//play.pokemonshowdown.com/config/config.js?2bddbc15"></script>
<script defer src="//play.pokemonshowdown.com/js/lib/jquery-1.11.0.min.js"></script>
<script defer src="//play.pokemonshowdown.com/js/lib/html-sanitizer-minified.js"></script>
<script defer src="//play.pokemonshowdown.com/js/battle-sound.js"></script>
<script defer src="//play.pokemonshowdown.com/js/battledata.js?0.7209276989879541"></script>
<script defer src="//play.pokemonshowdown.com/data/pokedex-mini.js?0.6111056340867951"></script>
<script defer src="//play.pokemonshowdown.com/data/pokedex-mini-bw.js?0.3532142036491459"></script>
<script defer src="//play.pokemonshowdown.com/data/graphics.js?0.24223875632456182"></script>
<script defer src="//play.pokemonshowdown.com/data/pokedex.js?0.38839984266356864"></script>
<script defer src="//play.pokemonshowdown.com/data/moves.js?0.21866028504024015"></script>
<script defer src="//play.pokemonshowdown.com/data/abilities.js?0.2005157953846628"></script>
<script defer src="//play.pokemonshowdown.com/data/items.js?0.9894211263848525"></script>
<script defer src="//play.pokemonshowdown.com/data/teambuilder-tables.js?0.6008791140282215"></script>
<script defer src="//play.pokemonshowdown.com/js/battle-tooltips.js?0.7580118955022959"></script>
<script defer src="//play.pokemonshowdown.com/js/battle.js?0.6057722274234274"></script>

<script defer src="js/utils.js?e31f9a17"></script>
<script defer src="js/replays-battle.js?7008c182"></script>

<!-- don't scrape this data! just add .json or .log after the URL!
Full API docs: https://github.com/smogon/pokemon-showdown-client/blob/master/WEB-API.md -->
<script type="text/plain" class="log" id="replaylog-smogtours-gen3ou-799151">
|inactive|Battle timer is ON: inactive players will automatically lose when time's up.
|t:|1729109272
|gametype|singles
|player|p1|Hummusfan|chuck|
|player|p2|Halbert Simpson|bugcatcher-gen4dp|
|teamsize|p1|6
|teamsize|p2|6
|gen|3
|tier|[Gen 3] OU
|rule|Sleep Clause Mod: Limit one foe put to sleep
|rule|Switch Priority Clause Mod: Faster Pokémon switch first
|rule|Species Clause: Limit one of each Pokémon
|rule|OHKO Clause: OHKO moves are banned
|rule|Evasion Items Clause: Evasion items are banned
|rule|Evasion Moves Clause: Evasion moves are banned
|rule|Endless Battle Clause: Forcing endless battles is banned
|rule|HP Percentage Mod: HP is shown in percentages
|rule|One Boost Passer Clause: Limit one Baton Passer that has a way to boost its stats
|rule|Freeze Clause Mod: Limit one foe frozen
|
|t:|1729109272
|start
|switch|p1a: Stekelvogel|Zapdos|100/100
|switch|p2a: P|Salamence, M|100/100
|-ability|p2a: P|Intimidate|boost
|-unboost|p1a: Stekelvogel|atk|1
|turn|1
|
|t:|1729109288
|switch|p1a: Piloot|Flygon, F|100/100
|switch|p2a: Z|Swampert, M|100/100
|
|upkeep
|turn|2
|
|t:|1729109301
|switch|p2a: !|Skarmory, F|100/100
|move|p1a: Piloot|Protect||[still]
|-fail|p1a: Piloot
|
|upkeep
|turn|3
|
|t:|1729109314
|move|p1a: Piloot|Flamethrower|p2a: !
|-supereffective|p2a: !
|-crit|p2a: !
|-damage|p2a: !|4/100
|-status|p2a: !|brn
|move|p2a: !|Spikes|p1a: Piloot
|-sidestart|p1: Hummusfan|Spikes
|
|-heal|p2a: !|10/100 brn|[from] item: Leftovers
|-damage|p2a: !|0 fnt|[from] brn
|faint|p2a: !
|upkeep
|inactive|Halbert Simpson has 270 seconds left.
|c|☆Hummusfan|lucky
|
|t:|1729109367
|switch|p2a: P|Salamence, M|100/100
|-ability|p2a: P|Intimidate|boost
|-unboost|p1a: Piloot|atk|1
|turn|4
|
|t:|1729109378
|move|p1a: Piloot|Dragon Claw|p2a: P
|-supereffective|p2a: P
|-damage|p2a: P|34/100
|move|p2a: P|Substitute|p2a: P
|-start|p2a: P|Substitute
|-damage|p2a: P|9/100
|
|-heal|p2a: P|15/100|[from] item: Leftovers
|upkeep
|turn|5
|
|t:|1729109388
|move|p1a: Piloot|Dragon Claw|p2a: P
|-supereffective|p2a: P
|-end|p2a: P|Substitute
|move|p2a: P|Dragon Claw|p1a: Piloot
|-supereffective|p1a: Piloot
|-damage|p1a: Piloot|0 fnt
|faint|p1a: Piloot
|
|t:|1729109406
|switch|p1a: Stekelvogel|Zapdos|100/100
|
|-heal|p2a: P|21/100|[from] item: Leftovers
|upkeep
|turn|6
|
|t:|1729109416
|switch|p2a: A|Celebi|100/100
|move|p1a: Stekelvogel|Thunderbolt|p2a: A
|-resisted|p2a: A
|-damage|p2a: A|79/100
|
|-heal|p2a: A|86/100|[from] item: Leftovers
|upkeep
|turn|7
|
|t:|1729109433
|move|p1a: Stekelvogel|Baton Pass|p1a: Stekelvogel
|
|t:|1729109436
|switch|p1a: Driemol|Dugtrio, M|100/100|[from] Baton Pass
|-damage|p1a: Driemol|88/100|[from] Spikes
|move|p2a: A|Toxic|p1a: Driemol
|-status|p1a: Driemol|tox
|
|-damage|p1a: Driemol|82/100 tox|[from] psn
|-heal|p2a: A|92/100|[from] item: Leftovers
|upkeep
|turn|8
|inactive|Halbert Simpson has 270 seconds left.
|inactive|Halbert Simpson has 240 seconds left.
|
|t:|1729109491
|move|p1a: Driemol|Hidden Power|p2a: A
|-supereffective|p2a: A
|-damage|p2a: A|34/100
|move|p2a: A|Recover|p2a: A
|-heal|p2a: A|84/100
|
|-damage|p1a: Driemol|71/100 tox|[from] psn
|-heal|p2a: A|90/100|[from] item: Leftovers
|upkeep
|turn|9
|
|t:|1729109504
|switch|p1a: Vuurvos|Flareon, M|100/100
|-damage|p1a: Vuurvos|88/100|[from] Spikes
|move|p2a: A|Recover|p2a: A
|-heal|p2a: A|100/100
|
|upkeep
|turn|10
|inactive|Hummusfan has 270 seconds left.
|
|t:|1729109556
|switch|p2a: Z.|Starmie|100/100
|move|p1a: Vuurvos|Overheat|p2a: Z.
|-resisted|p2a: Z.
|-damage|p2a: Z.|72/100
|-unboost|p1a: Vuurvos|spa|2
|
|-heal|p2a: Z.|78/100|[from] item: Leftovers
|upkeep
|turn|11
|inactive|Halbert Simpson has 240 seconds left.
|
|t:|1729109587
|switch|p2a: P|Salamence, M|21/100
|-ability|p2a: P|Intimidate|boost
|-unboost|p1a: Vuurvos|atk|1
|switch|p1a: Celebi|Celebi|100/100
|-damage|p1a: Celebi|88/100|[from] Spikes
|
|-heal|p2a: P|27/100|[from] item: Leftovers
|-heal|p1a: Celebi|94/100|[from] item: Leftovers
|upkeep
|turn|12
|inactive|Halbert Simpson has 210 seconds left.
|inactive|Hummusfan has 240 seconds left.
|
|t:|1729109625
|switch|p2a: A|Celebi|100/100
|move|p1a: Celebi|Psychic|p2a: A
|-resisted|p2a: A
|-damage|p2a: A|87/100
|
|-heal|p2a: A|93/100|[from] item: Leftovers
|-heal|p1a: Celebi|100/100|[from] item: Leftovers
|upkeep
|turn|13
|
|t:|1729109639
|switch|p2a: P|Salamence, M|27/100
|-ability|p2a: P|Intimidate|boost
|-unboost|p1a: Celebi|atk|1
|move|p1a: Celebi|Heal Bell|p1a: Celebi
|-activate|p1a: Celebi|move: Heal Bell
|-curestatus|p1: Driemol|tox|[silent]
|
|-heal|p2a: P|34/100|[from] item: Leftovers
|upkeep
|turn|14
|inactive|Halbert Simpson has 180 seconds left.
|inactive|Hummusfan has 240 seconds left.
|
|t:|1729109675
|switch|p2a: Z.|Starmie|78/100
|switch|p1a: Stekelvogel|Zapdos|100/100
|
|-heal|p2a: Z.|84/100|[from] item: Leftovers
|upkeep
|turn|15
|inactive|Hummusfan has 240 seconds left.
|
|t:|1729109688
|switch|p2a: Z|Swampert, M|100/100
|move|p1a: Stekelvogel|Baton Pass|p1a: Stekelvogel
|
|t:|1729109695
|switch|p1a: Celebi|Celebi|100/100|[from] Baton Pass
|-damage|p1a: Celebi|88/100|[from] Spikes
|
|-heal|p1a: Celebi|94/100|[from] item: Leftovers
|upkeep
|turn|16
|inactive|Hummusfan has 240 seconds left.
|inactive|Halbert Simpson has 180 seconds left.
|
|t:|1729109704
|switch|p2a: A|Celebi|93/100
|move|p1a: Celebi|Psychic|p2a: A
|-resisted|p2a: A
|-damage|p2a: A|80/100
|
|-heal|p2a: A|86/100|[from] item: Leftovers
|-heal|p1a: Celebi|100/100|[from] item: Leftovers
|upkeep
|turn|17
|inactive|Hummusfan has 240 seconds left.
|
|t:|1729109719
|switch|p1a: Driemol|Dugtrio, M|71/100
|-damage|p1a: Driemol|58/100|[from] Spikes
|move|p2a: A|Psychic|p1a: Driemol
|-damage|p1a: Driemol|6/100
|
|-heal|p2a: A|93/100|[from] item: Leftovers
|upkeep
|turn|18
|inactive|Hummusfan has 240 seconds left.
|
|t:|1729109731
|move|p1a: Driemol|Hidden Power|p2a: A
|-supereffective|p2a: A
|-damage|p2a: A|30/100
|move|p2a: A|Psychic|p1a: Driemol
|-crit|p1a: Driemol
|-damage|p1a: Driemol|0 fnt
|faint|p1a: Driemol
|
|t:|1729109746
|switch|p1a: Tingeltangel|Jirachi|100/100
|-damage|p1a: Tingeltangel|88/100|[from] Spikes
|
|-heal|p1a: Tingeltangel|94/100|[from] item: Leftovers
|-heal|p2a: A|36/100|[from] item: Leftovers
|upkeep
|turn|19
|
|t:|1729109764
|switch|p2a: P|Salamence, M|34/100
|-ability|p2a: P|Intimidate|boost
|-unboost|p1a: Tingeltangel|atk|1
|move|p1a: Tingeltangel|Calm Mind|p1a: Tingeltangel
|-boost|p1a: Tingeltangel|spa|1
|-boost|p1a: Tingeltangel|spd|1
|
|-heal|p1a: Tingeltangel|100/100|[from] item: Leftovers
|-heal|p2a: P|40/100|[from] item: Leftovers
|upkeep
|turn|20
|inactive|Hummusfan has 240 seconds left.
|
|t:|1729109782
|move|p1a: Tingeltangel|Body Slam|p2a: P
|-damage|p2a: P|26/100
|-status|p2a: P|par
|move|p2a: P|Flamethrower|p1a: Tingeltangel
|-supereffective|p1a: Tingeltangel
|-damage|p1a: Tingeltangel|64/100
|
|-heal|p1a: Tingeltangel|70/100|[from] item: Leftovers
|-heal|p2a: P|32/100 par|[from] item: Leftovers
|upkeep
|turn|21
|inactive|Hummusfan has 240 seconds left.
|inactive|Halbert Simpson has 180 seconds left.
|
|t:|1729109815
|switch|p1a: Vuurvos|Flareon, M|88/100
|-damage|p1a: Vuurvos|76/100|[from] Spikes
|switch|p2a: Z.|Starmie|84/100
|
|-heal|p2a: Z.|90/100|[from] item: Leftovers
|upkeep
|turn|22
|inactive|Halbert Simpson has 180 seconds left.
|
|t:|1729109826
|switch|p1a: Celebi|Celebi|100/100
|-damage|p1a: Celebi|88/100|[from] Spikes
|move|p2a: Z.|Surf|p1a: Celebi
|-resisted|p1a: Celebi
|-damage|p1a: Celebi|76/100
|
|-heal|p2a: Z.|96/100|[from] item: Leftovers
|-heal|p1a: Celebi|82/100|[from] item: Leftovers
|upkeep
|turn|23
|
|t:|1729109842
|switch|p2a: A|Celebi|36/100
|switch|p1a: Vuurvos|Flareon, M|76/100
|-damage|p1a: Vuurvos|64/100|[from] Spikes
|
|-heal|p2a: A|43/100|[from] item: Leftovers
|upkeep
|turn|24
|
|t:|1729109848
|switch|p2a: Z.|Starmie|96/100
|move|p1a: Vuurvos|Shadow Ball|p2a: Z.
|-supereffective|p2a: Z.
|-damage|p2a: Z.|0 fnt
|faint|p2a: Z.
|
|t:|1729109859
|switch|p2a: I|Hariyama, F|100/100
|
|upkeep
|turn|25
|
|t:|1729109868
|switch|p1a: Celebi|Celebi|82/100
|-damage|p1a: Celebi|70/100|[from] Spikes
|move|p2a: I|Brick Break|p1a: Celebi
|-resisted|p1a: Celebi
|-damage|p1a: Celebi|60/100
|
|-heal|p1a: Celebi|66/100|[from] item: Leftovers
|upkeep
|turn|26
|inactive|Hummusfan has 240 seconds left.
|
|t:|1729109879
|switch|p2a: A|Celebi|43/100
|move|p1a: Celebi|Psychic|p2a: A
|-resisted|p2a: A
|-damage|p2a: A|30/100
|-unboost|p2a: A|spd|1
|
|-heal|p2a: A|36/100|[from] item: Leftovers
|-heal|p1a: Celebi|73/100|[from] item: Leftovers
|upkeep
|turn|27
|inactive|Hummusfan has 240 seconds left.
|
|t:|1729109889
|switch|p1a: Vuurvos|Flareon, M|64/100
|-damage|p1a: Vuurvos|52/100|[from] Spikes
|move|p2a: A|Recover|p2a: A
|-heal|p2a: A|86/100
|
|-heal|p2a: A|93/100|[from] item: Leftovers
|upkeep
|turn|28
|inactive|Hummusfan has 240 seconds left.
|
|t:|1729109904
|switch|p2a: I|Hariyama, F|100/100
|move|p1a: Vuurvos|Return|p2a: I
|-damage|p2a: I|47/100
|
|-heal|p2a: I|53/100|[from] item: Leftovers
|upkeep
|turn|29
|inactive|Hummusfan has 240 seconds left.
|inactive|Halbert Simpson has 210 seconds left.
|
|t:|1729109924
|switch|p2a: Z|Swampert, M|100/100
|move|p1a: Vuurvos|Return|p2a: Z
|-damage|p2a: Z|55/100
|
|-heal|p2a: Z|61/100|[from] item: Leftovers
|upkeep
|turn|30
|
|t:|1729109932
|switch|p1a: Celebi|Celebi|73/100
|-damage|p1a: Celebi|60/100|[from] Spikes
|move|p2a: Z|Earthquake|p1a: Celebi
|-resisted|p1a: Celebi
|-damage|p1a: Celebi|47/100
|
|-heal|p1a: Celebi|53/100|[from] item: Leftovers
|-heal|p2a: Z|67/100|[from] item: Leftovers
|upkeep
|turn|31
|
|t:|1729109946
|switch|p1a: Stekelvogel|Zapdos|100/100
|switch|p2a: P|Salamence, M|32/100 par
|-ability|p2a: P|Intimidate|boost
|-unboost|p1a: Stekelvogel|atk|1
|
|-heal|p2a: P|38/100 par|[from] item: Leftovers
|upkeep
|turn|32
|
|t:|1729109953
|switch|p2a: Z|Swampert, M|67/100
|move|p1a: Stekelvogel|Hidden Power|p2a: Z
|-damage|p2a: Z|46/100
|
|-heal|p2a: Z|52/100|[from] item: Leftovers
|upkeep
|turn|33
|
|t:|1729109965
|move|p1a: Stekelvogel|Baton Pass|p1a: Stekelvogel
|
|t:|1729109969
|switch|p1a: Tingeltangel|Jirachi|70/100|[from] Baton Pass
|-damage|p1a: Tingeltangel|58/100|[from] Spikes
|move|p2a: Z|Ice Beam|p1a: Tingeltangel
|-resisted|p1a: Tingeltangel
|-crit|p1a: Tingeltangel
|-damage|p1a: Tingeltangel|38/100
|
|-heal|p1a: Tingeltangel|44/100|[from] item: Leftovers
|-heal|p2a: Z|59/100|[from] item: Leftovers
|upkeep
|turn|34
|
|t:|1729109979
|switch|p2a: A|Celebi|93/100
|move|p1a: Tingeltangel|Hidden Power|p2a: A
|-resisted|p2a: A
|-damage|p2a: A|84/100
|
|-heal|p1a: Tingeltangel|51/100|[from] item: Leftovers
|-heal|p2a: A|90/100|[from] item: Leftovers
|upkeep
|turn|35
|inactive|Hummusfan has 270 seconds left.
|
|t:|1729109990
|switch|p2a: I|Hariyama, F|53/100
|move|p1a: Tingeltangel|Calm Mind|p1a: Tingeltangel
|-boost|p1a: Tingeltangel|spa|1
|-boost|p1a: Tingeltangel|spd|1
|
|-heal|p1a: Tingeltangel|57/100|[from] item: Leftovers
|-heal|p2a: I|59/100|[from] item: Leftovers
|upkeep
|turn|36
|inactive|Hummusfan has 270 seconds left.
|
|t:|1729110016
|switch|p1a: Stekelvogel|Zapdos|100/100
|move|p2a: I|Knock Off|p1a: Stekelvogel
|-damage|p1a: Stekelvogel|97/100
|-enditem|p1a: Stekelvogel|Leftovers|[from] move: Knock Off|[of] p2a: I
|-hint|In Gens 3-4, Knock Off only makes the target's item unusable; it cannot obtain a new item.
|
|-heal|p2a: I|65/100|[from] item: Leftovers
|upkeep
|turn|37
|inactive|Halbert Simpson has 240 seconds left.
|
|t:|1729110026
|switch|p2a: Z|Swampert, M|59/100
|move|p1a: Stekelvogel|Hidden Power|p2a: Z
|-damage|p2a: Z|37/100
|
|-heal|p2a: Z|43/100|[from] item: Leftovers
|upkeep
|turn|38
|inactive|Halbert Simpson has 240 seconds left.
|
|t:|1729110054
|move|p1a: Stekelvogel|Hidden Power|p2a: Z
|-damage|p2a: Z|23/100
|move|p2a: Z|Earthquake|p1a: Stekelvogel
|-immune|p1a: Stekelvogel
|
|-heal|p2a: Z|30/100|[from] item: Leftovers
|upkeep
|turn|39
|
|t:|1729110061
|move|p1a: Stekelvogel|Baton Pass|p1a: Stekelvogel
|
|t:|1729110065
|switch|p1a: Tingeltangel|Jirachi|57/100|[from] Baton Pass
|-damage|p1a: Tingeltangel|44/100|[from] Spikes
|move|p2a: Z|Rest|p2a: Z
|-status|p2a: Z|slp|[from] move: Rest
|-heal|p2a: Z|100/100 slp|[silent]
|
|-heal|p1a: Tingeltangel|51/100|[from] item: Leftovers
|upkeep
|turn|40
|
|t:|1729110078
|switch|p2a: A|Celebi|90/100
|move|p1a: Tingeltangel|Calm Mind|p1a: Tingeltangel
|-boost|p1a: Tingeltangel|spa|1
|-boost|p1a: Tingeltangel|spd|1
|
|-heal|p1a: Tingeltangel|57/100|[from] item: Leftovers
|-heal|p2a: A|96/100|[from] item: Leftovers
|upkeep
|turn|41
|
|t:|1729110086
|move|p1a: Tingeltangel|Fire Punch|p2a: A
|-supereffective|p2a: A
|-damage|p2a: A|45/100
|move|p2a: A|Heal Bell|p2a: A
|-activate|p2a: A|move: Heal Bell
|-curestatus|p2: Z|slp|[silent]
|-curestatus|p2: P|par|[silent]
|
|-heal|p1a: Tingeltangel|63/100|[from] item: Leftovers
|-heal|p2a: A|51/100|[from] item: Leftovers
|upkeep
|turn|42
|
|t:|1729110097
|switch|p2a: P|Salamence, M|38/100
|-ability|p2a: P|Intimidate|boost
|-unboost|p1a: Tingeltangel|atk|1
|move|p1a: Tingeltangel|Calm Mind|p1a: Tingeltangel
|-boost|p1a: Tingeltangel|spa|1
|-boost|p1a: Tingeltangel|spd|1
|
|-heal|p1a: Tingeltangel|69/100|[from] item: Leftovers
|-heal|p2a: P|44/100|[from] item: Leftovers
|upkeep
|turn|43
|
|t:|1729110106
|move|p1a: Tingeltangel|Fire Punch|p2a: P
|-resisted|p2a: P
|-damage|p2a: P|20/100
|move|p2a: P|Flamethrower|p1a: Tingeltangel
|-supereffective|p1a: Tingeltangel
|-damage|p1a: Tingeltangel|39/100
|
|-heal|p1a: Tingeltangel|45/100|[from] item: Leftovers
|-heal|p2a: P|27/100|[from] item: Leftovers
|upkeep
|turn|44
|inactive|Hummusfan has 270 seconds left.
|
|t:|1729110130
|move|p1a: Tingeltangel|Fire Punch|p2a: P
|-resisted|p2a: P
|-damage|p2a: P|1/100
|move|p2a: P|Flamethrower|p1a: Tingeltangel
|-supereffective|p1a: Tingeltangel
|-crit|p1a: Tingeltangel
|-damage|p1a: Tingeltangel|0 fnt
|faint|p1a: Tingeltangel
|c|☆Hummusfan|:(
|
|t:|1729110140
|switch|p1a: Stekelvogel|Zapdos|97/100
|
|-heal|p2a: P|7/100|[from] item: Leftovers
|upkeep
|turn|45
|
|t:|1729110151
|switch|p2a: Z|Swampert, M|100/100
|move|p1a: Stekelvogel|Hidden Power|p2a: Z
|-damage|p2a: Z|81/100
|
|-heal|p2a: Z|87/100|[from] item: Leftovers
|upkeep
|turn|46
|
|t:|1729110166
|move|p1a: Stekelvogel|Baton Pass|p1a: Stekelvogel
|
|t:|1729110167
|switch|p1a: Vuurvos|Flareon, M|52/100|[from] Baton Pass
|-damage|p1a: Vuurvos|40/100|[from] Spikes
|move|p2a: Z|Ice Beam|p1a: Vuurvos
|-resisted|p1a: Vuurvos
|-damage|p1a: Vuurvos|28/100
|
|-heal|p2a: Z|94/100|[from] item: Leftovers
|upkeep
|turn|47
|inactive|Hummusfan has 270 seconds left.
|
|t:|1729110181
|switch|p2a: I|Hariyama, F|65/100
|move|p1a: Vuurvos|Return|p2a: I
|-damage|p2a: I|13/100
|
|-heal|p2a: I|19/100|[from] item: Leftovers
|upkeep
|turn|48
|
|t:|1729110188
|move|p1a: Vuurvos|Return|p2a: I
|-damage|p2a: I|0 fnt
|faint|p2a: I
|
|t:|1729110194
|switch|p2a: Z|Swampert, M|94/100
|
|-heal|p2a: Z|99/100|[from] item: Leftovers
|upkeep
|turn|49
|
|t:|1729110205
|move|p1a: Vuurvos|Return|p2a: Z
|-damage|p2a: Z|54/100
|move|p2a: Z|Ice Beam|p1a: Vuurvos
|-resisted|p1a: Vuurvos
|-crit|p1a: Vuurvos
|-damage|p1a: Vuurvos|6/100
|-status|p1a: Vuurvos|frz
|
|-heal|p2a: Z|61/100|[from] item: Leftovers
|upkeep
|turn|50
|
|t:|1729110218
|cant|p1a: Vuurvos|frz
|move|p2a: Z|Ice Beam|p1a: Vuurvos
|-resisted|p1a: Vuurvos
|-damage|p1a: Vuurvos|0 fnt
|faint|p1a: Vuurvos
|
|t:|1729110222
|switch|p1a: Celebi|Celebi|53/100
|-damage|p1a: Celebi|41/100|[from] Spikes
|
|-heal|p1a: Celebi|47/100|[from] item: Leftovers
|-heal|p2a: Z|67/100|[from] item: Leftovers
|upkeep
|turn|51
|
|t:|1729110228
|switch|p2a: A|Celebi|51/100
|move|p1a: Celebi|Recover|p1a: Celebi
|-heal|p1a: Celebi|97/100
|
|-heal|p2a: A|58/100|[from] item: Leftovers
|-heal|p1a: Celebi|100/100|[from] item: Leftovers
|upkeep
|turn|52
|
|t:|1729110234
|switch|p1a: Stekelvogel|Zapdos|97/100
|move|p2a: A|Recover|p2a: A
|-heal|p2a: A|100/100
|
|upkeep
|turn|53
|
|t:|1729110240
|move|p1a: Stekelvogel|Hidden Power|p2a: A
|-supereffective|p2a: A
|-damage|p2a: A|58/100
|move|p2a: A|Psychic|p1a: Stekelvogel
|-damage|p1a: Stekelvogel|63/100
|
|-heal|p2a: A|64/100|[from] item: Leftovers
|upkeep
|turn|54
|
|t:|1729110249
|switch|p2a: Z|Swampert, M|67/100
|move|p1a: Stekelvogel|Hidden Power|p2a: Z
|-damage|p2a: Z|47/100
|
|-heal|p2a: Z|54/100|[from] item: Leftovers
|upkeep
|turn|55
|
|t:|1729110261
|switch|p1a: Celebi|Celebi|100/100
|-damage|p1a: Celebi|88/100|[from] Spikes
|move|p2a: Z|Ice Beam|p1a: Celebi
|-supereffective|p1a: Celebi
|-damage|p1a: Celebi|55/100
|
|-heal|p1a: Celebi|62/100|[from] item: Leftovers
|-heal|p2a: Z|60/100|[from] item: Leftovers
|upkeep
|turn|56
|
|t:|1729110281
|switch|p2a: P|Salamence, M|7/100
|-ability|p2a: P|Intimidate|boost
|-unboost|p1a: Celebi|atk|1
|move|p1a: Celebi|Recover|p1a: Celebi
|-heal|p1a: Celebi|100/100
|
|-heal|p2a: P|13/100|[from] item: Leftovers
|upkeep
|turn|57
|
|t:|1729110289
|move|p2a: P|Flamethrower|p1a: Celebi
|-supereffective|p1a: Celebi
|-damage|p1a: Celebi|52/100
|move|p1a: Celebi|Psychic|p2a: P
|-damage|p2a: P|0 fnt
|faint|p2a: P
|
|t:|1729110294
|switch|p2a: A|Celebi|64/100
|
|-heal|p2a: A|70/100|[from] item: Leftovers
|-heal|p1a: Celebi|58/100|[from] item: Leftovers
|upkeep
|turn|58
|
|t:|1729110301
|move|p2a: A|Toxic|p1a: Celebi
|-status|p1a: Celebi|tox
|move|p1a: Celebi|Recover|p1a: Celebi
|-heal|p1a: Celebi|100/100 tox
|
|-heal|p2a: A|76/100|[from] item: Leftovers
|-damage|p1a: Celebi|94/100 tox|[from] psn
|upkeep
|turn|59
|
|t:|1729110313
|move|p2a: A|Psychic|p1a: Celebi
|-resisted|p1a: Celebi
|-damage|p1a: Celebi|83/100 tox
|move|p1a: Celebi|Heal Bell|p1a: Celebi
|-activate|p1a: Celebi|move: Heal Bell
|-curestatus|p1a: Celebi|tox|[silent]
|
|-heal|p2a: A|83/100|[from] item: Leftovers
|-heal|p1a: Celebi|89/100|[from] item: Leftovers
|upkeep
|turn|60
|
|t:|1729110335
|switch|p1a: Stekelvogel|Zapdos|63/100
|move|p2a: A|Toxic|p1a: Stekelvogel
|-status|p1a: Stekelvogel|tox
|
|-damage|p1a: Stekelvogel|56/100 tox|[from] psn
|-heal|p2a: A|89/100|[from] item: Leftovers
|upkeep
|turn|61
|
|t:|1729110346
|switch|p1a: Celebi|Celebi|89/100
|-damage|p1a: Celebi|76/100|[from] Spikes
|switch|p2a: Z|Swampert, M|60/100
|
|-heal|p1a: Celebi|83/100|[from] item: Leftovers
|-heal|p2a: Z|66/100|[from] item: Leftovers
|upkeep
|turn|62
|
|t:|1729110356
|switch|p2a: A|Celebi|89/100
|move|p1a: Celebi|Leech Seed|p2a: A
|-immune|p2a: A
|
|-heal|p2a: A|95/100|[from] item: Leftovers
|-heal|p1a: Celebi|89/100|[from] item: Leftovers
|upkeep
|turn|63
|
|t:|1729110373
|move|p2a: A|Recover|p2a: A
|-heal|p2a: A|100/100
|move|p1a: Celebi|Psychic|p2a: A
|-resisted|p2a: A
|-damage|p2a: A|88/100
|
|-heal|p2a: A|94/100|[from] item: Leftovers
|-heal|p1a: Celebi|95/100|[from] item: Leftovers
|upkeep
|turn|64
|inactive|Halbert Simpson has 270 seconds left.
|
|t:|1729110405
|move|p2a: A|Recover|p2a: A
|-heal|p2a: A|100/100
|move|p1a: Celebi|Psychic|p2a: A
|-resisted|p2a: A
|-damage|p2a: A|88/100
|
|-heal|p2a: A|94/100|[from] item: Leftovers
|-heal|p1a: Celebi|100/100|[from] item: Leftovers
|upkeep
|turn|65
|
|t:|1729110415
|switch|p2a: Z|Swampert, M|66/100
|move|p1a: Celebi|Recover||[still]
|-fail|p1a: Celebi|heal
|
|-heal|p2a: Z|72/100|[from] item: Leftovers
|upkeep
|turn|66
|
|t:|1729110420
|switch|p2a: A|Celebi|94/100
|move|p1a: Celebi|Leech Seed|p2a: A
|-immune|p2a: A
|
|-heal|p2a: A|100/100|[from] item: Leftovers
|upkeep
|turn|67
|
|t:|1729110426
|switch|p2a: Z|Swampert, M|72/100
|move|p1a: Celebi|Heal Bell|p1a: Celebi
|-activate|p1a: Celebi|move: Heal Bell
|-curestatus|p1: Stekelvogel|tox|[silent]
|
|-heal|p2a: Z|78/100|[from] item: Leftovers
|upkeep
|turn|68
|
|t:|1729110438
|switch|p2a: A|Celebi|100/100
|move|p1a: Celebi|Leech Seed|p2a: A
|-immune|p2a: A
|
|upkeep
|turn|69
|
|t:|1729110444
|move|p2a: A|Recover||[still]
|-fail|p2a: A|heal
|move|p1a: Celebi|Psychic|p2a: A
|-resisted|p2a: A
|-damage|p2a: A|87/100
|
|-heal|p2a: A|93/100|[from] item: Leftovers
|upkeep
|turn|70
|
|t:|1729110453
|switch|p2a: Z|Swampert, M|78/100
|move|p1a: Celebi|Recover||[still]
|-fail|p1a: Celebi|heal
|
|-heal|p2a: Z|85/100|[from] item: Leftovers
|upkeep
|turn|71
|
|t:|1729110456
|switch|p1a: Stekelvogel|Zapdos|56/100
|switch|p2a: A|Celebi|93/100
|
|-heal|p2a: A|99/100|[from] item: Leftovers
|upkeep
|turn|72
|
|t:|1729110467
|switch|p2a: Z|Swampert, M|85/100
|move|p1a: Stekelvogel|Hidden Power|p2a: Z
|-damage|p2a: Z|63/100
|
|-heal|p2a: Z|69/100|[from] item: Leftovers
|upkeep
|turn|73
|
|t:|1729110479
|switch|p1a: Celebi|Celebi|100/100
|-damage|p1a: Celebi|88/100|[from] Spikes
|move|p2a: Z|Ice Beam|p1a: Celebi
|-supereffective|p1a: Celebi
|-damage|p1a: Celebi|55/100
|
|-heal|p1a: Celebi|61/100|[from] item: Leftovers
|-heal|p2a: Z|76/100|[from] item: Leftovers
|upkeep
|turn|74
|
|t:|1729110489
|switch|p2a: A|Celebi|99/100
|move|p1a: Celebi|Recover|p1a: Celebi
|-heal|p1a: Celebi|100/100
|
|-heal|p2a: A|100/100|[from] item: Leftovers
|upkeep
|turn|75
|
|t:|1729110503
|move|p2a: A|Heal Bell|p2a: A
|-activate|p2a: A|move: Heal Bell
|move|p1a: Celebi|Psychic|p2a: A
|-resisted|p2a: A
|-damage|p2a: A|87/100
|
|-heal|p2a: A|93/100|[from] item: Leftovers
|upkeep
|turn|76
|
|t:|1729110512
|move|p2a: A|Heal Bell|p2a: A
|-activate|p2a: A|move: Heal Bell
|move|p1a: Celebi|Leech Seed|p2a: A
|-immune|p2a: A
|
|-heal|p2a: A|99/100|[from] item: Leftovers
|upkeep
|turn|77
|
|t:|1729110521
|switch|p1a: Stekelvogel|Zapdos|56/100
|move|p2a: A|Heal Bell|p2a: A
|-activate|p2a: A|move: Heal Bell
|
|-heal|p2a: A|100/100|[from] item: Leftovers
|upkeep
|turn|78
|
|t:|1729110533
|move|p1a: Stekelvogel|Hidden Power|p2a: A
|-supereffective|p2a: A
|-damage|p2a: A|63/100
|move|p2a: A|Psychic|p1a: Stekelvogel
|-damage|p1a: Stekelvogel|23/100
|
|-heal|p2a: A|69/100|[from] item: Leftovers
|upkeep
|turn|79
|
|t:|1729110548
|switch|p1a: Celebi|Celebi|100/100
|-damage|p1a: Celebi|88/100|[from] Spikes
|move|p2a: A|Recover|p2a: A
|-heal|p2a: A|100/100
|
|-heal|p1a: Celebi|94/100|[from] item: Leftovers
|upkeep
|turn|80
|
|t:|1729110556
|move|p2a: A|Toxic|p1a: Celebi
|-status|p1a: Celebi|tox
|move|p1a: Celebi|Recover|p1a: Celebi
|-heal|p1a: Celebi|100/100 tox
|
|-damage|p1a: Celebi|94/100 tox|[from] psn
|upkeep
|turn|81
|
|t:|1729110565
|move|p2a: A|Psychic|p1a: Celebi
|-resisted|p1a: Celebi
|-damage|p1a: Celebi|82/100 tox
|-unboost|p1a: Celebi|spd|1
|move|p1a: Celebi|Recover|p1a: Celebi
|-heal|p1a: Celebi|100/100 tox
|
|-damage|p1a: Celebi|88/100 tox|[from] psn
|upkeep
|turn|82
|
|t:|1729110575
|switch|p2a: Z|Swampert, M|76/100
|move|p1a: Celebi|Heal Bell|p1a: Celebi
|-activate|p1a: Celebi|move: Heal Bell
|-curestatus|p1a: Celebi|tox|[silent]
|
|-heal|p1a: Celebi|94/100|[from] item: Leftovers
|-heal|p2a: Z|82/100|[from] item: Leftovers
|upkeep
|turn|83
|
|t:|1729110581
|switch|p2a: A|Celebi|100/100
|move|p1a: Celebi|Leech Seed|p2a: A
|-immune|p2a: A
|
|-heal|p1a: Celebi|100/100|[from] item: Leftovers
|upkeep
|turn|84
|
|t:|1729110587
|move|p2a: A|Toxic|p1a: Celebi
|-status|p1a: Celebi|tox
|move|p1a: Celebi|Psychic|p2a: A
|-resisted|p2a: A
|-damage|p2a: A|87/100
|
|-heal|p2a: A|93/100|[from] item: Leftovers
|-damage|p1a: Celebi|94/100 tox|[from] psn
|upkeep
|turn|85
|
|t:|1729110598
|move|p2a: A|Recover|p2a: A
|-heal|p2a: A|100/100
|move|p1a: Celebi|Recover|p1a: Celebi
|-heal|p1a: Celebi|100/100 tox
|
|-damage|p1a: Celebi|88/100 tox|[from] psn
|upkeep
|turn|86
|
|t:|1729110602
|-curestatus|p1a: Celebi|tox|[from] ability: Natural Cure
|switch|p1a: Stekelvogel|Zapdos|23/100
|move|p2a: A|Psychic|p1a: Stekelvogel
|-damage|p1a: Stekelvogel|0 fnt
|faint|p1a: Stekelvogel
|
|t:|1729110607
|switch|p1a: Celebi|Celebi|88/100
|-damage|p1a: Celebi|76/100|[from] Spikes
|
|-heal|p1a: Celebi|82/100|[from] item: Leftovers
|upkeep
|turn|87
|
|t:|1729110620
|move|p2a: A|Toxic|p1a: Celebi
|-status|p1a: Celebi|tox
|move|p1a: Celebi|Leech Seed|p2a: A
|-immune|p2a: A
|
|-heal|p1a: Celebi|88/100 tox|[from] item: Leftovers
|-damage|p1a: Celebi|82/100 tox|[from] psn
|upkeep
|turn|88
|
|t:|1729110646
|move|p2a: A|Recover||[still]
|-fail|p2a: A|heal
|move|p1a: Celebi|Leech Seed|p2a: A
|-immune|p2a: A
|
|-heal|p1a: Celebi|88/100 tox|[from] item: Leftovers
|-damage|p1a: Celebi|76/100 tox|[from] psn
|upkeep
|turn|89
|
|t:|1729110652
|switch|p2a: Z|Swampert, M|82/100
|move|p1a: Celebi|Leech Seed|p2a: Z
|-start|p2a: Z|move: Leech Seed
|
|-heal|p1a: Celebi|82/100 tox|[from] item: Leftovers
|-damage|p1a: Celebi|63/100 tox|[from] psn
|-heal|p2a: Z|88/100|[from] item: Leftovers
|-damage|p2a: Z|76/100|[from] Leech Seed|[of] p1a: Celebi
|-heal|p1a: Celebi|76/100 tox|[silent]
|upkeep
|turn|90
|
|t:|1729110658
|switch|p2a: A|Celebi|100/100
|move|p1a: Celebi|Heal Bell|p1a: Celebi
|-activate|p1a: Celebi|move: Heal Bell
|-curestatus|p1a: Celebi|tox|[silent]
|
|-heal|p1a: Celebi|82/100|[from] item: Leftovers
|upkeep
|turn|91
|
|t:|1729110666
|move|p2a: A|Toxic|p1a: Celebi
|-status|p1a: Celebi|tox
|move|p1a: Celebi|Psychic|p2a: A
|-resisted|p2a: A
|-damage|p2a: A|88/100
|
|-heal|p2a: A|95/100|[from] item: Leftovers
|-heal|p1a: Celebi|88/100 tox|[from] item: Leftovers
|-damage|p1a: Celebi|82/100 tox|[from] psn
|upkeep
|turn|92
|
|t:|1729110673
|move|p2a: A|Heal Bell|p2a: A
|-activate|p2a: A|move: Heal Bell
|move|p1a: Celebi|Psychic|p2a: A
|-resisted|p2a: A
|-damage|p2a: A|82/100
|
|-heal|p2a: A|88/100|[from] item: Leftovers
|-heal|p1a: Celebi|88/100 tox|[from] item: Leftovers
|-damage|p1a: Celebi|76/100 tox|[from] psn
|upkeep
|turn|93
|
|t:|1729110683
|move|p2a: A|Recover|p2a: A
|-heal|p2a: A|100/100
|move|p1a: Celebi|Psychic|p2a: A
|-resisted|p2a: A
|-damage|p2a: A|87/100
|
|-heal|p2a: A|93/100|[from] item: Leftovers
|-heal|p1a: Celebi|82/100 tox|[from] item: Leftovers
|-damage|p1a: Celebi|63/100 tox|[from] psn
|upkeep
|turn|94
|
|t:|1729110688
|move|p2a: A|Recover|p2a: A
|-heal|p2a: A|100/100
|move|p1a: Celebi|Leech Seed|p2a: A
|-immune|p2a: A
|
|-heal|p1a: Celebi|70/100 tox|[from] item: Leftovers
|-damage|p1a: Celebi|45/100 tox|[from] psn
|upkeep
|turn|95
|
|t:|1729110694
|move|p2a: A|Heal Bell|p2a: A
|-activate|p2a: A|move: Heal Bell
|move|p1a: Celebi|Heal Bell|p1a: Celebi
|-activate|p1a: Celebi|move: Heal Bell
|-curestatus|p1a: Celebi|tox|[silent]
|
|-heal|p1a: Celebi|51/100|[from] item: Leftovers
|upkeep
|turn|96
|
|t:|1729110702
|move|p2a: A|Toxic|p1a: Celebi
|-status|p1a: Celebi|tox
|move|p1a: Celebi|Psychic|p2a: A
|-resisted|p2a: A
|-damage|p2a: A|86/100
|
|-heal|p2a: A|93/100|[from] item: Leftovers
|-heal|p1a: Celebi|57/100 tox|[from] item: Leftovers
|-damage|p1a: Celebi|51/100 tox|[from] psn
|upkeep
|turn|97
|inactive|Halbert Simpson has 270 seconds left.
|
|t:|1729110734
|move|p2a: A|Recover|p2a: A
|-heal|p2a: A|100/100
|move|p1a: Celebi|Recover|p1a: Celebi
|-heal|p1a: Celebi|100/100 tox
|
|-damage|p1a: Celebi|88/100 tox|[from] psn
|upkeep
|turn|98
|
|t:|1729110739
|move|p2a: A|Heal Bell|p2a: A
|-activate|p2a: A|move: Heal Bell
|move|p1a: Celebi|Recover|p1a: Celebi
|-heal|p1a: Celebi|100/100 tox
|
|-damage|p1a: Celebi|82/100 tox|[from] psn
|upkeep
|turn|99
|
|t:|1729110756
|move|p2a: A|Recover||[still]
|-fail|p2a: A|heal
|move|p1a: Celebi|Recover|p1a: Celebi
|-heal|p1a: Celebi|100/100 tox
|
|-damage|p1a: Celebi|76/100 tox|[from] psn
|upkeep
|turn|100
|
|t:|1729110758
|move|p2a: A|Recover||[still]
|-fail|p2a: A|heal
|move|p1a: Celebi|Heal Bell|p1a: Celebi
|-activate|p1a: Celebi|move: Heal Bell
|-curestatus|p1a: Celebi|tox|[silent]
|
|-heal|p1a: Celebi|82/100|[from] item: Leftovers
|upkeep
|turn|101
|
|t:|1729110762
|move|p2a: A|Recover||[still]
|-fail|p2a: A|heal
|move|p1a: Celebi|Psychic|p2a: A
|-resisted|p2a: A
|-damage|p2a: A|87/100
|
|-heal|p2a: A|93/100|[from] item: Leftovers
|-heal|p1a: Celebi|88/100|[from] item: Leftovers
|upkeep
|turn|102
|
|t:|1729110765
|move|p2a: A|Toxic|p1a: Celebi|[miss]
|-miss|p2a: A|p1a: Celebi
|move|p1a: Celebi|Psychic|p2a: A
|-resisted|p2a: A
|-damage|p2a: A|80/100
|
|-heal|p2a: A|86/100|[from] item: Leftovers
|-heal|p1a: Celebi|94/100|[from] item: Leftovers
|upkeep
|turn|103
|
|t:|1729110769
|move|p2a: A|Recover|p2a: A
|-heal|p2a: A|100/100
|move|p1a: Celebi|Psychic|p2a: A
|-resisted|p2a: A
|-damage|p2a: A|88/100
|
|-heal|p2a: A|94/100|[from] item: Leftovers
|-heal|p1a: Celebi|100/100|[from] item: Leftovers
|upkeep
|turn|104
|
|t:|1729110771
|move|p2a: A|Toxic|p1a: Celebi
|-status|p1a: Celebi|tox
|move|p1a: Celebi|Recover||[still]
|-fail|p1a: Celebi|heal
|
|-heal|p2a: A|100/100|[from] item: Leftovers
|-damage|p1a: Celebi|94/100 tox|[from] psn
|upkeep
|turn|105
|
|t:|1729110780
|move|p2a: A|Recover||[still]
|-fail|p2a: A|heal
|move|p1a: Celebi|Leech Seed|p2a: A
|-immune|p2a: A
|
|-heal|p1a: Celebi|100/100 tox|[from] item: Leftovers
|-damage|p1a: Celebi|88/100 tox|[from] psn
|upkeep
|turn|106
|
|t:|1729110785
|move|p2a: A|Recover||[still]
|-fail|p2a: A|heal
|move|p1a: Celebi|Recover|p1a: Celebi
|-heal|p1a: Celebi|100/100 tox
|
|-damage|p1a: Celebi|82/100 tox|[from] psn
|upkeep
|turn|107
|
|t:|1729110788
|move|p2a: A|Heal Bell|p2a: A
|-activate|p2a: A|move: Heal Bell
|move|p1a: Celebi|Recover|p1a: Celebi
|-heal|p1a: Celebi|100/100 tox
|
|-damage|p1a: Celebi|76/100 tox|[from] psn
|upkeep
|turn|108
|
|t:|1729110794
|move|p2a: A|Psychic|p1a: Celebi
|-resisted|p1a: Celebi
|-damage|p1a: Celebi|63/100 tox
|move|p1a: Celebi|Heal Bell|p1a: Celebi
|-activate|p1a: Celebi|move: Heal Bell
|-curestatus|p1a: Celebi|tox|[silent]
|
|-heal|p1a: Celebi|69/100|[from] item: Leftovers
|upkeep
|turn|109
|
|t:|1729110798
|move|p2a: A|Toxic|p1a: Celebi
|-status|p1a: Celebi|tox
|move|p1a: Celebi|Recover|p1a: Celebi
|-heal|p1a: Celebi|100/100 tox
|
|-damage|p1a: Celebi|94/100 tox|[from] psn
|upkeep
|turn|110
|-message|Hummusfan forfeited.
|
|win|Halbert Simpson
|c|☆Hummusfan|ggs
|c|☆Halbert Simpson|gg

</script>
<script type="application/json" class="data" id="replaydata-smogtours-gen3ou-799151">
{"id":"smogtours-gen3ou-799151","format":"[Gen 3] OU","players":["Hummusfan","Halbert Simpson"],"uploadtime":1729110803,"views":99,"formatid":"gen3ou","rating":null,"private":0,"password":null}
</script>

<script defer src="js/replays.js?9d40a366"></script>
