<!DOCTYPE html>
<meta charset="utf-8" />
<meta name="viewport" content="width=device-width" />

<title>[Gen 3] OU: mysticaisand vs. azepto - Replays - Pok&eacute;mon Showdown!</title>

<meta name="description" content="Watch a replay of a Pok&eacute;mon battle between mysticaisand and azepto! Format: [Gen 3] OU; Date: Oct 2, 2024" />
<!--

Hey, you! Looking in the source for the replay log?

You can find them in JSON format, just add `.json` at the end of a replay URL.

https://replay.pokemonshowdown.com/gen7randomdoublesbattle-865046831.json

Or, if you only need the log itself, add `.log` instead:

https://replay.pokemonshowdown.com/gen7randomdoublesbattle-865046831.log

-->

<link rel="stylesheet" href="//pokemonshowdown.com/style/global.css?0.767286132409787" />
<link rel="stylesheet" href="//play.pokemonshowdown.com/style/font-awesome.css?0.9266228007934947" />
<link rel="stylesheet" href="//play.pokemonshowdown.com/style/battle.css?0.7924700842790926" />
<link rel="stylesheet" href="//play.pokemonshowdown.com/style/utilichart.css?0.8777417872839479" />

<!-- Global site tag (gtag.js) - Google Analytics -->
<script async src="https://www.googletagmanager.com/gtag/js?id=UA-26211653-1"></script>
<script>
  window.dataLayer = window.dataLayer || [];
  function gtag(){dataLayer.push(arguments);}
  gtag('js', new Date());

  gtag('config', 'UA-26211653-1');
</script>
<!-- End Google Analytics -->
<!-- Venatus Ad Manager - Install in <HEAD> of page -->
	<script src="https://hb.vntsm.com/v3/live/ad-manager.min.js" type="text/javascript" data-site-id="642aba63ec9a7b11c3c9c1be" data-mode="scan" async></script>
<!-- / Venatus Ad Manager -->

<style>
	@media (max-width:820px) {
		.battle {
			margin: 0 auto;
		}
		.battle-log {
			margin: 7px auto 0;
			max-width: 640px;
			height: 300px;
			position: static;
		}
	}
	.optgroup {
		display: inline-block;
		line-height: 22px;
		font-size: 10pt;
	}
	.optgroup .button {
		height: 25px;
		padding-top: 0;
		padding-bottom: 0;
	}
	.optgroup button.button {
		padding-left: 12px;
		padding-right: 12px;
	}
	.linklist {
		list-style: none;
		margin: 0.5em 0;
		padding: 0;
	}
	.linklist li {
		padding: 2px 0;
	}
	.sidebar {
		float: left;
		width: 320px;
	}
	.bar-wrapper {
		max-width: 1100px;
		margin: 0 auto;
	}
	.bar-wrapper.has-sidebar {
		max-width: 1430px;
	}
	.mainbar {
		margin: 0;
		padding-right: 1px;
	}
	.mainbar.has-sidebar {
		margin-left: 330px;
	}
	@media (min-width: 1511px) {
		.sidebar {
			width: 400px;
		}
		.bar-wrapper.has-sidebar {
			max-width: 1510px;
		}
		.mainbar.has-sidebar {
			margin-left: 410px;
		}
	}
	.section.first-section {
		margin-top: 9px;
	}
	.blocklink small {
		white-space: normal;
	}
	.button {
		vertical-align: middle;
	}
	.replay-controls {
		padding-top: 10px;
	}
	.replay-controls h1 {
		font-size: 16pt;
		font-weight: normal;
		color: #CCC;
	}
	.pagelink {
		text-align: center;
	}
	.pagelink a {
		width: 150px;
	}
	.textbox, .button {
		font-size: 11pt;
		vertical-align: middle;
	}
	@media (max-width: 450px) {
		.button {
			font-size: 9pt;
		}
	}
</style>

<div>

	<header>
		<div class="nav-wrapper"><ul class="nav">
			<li><a class="button nav-first" href="//pokemonshowdown.com/"><img src="//pokemonshowdown.com/images/pokemonshowdownbeta.png" srcset="//pokemonshowdown.com/images/pokemonshowdownbeta.png 1x, //pokemonshowdown.com/images/pokemonshowdownbeta@2x.png 2x" alt="Pok&eacute;mon Showdown" width="146" height="44" /> Home</a></li>
			<li><a class="button" href="//pokemonshowdown.com/dex/">Pok&eacute;dex</a></li>
			<li><a class="button cur" href="/">Replays</a></li>
			<li><a class="button" href="//pokemonshowdown.com/ladder/">Ladder</a></li>
			<li><a class="button nav-last" href="//pokemonshowdown.com/forums/">Forum</a></li>
			<li><a class="button greenbutton nav-first nav-last" href="//play.pokemonshowdown.com/">Play</a></li>
		</ul></div>
	</header>

	<div class="main" id="main">

		<noscript><section class="section">You need to enable JavaScript to use this page; sorry!</section></noscript>

	</div>

</div>

<script defer nomodule src="//play.pokemonshowdown.com/js/lib/ps-polyfill.js"></script>
<script defer src="//play.pokemonshowdown.com/js/lib/preact.min.js"></script>

<script defer src="//play.pokemonshowdown.com/config/config.js?6dec07f6"></script>
<script defer src="//play.pokemonshowdown.com/js/lib/jquery-1.11.0.min.js"></script>
<script defer src="//play.pokemonshowdown.com/js/lib/html-sanitizer-minified.js"></script>
<script defer src="//play.pokemonshowdown.com/js/battle-sound.js"></script>
<script defer src="//play.pokemonshowdown.com/js/battledata.js?0.6315294753075389"></script>
<script defer src="//play.pokemonshowdown.com/data/pokedex-mini.js?0.7603743185311358"></script>
<script defer src="//play.pokemonshowdown.com/data/pokedex-mini-bw.js?0.030888842834281283"></script>
<script defer src="//play.pokemonshowdown.com/data/graphics.js?0.05593094747507488"></script>
<script defer src="//play.pokemonshowdown.com/data/pokedex.js?0.47064822249611904"></script>
<script defer src="//play.pokemonshowdown.com/data/moves.js?0.8583693120512459"></script>
<script defer src="//play.pokemonshowdown.com/data/abilities.js?0.16017181182386842"></script>
<script defer src="//play.pokemonshowdown.com/data/items.js?0.4163379185673943"></script>
<script defer src="//play.pokemonshowdown.com/data/teambuilder-tables.js?0.31075597372830477"></script>
<script defer src="//play.pokemonshowdown.com/js/battle-tooltips.js?0.6536193500708172"></script>
<script defer src="//play.pokemonshowdown.com/js/battle.js?0.1916591943277901"></script>

<script defer src="js/utils.js?e31f9a17"></script>
<script defer src="js/replays-battle.js?7008c182"></script>

<!-- don't scrape this data! just add .json or .log after the URL!
Full API docs: https://github.com/smogon/pokemon-showdown-client/blob/master/WEB-API.md -->
<script type="text/plain" class="log" id="replaylog-smogtours-gen3ou-793942">
|inactive|Battle timer is ON: inactive players will automatically lose when time's up.
|t:|1727880190
|gametype|singles
|player|p1|mysticaisand|169|
|player|p2|azepto|officeworker|
|teamsize|p1|6
|teamsize|p2|6
|gen|3
|tier|[Gen 3] OU
|rule|Sleep Clause Mod: Limit one foe put to sleep
|rule|Switch Priority Clause Mod: Faster Pokémon switch first
|rule|Species Clause: Limit one of each Pokémon
|rule|OHKO Clause: OHKO moves are banned
|rule|Evasion Items Clause: Evasion items are banned
|rule|Evasion Moves Clause: Evasion moves are banned
|rule|Endless Battle Clause: Forcing endless battles is banned
|rule|HP Percentage Mod: HP is shown in percentages
|rule|One Boost Passer Clause: Limit one Baton Passer that has a way to boost its stats
|rule|Freeze Clause Mod: Limit one foe frozen
|
|t:|1727880190
|start
|switch|p1a: Great Musk|Suicune, shiny|100/100
|switch|p2a: Tyranitar|Tyranitar, M|100/100
|-weather|Sandstorm|[from] ability: Sand Stream|[of] p2a: Tyranitar
|turn|1
|
|t:|1727880203
|switch|p2a: Suicune|Suicune|100/100
|move|p1a: Great Musk|Hydro Pump|p2a: Suicune
|-resisted|p2a: Suicune
|-damage|p2a: Suicune|82/100
|
|-weather|Sandstorm|[upkeep]
|-damage|p1a: Great Musk|94/100|[from] Sandstorm
|-damage|p2a: Suicune|76/100|[from] Sandstorm
|-heal|p1a: Great Musk|100/100|[from] item: Leftovers
|-heal|p2a: Suicune|82/100|[from] item: Leftovers
|upkeep
|turn|2
|
|t:|1727880210
|move|p1a: Great Musk|Calm Mind|p1a: Great Musk
|-boost|p1a: Great Musk|spa|1
|-boost|p1a: Great Musk|spd|1
|move|p2a: Suicune|Roar|p1a: Great Musk
|drag|p1a: Iron Coward|Celebi|100/100
|
|-weather|Sandstorm|[upkeep]
|-damage|p1a: Iron Coward|94/100|[from] Sandstorm
|-damage|p2a: Suicune|76/100|[from] Sandstorm
|-heal|p1a: Iron Coward|100/100|[from] item: Leftovers
|-heal|p2a: Suicune|82/100|[from] item: Leftovers
|upkeep
|turn|3
|inactive|azepto has 270 seconds left.
|
|t:|1727880245
|switch|p2a: Celebi|Celebi|100/100
|move|p1a: Iron Coward|Leech Seed|p2a: Celebi
|-immune|p2a: Celebi
|
|-weather|Sandstorm|[upkeep]
|-damage|p1a: Iron Coward|94/100|[from] Sandstorm
|-damage|p2a: Celebi|94/100|[from] Sandstorm
|-heal|p1a: Iron Coward|100/100|[from] item: Leftovers
|-heal|p2a: Celebi|100/100|[from] item: Leftovers
|upkeep
|turn|4
|inactive|azepto has 270 seconds left.
|
|t:|1727880253
|move|p1a: Iron Coward|Calm Mind|p1a: Iron Coward
|-boost|p1a: Iron Coward|spa|1
|-boost|p1a: Iron Coward|spd|1
|move|p2a: Celebi|Calm Mind|p2a: Celebi
|-boost|p2a: Celebi|spa|1
|-boost|p2a: Celebi|spd|1
|
|-weather|Sandstorm|[upkeep]
|-damage|p1a: Iron Coward|94/100|[from] Sandstorm
|-damage|p2a: Celebi|94/100|[from] Sandstorm
|-heal|p1a: Iron Coward|100/100|[from] item: Leftovers
|-heal|p2a: Celebi|100/100|[from] item: Leftovers
|upkeep
|turn|5
|
|t:|1727880258
|move|p1a: Iron Coward|Baton Pass|p1a: Iron Coward
|
|t:|1727880264
|switch|p1a: Jirachi|Jirachi|100/100|[from] Baton Pass
|move|p2a: Celebi|Calm Mind|p2a: Celebi
|-boost|p2a: Celebi|spa|1
|-boost|p2a: Celebi|spd|1
|
|-weather|Sandstorm|[upkeep]
|-damage|p2a: Celebi|94/100|[from] Sandstorm
|-heal|p2a: Celebi|100/100|[from] item: Leftovers
|upkeep
|turn|6
|inactive|azepto has 270 seconds left.
|
|t:|1727880312
|move|p2a: Celebi|Hidden Power|p1a: Jirachi
|-supereffective|p1a: Jirachi
|-damage|p1a: Jirachi|62/100
|move|p1a: Jirachi|Substitute|p1a: Jirachi
|-start|p1a: Jirachi|Substitute
|-damage|p1a: Jirachi|37/100
|
|-weather|Sandstorm|[upkeep]
|-damage|p2a: Celebi|94/100|[from] Sandstorm
|-heal|p2a: Celebi|100/100|[from] item: Leftovers
|-heal|p1a: Jirachi|43/100|[from] item: Leftovers
|upkeep
|turn|7
|
|t:|1727880322
|move|p2a: Celebi|Hidden Power|p1a: Jirachi
|-supereffective|p1a: Jirachi
|-end|p1a: Jirachi|Substitute
|move|p1a: Jirachi|Thunder|p2a: Celebi
|-resisted|p2a: Celebi
|-damage|p2a: Celebi|90/100
|
|-weather|Sandstorm|[upkeep]
|-damage|p2a: Celebi|84/100|[from] Sandstorm
|-heal|p2a: Celebi|90/100|[from] item: Leftovers
|-heal|p1a: Jirachi|49/100|[from] item: Leftovers
|upkeep
|turn|8
|
|t:|1727880334
|move|p2a: Celebi|Calm Mind|p2a: Celebi
|-boost|p2a: Celebi|spa|1
|-boost|p2a: Celebi|spd|1
|move|p1a: Jirachi|Ice Punch|p2a: Celebi
|-supereffective|p2a: Celebi
|-damage|p2a: Celebi|71/100
|-status|p2a: Celebi|frz
|
|-weather|Sandstorm|[upkeep]
|-damage|p2a: Celebi|65/100 frz|[from] Sandstorm
|-heal|p2a: Celebi|71/100 frz|[from] item: Leftovers
|-heal|p1a: Jirachi|55/100|[from] item: Leftovers
|upkeep
|turn|9
|inactive|azepto has 240 seconds left.
|
|t:|1727880366
|-curestatus|p2a: Celebi|frz|[from] ability: Natural Cure
|switch|p2a: Blissey|Blissey, F|100/100
|move|p1a: Jirachi|Substitute|p1a: Jirachi
|-start|p1a: Jirachi|Substitute
|-damage|p1a: Jirachi|30/100
|
|-weather|Sandstorm|[upkeep]
|-damage|p2a: Blissey|94/100|[from] Sandstorm
|-heal|p1a: Jirachi|37/100|[from] item: Leftovers
|-heal|p2a: Blissey|100/100|[from] item: Leftovers
|upkeep
|turn|10
|
|t:|1727880382
|move|p1a: Jirachi|Calm Mind|p1a: Jirachi
|-boost|p1a: Jirachi|spa|1
|-boost|p1a: Jirachi|spd|1
|move|p2a: Blissey|Thunderbolt|p1a: Jirachi
|-activate|p1a: Jirachi|Substitute|[damage]
|
|-weather|Sandstorm|[upkeep]
|-damage|p2a: Blissey|94/100|[from] Sandstorm
|-heal|p1a: Jirachi|43/100|[from] item: Leftovers
|-heal|p2a: Blissey|100/100|[from] item: Leftovers
|upkeep
|turn|11
|inactive|azepto has 210 seconds left.
|inactive|azepto has 180 seconds left.
|
|t:|1727880459
|switch|p2a: Suicune|Suicune|82/100
|move|p1a: Jirachi|Thunder|p2a: Suicune|[miss]
|-miss|p1a: Jirachi|p2a: Suicune
|
|-weather|Sandstorm|[upkeep]
|-damage|p2a: Suicune|76/100|[from] Sandstorm
|-heal|p1a: Jirachi|49/100|[from] item: Leftovers
|-heal|p2a: Suicune|82/100|[from] item: Leftovers
|upkeep
|turn|12
|
|t:|1727880463
|move|p1a: Jirachi|Thunder|p2a: Suicune|[miss]
|-miss|p1a: Jirachi|p2a: Suicune
|move|p2a: Suicune|Roar|p1a: Jirachi
|drag|p1a: Roaring Sun|Dugtrio, F|100/100
|
|-weather|Sandstorm|[upkeep]
|-damage|p2a: Suicune|76/100|[from] Sandstorm
|-heal|p2a: Suicune|82/100|[from] item: Leftovers
|upkeep
|turn|13
|c|☆mysticaisand|omg
|
|t:|1727880474
|switch|p1a: Iron Coward|Celebi|100/100
|move|p2a: Suicune|Surf|p1a: Iron Coward
|-resisted|p1a: Iron Coward
|-damage|p1a: Iron Coward|87/100
|
|-weather|Sandstorm|[upkeep]
|-damage|p1a: Iron Coward|80/100|[from] Sandstorm
|-damage|p2a: Suicune|76/100|[from] Sandstorm
|-heal|p1a: Iron Coward|87/100|[from] item: Leftovers
|-heal|p2a: Suicune|82/100|[from] item: Leftovers
|upkeep
|turn|14
|c|☆azepto|that was my only out hahaha
|
|t:|1727880483
|switch|p2a: Celebi|Celebi|71/100
|move|p1a: Iron Coward|Leech Seed|p2a: Celebi
|-immune|p2a: Celebi
|
|-weather|Sandstorm|[upkeep]
|-damage|p1a: Iron Coward|80/100|[from] Sandstorm
|-damage|p2a: Celebi|65/100|[from] Sandstorm
|-heal|p1a: Iron Coward|87/100|[from] item: Leftovers
|-heal|p2a: Celebi|71/100|[from] item: Leftovers
|upkeep
|turn|15
|inactive|azepto has 180 seconds left.
|
|t:|1727880508
|move|p1a: Iron Coward|Baton Pass|p1a: Iron Coward
|
|t:|1727880511
|switch|p1a: Roaring Sun|Dugtrio, F|100/100|[from] Baton Pass
|move|p2a: Celebi|Hidden Power|p1a: Roaring Sun
|-damage|p1a: Roaring Sun|71/100
|
|-weather|Sandstorm|[upkeep]
|-damage|p2a: Celebi|65/100|[from] Sandstorm
|-heal|p2a: Celebi|71/100|[from] item: Leftovers
|upkeep
|turn|16
|
|t:|1727880515
|move|p1a: Roaring Sun|Hidden Power|p2a: Celebi
|-supereffective|p2a: Celebi
|-damage|p2a: Celebi|0 fnt
|faint|p2a: Celebi
|inactive|azepto has 180 seconds left.
|inactive|azepto has 150 seconds left.
|inactive|azepto has 120 seconds left.
|
|t:|1727880600
|switch|p2a: Zapdos|Zapdos|100/100
|
|-weather|Sandstorm|[upkeep]
|-damage|p2a: Zapdos|94/100|[from] Sandstorm
|-heal|p2a: Zapdos|100/100|[from] item: Leftovers
|upkeep
|turn|17
|
|t:|1727880606
|switch|p1a: Iron Coward|Celebi|87/100
|move|p2a: Zapdos|Thunderbolt|p1a: Iron Coward
|-resisted|p1a: Iron Coward
|-damage|p1a: Iron Coward|64/100
|
|-weather|Sandstorm|[upkeep]
|-damage|p2a: Zapdos|94/100|[from] Sandstorm
|-damage|p1a: Iron Coward|58/100|[from] Sandstorm
|-heal|p2a: Zapdos|100/100|[from] item: Leftovers
|-heal|p1a: Iron Coward|64/100|[from] item: Leftovers
|upkeep
|turn|18
|
|t:|1727880611
|move|p2a: Zapdos|Hidden Power|p1a: Iron Coward
|-supereffective|p1a: Iron Coward
|-damage|p1a: Iron Coward|22/100
|move|p1a: Iron Coward|Leech Seed|p2a: Zapdos
|-start|p2a: Zapdos|move: Leech Seed
|
|-weather|Sandstorm|[upkeep]
|-damage|p2a: Zapdos|94/100|[from] Sandstorm
|-damage|p1a: Iron Coward|15/100|[from] Sandstorm
|-heal|p2a: Zapdos|100/100|[from] item: Leftovers
|-damage|p2a: Zapdos|88/100|[from] Leech Seed|[of] p1a: Iron Coward
|-heal|p1a: Iron Coward|26/100|[silent]
|-heal|p1a: Iron Coward|32/100|[from] item: Leftovers
|upkeep
|turn|19
|
|t:|1727880635
|switch|p2a: Tyranitar|Tyranitar, M|100/100
|switch|p1a: Jirachi|Jirachi|49/100
|
|-weather|Sandstorm|[upkeep]
|-heal|p1a: Jirachi|55/100|[from] item: Leftovers
|upkeep
|turn|20
|
|t:|1727880639
|switch|p1a: Great Musk|Suicune, shiny|100/100
|move|p2a: Tyranitar|Fire Blast|p1a: Great Musk
|-resisted|p1a: Great Musk
|-damage|p1a: Great Musk|85/100
|
|-weather|Sandstorm|[upkeep]
|-damage|p1a: Great Musk|79/100|[from] Sandstorm
|-heal|p1a: Great Musk|85/100|[from] item: Leftovers
|upkeep
|turn|21
|
|t:|1727880657
|switch|p2a: Suicune|Suicune|82/100
|move|p1a: Great Musk|Calm Mind|p1a: Great Musk
|-boost|p1a: Great Musk|spa|1
|-boost|p1a: Great Musk|spd|1
|
|-weather|Sandstorm|[upkeep]
|-damage|p1a: Great Musk|79/100|[from] Sandstorm
|-damage|p2a: Suicune|76/100|[from] Sandstorm
|-heal|p1a: Great Musk|85/100|[from] item: Leftovers
|-heal|p2a: Suicune|82/100|[from] item: Leftovers
|upkeep
|turn|22
|
|t:|1727880660
|move|p1a: Great Musk|Hydro Pump|p2a: Suicune|[miss]
|-miss|p1a: Great Musk|p2a: Suicune
|move|p2a: Suicune|Roar|p1a: Great Musk
|drag|p1a: Silverdengo|Porygon2, shiny|100/100
|-ability|p1a: Silverdengo|Pressure|[from] ability: Trace|[of] p2a: Suicune
|
|-weather|Sandstorm|[upkeep]
|-damage|p2a: Suicune|76/100|[from] Sandstorm
|-damage|p1a: Silverdengo|94/100|[from] Sandstorm
|-heal|p2a: Suicune|82/100|[from] item: Leftovers
|-heal|p1a: Silverdengo|100/100|[from] item: Leftovers
|upkeep
|turn|23
|inactive|azepto has 150 seconds left.
|inactive|azepto has 120 seconds left.
|
|t:|1727880697
|switch|p2a: Blissey|Blissey, F|100/100
|move|p1a: Silverdengo|Thunder Wave|p2a: Blissey
|-status|p2a: Blissey|par
|
|-weather|Sandstorm|[upkeep]
|-damage|p1a: Silverdengo|94/100|[from] Sandstorm
|-damage|p2a: Blissey|94/100 par|[from] Sandstorm
|-heal|p1a: Silverdengo|100/100|[from] item: Leftovers
|-heal|p2a: Blissey|100/100 par|[from] item: Leftovers
|upkeep
|turn|24
|inactive|azepto has 120 seconds left.
|
|t:|1727880708
|switch|p1a: Iron Coward|Celebi|32/100
|-curestatus|p2a: Blissey|par|[from] ability: Natural Cure
|switch|p2a: Tyranitar|Tyranitar, M|100/100
|
|-weather|Sandstorm|[upkeep]
|-damage|p1a: Iron Coward|26/100|[from] Sandstorm
|-heal|p1a: Iron Coward|32/100|[from] item: Leftovers
|upkeep
|turn|25
|inactive|azepto has 120 seconds left.
|
|t:|1727880733
|switch|p1a: Silverdengo|Porygon2, shiny|100/100
|-ability|p1a: Silverdengo|Sand Stream|[from] ability: Trace|[of] p2a: Tyranitar
|move|p2a: Tyranitar|Rock Slide|p1a: Silverdengo
|-damage|p1a: Silverdengo|78/100
|
|-weather|Sandstorm|[upkeep]
|-damage|p1a: Silverdengo|72/100|[from] Sandstorm
|-heal|p1a: Silverdengo|78/100|[from] item: Leftovers
|upkeep
|turn|26
|
|t:|1727880748
|switch|p2a: Blissey|Blissey, F|100/100
|move|p1a: Silverdengo|Thunder Wave|p2a: Blissey
|-status|p2a: Blissey|par
|
|-weather|Sandstorm|[upkeep]
|-damage|p1a: Silverdengo|72/100|[from] Sandstorm
|-damage|p2a: Blissey|94/100 par|[from] Sandstorm
|-heal|p1a: Silverdengo|78/100|[from] item: Leftovers
|-heal|p2a: Blissey|100/100 par|[from] item: Leftovers
|upkeep
|turn|27
|
|t:|1727880752
|switch|p1a: Iron Coward|Celebi|32/100
|move|p2a: Blissey|Toxic|p1a: Iron Coward
|-status|p1a: Iron Coward|tox
|
|-weather|Sandstorm|[upkeep]
|-damage|p1a: Iron Coward|26/100 tox|[from] Sandstorm
|-damage|p2a: Blissey|94/100 par|[from] Sandstorm
|-heal|p1a: Iron Coward|32/100 tox|[from] item: Leftovers
|-damage|p1a: Iron Coward|26/100 tox|[from] psn
|-heal|p2a: Blissey|100/100 par|[from] item: Leftovers
|upkeep
|turn|28
|inactive|azepto has 120 seconds left.
|
|t:|1727880776
|-curestatus|p2a: Blissey|par|[from] ability: Natural Cure
|switch|p2a: Tyranitar|Tyranitar, M|100/100
|move|p1a: Iron Coward|Leech Seed|p2a: Tyranitar
|-start|p2a: Tyranitar|move: Leech Seed
|
|-weather|Sandstorm|[upkeep]
|-damage|p1a: Iron Coward|20/100 tox|[from] Sandstorm
|-heal|p1a: Iron Coward|26/100 tox|[from] item: Leftovers
|-damage|p1a: Iron Coward|13/100 tox|[from] psn
|-damage|p2a: Tyranitar|88/100|[from] Leech Seed|[of] p1a: Iron Coward
|-heal|p1a: Iron Coward|24/100 tox|[silent]
|upkeep
|turn|29
|
|t:|1727880787
|switch|p2a: Zapdos|Zapdos|88/100
|move|p1a: Iron Coward|Baton Pass|p1a: Iron Coward
|
|t:|1727880798
|-curestatus|p1a: Iron Coward|tox|[from] ability: Natural Cure
|switch|p1a: Queengambit|Raikou, shiny|100/100|[from] Baton Pass
|
|-weather|Sandstorm|[upkeep]
|-damage|p1a: Queengambit|94/100|[from] Sandstorm
|-damage|p2a: Zapdos|82/100|[from] Sandstorm
|-heal|p1a: Queengambit|100/100|[from] item: Leftovers
|-heal|p2a: Zapdos|88/100|[from] item: Leftovers
|upkeep
|turn|30
|inactive|azepto has 90 seconds left.
|inactive|azepto has 60 seconds left.
|
|t:|1727880861
|switch|p1a: Roaring Sun|Dugtrio, F|71/100
|move|p2a: Zapdos|Light Screen|p2a: Zapdos
|-sidestart|p2: azepto|Light Screen
|
|-weather|Sandstorm|[upkeep]
|-damage|p2a: Zapdos|82/100|[from] Sandstorm
|-heal|p2a: Zapdos|88/100|[from] item: Leftovers
|upkeep
|turn|31
|inactive|azepto has 60 seconds left.
|
|t:|1727880896
|switch|p1a: Silverdengo|Porygon2, shiny|78/100
|-ability|p1a: Silverdengo|Pressure|[from] ability: Trace|[of] p2a: Zapdos
|move|p2a: Zapdos|Hidden Power|p1a: Silverdengo
|-crit|p1a: Silverdengo
|-damage|p1a: Silverdengo|29/100
|
|-weather|Sandstorm|[upkeep]
|-damage|p2a: Zapdos|82/100|[from] Sandstorm
|-damage|p1a: Silverdengo|23/100|[from] Sandstorm
|-heal|p2a: Zapdos|88/100|[from] item: Leftovers
|-heal|p1a: Silverdengo|29/100|[from] item: Leftovers
|upkeep
|turn|32
|
|t:|1727880905
|move|p2a: Zapdos|Thunderbolt|p1a: Silverdengo
|-damage|p1a: Silverdengo|0 fnt
|faint|p1a: Silverdengo
|inactive|mysticaisand has 270 seconds left.
|
|t:|1727880922
|switch|p1a: Queengambit|Raikou, shiny|100/100
|
|-weather|Sandstorm|[upkeep]
|-damage|p1a: Queengambit|94/100|[from] Sandstorm
|-damage|p2a: Zapdos|82/100|[from] Sandstorm
|-heal|p1a: Queengambit|100/100|[from] item: Leftovers
|-heal|p2a: Zapdos|88/100|[from] item: Leftovers
|upkeep
|turn|33
|inactive|azepto has 60 seconds left.
|
|t:|1727880945
|switch|p2a: Tyranitar|Tyranitar, M|88/100
|move|p1a: Queengambit|Substitute|p1a: Queengambit
|-start|p1a: Queengambit|Substitute
|-damage|p1a: Queengambit|76/100
|
|-weather|Sandstorm|[upkeep]
|-damage|p1a: Queengambit|69/100|[from] Sandstorm
|-heal|p1a: Queengambit|76/100|[from] item: Leftovers
|upkeep
|turn|34
|
|t:|1727880949
|move|p1a: Queengambit|Thunderbolt|p2a: Tyranitar
|-damage|p2a: Tyranitar|67/100
|-status|p2a: Tyranitar|par
|-enditem|p2a: Tyranitar|Lum Berry|[eat]
|-curestatus|p2a: Tyranitar|par|[msg]
|move|p2a: Tyranitar|Brick Break|p1a: Queengambit
|-end|p1a: Queengambit|Substitute
|
|-sideend|p2: azepto|Light Screen
|-weather|Sandstorm|[upkeep]
|-damage|p1a: Queengambit|69/100|[from] Sandstorm
|-heal|p1a: Queengambit|76/100|[from] item: Leftovers
|upkeep
|turn|35
|
|t:|1727880968
|switch|p1a: Iron Coward|Celebi|24/100
|move|p2a: Tyranitar|Brick Break|p1a: Iron Coward
|-resisted|p1a: Iron Coward
|-damage|p1a: Iron Coward|16/100
|
|-weather|Sandstorm|[upkeep]
|-damage|p1a: Iron Coward|10/100|[from] Sandstorm
|-heal|p1a: Iron Coward|16/100|[from] item: Leftovers
|upkeep
|turn|36
|
|t:|1727880984
|move|p1a: Iron Coward|Baton Pass|p1a: Iron Coward
|
|t:|1727880988
|switch|p1a: Great Musk|Suicune, shiny|85/100|[from] Baton Pass
|move|p2a: Tyranitar|Rock Slide|p1a: Great Musk
|-damage|p1a: Great Musk|57/100
|
|-weather|Sandstorm|[upkeep]
|-damage|p1a: Great Musk|51/100|[from] Sandstorm
|-heal|p1a: Great Musk|57/100|[from] item: Leftovers
|upkeep
|turn|37
|
|t:|1727881001
|switch|p2a: Suicune|Suicune|82/100
|move|p1a: Great Musk|Ice Beam|p2a: Suicune
|-resisted|p2a: Suicune
|-damage|p2a: Suicune|72/100
|
|-weather|Sandstorm|[upkeep]
|-damage|p1a: Great Musk|51/100|[from] Sandstorm
|-damage|p2a: Suicune|66/100|[from] Sandstorm
|-heal|p1a: Great Musk|57/100|[from] item: Leftovers
|-heal|p2a: Suicune|72/100|[from] item: Leftovers
|upkeep
|turn|38
|inactive|azepto has 60 seconds left.
|
|t:|1727881027
|switch|p1a: Iron Coward|Celebi|16/100
|move|p2a: Suicune|Calm Mind|p2a: Suicune
|-boost|p2a: Suicune|spa|1
|-boost|p2a: Suicune|spd|1
|
|-weather|Sandstorm|[upkeep]
|-damage|p1a: Iron Coward|10/100|[from] Sandstorm
|-damage|p2a: Suicune|66/100|[from] Sandstorm
|-heal|p1a: Iron Coward|16/100|[from] item: Leftovers
|-heal|p2a: Suicune|72/100|[from] item: Leftovers
|upkeep
|turn|39
|
|t:|1727881030
|move|p1a: Iron Coward|Leech Seed|p2a: Suicune
|-start|p2a: Suicune|move: Leech Seed
|move|p2a: Suicune|Surf|p1a: Iron Coward
|-resisted|p1a: Iron Coward
|-damage|p1a: Iron Coward|0 fnt
|faint|p1a: Iron Coward
|
|t:|1727881044
|switch|p1a: Jirachi|Jirachi|55/100
|
|-weather|Sandstorm|[upkeep]
|-damage|p2a: Suicune|66/100|[from] Sandstorm
|-heal|p1a: Jirachi|61/100|[from] item: Leftovers
|-heal|p2a: Suicune|72/100|[from] item: Leftovers
|-damage|p2a: Suicune|60/100|[from] Leech Seed|[of] p1a: Jirachi
|-heal|p1a: Jirachi|74/100|[silent]
|upkeep
|turn|40
|inactive|azepto has 60 seconds left.
|
|t:|1727881090
|switch|p2a: Zapdos|Zapdos|88/100
|move|p1a: Jirachi|Thunder|p2a: Zapdos
|-damage|p2a: Zapdos|49/100
|-status|p2a: Zapdos|par
|
|-weather|Sandstorm|[upkeep]
|-damage|p2a: Zapdos|43/100 par|[from] Sandstorm
|-heal|p1a: Jirachi|80/100|[from] item: Leftovers
|-heal|p2a: Zapdos|49/100 par|[from] item: Leftovers
|upkeep
|turn|41
|inactive|azepto has 30 seconds left.
|
|t:|1727881111
|move|p1a: Jirachi|Substitute|p1a: Jirachi
|-start|p1a: Jirachi|Substitute
|-damage|p1a: Jirachi|55/100
|move|p2a: Zapdos|Thunderbolt|p1a: Jirachi
|-end|p1a: Jirachi|Substitute
|
|-weather|Sandstorm|[upkeep]
|-damage|p2a: Zapdos|43/100 par|[from] Sandstorm
|-heal|p1a: Jirachi|61/100|[from] item: Leftovers
|-heal|p2a: Zapdos|49/100 par|[from] item: Leftovers
|upkeep
|turn|42
|
|t:|1727881115
|move|p1a: Jirachi|Calm Mind|p1a: Jirachi
|-boost|p1a: Jirachi|spa|1
|-boost|p1a: Jirachi|spd|1
|cant|p2a: Zapdos|par
|
|-weather|Sandstorm|[upkeep]
|-damage|p2a: Zapdos|43/100 par|[from] Sandstorm
|-heal|p1a: Jirachi|67/100|[from] item: Leftovers
|-heal|p2a: Zapdos|49/100 par|[from] item: Leftovers
|upkeep
|turn|43
|inactive|azepto has 30 seconds left.
|
|t:|1727881139
|move|p1a: Jirachi|Substitute|p1a: Jirachi
|-start|p1a: Jirachi|Substitute
|-damage|p1a: Jirachi|42/100
|cant|p2a: Zapdos|par
|
|-weather|Sandstorm|[upkeep]
|-damage|p2a: Zapdos|43/100 par|[from] Sandstorm
|-heal|p1a: Jirachi|49/100|[from] item: Leftovers
|-heal|p2a: Zapdos|49/100 par|[from] item: Leftovers
|upkeep
|turn|44
|inactive|azepto has 30 seconds left.
|
|t:|1727881157
|switch|p2a: Suicune|Suicune|60/100
|move|p1a: Jirachi|Ice Punch|p2a: Suicune
|-resisted|p2a: Suicune
|-damage|p2a: Suicune|48/100
|
|-weather|Sandstorm|[upkeep]
|-damage|p2a: Suicune|42/100|[from] Sandstorm
|-heal|p1a: Jirachi|55/100|[from] item: Leftovers
|-heal|p2a: Suicune|48/100|[from] item: Leftovers
|upkeep
|turn|45
|
|t:|1727881161
|move|p1a: Jirachi|Thunder|p2a: Suicune|[miss]
|-miss|p1a: Jirachi|p2a: Suicune
|move|p2a: Suicune|Roar|p1a: Jirachi
|drag|p1a: Queengambit|Raikou, shiny|76/100
|
|-weather|Sandstorm|[upkeep]
|-damage|p1a: Queengambit|69/100|[from] Sandstorm
|-damage|p2a: Suicune|42/100|[from] Sandstorm
|-heal|p1a: Queengambit|76/100|[from] item: Leftovers
|-heal|p2a: Suicune|48/100|[from] item: Leftovers
|upkeep
|turn|46
|c|☆azepto|omg
|inactive|azepto has 30 seconds left.
|inactive|azepto has 20 seconds left.
|
|t:|1727881190
|switch|p2a: Tyranitar|Tyranitar, M|67/100
|move|p1a: Queengambit|Thunderbolt|p2a: Tyranitar
|-damage|p2a: Tyranitar|18/100
|
|-weather|Sandstorm|[upkeep]
|-damage|p1a: Queengambit|69/100|[from] Sandstorm
|-heal|p1a: Queengambit|76/100|[from] item: Leftovers
|upkeep
|turn|47
|inactive|azepto has 30 seconds left this turn.
|
|t:|1727881194
|move|p1a: Queengambit|Thunderbolt|p2a: Tyranitar
|-damage|p2a: Tyranitar|0 fnt
|faint|p2a: Tyranitar
|inactive|azepto has 30 seconds left.
|inactive|azepto has 20 seconds left.
|
|t:|1727881209
|switch|p2a: Jirachi|Jirachi|100/100
|
|-weather|Sandstorm|[upkeep]
|-damage|p1a: Queengambit|69/100|[from] Sandstorm
|-heal|p1a: Queengambit|76/100|[from] item: Leftovers
|upkeep
|turn|48
|inactive|azepto has 30 seconds left this turn.
|
|t:|1727881217
|move|p1a: Queengambit|Calm Mind|p1a: Queengambit
|-boost|p1a: Queengambit|spa|1
|-boost|p1a: Queengambit|spd|1
|move|p2a: Jirachi|Psychic|p1a: Queengambit
|-damage|p1a: Queengambit|51/100
|
|-weather|Sandstorm|[upkeep]
|-damage|p1a: Queengambit|45/100|[from] Sandstorm
|-heal|p1a: Queengambit|51/100|[from] item: Leftovers
|upkeep
|turn|49
|inactive|azepto has 30 seconds left.
|
|t:|1727881224
|move|p1a: Queengambit|Thunderbolt|p2a: Jirachi
|-damage|p2a: Jirachi|42/100
|move|p2a: Jirachi|Calm Mind|p2a: Jirachi
|-boost|p2a: Jirachi|spa|1
|-boost|p2a: Jirachi|spd|1
|
|-weather|Sandstorm|[upkeep]
|-damage|p1a: Queengambit|45/100|[from] Sandstorm
|-heal|p1a: Queengambit|51/100|[from] item: Leftovers
|-heal|p2a: Jirachi|48/100|[from] item: Leftovers
|upkeep
|turn|50
|
|t:|1727881228
|move|p1a: Queengambit|Thunderbolt|p2a: Jirachi
|-damage|p2a: Jirachi|11/100
|move|p2a: Jirachi|Psychic|p1a: Queengambit
|-damage|p1a: Queengambit|11/100
|
|-weather|Sandstorm|[upkeep]
|-damage|p1a: Queengambit|5/100|[from] Sandstorm
|-heal|p1a: Queengambit|11/100|[from] item: Leftovers
|-heal|p2a: Jirachi|17/100|[from] item: Leftovers
|upkeep
|turn|51
|inactive|azepto has 30 seconds left.
|
|t:|1727881256
|switch|p2a: Zapdos|Zapdos|49/100 par
|move|p1a: Queengambit|Thunderbolt|p2a: Zapdos
|-damage|p2a: Zapdos|0 fnt
|faint|p2a: Zapdos
|inactive|azepto has 30 seconds left this turn.
|
|t:|1727881257
|switch|p2a: Blissey|Blissey, F|100/100
|
|-weather|Sandstorm|[upkeep]
|-damage|p1a: Queengambit|5/100|[from] Sandstorm
|-damage|p2a: Blissey|94/100|[from] Sandstorm
|-heal|p1a: Queengambit|11/100|[from] item: Leftovers
|-heal|p2a: Blissey|100/100|[from] item: Leftovers
|upkeep
|turn|52
|
|t:|1727881272
|switch|p1a: Great Musk|Suicune, shiny|57/100
|move|p2a: Blissey|Ice Beam|p1a: Great Musk
|-resisted|p1a: Great Musk
|-damage|p1a: Great Musk|50/100
|
|-weather|Sandstorm|[upkeep]
|-damage|p1a: Great Musk|44/100|[from] Sandstorm
|-damage|p2a: Blissey|94/100|[from] Sandstorm
|-heal|p1a: Great Musk|50/100|[from] item: Leftovers
|-heal|p2a: Blissey|100/100|[from] item: Leftovers
|upkeep
|turn|53
|
|t:|1727881280
|move|p1a: Great Musk|Calm Mind|p1a: Great Musk
|-boost|p1a: Great Musk|spa|1
|-boost|p1a: Great Musk|spd|1
|move|p2a: Blissey|Toxic|p1a: Great Musk
|-status|p1a: Great Musk|tox
|
|-weather|Sandstorm|[upkeep]
|-damage|p1a: Great Musk|44/100 tox|[from] Sandstorm
|-damage|p2a: Blissey|94/100|[from] Sandstorm
|-heal|p1a: Great Musk|50/100 tox|[from] item: Leftovers
|-damage|p1a: Great Musk|44/100 tox|[from] psn
|-heal|p2a: Blissey|100/100|[from] item: Leftovers
|upkeep
|turn|54
|
|t:|1727881292
|move|p1a: Great Musk|Hydro Pump|p2a: Blissey
|-damage|p2a: Blissey|71/100
|move|p2a: Blissey|Soft-Boiled|p2a: Blissey
|-heal|p2a: Blissey|100/100
|
|-weather|Sandstorm|[upkeep]
|-damage|p1a: Great Musk|38/100 tox|[from] Sandstorm
|-damage|p2a: Blissey|94/100|[from] Sandstorm
|-heal|p1a: Great Musk|44/100 tox|[from] item: Leftovers
|-damage|p1a: Great Musk|32/100 tox|[from] psn
|-heal|p2a: Blissey|100/100|[from] item: Leftovers
|upkeep
|turn|55
|
|t:|1727881296
|move|p1a: Great Musk|Calm Mind|p1a: Great Musk
|-boost|p1a: Great Musk|spa|1
|-boost|p1a: Great Musk|spd|1
|move|p2a: Blissey|Soft-Boiled||[still]
|-fail|p2a: Blissey|heal
|
|-weather|Sandstorm|[upkeep]
|-damage|p1a: Great Musk|26/100 tox|[from] Sandstorm
|-damage|p2a: Blissey|94/100|[from] Sandstorm
|-heal|p1a: Great Musk|32/100 tox|[from] item: Leftovers
|-damage|p1a: Great Musk|14/100 tox|[from] psn
|-heal|p2a: Blissey|100/100|[from] item: Leftovers
|upkeep
|turn|56
|
|t:|1727881299
|move|p1a: Great Musk|Hydro Pump|p2a: Blissey|[miss]
|-miss|p1a: Great Musk|p2a: Blissey
|move|p2a: Blissey|Soft-Boiled||[still]
|-fail|p2a: Blissey|heal
|
|-weather|Sandstorm|[upkeep]
|-damage|p1a: Great Musk|8/100 tox|[from] Sandstorm
|-damage|p2a: Blissey|94/100|[from] Sandstorm
|-heal|p1a: Great Musk|14/100 tox|[from] item: Leftovers
|-damage|p1a: Great Musk|0 fnt|[from] psn
|faint|p1a: Great Musk
|-heal|p2a: Blissey|100/100|[from] item: Leftovers
|upkeep
|
|t:|1727881306
|switch|p1a: Roaring Sun|Dugtrio, F|71/100
|turn|57
|
|t:|1727881308
|move|p1a: Roaring Sun|Earthquake|p2a: Blissey
|-damage|p2a: Blissey|48/100
|move|p2a: Blissey|Ice Beam|p1a: Roaring Sun
|-supereffective|p1a: Roaring Sun
|-damage|p1a: Roaring Sun|10/100
|-status|p1a: Roaring Sun|frz
|
|-weather|Sandstorm|[upkeep]
|-damage|p2a: Blissey|42/100|[from] Sandstorm
|-heal|p2a: Blissey|48/100|[from] item: Leftovers
|upkeep
|turn|58
|c|☆mysticaisand|xd
|
|t:|1727881315
|-curestatus|p1a: Roaring Sun|frz|[msg]
|move|p1a: Roaring Sun|Earthquake|p2a: Blissey
|-damage|p2a: Blissey|0 fnt
|faint|p2a: Blissey
|
|t:|1727881321
|switch|p2a: Suicune|Suicune|48/100
|
|-weather|Sandstorm|[upkeep]
|-damage|p2a: Suicune|42/100|[from] Sandstorm
|-heal|p2a: Suicune|48/100|[from] item: Leftovers
|upkeep
|turn|59
|
|t:|1727881323
|move|p1a: Roaring Sun|Earthquake|p2a: Suicune
|-damage|p2a: Suicune|16/100
|move|p2a: Suicune|Surf|p1a: Roaring Sun
|-supereffective|p1a: Roaring Sun
|-damage|p1a: Roaring Sun|0 fnt
|faint|p1a: Roaring Sun
|c|☆azepto|hahaha
|
|t:|1727881326
|switch|p1a: Queengambit|Raikou, shiny|11/100
|
|-weather|Sandstorm|[upkeep]
|-damage|p1a: Queengambit|5/100|[from] Sandstorm
|-damage|p2a: Suicune|10/100|[from] Sandstorm
|-heal|p1a: Queengambit|11/100|[from] item: Leftovers
|-heal|p2a: Suicune|16/100|[from] item: Leftovers
|upkeep
|turn|60
|c|☆azepto|gg
|c|☆mysticaisand|gg
|
|t:|1727881333
|move|p1a: Queengambit|Thunderbolt|p2a: Suicune
|-supereffective|p2a: Suicune
|-damage|p2a: Suicune|0 fnt
|faint|p2a: Suicune
|
|t:|1727881334
|switch|p2a: Jirachi|Jirachi|17/100
|
|-weather|Sandstorm|[upkeep]
|-damage|p1a: Queengambit|5/100|[from] Sandstorm
|-heal|p1a: Queengambit|11/100|[from] item: Leftovers
|-heal|p2a: Jirachi|23/100|[from] item: Leftovers
|upkeep
|turn|61
|
|t:|1727881338
|move|p1a: Queengambit|Thunderbolt|p2a: Jirachi
|-damage|p2a: Jirachi|0 fnt
|faint|p2a: Jirachi
|
|win|mysticaisand

</script>
<script type="application/json" class="data" id="replaydata-smogtours-gen3ou-793942">
{"id":"smogtours-gen3ou-793942","format":"[Gen 3] OU","players":["mysticaisand","azepto"],"uploadtime":1727881338,"views":98,"formatid":"gen3ou","rating":null,"private":0,"password":null}
</script>

<script defer src="js/replays.js?9d40a366"></script>
