<!DOCTYPE html>
<meta charset="utf-8" />
<meta name="viewport" content="width=device-width" />

<title>[Gen 3] OU: goldmasonvt vs. walkrr - Replays - Pok&eacute;mon Showdown!</title>

<meta name="description" content="Watch a replay of a Pok&eacute;mon battle between goldmasonvt and walkrr! Format: [Gen 3] OU; Date: Oct 4, 2024" />
<!--

Hey, you! Looking in the source for the replay log?

You can find them in JSON format, just add `.json` at the end of a replay URL.

https://replay.pokemonshowdown.com/gen7randomdoublesbattle-865046831.json

Or, if you only need the log itself, add `.log` instead:

https://replay.pokemonshowdown.com/gen7randomdoublesbattle-865046831.log

-->

<link rel="stylesheet" href="//pokemonshowdown.com/style/global.css?0.023195364461161105" />
<link rel="stylesheet" href="//play.pokemonshowdown.com/style/font-awesome.css?0.13261647063804238" />
<link rel="stylesheet" href="//play.pokemonshowdown.com/style/battle.css?0.8753245789963631" />
<link rel="stylesheet" href="//play.pokemonshowdown.com/style/utilichart.css?0.8627959624976733" />

<!-- Global site tag (gtag.js) - Google Analytics -->
<script async src="https://www.googletagmanager.com/gtag/js?id=UA-26211653-1"></script>
<script>
  window.dataLayer = window.dataLayer || [];
  function gtag(){dataLayer.push(arguments);}
  gtag('js', new Date());

  gtag('config', 'UA-26211653-1');
</script>
<!-- End Google Analytics -->
<!-- Venatus Ad Manager - Install in <HEAD> of page -->
	<script src="https://hb.vntsm.com/v3/live/ad-manager.min.js" type="text/javascript" data-site-id="642aba63ec9a7b11c3c9c1be" data-mode="scan" async></script>
<!-- / Venatus Ad Manager -->

<style>
	@media (max-width:820px) {
		.battle {
			margin: 0 auto;
		}
		.battle-log {
			margin: 7px auto 0;
			max-width: 640px;
			height: 300px;
			position: static;
		}
	}
	.optgroup {
		display: inline-block;
		line-height: 22px;
		font-size: 10pt;
	}
	.optgroup .button {
		height: 25px;
		padding-top: 0;
		padding-bottom: 0;
	}
	.optgroup button.button {
		padding-left: 12px;
		padding-right: 12px;
	}
	.linklist {
		list-style: none;
		margin: 0.5em 0;
		padding: 0;
	}
	.linklist li {
		padding: 2px 0;
	}
	.sidebar {
		float: left;
		width: 320px;
	}
	.bar-wrapper {
		max-width: 1100px;
		margin: 0 auto;
	}
	.bar-wrapper.has-sidebar {
		max-width: 1430px;
	}
	.mainbar {
		margin: 0;
		padding-right: 1px;
	}
	.mainbar.has-sidebar {
		margin-left: 330px;
	}
	@media (min-width: 1511px) {
		.sidebar {
			width: 400px;
		}
		.bar-wrapper.has-sidebar {
			max-width: 1510px;
		}
		.mainbar.has-sidebar {
			margin-left: 410px;
		}
	}
	.section.first-section {
		margin-top: 9px;
	}
	.blocklink small {
		white-space: normal;
	}
	.button {
		vertical-align: middle;
	}
	.replay-controls {
		padding-top: 10px;
	}
	.replay-controls h1 {
		font-size: 16pt;
		font-weight: normal;
		color: #CCC;
	}
	.pagelink {
		text-align: center;
	}
	.pagelink a {
		width: 150px;
	}
	.textbox, .button {
		font-size: 11pt;
		vertical-align: middle;
	}
	@media (max-width: 450px) {
		.button {
			font-size: 9pt;
		}
	}
</style>

<div>

	<header>
		<div class="nav-wrapper"><ul class="nav">
			<li><a class="button nav-first" href="//pokemonshowdown.com/"><img src="//pokemonshowdown.com/images/pokemonshowdownbeta.png" srcset="//pokemonshowdown.com/images/pokemonshowdownbeta.png 1x, //pokemonshowdown.com/images/pokemonshowdownbeta@2x.png 2x" alt="Pok&eacute;mon Showdown" width="146" height="44" /> Home</a></li>
			<li><a class="button" href="//pokemonshowdown.com/dex/">Pok&eacute;dex</a></li>
			<li><a class="button cur" href="/">Replays</a></li>
			<li><a class="button" href="//pokemonshowdown.com/ladder/">Ladder</a></li>
			<li><a class="button nav-last" href="//pokemonshowdown.com/forums/">Forum</a></li>
			<li><a class="button greenbutton nav-first nav-last" href="//play.pokemonshowdown.com/">Play</a></li>
		</ul></div>
	</header>

	<div class="main" id="main">

		<noscript><section class="section">You need to enable JavaScript to use this page; sorry!</section></noscript>

	</div>

</div>

<script defer nomodule src="//play.pokemonshowdown.com/js/lib/ps-polyfill.js"></script>
<script defer src="//play.pokemonshowdown.com/js/lib/preact.min.js"></script>

<script defer src="//play.pokemonshowdown.com/config/config.js?2bddbc15"></script>
<script defer src="//play.pokemonshowdown.com/js/lib/jquery-1.11.0.min.js"></script>
<script defer src="//play.pokemonshowdown.com/js/lib/html-sanitizer-minified.js"></script>
<script defer src="//play.pokemonshowdown.com/js/battle-sound.js"></script>
<script defer src="//play.pokemonshowdown.com/js/battledata.js?0.7209276989879541"></script>
<script defer src="//play.pokemonshowdown.com/data/pokedex-mini.js?0.6111056340867951"></script>
<script defer src="//play.pokemonshowdown.com/data/pokedex-mini-bw.js?0.3532142036491459"></script>
<script defer src="//play.pokemonshowdown.com/data/graphics.js?0.24223875632456182"></script>
<script defer src="//play.pokemonshowdown.com/data/pokedex.js?0.38839984266356864"></script>
<script defer src="//play.pokemonshowdown.com/data/moves.js?0.21866028504024015"></script>
<script defer src="//play.pokemonshowdown.com/data/abilities.js?0.2005157953846628"></script>
<script defer src="//play.pokemonshowdown.com/data/items.js?0.9894211263848525"></script>
<script defer src="//play.pokemonshowdown.com/data/teambuilder-tables.js?0.6008791140282215"></script>
<script defer src="//play.pokemonshowdown.com/js/battle-tooltips.js?0.7580118955022959"></script>
<script defer src="//play.pokemonshowdown.com/js/battle.js?0.6057722274234274"></script>

<script defer src="js/utils.js?e31f9a17"></script>
<script defer src="js/replays-battle.js?7008c182"></script>

<!-- don't scrape this data! just add .json or .log after the URL!
Full API docs: https://github.com/smogon/pokemon-showdown-client/blob/master/WEB-API.md -->
<script type="text/plain" class="log" id="replaylog-smogtours-gen3ou-794464">
|inactive|Battle timer is ON: inactive players will automatically lose when time's up.
|t:|1728003992
|gametype|singles
|player|p1|goldmasonvt|#advpliv|
|player|p2|walkrr|102|
|teamsize|p1|6
|teamsize|p2|6
|gen|3
|tier|[Gen 3] OU
|rule|Sleep Clause Mod: Limit one foe put to sleep
|rule|Switch Priority Clause Mod: Faster Pokémon switch first
|rule|Species Clause: Limit one of each Pokémon
|rule|OHKO Clause: OHKO moves are banned
|rule|Evasion Items Clause: Evasion items are banned
|rule|Evasion Moves Clause: Evasion moves are banned
|rule|Endless Battle Clause: Forcing endless battles is banned
|rule|HP Percentage Mod: HP is shown in percentages
|rule|One Boost Passer Clause: Limit one Baton Passer that has a way to boost its stats
|rule|Freeze Clause Mod: Limit one foe frozen
|
|t:|1728003992
|start
|switch|p1a: Tyranitar|Tyranitar, M|100/100
|switch|p2a: Skarmory|Skarmory, M|100/100
|-weather|Sandstorm|[from] ability: Sand Stream|[of] p1a: Tyranitar
|turn|1
|
|t:|1728004000
|-singleturn|p1a: Tyranitar|move: Focus Punch
|move|p2a: Skarmory|Spikes|p1a: Tyranitar
|-sidestart|p1: goldmasonvt|Spikes
|move|p1a: Tyranitar|Focus Punch|p2a: Skarmory
|-damage|p2a: Skarmory|58/100
|
|-weather|Sandstorm|[upkeep]
|-heal|p2a: Skarmory|64/100|[from] item: Leftovers
|upkeep
|turn|2
|
|t:|1728004008
|move|p2a: Skarmory|Spikes|p1a: Tyranitar
|-sidestart|p1: goldmasonvt|Spikes
|move|p1a: Tyranitar|Substitute|p1a: Tyranitar
|-start|p1a: Tyranitar|Substitute
|-damage|p1a: Tyranitar|75/100
|
|-weather|Sandstorm|[upkeep]
|-heal|p2a: Skarmory|70/100|[from] item: Leftovers
|-heal|p1a: Tyranitar|82/100|[from] item: Leftovers
|upkeep
|turn|3
|
|t:|1728004016
|-singleturn|p1a: Tyranitar|move: Focus Punch
|move|p2a: Skarmory|Protect|p2a: Skarmory
|-singleturn|p2a: Skarmory|Protect
|move|p1a: Tyranitar|Focus Punch|p2a: Skarmory
|-activate|p2a: Skarmory|Protect
|
|-weather|Sandstorm|[upkeep]
|-heal|p2a: Skarmory|76/100|[from] item: Leftovers
|-heal|p1a: Tyranitar|88/100|[from] item: Leftovers
|upkeep
|turn|4
|
|t:|1728004030
|-singleturn|p1a: Tyranitar|move: Focus Punch
|move|p1a: Tyranitar|Focus Punch|p2a: Skarmory
|-damage|p2a: Skarmory|35/100
|move|p2a: Skarmory|Roar|p1a: Tyranitar
|drag|p1a: Starmie|Starmie|100/100
|-damage|p1a: Starmie|84/100|[from] Spikes
|
|-weather|Sandstorm|[upkeep]
|-damage|p1a: Starmie|78/100|[from] Sandstorm
|-heal|p1a: Starmie|84/100|[from] item: Leftovers
|-heal|p2a: Skarmory|41/100|[from] item: Leftovers
|upkeep
|turn|5
|
|t:|1728004042
|move|p2a: Skarmory|Protect|p2a: Skarmory
|-singleturn|p2a: Skarmory|Protect
|move|p1a: Starmie|Thunderbolt|p2a: Skarmory
|-activate|p2a: Skarmory|Protect
|
|-weather|Sandstorm|[upkeep]
|-damage|p1a: Starmie|78/100|[from] Sandstorm
|-heal|p1a: Starmie|84/100|[from] item: Leftovers
|-heal|p2a: Skarmory|47/100|[from] item: Leftovers
|upkeep
|turn|6
|
|t:|1728004051
|switch|p2a: Regice|Regice|100/100
|move|p1a: Starmie|Hydro Pump|p2a: Regice
|-damage|p2a: Regice|74/100
|
|-weather|Sandstorm|[upkeep]
|-damage|p1a: Starmie|78/100|[from] Sandstorm
|-damage|p2a: Regice|68/100|[from] Sandstorm
|-heal|p1a: Starmie|84/100|[from] item: Leftovers
|-heal|p2a: Regice|74/100|[from] item: Leftovers
|upkeep
|turn|7
|
|t:|1728004075
|switch|p1a: Snorlax|Snorlax, M|100/100
|-damage|p1a: Snorlax|84/100|[from] Spikes
|move|p2a: Regice|Thunderbolt|p1a: Snorlax
|-damage|p1a: Snorlax|66/100
|
|-weather|Sandstorm|[upkeep]
|-damage|p2a: Regice|68/100|[from] Sandstorm
|-damage|p1a: Snorlax|60/100|[from] Sandstorm
|-heal|p2a: Regice|74/100|[from] item: Leftovers
|-heal|p1a: Snorlax|66/100|[from] item: Leftovers
|upkeep
|turn|8
|
|t:|1728004086
|-singleturn|p1a: Snorlax|move: Focus Punch
|move|p2a: Regice|Thunder Wave|p1a: Snorlax
|-status|p1a: Snorlax|par
|move|p1a: Snorlax|Focus Punch|p2a: Regice
|-supereffective|p2a: Regice
|-damage|p2a: Regice|0 fnt
|faint|p2a: Regice
|
|t:|1728004095
|switch|p2a: Skarmory|Skarmory, M|47/100
|
|-weather|Sandstorm|[upkeep]
|-damage|p1a: Snorlax|60/100 par|[from] Sandstorm
|-heal|p2a: Skarmory|53/100|[from] item: Leftovers
|-heal|p1a: Snorlax|66/100 par|[from] item: Leftovers
|upkeep
|turn|9
|
|t:|1728004102
|-singleturn|p1a: Snorlax|move: Focus Punch
|move|p2a: Skarmory|Spikes|p1a: Snorlax
|-sidestart|p1: goldmasonvt|Spikes
|move|p1a: Snorlax|Focus Punch|p2a: Skarmory
|-damage|p2a: Skarmory|15/100
|
|-weather|Sandstorm|[upkeep]
|-damage|p1a: Snorlax|60/100 par|[from] Sandstorm
|-heal|p2a: Skarmory|21/100|[from] item: Leftovers
|-heal|p1a: Snorlax|66/100 par|[from] item: Leftovers
|upkeep
|turn|10
|
|t:|1728004113
|switch|p1a: Charizard|Charizard, M|100/100
|move|p2a: Skarmory|Protect||[still]
|-fail|p2a: Skarmory
|
|-weather|Sandstorm|[upkeep]
|-damage|p1a: Charizard|94/100|[from] Sandstorm
|-heal|p1a: Charizard|100/100|[from] item: Leftovers
|-heal|p2a: Skarmory|27/100|[from] item: Leftovers
|upkeep
|turn|11
|
|t:|1728004125
|switch|p2a: Suicune|Suicune|100/100
|move|p1a: Charizard|Fire Blast|p2a: Suicune
|-resisted|p2a: Suicune
|-damage|p2a: Suicune|82/100
|
|-weather|Sandstorm|[upkeep]
|-damage|p1a: Charizard|94/100|[from] Sandstorm
|-damage|p2a: Suicune|75/100|[from] Sandstorm
|-heal|p1a: Charizard|100/100|[from] item: Leftovers
|-heal|p2a: Suicune|82/100|[from] item: Leftovers
|upkeep
|turn|12
|inactive|goldmasonvt has 270 seconds left.
|inactive|walkrr has 270 seconds left.
|
|t:|1728004183
|switch|p1a: Starmie|Starmie|84/100
|-damage|p1a: Starmie|59/100|[from] Spikes
|move|p2a: Suicune|Roar|p1a: Starmie
|drag|p1a: Claydol|Claydol|100/100
|
|-weather|Sandstorm|[upkeep]
|-damage|p2a: Suicune|75/100|[from] Sandstorm
|-heal|p2a: Suicune|82/100|[from] item: Leftovers
|upkeep
|turn|13
|inactive|walkrr has 270 seconds left.
|inactive|walkrr has 240 seconds left.
|
|t:|1728004222
|move|p2a: Suicune|Surf|p1a: Claydol
|-supereffective|p1a: Claydol
|-damage|p1a: Claydol|34/100
|move|p1a: Claydol|Rapid Spin|p2a: Suicune
|-damage|p2a: Suicune|79/100
|-sideend|p1: goldmasonvt|Spikes|[from] move: Rapid Spin|[of] p1a: Claydol
|
|-weather|Sandstorm|[upkeep]
|-damage|p2a: Suicune|73/100|[from] Sandstorm
|-heal|p2a: Suicune|79/100|[from] item: Leftovers
|-heal|p1a: Claydol|40/100|[from] item: Leftovers
|upkeep
|turn|14
|inactive|walkrr has 240 seconds left.
|
|t:|1728004233
|switch|p1a: Snorlax|Snorlax, M|66/100 par
|move|p2a: Suicune|Surf|p1a: Snorlax
|-damage|p1a: Snorlax|42/100 par
|
|-weather|Sandstorm|[upkeep]
|-damage|p2a: Suicune|73/100|[from] Sandstorm
|-damage|p1a: Snorlax|36/100 par|[from] Sandstorm
|-heal|p2a: Suicune|79/100|[from] item: Leftovers
|-heal|p1a: Snorlax|42/100 par|[from] item: Leftovers
|upkeep
|turn|15
|inactive|walkrr has 240 seconds left.
|
|t:|1728004256
|switch|p2a: Gengar|Gengar, F|100/100
|move|p1a: Snorlax|Self-Destruct|p2a: Gengar
|-immune|p2a: Gengar
|faint|p1a: Snorlax
|inactive|goldmasonvt has 240 seconds left.
|
|t:|1728004301
|switch|p1a: Tyranitar|Tyranitar, M|88/100
|
|-weather|Sandstorm|[upkeep]
|-damage|p2a: Gengar|94/100|[from] Sandstorm
|-heal|p2a: Gengar|100/100|[from] item: Leftovers
|-heal|p1a: Tyranitar|94/100|[from] item: Leftovers
|upkeep
|turn|16
|inactive|walkrr has 240 seconds left.
|
|t:|1728004318
|move|p2a: Gengar|Hidden Power|p1a: Tyranitar
|-supereffective|p1a: Tyranitar
|-damage|p1a: Tyranitar|54/100
|move|p1a: Tyranitar|Rock Slide|p2a: Gengar
|-damage|p2a: Gengar|22/100
|
|-weather|Sandstorm|[upkeep]
|-damage|p2a: Gengar|16/100|[from] Sandstorm
|-heal|p2a: Gengar|22/100|[from] item: Leftovers
|-heal|p1a: Tyranitar|61/100|[from] item: Leftovers
|upkeep
|turn|17
|
|t:|1728004332
|switch|p2a: Metagross|Metagross|100/100
|move|p1a: Tyranitar|Rock Slide|p2a: Metagross
|-resisted|p2a: Metagross
|-damage|p2a: Metagross|84/100
|
|-weather|Sandstorm|[upkeep]
|-heal|p2a: Metagross|90/100|[from] item: Leftovers
|-heal|p1a: Tyranitar|67/100|[from] item: Leftovers
|upkeep
|turn|18
|inactive|goldmasonvt has 240 seconds left.
|
|t:|1728004363
|switch|p1a: Charizard|Charizard, M|100/100
|move|p2a: Metagross|Agility|p2a: Metagross
|-boost|p2a: Metagross|spe|2
|
|-weather|Sandstorm|[upkeep]
|-damage|p1a: Charizard|94/100|[from] Sandstorm
|-heal|p2a: Metagross|96/100|[from] item: Leftovers
|-heal|p1a: Charizard|100/100|[from] item: Leftovers
|upkeep
|turn|19
|inactive|walkrr has 240 seconds left.
|inactive|walkrr has 210 seconds left.
|
|t:|1728004404
|switch|p1a: Tyranitar|Tyranitar, M|67/100
|move|p2a: Metagross|Meteor Mash|p1a: Tyranitar|[miss]
|-miss|p2a: Metagross|p1a: Tyranitar
|
|-weather|Sandstorm|[upkeep]
|-heal|p2a: Metagross|100/100|[from] item: Leftovers
|-heal|p1a: Tyranitar|73/100|[from] item: Leftovers
|upkeep
|turn|20
|inactive|walkrr has 210 seconds left.
|
|t:|1728004420
|switch|p1a: Starmie|Starmie|59/100
|move|p2a: Metagross|Meteor Mash|p1a: Starmie
|-resisted|p1a: Starmie
|-damage|p1a: Starmie|12/100
|
|-weather|Sandstorm|[upkeep]
|-damage|p1a: Starmie|5/100|[from] Sandstorm
|-heal|p1a: Starmie|12/100|[from] item: Leftovers
|upkeep
|turn|21
|
|t:|1728004428
|switch|p1a: Charizard|Charizard, M|100/100
|move|p2a: Metagross|Meteor Mash|p1a: Charizard
|-resisted|p1a: Charizard
|-damage|p1a: Charizard|55/100
|
|-weather|Sandstorm|[upkeep]
|-damage|p1a: Charizard|49/100|[from] Sandstorm
|-heal|p1a: Charizard|55/100|[from] item: Leftovers
|upkeep
|turn|22
|
|t:|1728004436
|move|p2a: Metagross|Meteor Mash|p1a: Charizard
|-resisted|p1a: Charizard
|-damage|p1a: Charizard|9/100
|move|p1a: Charizard|Fire Blast|p2a: Metagross
|-supereffective|p2a: Metagross
|-crit|p2a: Metagross
|-damage|p2a: Metagross|0 fnt
|faint|p2a: Metagross
|inactive|walkrr has 210 seconds left.
|
|t:|1728004454
|switch|p2a: Gengar|Gengar, F|22/100
|
|-weather|Sandstorm|[upkeep]
|-damage|p2a: Gengar|16/100|[from] Sandstorm
|-damage|p1a: Charizard|3/100|[from] Sandstorm
|-heal|p2a: Gengar|22/100|[from] item: Leftovers
|-heal|p1a: Charizard|9/100|[from] item: Leftovers
|upkeep
|turn|23
|inactive|walkrr has 210 seconds left.
|inactive|goldmasonvt has 240 seconds left.
|
|t:|1728004474
|switch|p1a: Claydol|Claydol|40/100
|move|p2a: Gengar|Ice Punch|p1a: Claydol
|-supereffective|p1a: Claydol
|-damage|p1a: Claydol|0 fnt
|faint|p1a: Claydol
|
|t:|1728004477
|switch|p1a: Starmie|Starmie|12/100
|
|-weather|Sandstorm|[upkeep]
|-damage|p1a: Starmie|5/100|[from] Sandstorm
|-damage|p2a: Gengar|16/100|[from] Sandstorm
|-heal|p1a: Starmie|12/100|[from] item: Leftovers
|-heal|p2a: Gengar|22/100|[from] item: Leftovers
|upkeep
|turn|24
|inactive|walkrr has 210 seconds left.
|
|t:|1728004495
|switch|p2a: Skarmory|Skarmory, M|27/100
|move|p1a: Starmie|Thunderbolt|p2a: Skarmory
|-supereffective|p2a: Skarmory
|-damage|p2a: Skarmory|0 fnt
|faint|p2a: Skarmory
|inactive|walkrr has 180 seconds left.
|
|t:|1728004547
|switch|p2a: Claydol|Claydol|100/100
|
|-weather|Sandstorm|[upkeep]
|-damage|p1a: Starmie|5/100|[from] Sandstorm
|-heal|p1a: Starmie|12/100|[from] item: Leftovers
|upkeep
|turn|25
|inactive|goldmasonvt has 240 seconds left.
|
|t:|1728004574
|switch|p1a: Charizard|Charizard, M|9/100
|move|p2a: Claydol|Psychic|p1a: Charizard
|-damage|p1a: Charizard|0 fnt
|faint|p1a: Charizard
|
|t:|1728004578
|switch|p1a: Tyranitar|Tyranitar, M|73/100
|
|-weather|Sandstorm|[upkeep]
|-heal|p1a: Tyranitar|79/100|[from] item: Leftovers
|upkeep
|turn|26
|
|t:|1728004583
|move|p2a: Claydol|Earthquake|p1a: Tyranitar
|-supereffective|p1a: Tyranitar
|-damage|p1a: Tyranitar|16/100
|move|p1a: Tyranitar|Hidden Power|p2a: Claydol
|-supereffective|p2a: Claydol
|-damage|p2a: Claydol|31/100
|
|-weather|Sandstorm|[upkeep]
|-heal|p2a: Claydol|37/100|[from] item: Leftovers
|-heal|p1a: Tyranitar|22/100|[from] item: Leftovers
|upkeep
|turn|27
|
|t:|1728004592
|move|p2a: Claydol|Earthquake|p1a: Tyranitar
|-supereffective|p1a: Tyranitar
|-crit|p1a: Tyranitar
|-damage|p1a: Tyranitar|0 fnt
|faint|p1a: Tyranitar
|
|t:|1728004595
|switch|p1a: Starmie|Starmie|12/100
|
|-weather|Sandstorm|[upkeep]
|-damage|p1a: Starmie|5/100|[from] Sandstorm
|-heal|p1a: Starmie|12/100|[from] item: Leftovers
|-heal|p2a: Claydol|43/100|[from] item: Leftovers
|upkeep
|turn|28
|inactive|walkrr has 180 seconds left.
|inactive|walkrr has 150 seconds left.
|
|t:|1728004652
|switch|p2a: Suicune|Suicune|79/100
|move|p1a: Starmie|Ice Beam|p2a: Suicune
|-resisted|p2a: Suicune
|-damage|p2a: Suicune|68/100
|
|-weather|Sandstorm|[upkeep]
|-damage|p1a: Starmie|5/100|[from] Sandstorm
|-damage|p2a: Suicune|62/100|[from] Sandstorm
|-heal|p1a: Starmie|12/100|[from] item: Leftovers
|-heal|p2a: Suicune|68/100|[from] item: Leftovers
|upkeep
|turn|29
|inactive|walkrr has 120 seconds left.
|inactive|walkrr has 90 seconds left.
|
|t:|1728004708
|move|p1a: Starmie|Recover|p1a: Starmie
|-heal|p1a: Starmie|62/100
|move|p2a: Suicune|Calm Mind|p2a: Suicune
|-boost|p2a: Suicune|spa|1
|-boost|p2a: Suicune|spd|1
|
|-weather|Sandstorm|[upkeep]
|-damage|p1a: Starmie|55/100|[from] Sandstorm
|-damage|p2a: Suicune|62/100|[from] Sandstorm
|-heal|p1a: Starmie|62/100|[from] item: Leftovers
|-heal|p2a: Suicune|68/100|[from] item: Leftovers
|upkeep
|turn|30
|
|t:|1728004718
|move|p1a: Starmie|Thunderbolt|p2a: Suicune
|-supereffective|p2a: Suicune
|-damage|p2a: Suicune|38/100
|move|p2a: Suicune|Calm Mind|p2a: Suicune
|-boost|p2a: Suicune|spa|1
|-boost|p2a: Suicune|spd|1
|
|-weather|Sandstorm|[upkeep]
|-damage|p1a: Starmie|55/100|[from] Sandstorm
|-damage|p2a: Suicune|32/100|[from] Sandstorm
|-heal|p1a: Starmie|62/100|[from] item: Leftovers
|-heal|p2a: Suicune|38/100|[from] item: Leftovers
|upkeep
|turn|31
|
|t:|1728004728
|move|p1a: Starmie|Thunderbolt|p2a: Suicune
|-supereffective|p2a: Suicune
|-damage|p2a: Suicune|15/100
|move|p2a: Suicune|Rest|p2a: Suicune
|-status|p2a: Suicune|slp|[from] move: Rest
|-heal|p2a: Suicune|100/100 slp|[silent]
|
|-weather|Sandstorm|[upkeep]
|-damage|p1a: Starmie|55/100|[from] Sandstorm
|-damage|p2a: Suicune|94/100 slp|[from] Sandstorm
|-heal|p1a: Starmie|62/100|[from] item: Leftovers
|-heal|p2a: Suicune|100/100 slp|[from] item: Leftovers
|upkeep
|turn|32
|
|t:|1728004739
|move|p1a: Starmie|Thunderbolt|p2a: Suicune
|-supereffective|p2a: Suicune
|-damage|p2a: Suicune|80/100 slp
|cant|p2a: Suicune|slp
|
|-weather|Sandstorm|[upkeep]
|-damage|p1a: Starmie|55/100|[from] Sandstorm
|-damage|p2a: Suicune|73/100 slp|[from] Sandstorm
|-heal|p1a: Starmie|62/100|[from] item: Leftovers
|-heal|p2a: Suicune|80/100 slp|[from] item: Leftovers
|upkeep
|turn|33
|
|t:|1728004749
|move|p1a: Starmie|Thunderbolt|p2a: Suicune
|-supereffective|p2a: Suicune
|-damage|p2a: Suicune|59/100 slp
|cant|p2a: Suicune|slp
|
|-weather|Sandstorm|[upkeep]
|-damage|p1a: Starmie|55/100|[from] Sandstorm
|-damage|p2a: Suicune|53/100 slp|[from] Sandstorm
|-heal|p1a: Starmie|62/100|[from] item: Leftovers
|-heal|p2a: Suicune|59/100 slp|[from] item: Leftovers
|upkeep
|turn|34
|
|t:|1728004758
|move|p1a: Starmie|Thunderbolt|p2a: Suicune
|-supereffective|p2a: Suicune
|-damage|p2a: Suicune|39/100 slp
|-curestatus|p2a: Suicune|slp|[msg]
|move|p2a: Suicune|Calm Mind|p2a: Suicune
|-boost|p2a: Suicune|spa|1
|-boost|p2a: Suicune|spd|1
|
|-weather|Sandstorm|[upkeep]
|-damage|p1a: Starmie|55/100|[from] Sandstorm
|-damage|p2a: Suicune|33/100|[from] Sandstorm
|-heal|p1a: Starmie|62/100|[from] item: Leftovers
|-heal|p2a: Suicune|39/100|[from] item: Leftovers
|upkeep
|turn|35
|
|t:|1728004769
|move|p1a: Starmie|Thunderbolt|p2a: Suicune
|-supereffective|p2a: Suicune
|-damage|p2a: Suicune|22/100
|move|p2a: Suicune|Rest|p2a: Suicune
|-status|p2a: Suicune|slp|[from] move: Rest
|-heal|p2a: Suicune|100/100 slp|[silent]
|
|-weather|Sandstorm|[upkeep]
|-damage|p1a: Starmie|55/100|[from] Sandstorm
|-damage|p2a: Suicune|94/100 slp|[from] Sandstorm
|-heal|p1a: Starmie|62/100|[from] item: Leftovers
|-heal|p2a: Suicune|100/100 slp|[from] item: Leftovers
|upkeep
|turn|36
|
|t:|1728004780
|switch|p1a: Metagross|Metagross|100/100
|cant|p2a: Suicune|slp
|
|-weather|Sandstorm|[upkeep]
|-damage|p2a: Suicune|94/100 slp|[from] Sandstorm
|-heal|p2a: Suicune|100/100 slp|[from] item: Leftovers
|upkeep
|turn|37
|inactive|walkrr has 90 seconds left.
|
|t:|1728004813
|switch|p2a: Gengar|Gengar, F|22/100
|move|p1a: Metagross|Meteor Mash|p2a: Gengar
|-damage|p2a: Gengar|0 fnt
|faint|p2a: Gengar
|c|☆walkrr|tried to catch the explode rip
|
|t:|1728004831
|switch|p2a: Claydol|Claydol|43/100
|
|-weather|Sandstorm|[upkeep]
|-heal|p2a: Claydol|49/100|[from] item: Leftovers
|upkeep
|turn|38
|
|t:|1728004847
|move|p2a: Claydol|Earthquake|p1a: Metagross
|-supereffective|p1a: Metagross
|-damage|p1a: Metagross|38/100
|move|p1a: Metagross|Meteor Mash|p2a: Claydol
|-damage|p2a: Claydol|0 fnt
|faint|p2a: Claydol
|
|t:|1728004853
|switch|p2a: Suicune|Suicune|100/100 slp
|
|-weather|Sandstorm|[upkeep]
|-damage|p2a: Suicune|94/100 slp|[from] Sandstorm
|-heal|p1a: Metagross|44/100|[from] item: Leftovers
|-heal|p2a: Suicune|100/100 slp|[from] item: Leftovers
|upkeep
|turn|39
|c|☆goldmasonvt|gg
|inactive|walkrr has 90 seconds left.
|
|t:|1728004860
|move|p1a: Metagross|Explosion|p2a: Suicune
|-damage|p2a: Suicune|0 fnt
|faint|p1a: Metagross
|faint|p2a: Suicune
|
|win|goldmasonvt
|c|☆walkrr|gg wp
|c|☆goldmasonvt|ty for the games

</script>
<script type="application/json" class="data" id="replaydata-smogtours-gen3ou-794464">
{"id":"smogtours-gen3ou-794464","format":"[Gen 3] OU","players":["goldmasonvt","walkrr"],"uploadtime":1728004860,"views":127,"formatid":"gen3ou","rating":null,"private":0,"password":null}
</script>

<script defer src="js/replays.js?9d40a366"></script>
