<!DOCTYPE html>
<meta charset="utf-8" />
<meta name="viewport" content="width=device-width" />

<title>[Gen 3] OU: Salaryman William vs. Kenava - Replays - Pok&eacute;mon Showdown!</title>

<meta name="description" content="Watch a replay of a Pok&eacute;mon battle between Salaryman William and Kenava! Format: [Gen 3] OU; Date: Oct 29, 2024" />
<!--

Hey, you! Looking in the source for the replay log?

You can find them in JSON format, just add `.json` at the end of a replay URL.

https://replay.pokemonshowdown.com/gen7randomdoublesbattle-865046831.json

Or, if you only need the log itself, add `.log` instead:

https://replay.pokemonshowdown.com/gen7randomdoublesbattle-865046831.log

-->

<link rel="stylesheet" href="//pokemonshowdown.com/style/global.css?0.023195364461161105" />
<link rel="stylesheet" href="//play.pokemonshowdown.com/style/font-awesome.css?0.13261647063804238" />
<link rel="stylesheet" href="//play.pokemonshowdown.com/style/battle.css?0.8753245789963631" />
<link rel="stylesheet" href="//play.pokemonshowdown.com/style/utilichart.css?0.8627959624976733" />

<!-- Global site tag (gtag.js) - Google Analytics -->
<script async src="https://www.googletagmanager.com/gtag/js?id=UA-26211653-1"></script>
<script>
  window.dataLayer = window.dataLayer || [];
  function gtag(){dataLayer.push(arguments);}
  gtag('js', new Date());

  gtag('config', 'UA-26211653-1');
</script>
<!-- End Google Analytics -->
<!-- Venatus Ad Manager - Install in <HEAD> of page -->
	<script src="https://hb.vntsm.com/v3/live/ad-manager.min.js" type="text/javascript" data-site-id="642aba63ec9a7b11c3c9c1be" data-mode="scan" async></script>
<!-- / Venatus Ad Manager -->

<style>
	@media (max-width:820px) {
		.battle {
			margin: 0 auto;
		}
		.battle-log {
			margin: 7px auto 0;
			max-width: 640px;
			height: 300px;
			position: static;
		}
	}
	.optgroup {
		display: inline-block;
		line-height: 22px;
		font-size: 10pt;
	}
	.optgroup .button {
		height: 25px;
		padding-top: 0;
		padding-bottom: 0;
	}
	.optgroup button.button {
		padding-left: 12px;
		padding-right: 12px;
	}
	.linklist {
		list-style: none;
		margin: 0.5em 0;
		padding: 0;
	}
	.linklist li {
		padding: 2px 0;
	}
	.sidebar {
		float: left;
		width: 320px;
	}
	.bar-wrapper {
		max-width: 1100px;
		margin: 0 auto;
	}
	.bar-wrapper.has-sidebar {
		max-width: 1430px;
	}
	.mainbar {
		margin: 0;
		padding-right: 1px;
	}
	.mainbar.has-sidebar {
		margin-left: 330px;
	}
	@media (min-width: 1511px) {
		.sidebar {
			width: 400px;
		}
		.bar-wrapper.has-sidebar {
			max-width: 1510px;
		}
		.mainbar.has-sidebar {
			margin-left: 410px;
		}
	}
	.section.first-section {
		margin-top: 9px;
	}
	.blocklink small {
		white-space: normal;
	}
	.button {
		vertical-align: middle;
	}
	.replay-controls {
		padding-top: 10px;
	}
	.replay-controls h1 {
		font-size: 16pt;
		font-weight: normal;
		color: #CCC;
	}
	.pagelink {
		text-align: center;
	}
	.pagelink a {
		width: 150px;
	}
	.textbox, .button {
		font-size: 11pt;
		vertical-align: middle;
	}
	@media (max-width: 450px) {
		.button {
			font-size: 9pt;
		}
	}
</style>

<div>

	<header>
		<div class="nav-wrapper"><ul class="nav">
			<li><a class="button nav-first" href="//pokemonshowdown.com/"><img src="//pokemonshowdown.com/images/pokemonshowdownbeta.png" srcset="//pokemonshowdown.com/images/pokemonshowdownbeta.png 1x, //pokemonshowdown.com/images/pokemonshowdownbeta@2x.png 2x" alt="Pok&eacute;mon Showdown" width="146" height="44" /> Home</a></li>
			<li><a class="button" href="//pokemonshowdown.com/dex/">Pok&eacute;dex</a></li>
			<li><a class="button cur" href="/">Replays</a></li>
			<li><a class="button" href="//pokemonshowdown.com/ladder/">Ladder</a></li>
			<li><a class="button nav-last" href="//pokemonshowdown.com/forums/">Forum</a></li>
			<li><a class="button greenbutton nav-first nav-last" href="//play.pokemonshowdown.com/">Play</a></li>
		</ul></div>
	</header>

	<div class="main" id="main">

		<noscript><section class="section">You need to enable JavaScript to use this page; sorry!</section></noscript>

	</div>

</div>

<script defer nomodule src="//play.pokemonshowdown.com/js/lib/ps-polyfill.js"></script>
<script defer src="//play.pokemonshowdown.com/js/lib/preact.min.js"></script>

<script defer src="//play.pokemonshowdown.com/config/config.js?2bddbc15"></script>
<script defer src="//play.pokemonshowdown.com/js/lib/jquery-1.11.0.min.js"></script>
<script defer src="//play.pokemonshowdown.com/js/lib/html-sanitizer-minified.js"></script>
<script defer src="//play.pokemonshowdown.com/js/battle-sound.js"></script>
<script defer src="//play.pokemonshowdown.com/js/battledata.js?0.7209276989879541"></script>
<script defer src="//play.pokemonshowdown.com/data/pokedex-mini.js?0.6111056340867951"></script>
<script defer src="//play.pokemonshowdown.com/data/pokedex-mini-bw.js?0.3532142036491459"></script>
<script defer src="//play.pokemonshowdown.com/data/graphics.js?0.24223875632456182"></script>
<script defer src="//play.pokemonshowdown.com/data/pokedex.js?0.38839984266356864"></script>
<script defer src="//play.pokemonshowdown.com/data/moves.js?0.21866028504024015"></script>
<script defer src="//play.pokemonshowdown.com/data/abilities.js?0.2005157953846628"></script>
<script defer src="//play.pokemonshowdown.com/data/items.js?0.9894211263848525"></script>
<script defer src="//play.pokemonshowdown.com/data/teambuilder-tables.js?0.6008791140282215"></script>
<script defer src="//play.pokemonshowdown.com/js/battle-tooltips.js?0.7580118955022959"></script>
<script defer src="//play.pokemonshowdown.com/js/battle.js?0.6057722274234274"></script>

<script defer src="js/utils.js?e31f9a17"></script>
<script defer src="js/replays-battle.js?7008c182"></script>

<!-- don't scrape this data! just add .json or .log after the URL!
Full API docs: https://github.com/smogon/pokemon-showdown-client/blob/master/WEB-API.md -->
<script type="text/plain" class="log" id="replaylog-smogtours-gen3ou-803377">
|inactive|Battle timer is ON: inactive players will automatically lose when time's up.
|t:|1730243476
|gametype|singles
|player|p1|Salaryman William|clerk|
|player|p2|Kenava|102|
|teamsize|p1|6
|teamsize|p2|6
|gen|3
|tier|[Gen 3] OU
|rule|Sleep Clause Mod: Limit one foe put to sleep
|rule|Switch Priority Clause Mod: Faster Pokémon switch first
|rule|Species Clause: Limit one of each Pokémon
|rule|OHKO Clause: OHKO moves are banned
|rule|Evasion Items Clause: Evasion items are banned
|rule|Evasion Moves Clause: Evasion moves are banned
|rule|Endless Battle Clause: Forcing endless battles is banned
|rule|HP Percentage Mod: HP is shown in percentages
|rule|One Boost Passer Clause: Limit one Baton Passer that has a way to boost its stats
|rule|Freeze Clause Mod: Limit one foe frozen
|
|t:|1730243476
|start
|switch|p1a: Salamence|Salamence, F|100/100
|switch|p2a: Tyranitar|Tyranitar, F|100/100
|-ability|p1a: Salamence|Intimidate|boost
|-unboost|p2a: Tyranitar|atk|1
|-weather|Sandstorm|[from] ability: Sand Stream|[of] p2a: Tyranitar
|turn|1
|inactive|Kenava also wants the timer to be on.
|c|☆Kenava|glhf
|c|☆Salaryman William|glhf
|inactive|Kenava has 270 seconds left.
|inactive|Kenava has 240 seconds left.
|
|t:|1730243554
|switch|p2a: Salamence|Salamence, F|100/100
|-ability|p2a: Salamence|Intimidate|boost
|-unboost|p1a: Salamence|atk|1
|move|p1a: Salamence|Brick Break|p2a: Salamence
|-resisted|p2a: Salamence
|-damage|p2a: Salamence|92/100
|
|-weather|Sandstorm|[upkeep]
|-damage|p1a: Salamence|94/100|[from] Sandstorm
|-damage|p2a: Salamence|85/100|[from] Sandstorm
|-heal|p1a: Salamence|100/100|[from] item: Leftovers
|-heal|p2a: Salamence|92/100|[from] item: Leftovers
|upkeep
|turn|2
|
|t:|1730243569
|switch|p2a: Snorlax|Snorlax, F|100/100
|move|p1a: Salamence|Dragon Claw|p2a: Snorlax
|-damage|p2a: Snorlax|80/100
|
|-weather|Sandstorm|[upkeep]
|-damage|p1a: Salamence|94/100|[from] Sandstorm
|-damage|p2a: Snorlax|74/100|[from] Sandstorm
|-heal|p1a: Salamence|100/100|[from] item: Leftovers
|-heal|p2a: Snorlax|80/100|[from] item: Leftovers
|upkeep
|turn|3
|
|t:|1730243572
|switch|p1a: Machamp|Machamp, M|100/100
|move|p2a: Snorlax|Body Slam|p1a: Machamp
|-damage|p1a: Machamp|59/100
|
|-weather|Sandstorm|[upkeep]
|-damage|p1a: Machamp|53/100|[from] Sandstorm
|-damage|p2a: Snorlax|74/100|[from] Sandstorm
|-heal|p1a: Machamp|59/100|[from] item: Leftovers
|-heal|p2a: Snorlax|80/100|[from] item: Leftovers
|upkeep
|turn|4
|inactive|Kenava has 270 seconds left.
|inactive|Kenava has 240 seconds left.
|
|t:|1730243659
|-singleturn|p1a: Machamp|move: Focus Punch
|switch|p2a: Salamence|Salamence, F|92/100
|-ability|p2a: Salamence|Intimidate|boost
|-unboost|p1a: Machamp|atk|1
|move|p1a: Machamp|Focus Punch|p2a: Salamence
|-resisted|p2a: Salamence
|-damage|p2a: Salamence|60/100
|
|-weather|Sandstorm|[upkeep]
|-damage|p2a: Salamence|54/100|[from] Sandstorm
|-damage|p1a: Machamp|53/100|[from] Sandstorm
|-heal|p2a: Salamence|60/100|[from] item: Leftovers
|-heal|p1a: Machamp|59/100|[from] item: Leftovers
|upkeep
|turn|5
|
|t:|1730243677
|switch|p1a: Blissey|Blissey, F|100/100
|move|p2a: Salamence|Hidden Power|p1a: Blissey
|-damage|p1a: Blissey|65/100
|
|-weather|Sandstorm|[upkeep]
|-damage|p2a: Salamence|54/100|[from] Sandstorm
|-damage|p1a: Blissey|59/100|[from] Sandstorm
|-heal|p2a: Salamence|60/100|[from] item: Leftovers
|-heal|p1a: Blissey|65/100|[from] item: Leftovers
|upkeep
|turn|6
|
|t:|1730243690
|switch|p2a: Metagross|Metagross, shiny|100/100
|switch|p1a: Salamence|Salamence, F|100/100
|-ability|p1a: Salamence|Intimidate|boost
|-fail|p2a: Metagross|unboost|[from] ability: Clear Body|[of] p2a: Metagross
|
|-weather|Sandstorm|[upkeep]
|-damage|p1a: Salamence|94/100|[from] Sandstorm
|-heal|p1a: Salamence|100/100|[from] item: Leftovers
|upkeep
|turn|7
|
|t:|1730243708
|switch|p1a: Cloyster|Cloyster, M|100/100
|switch|p2a: Tyranitar|Tyranitar, F|100/100
|
|-weather|Sandstorm|[upkeep]
|-damage|p1a: Cloyster|94/100|[from] Sandstorm
|-heal|p1a: Cloyster|100/100|[from] item: Leftovers
|upkeep
|turn|8
|inactive|Kenava has 210 seconds left.
|
|t:|1730243739
|move|p1a: Cloyster|Spikes|p2a: Tyranitar
|-sidestart|p2: Kenava|Spikes
|move|p2a: Tyranitar|Crunch|p1a: Cloyster
|-damage|p1a: Cloyster|37/100
|
|-weather|Sandstorm|[upkeep]
|-damage|p1a: Cloyster|31/100|[from] Sandstorm
|-heal|p1a: Cloyster|37/100|[from] item: Leftovers
|upkeep
|turn|9
|
|t:|1730243745
|move|p1a: Cloyster|Surf|p2a: Tyranitar
|-supereffective|p2a: Tyranitar
|-damage|p2a: Tyranitar|47/100
|move|p2a: Tyranitar|Crunch|p1a: Cloyster
|-damage|p1a: Cloyster|0 fnt
|faint|p1a: Cloyster
|
|t:|1730243749
|switch|p1a: Salamence|Salamence, F|100/100
|-ability|p1a: Salamence|Intimidate|boost
|-unboost|p2a: Tyranitar|atk|1
|
|-weather|Sandstorm|[upkeep]
|-damage|p1a: Salamence|94/100|[from] Sandstorm
|-heal|p1a: Salamence|100/100|[from] item: Leftovers
|-heal|p2a: Tyranitar|53/100|[from] item: Leftovers
|upkeep
|turn|10
|inactive|Kenava has 210 seconds left.
|
|t:|1730243770
|move|p1a: Salamence|Brick Break|p2a: Tyranitar
|-supereffective|p2a: Tyranitar
|-damage|p2a: Tyranitar|0 fnt
|faint|p2a: Tyranitar
|
|t:|1730243777
|switch|p2a: Swampert|Swampert, M|100/100
|-damage|p2a: Swampert|88/100|[from] Spikes
|
|-weather|Sandstorm|[upkeep]
|-damage|p1a: Salamence|94/100|[from] Sandstorm
|-heal|p1a: Salamence|100/100|[from] item: Leftovers
|-heal|p2a: Swampert|94/100|[from] item: Leftovers
|upkeep
|turn|11
|
|t:|1730243795
|switch|p2a: Snorlax|Snorlax, F|80/100
|-damage|p2a: Snorlax|68/100|[from] Spikes
|move|p1a: Salamence|Hidden Power|p2a: Snorlax
|-damage|p2a: Snorlax|55/100
|
|-weather|Sandstorm|[upkeep]
|-damage|p1a: Salamence|94/100|[from] Sandstorm
|-damage|p2a: Snorlax|49/100|[from] Sandstorm
|-heal|p1a: Salamence|100/100|[from] item: Leftovers
|-heal|p2a: Snorlax|55/100|[from] item: Leftovers
|upkeep
|turn|12
|
|t:|1730243805
|switch|p1a: Machamp|Machamp, M|59/100
|move|p2a: Snorlax|Body Slam|p1a: Machamp
|-crit|p1a: Machamp
|-damage|p1a: Machamp|0 fnt
|faint|p1a: Machamp
|
|t:|1730243810
|switch|p1a: Tyranitar|Tyranitar, M|100/100
|
|-weather|Sandstorm|[upkeep]
|-damage|p2a: Snorlax|49/100|[from] Sandstorm
|-heal|p2a: Snorlax|55/100|[from] item: Leftovers
|upkeep
|turn|13
|
|t:|1730243819
|-singleturn|p1a: Tyranitar|move: Focus Punch
|move|p2a: Snorlax|Earthquake|p1a: Tyranitar
|-supereffective|p1a: Tyranitar
|-damage|p1a: Tyranitar|50/100
|move|p1a: Tyranitar|Focus Punch||[still]
|cant|p1a: Tyranitar|Focus Punch|Focus Punch
|
|-weather|Sandstorm|[upkeep]
|-damage|p2a: Snorlax|49/100|[from] Sandstorm
|-heal|p1a: Tyranitar|56/100|[from] item: Leftovers
|-heal|p2a: Snorlax|55/100|[from] item: Leftovers
|upkeep
|turn|14
|
|t:|1730243822
|-singleturn|p2a: Snorlax|move: Focus Punch
|move|p1a: Tyranitar|Rock Slide|p2a: Snorlax
|-damage|p2a: Snorlax|23/100
|move|p2a: Snorlax|Focus Punch||[still]
|cant|p2a: Snorlax|Focus Punch|Focus Punch
|
|-weather|Sandstorm|[upkeep]
|-damage|p2a: Snorlax|17/100|[from] Sandstorm
|-heal|p1a: Tyranitar|62/100|[from] item: Leftovers
|-heal|p2a: Snorlax|23/100|[from] item: Leftovers
|upkeep
|turn|15
|
|t:|1730243828
|move|p1a: Tyranitar|Earthquake|p2a: Snorlax
|-damage|p2a: Snorlax|0 fnt
|faint|p2a: Snorlax
|inactive|Kenava has 210 seconds left.
|
|t:|1730243874
|switch|p2a: Swampert|Swampert, M|94/100
|-damage|p2a: Swampert|82/100|[from] Spikes
|
|-weather|Sandstorm|[upkeep]
|-heal|p1a: Tyranitar|68/100|[from] item: Leftovers
|-heal|p2a: Swampert|88/100|[from] item: Leftovers
|upkeep
|turn|16
|
|t:|1730243877
|move|p1a: Tyranitar|Earthquake|p2a: Swampert
|-damage|p2a: Swampert|54/100
|move|p2a: Swampert|Hydro Pump|p1a: Tyranitar
|-supereffective|p1a: Tyranitar
|-crit|p1a: Tyranitar
|-damage|p1a: Tyranitar|0 fnt
|faint|p1a: Tyranitar
|
|t:|1730243881
|switch|p1a: Salamence|Salamence, F|100/100
|-ability|p1a: Salamence|Intimidate|boost
|-unboost|p2a: Swampert|atk|1
|
|-weather|Sandstorm|[upkeep]
|-damage|p1a: Salamence|94/100|[from] Sandstorm
|-heal|p1a: Salamence|100/100|[from] item: Leftovers
|-heal|p2a: Swampert|61/100|[from] item: Leftovers
|upkeep
|turn|17
|inactive|Kenava has 180 seconds left.
|
|t:|1730243927
|switch|p2a: Magneton|Magneton|100/100
|-damage|p2a: Magneton|88/100|[from] Spikes
|move|p1a: Salamence|Hidden Power|p2a: Magneton
|-resisted|p2a: Magneton
|-damage|p2a: Magneton|69/100
|
|-weather|Sandstorm|[upkeep]
|-damage|p1a: Salamence|94/100|[from] Sandstorm
|-heal|p1a: Salamence|100/100|[from] item: Leftovers
|upkeep
|turn|18
|
|t:|1730243952
|switch|p1a: Blissey|Blissey, F|65/100
|move|p2a: Magneton|Thunderbolt|p1a: Blissey
|-damage|p1a: Blissey|45/100
|
|-weather|Sandstorm|[upkeep]
|-damage|p1a: Blissey|38/100|[from] Sandstorm
|-heal|p1a: Blissey|45/100|[from] item: Leftovers
|upkeep
|turn|19
|inactive|Kenava has 150 seconds left.
|
|t:|1730243973
|switch|p2a: Swampert|Swampert, M|61/100
|-damage|p2a: Swampert|48/100|[from] Spikes
|move|p1a: Blissey|Soft-Boiled|p1a: Blissey
|-heal|p1a: Blissey|94/100
|
|-weather|Sandstorm|[upkeep]
|-damage|p1a: Blissey|88/100|[from] Sandstorm
|-heal|p2a: Swampert|54/100|[from] item: Leftovers
|-heal|p1a: Blissey|94/100|[from] item: Leftovers
|upkeep
|turn|20
|
|t:|1730243980
|-singleturn|p2a: Swampert|move: Focus Punch
|move|p2a: Swampert|Focus Punch|p1a: Blissey
|-supereffective|p1a: Blissey
|-damage|p1a: Blissey|28/100
|move|p1a: Blissey|Counter|p2a: Swampert
|-damage|p2a: Swampert|0 fnt
|faint|p2a: Swampert
|inactive|Kenava has 150 seconds left.
|inactive|Kenava has 120 seconds left.
|inactive|Kenava has 90 seconds left.
|
|t:|1730244062
|switch|p2a: Metagross|Metagross, shiny|100/100
|-damage|p2a: Metagross|88/100|[from] Spikes
|
|-weather|Sandstorm|[upkeep]
|-damage|p1a: Blissey|22/100|[from] Sandstorm
|-heal|p1a: Blissey|28/100|[from] item: Leftovers
|upkeep
|turn|21
|
|t:|1730244069
|move|p2a: Metagross|Earthquake|p1a: Blissey
|-damage|p1a: Blissey|0 fnt
|faint|p1a: Blissey
|
|t:|1730244074
|switch|p1a: Jirachi|Jirachi|100/100
|
|-weather|Sandstorm|[upkeep]
|upkeep
|turn|22
|inactive|Kenava has 90 seconds left.
|
|t:|1730244084
|move|p1a: Jirachi|Thunder|p2a: Metagross|[miss]
|-miss|p1a: Jirachi|p2a: Metagross
|move|p2a: Metagross|Agility|p2a: Metagross
|-boost|p2a: Metagross|spe|2
|
|-weather|Sandstorm|[upkeep]
|upkeep
|turn|23
|
|t:|1730244089
|move|p2a: Metagross|Earthquake|p1a: Jirachi
|-supereffective|p1a: Jirachi
|-damage|p1a: Jirachi|37/100
|move|p1a: Jirachi|Thunder|p2a: Metagross
|-damage|p2a: Metagross|60/100
|-status|p2a: Metagross|par
|-enditem|p2a: Metagross|Lum Berry|[eat]
|-curestatus|p2a: Metagross|par|[msg]
|
|-weather|Sandstorm|[upkeep]
|-heal|p1a: Jirachi|44/100|[from] item: Leftovers
|upkeep
|turn|24
|
|t:|1730244098
|switch|p1a: Salamence|Salamence, F|100/100
|-ability|p1a: Salamence|Intimidate|boost
|-fail|p2a: Metagross|unboost|[from] ability: Clear Body|[of] p2a: Metagross
|move|p2a: Metagross|Earthquake|p1a: Salamence
|-immune|p1a: Salamence
|
|-weather|Sandstorm|[upkeep]
|-damage|p1a: Salamence|94/100|[from] Sandstorm
|-heal|p1a: Salamence|100/100|[from] item: Leftovers
|upkeep
|turn|25
|
|t:|1730244111
|switch|p1a: Jirachi|Jirachi|44/100
|move|p2a: Metagross|Meteor Mash|p1a: Jirachi
|-resisted|p1a: Jirachi
|-damage|p1a: Jirachi|19/100
|
|-weather|Sandstorm|[upkeep]
|-heal|p1a: Jirachi|25/100|[from] item: Leftovers
|upkeep
|turn|26
|
|t:|1730244117
|switch|p1a: Salamence|Salamence, F|100/100
|-ability|p1a: Salamence|Intimidate|boost
|-fail|p2a: Metagross|unboost|[from] ability: Clear Body|[of] p2a: Metagross
|move|p2a: Metagross|Meteor Mash|p1a: Salamence
|-damage|p1a: Salamence|33/100
|-boost|p2a: Metagross|atk|1
|
|-weather|Sandstorm|[upkeep]
|-damage|p1a: Salamence|27/100|[from] Sandstorm
|-heal|p1a: Salamence|33/100|[from] item: Leftovers
|upkeep
|turn|27
|
|t:|1730244123
|move|p2a: Metagross|Meteor Mash|p1a: Salamence
|-damage|p1a: Salamence|0 fnt
|-boost|p2a: Metagross|atk|1
|faint|p1a: Salamence
|c|☆Salaryman William|gg
|-message|Salaryman William forfeited.
|
|win|Kenava
|c|☆Kenava|gg

</script>
<script type="application/json" class="data" id="replaydata-smogtours-gen3ou-803377">
{"id":"smogtours-gen3ou-803377","format":"[Gen 3] OU","players":["Salaryman William","Kenava"],"uploadtime":1730244129,"views":71,"formatid":"gen3ou","rating":null,"private":0,"password":null}
</script>

<script defer src="js/replays.js?9d40a366"></script>
