<!DOCTYPE html>
<meta charset="utf-8" />
<meta name="viewport" content="width=device-width" />

<title>[Gen 3] OU: naisuneicha vs. Incognition - Replays - Pok&eacute;mon Showdown!</title>

<meta name="description" content="Watch a replay of a Pok&eacute;mon battle between naisuneicha and Incognition! Format: [Gen 3] OU; Date: Oct 29, 2024" />
<!--

Hey, you! Looking in the source for the replay log?

You can find them in JSON format, just add `.json` at the end of a replay URL.

https://replay.pokemonshowdown.com/gen7randomdoublesbattle-865046831.json

Or, if you only need the log itself, add `.log` instead:

https://replay.pokemonshowdown.com/gen7randomdoublesbattle-865046831.log

-->

<link rel="stylesheet" href="//pokemonshowdown.com/style/global.css?0.023195364461161105" />
<link rel="stylesheet" href="//play.pokemonshowdown.com/style/font-awesome.css?0.13261647063804238" />
<link rel="stylesheet" href="//play.pokemonshowdown.com/style/battle.css?0.8753245789963631" />
<link rel="stylesheet" href="//play.pokemonshowdown.com/style/utilichart.css?0.8627959624976733" />

<!-- Global site tag (gtag.js) - Google Analytics -->
<script async src="https://www.googletagmanager.com/gtag/js?id=UA-26211653-1"></script>
<script>
  window.dataLayer = window.dataLayer || [];
  function gtag(){dataLayer.push(arguments);}
  gtag('js', new Date());

  gtag('config', 'UA-26211653-1');
</script>
<!-- End Google Analytics -->
<!-- Venatus Ad Manager - Install in <HEAD> of page -->
	<script src="https://hb.vntsm.com/v3/live/ad-manager.min.js" type="text/javascript" data-site-id="642aba63ec9a7b11c3c9c1be" data-mode="scan" async></script>
<!-- / Venatus Ad Manager -->

<style>
	@media (max-width:820px) {
		.battle {
			margin: 0 auto;
		}
		.battle-log {
			margin: 7px auto 0;
			max-width: 640px;
			height: 300px;
			position: static;
		}
	}
	.optgroup {
		display: inline-block;
		line-height: 22px;
		font-size: 10pt;
	}
	.optgroup .button {
		height: 25px;
		padding-top: 0;
		padding-bottom: 0;
	}
	.optgroup button.button {
		padding-left: 12px;
		padding-right: 12px;
	}
	.linklist {
		list-style: none;
		margin: 0.5em 0;
		padding: 0;
	}
	.linklist li {
		padding: 2px 0;
	}
	.sidebar {
		float: left;
		width: 320px;
	}
	.bar-wrapper {
		max-width: 1100px;
		margin: 0 auto;
	}
	.bar-wrapper.has-sidebar {
		max-width: 1430px;
	}
	.mainbar {
		margin: 0;
		padding-right: 1px;
	}
	.mainbar.has-sidebar {
		margin-left: 330px;
	}
	@media (min-width: 1511px) {
		.sidebar {
			width: 400px;
		}
		.bar-wrapper.has-sidebar {
			max-width: 1510px;
		}
		.mainbar.has-sidebar {
			margin-left: 410px;
		}
	}
	.section.first-section {
		margin-top: 9px;
	}
	.blocklink small {
		white-space: normal;
	}
	.button {
		vertical-align: middle;
	}
	.replay-controls {
		padding-top: 10px;
	}
	.replay-controls h1 {
		font-size: 16pt;
		font-weight: normal;
		color: #CCC;
	}
	.pagelink {
		text-align: center;
	}
	.pagelink a {
		width: 150px;
	}
	.textbox, .button {
		font-size: 11pt;
		vertical-align: middle;
	}
	@media (max-width: 450px) {
		.button {
			font-size: 9pt;
		}
	}
</style>

<div>

	<header>
		<div class="nav-wrapper"><ul class="nav">
			<li><a class="button nav-first" href="//pokemonshowdown.com/"><img src="//pokemonshowdown.com/images/pokemonshowdownbeta.png" srcset="//pokemonshowdown.com/images/pokemonshowdownbeta.png 1x, //pokemonshowdown.com/images/pokemonshowdownbeta@2x.png 2x" alt="Pok&eacute;mon Showdown" width="146" height="44" /> Home</a></li>
			<li><a class="button" href="//pokemonshowdown.com/dex/">Pok&eacute;dex</a></li>
			<li><a class="button cur" href="/">Replays</a></li>
			<li><a class="button" href="//pokemonshowdown.com/ladder/">Ladder</a></li>
			<li><a class="button nav-last" href="//pokemonshowdown.com/forums/">Forum</a></li>
			<li><a class="button greenbutton nav-first nav-last" href="//play.pokemonshowdown.com/">Play</a></li>
		</ul></div>
	</header>

	<div class="main" id="main">

		<noscript><section class="section">You need to enable JavaScript to use this page; sorry!</section></noscript>

	</div>

</div>

<script defer nomodule src="//play.pokemonshowdown.com/js/lib/ps-polyfill.js"></script>
<script defer src="//play.pokemonshowdown.com/js/lib/preact.min.js"></script>

<script defer src="//play.pokemonshowdown.com/config/config.js?2bddbc15"></script>
<script defer src="//play.pokemonshowdown.com/js/lib/jquery-1.11.0.min.js"></script>
<script defer src="//play.pokemonshowdown.com/js/lib/html-sanitizer-minified.js"></script>
<script defer src="//play.pokemonshowdown.com/js/battle-sound.js"></script>
<script defer src="//play.pokemonshowdown.com/js/battledata.js?0.7209276989879541"></script>
<script defer src="//play.pokemonshowdown.com/data/pokedex-mini.js?0.6111056340867951"></script>
<script defer src="//play.pokemonshowdown.com/data/pokedex-mini-bw.js?0.3532142036491459"></script>
<script defer src="//play.pokemonshowdown.com/data/graphics.js?0.24223875632456182"></script>
<script defer src="//play.pokemonshowdown.com/data/pokedex.js?0.38839984266356864"></script>
<script defer src="//play.pokemonshowdown.com/data/moves.js?0.21866028504024015"></script>
<script defer src="//play.pokemonshowdown.com/data/abilities.js?0.2005157953846628"></script>
<script defer src="//play.pokemonshowdown.com/data/items.js?0.9894211263848525"></script>
<script defer src="//play.pokemonshowdown.com/data/teambuilder-tables.js?0.6008791140282215"></script>
<script defer src="//play.pokemonshowdown.com/js/battle-tooltips.js?0.7580118955022959"></script>
<script defer src="//play.pokemonshowdown.com/js/battle.js?0.6057722274234274"></script>

<script defer src="js/utils.js?e31f9a17"></script>
<script defer src="js/replays-battle.js?7008c182"></script>

<!-- don't scrape this data! just add .json or .log after the URL!
Full API docs: https://github.com/smogon/pokemon-showdown-client/blob/master/WEB-API.md -->
<script type="text/plain" class="log" id="replaylog-smogtours-gen3ou-803256">
|inactive|Battle timer is ON: inactive players will automatically lose when time's up.
|t:|1730225725
|gametype|singles
|player|p1|naisuneicha|karen|
|player|p2|Incognition|2|
|teamsize|p1|6
|teamsize|p2|6
|gen|3
|tier|[Gen 3] OU
|rule|Sleep Clause Mod: Limit one foe put to sleep
|rule|Switch Priority Clause Mod: Faster Pokémon switch first
|rule|Species Clause: Limit one of each Pokémon
|rule|OHKO Clause: OHKO moves are banned
|rule|Evasion Items Clause: Evasion items are banned
|rule|Evasion Moves Clause: Evasion moves are banned
|rule|Endless Battle Clause: Forcing endless battles is banned
|rule|HP Percentage Mod: HP is shown in percentages
|rule|One Boost Passer Clause: Limit one Baton Passer that has a way to boost its stats
|rule|Freeze Clause Mod: Limit one foe frozen
|
|t:|1730225725
|start
|switch|p1a: Breloom|Breloom, M|100/100
|switch|p2a: Tyranitar|Tyranitar, M|100/100
|-weather|Sandstorm|[from] ability: Sand Stream|[of] p2a: Tyranitar
|turn|1
|c|☆Incognition|hf
|
|t:|1730225743
|switch|p2a: Celebi|Celebi|100/100
|move|p1a: Breloom|Substitute|p1a: Breloom
|-start|p1a: Breloom|Substitute
|-damage|p1a: Breloom|76/100
|
|-weather|Sandstorm|[upkeep]
|-damage|p2a: Celebi|94/100|[from] Sandstorm
|-damage|p1a: Breloom|69/100|[from] Sandstorm
|-heal|p2a: Celebi|100/100|[from] item: Leftovers
|-heal|p1a: Breloom|76/100|[from] item: Leftovers
|upkeep
|turn|2
|c|☆naisuneicha|u2
|
|t:|1730225754
|move|p2a: Celebi|Psychic|p1a: Breloom
|-supereffective|p1a: Breloom
|-end|p1a: Breloom|Substitute
|move|p1a: Breloom|Spore|p2a: Celebi
|-status|p2a: Celebi|slp|[from] move: Spore
|
|-weather|Sandstorm|[upkeep]
|-damage|p2a: Celebi|94/100 slp|[from] Sandstorm
|-damage|p1a: Breloom|69/100|[from] Sandstorm
|-heal|p2a: Celebi|100/100 slp|[from] item: Leftovers
|-heal|p1a: Breloom|76/100|[from] item: Leftovers
|upkeep
|turn|3
|
|t:|1730225769
|-curestatus|p2a: Celebi|slp|[from] ability: Natural Cure
|switch|p2a: Charizard|Charizard, F|100/100
|move|p1a: Breloom|Substitute|p1a: Breloom
|-start|p1a: Breloom|Substitute
|-damage|p1a: Breloom|51/100
|
|-weather|Sandstorm|[upkeep]
|-damage|p2a: Charizard|94/100|[from] Sandstorm
|-damage|p1a: Breloom|45/100|[from] Sandstorm
|-heal|p2a: Charizard|100/100|[from] item: Leftovers
|-heal|p1a: Breloom|51/100|[from] item: Leftovers
|upkeep
|turn|4
|inactive|naisuneicha has 270 seconds left.
|
|t:|1730225805
|-singleturn|p1a: Breloom|move: Focus Punch
|move|p2a: Charizard|Flamethrower|p1a: Breloom
|-supereffective|p1a: Breloom
|-end|p1a: Breloom|Substitute
|move|p1a: Breloom|Focus Punch|p2a: Charizard
|-resisted|p2a: Charizard
|-damage|p2a: Charizard|41/100
|
|-weather|Sandstorm|[upkeep]
|-damage|p2a: Charizard|35/100|[from] Sandstorm
|-damage|p1a: Breloom|45/100|[from] Sandstorm
|-heal|p2a: Charizard|41/100|[from] item: Leftovers
|-heal|p1a: Breloom|51/100|[from] item: Leftovers
|upkeep
|turn|5
|inactive|naisuneicha has 270 seconds left.
|
|t:|1730225820
|switch|p1a: Snorlax|Snorlax, M|100/100
|move|p2a: Charizard|Flamethrower|p1a: Snorlax
|-damage|p1a: Snorlax|73/100
|
|-weather|Sandstorm|[upkeep]
|-damage|p2a: Charizard|35/100|[from] Sandstorm
|-damage|p1a: Snorlax|67/100|[from] Sandstorm
|-heal|p2a: Charizard|41/100|[from] item: Leftovers
|-heal|p1a: Snorlax|73/100|[from] item: Leftovers
|upkeep
|turn|6
|inactive|naisuneicha has 270 seconds left.
|
|t:|1730225838
|switch|p2a: Metagross|Metagross|100/100
|switch|p1a: Breloom|Breloom, M|51/100
|
|-weather|Sandstorm|[upkeep]
|-damage|p1a: Breloom|45/100|[from] Sandstorm
|-heal|p1a: Breloom|51/100|[from] item: Leftovers
|upkeep
|turn|7
|
|t:|1730225847
|move|p1a: Breloom|Spore|p2a: Metagross
|-status|p2a: Metagross|slp|[from] move: Spore
|cant|p2a: Metagross|slp
|
|-weather|Sandstorm|[upkeep]
|-damage|p1a: Breloom|45/100|[from] Sandstorm
|-heal|p1a: Breloom|51/100|[from] item: Leftovers
|upkeep
|turn|8
|
|t:|1730225855
|switch|p2a: Celebi|Celebi|100/100
|move|p1a: Breloom|Substitute|p1a: Breloom
|-start|p1a: Breloom|Substitute
|-damage|p1a: Breloom|26/100
|
|-weather|Sandstorm|[upkeep]
|-damage|p2a: Celebi|94/100|[from] Sandstorm
|-damage|p1a: Breloom|20/100|[from] Sandstorm
|-heal|p2a: Celebi|100/100|[from] item: Leftovers
|-heal|p1a: Breloom|26/100|[from] item: Leftovers
|upkeep
|turn|9
|
|t:|1730225867
|move|p2a: Celebi|Psychic|p1a: Breloom
|-supereffective|p1a: Breloom
|-end|p1a: Breloom|Substitute
|move|p1a: Breloom|Hidden Power|p2a: Celebi
|-supereffective|p2a: Celebi
|-damage|p2a: Celebi|60/100
|
|-weather|Sandstorm|[upkeep]
|-damage|p2a: Celebi|54/100|[from] Sandstorm
|-damage|p1a: Breloom|20/100|[from] Sandstorm
|-heal|p2a: Celebi|60/100|[from] item: Leftovers
|-heal|p1a: Breloom|26/100|[from] item: Leftovers
|upkeep
|turn|10
|
|t:|1730225891
|switch|p2a: Tyranitar|Tyranitar, M|100/100
|switch|p1a: Snorlax|Snorlax, M|73/100
|
|-weather|Sandstorm|[upkeep]
|-damage|p1a: Snorlax|67/100|[from] Sandstorm
|-heal|p1a: Snorlax|73/100|[from] item: Leftovers
|upkeep
|turn|11
|
|t:|1730225904
|switch|p1a: Swampert|Swampert, F|100/100
|move|p2a: Tyranitar|Dragon Dance|p2a: Tyranitar
|-boost|p2a: Tyranitar|atk|1
|-boost|p2a: Tyranitar|spe|1
|
|-weather|Sandstorm|[upkeep]
|upkeep
|turn|12
|
|t:|1730225914
|switch|p2a: Celebi|Celebi|60/100
|move|p1a: Swampert|Hydro Pump|p2a: Celebi
|-resisted|p2a: Celebi
|-damage|p2a: Celebi|39/100
|
|-weather|Sandstorm|[upkeep]
|-damage|p2a: Celebi|32/100|[from] Sandstorm
|-heal|p2a: Celebi|39/100|[from] item: Leftovers
|upkeep
|turn|13
|
|t:|1730225923
|switch|p1a: Snorlax|Snorlax, M|73/100
|move|p2a: Celebi|Giga Drain|p1a: Snorlax
|-damage|p1a: Snorlax|57/100
|-heal|p2a: Celebi|49/100|[from] drain|[of] p1a: Snorlax
|
|-weather|Sandstorm|[upkeep]
|-damage|p2a: Celebi|43/100|[from] Sandstorm
|-damage|p1a: Snorlax|51/100|[from] Sandstorm
|-heal|p2a: Celebi|49/100|[from] item: Leftovers
|-heal|p1a: Snorlax|57/100|[from] item: Leftovers
|upkeep
|turn|14
|
|t:|1730225940
|switch|p2a: Tyranitar|Tyranitar, M|100/100
|move|p1a: Snorlax|Body Slam|p2a: Tyranitar
|-resisted|p2a: Tyranitar
|-damage|p2a: Tyranitar|84/100
|-status|p2a: Tyranitar|par
|-enditem|p2a: Tyranitar|Lum Berry|[eat]
|-curestatus|p2a: Tyranitar|par|[msg]
|
|-weather|Sandstorm|[upkeep]
|-damage|p1a: Snorlax|51/100|[from] Sandstorm
|-heal|p1a: Snorlax|57/100|[from] item: Leftovers
|upkeep
|turn|15
|inactive|naisuneicha has 270 seconds left.
|
|t:|1730225975
|switch|p1a: Swampert|Swampert, F|100/100
|move|p2a: Tyranitar|Dragon Dance|p2a: Tyranitar
|-boost|p2a: Tyranitar|atk|1
|-boost|p2a: Tyranitar|spe|1
|
|-weather|Sandstorm|[upkeep]
|upkeep
|turn|16
|
|t:|1730225982
|move|p2a: Tyranitar|Earthquake|p1a: Swampert
|-damage|p1a: Swampert|44/100
|move|p1a: Swampert|Hydro Pump|p2a: Tyranitar
|-supereffective|p2a: Tyranitar
|-crit|p2a: Tyranitar
|-damage|p2a: Tyranitar|0 fnt
|faint|p2a: Tyranitar
|inactive|Incognition has 270 seconds left.
|
|t:|1730226007
|switch|p2a: Celebi|Celebi|49/100
|
|-weather|Sandstorm|[upkeep]
|-damage|p2a: Celebi|43/100|[from] Sandstorm
|-heal|p2a: Celebi|49/100|[from] item: Leftovers
|-heal|p1a: Swampert|50/100|[from] item: Leftovers
|upkeep
|turn|17
|
|t:|1730226015
|switch|p1a: Snorlax|Snorlax, M|57/100
|move|p2a: Celebi|Calm Mind|p2a: Celebi
|-boost|p2a: Celebi|spa|1
|-boost|p2a: Celebi|spd|1
|
|-weather|Sandstorm|[upkeep]
|-damage|p2a: Celebi|43/100|[from] Sandstorm
|-damage|p1a: Snorlax|51/100|[from] Sandstorm
|-heal|p2a: Celebi|49/100|[from] item: Leftovers
|-heal|p1a: Snorlax|57/100|[from] item: Leftovers
|upkeep
|turn|18
|
|t:|1730226032
|move|p2a: Celebi|Psychic|p1a: Snorlax
|-damage|p1a: Snorlax|25/100
|move|p1a: Snorlax|Self-Destruct|p2a: Celebi
|-crit|p2a: Celebi
|-damage|p2a: Celebi|0 fnt
|faint|p1a: Snorlax
|faint|p2a: Celebi
|inactive|Incognition has 270 seconds left.
|
|t:|1730226050
|switch|p2a: Charizard|Charizard, F|41/100
|switch|p1a: Zapdos|Zapdos|100/100
|
|-weather|Sandstorm|[upkeep]
|-damage|p1a: Zapdos|94/100|[from] Sandstorm
|-damage|p2a: Charizard|35/100|[from] Sandstorm
|-heal|p1a: Zapdos|100/100|[from] item: Leftovers
|-heal|p2a: Charizard|41/100|[from] item: Leftovers
|upkeep
|turn|19
|inactive|Incognition has 270 seconds left.
|
|t:|1730226068
|switch|p2a: Metagross|Metagross|100/100 slp
|move|p1a: Zapdos|Thunderbolt|p2a: Metagross
|-damage|p2a: Metagross|40/100 slp
|
|-weather|Sandstorm|[upkeep]
|-damage|p1a: Zapdos|94/100|[from] Sandstorm
|-heal|p1a: Zapdos|100/100|[from] item: Leftovers
|-heal|p2a: Metagross|46/100 slp|[from] item: Leftovers
|upkeep
|turn|20
|inactive|Incognition has 270 seconds left.
|
|t:|1730226085
|move|p1a: Zapdos|Thunderbolt|p2a: Metagross
|-damage|p2a: Metagross|0 fnt
|faint|p2a: Metagross
|
|t:|1730226089
|switch|p2a: Swampert|Swampert, F|100/100
|
|-weather|Sandstorm|[upkeep]
|-damage|p1a: Zapdos|94/100|[from] Sandstorm
|-heal|p1a: Zapdos|100/100|[from] item: Leftovers
|upkeep
|turn|21
|inactive|Incognition has 270 seconds left.
|
|t:|1730226105
|move|p1a: Zapdos|Baton Pass|p1a: Zapdos
|
|t:|1730226107
|switch|p1a: Swampert|Swampert, F|50/100|[from] Baton Pass
|move|p2a: Swampert|Ice Beam|p1a: Swampert
|-damage|p1a: Swampert|14/100
|
|-weather|Sandstorm|[upkeep]
|-heal|p1a: Swampert|20/100|[from] item: Leftovers
|upkeep
|turn|22
|
|t:|1730226116
|move|p1a: Swampert|Hydro Pump|p2a: Swampert|[miss]
|-miss|p1a: Swampert|p2a: Swampert
|move|p2a: Swampert|Hydro Pump|p1a: Swampert
|-damage|p1a: Swampert|0 fnt
|faint|p1a: Swampert
|
|t:|1730226120
|switch|p1a: Breloom|Breloom, M|26/100
|
|-weather|Sandstorm|[upkeep]
|-damage|p1a: Breloom|20/100|[from] Sandstorm
|-heal|p1a: Breloom|26/100|[from] item: Leftovers
|upkeep
|turn|23
|
|t:|1730226130
|switch|p2a: Charizard|Charizard, F|41/100
|move|p1a: Breloom|Spore|p2a: Charizard
|-status|p2a: Charizard|slp|[from] move: Spore
|
|-weather|Sandstorm|[upkeep]
|-damage|p2a: Charizard|35/100 slp|[from] Sandstorm
|-damage|p1a: Breloom|20/100|[from] Sandstorm
|-heal|p2a: Charizard|41/100 slp|[from] item: Leftovers
|-heal|p1a: Breloom|26/100|[from] item: Leftovers
|upkeep
|turn|24
|
|t:|1730226140
|-singleturn|p1a: Breloom|move: Focus Punch
|switch|p2a: Salamence|Salamence, F|100/100
|-ability|p2a: Salamence|Intimidate|boost
|-unboost|p1a: Breloom|atk|1
|move|p1a: Breloom|Focus Punch|p2a: Salamence
|-resisted|p2a: Salamence
|-damage|p2a: Salamence|73/100
|
|-weather|Sandstorm|[upkeep]
|-damage|p2a: Salamence|67/100|[from] Sandstorm
|-damage|p1a: Breloom|20/100|[from] Sandstorm
|-heal|p2a: Salamence|73/100|[from] item: Leftovers
|-heal|p1a: Breloom|26/100|[from] item: Leftovers
|upkeep
|turn|25
|
|t:|1730226157
|switch|p1a: Zapdos|Zapdos|100/100
|move|p2a: Salamence|Dragon Dance|p2a: Salamence
|-boost|p2a: Salamence|atk|1
|-boost|p2a: Salamence|spe|1
|
|-weather|Sandstorm|[upkeep]
|-damage|p2a: Salamence|67/100|[from] Sandstorm
|-damage|p1a: Zapdos|94/100|[from] Sandstorm
|-heal|p2a: Salamence|73/100|[from] item: Leftovers
|-heal|p1a: Zapdos|100/100|[from] item: Leftovers
|upkeep
|turn|26
|
|t:|1730226170
|move|p2a: Salamence|Rock Slide|p1a: Zapdos
|-supereffective|p1a: Zapdos
|-crit|p1a: Zapdos
|-damage|p1a: Zapdos|0 fnt
|faint|p1a: Zapdos
|c|☆naisuneicha|o no 
|c|☆Incognition|mb
|c|☆Incognition|sorry
|inactive|naisuneicha has 270 seconds left.
|c|☆Incognition|were you ice?
|c|☆naisuneicha|mayhaps 
|c|☆Incognition|I assume so cuz you pivoted out of pert, mb for crit
|inactive|naisuneicha has 240 seconds left.
|inactive|naisuneicha has 210 seconds left.
|
|t:|1730226256
|switch|p1a: Metagross|Metagross|100/100
|
|-weather|Sandstorm|[upkeep]
|-damage|p2a: Salamence|67/100|[from] Sandstorm
|-heal|p2a: Salamence|73/100|[from] item: Leftovers
|upkeep
|turn|27
|inactive|Incognition has 270 seconds left.
|
|t:|1730226297
|switch|p2a: Swampert|Swampert, F|100/100
|move|p1a: Metagross|Explosion|p2a: Swampert
|-damage|p2a: Swampert|0 fnt
|faint|p1a: Metagross
|faint|p2a: Swampert
|
|t:|1730226311
|switch|p2a: Salamence|Salamence, F|73/100
|switch|p1a: Charizard|Charizard, F|100/100
|-ability|p2a: Salamence|Intimidate|boost
|-unboost|p1a: Charizard|atk|1
|
|-weather|Sandstorm|[upkeep]
|-damage|p1a: Charizard|94/100|[from] Sandstorm
|-damage|p2a: Salamence|67/100|[from] Sandstorm
|-heal|p1a: Charizard|100/100|[from] item: Leftovers
|-heal|p2a: Salamence|73/100|[from] item: Leftovers
|upkeep
|turn|28
|inactive|Incognition has 270 seconds left.
|
|t:|1730226330
|move|p1a: Charizard|Substitute|p1a: Charizard
|-start|p1a: Charizard|Substitute
|-damage|p1a: Charizard|76/100
|move|p2a: Salamence|Dragon Dance|p2a: Salamence
|-boost|p2a: Salamence|atk|1
|-boost|p2a: Salamence|spe|1
|
|-weather|Sandstorm|[upkeep]
|-damage|p2a: Salamence|67/100|[from] Sandstorm
|-damage|p1a: Charizard|70/100|[from] Sandstorm
|-heal|p2a: Salamence|73/100|[from] item: Leftovers
|-heal|p1a: Charizard|76/100|[from] item: Leftovers
|upkeep
|turn|29
|
|t:|1730226341
|move|p2a: Salamence|Hidden Power|p1a: Charizard
|-end|p1a: Charizard|Substitute
|move|p1a: Charizard|Substitute|p1a: Charizard
|-start|p1a: Charizard|Substitute
|-damage|p1a: Charizard|51/100
|
|-weather|Sandstorm|[upkeep]
|-damage|p2a: Salamence|67/100|[from] Sandstorm
|-damage|p1a: Charizard|45/100|[from] Sandstorm
|-heal|p2a: Salamence|73/100|[from] item: Leftovers
|-heal|p1a: Charizard|51/100|[from] item: Leftovers
|upkeep
|turn|30
|
|t:|1730226351
|move|p2a: Salamence|Hidden Power|p1a: Charizard
|-end|p1a: Charizard|Substitute
|move|p1a: Charizard|Substitute|p1a: Charizard
|-start|p1a: Charizard|Substitute
|-damage|p1a: Charizard|26/100
|
|-weather|Sandstorm|[upkeep]
|-damage|p2a: Salamence|67/100|[from] Sandstorm
|-damage|p1a: Charizard|20/100|[from] Sandstorm
|-heal|p2a: Salamence|73/100|[from] item: Leftovers
|-heal|p1a: Charizard|26/100|[from] item: Leftovers
|upkeep
|turn|31
|inactive|naisuneicha has 240 seconds left.
|
|t:|1730226371
|move|p2a: Salamence|Hidden Power|p1a: Charizard
|-crit|p1a: Charizard
|-end|p1a: Charizard|Substitute
|move|p1a: Charizard|Fire Blast|p2a: Salamence
|-resisted|p2a: Salamence
|-damage|p2a: Salamence|20/100
|
|-weather|Sandstorm|[upkeep]
|-damage|p2a: Salamence|14/100|[from] Sandstorm
|-damage|p1a: Charizard|20/100|[from] Sandstorm
|-heal|p2a: Salamence|20/100|[from] item: Leftovers
|-heal|p1a: Charizard|26/100|[from] item: Leftovers
|upkeep
|turn|32
|inactive|naisuneicha has 240 seconds left.
|
|t:|1730226385
|move|p2a: Salamence|Hidden Power|p1a: Charizard
|-damage|p1a: Charizard|0 fnt
|faint|p1a: Charizard
|
|t:|1730226387
|switch|p1a: Breloom|Breloom, M|26/100
|
|-weather|Sandstorm|[upkeep]
|-damage|p2a: Salamence|14/100|[from] Sandstorm
|-damage|p1a: Breloom|20/100|[from] Sandstorm
|-heal|p2a: Salamence|20/100|[from] item: Leftovers
|-heal|p1a: Breloom|26/100|[from] item: Leftovers
|upkeep
|turn|33
|c|☆Incognition|gg sorry for crit
|inactive|Incognition has 270 seconds left.
|c|☆naisuneicha|u g
|c|☆naisuneicha|my luck today has been abysmal 
|inactive|naisuneicha has 240 seconds left.
|
|t:|1730226402
|move|p2a: Salamence|Hidden Power|p1a: Breloom
|-supereffective|p1a: Breloom
|-damage|p1a: Breloom|0 fnt
|faint|p1a: Breloom
|
|win|Incognition
|c|☆Incognition|relatable lol
|c|☆Incognition|gl in rest

</script>
<script type="application/json" class="data" id="replaydata-smogtours-gen3ou-803256">
{"id":"smogtours-gen3ou-803256","format":"[Gen 3] OU","players":["naisuneicha","Incognition"],"uploadtime":1730226402,"views":84,"formatid":"gen3ou","rating":null,"private":0,"password":null}
</script>

<script defer src="js/replays.js?9d40a366"></script>
