<!DOCTYPE html>
<meta charset="utf-8" />
<meta name="viewport" content="width=device-width" />

<title>[Gen 3] OU: Tree69420 vs. WalterFartwelWhite - Replays - Pok&eacute;mon Showdown!</title>

<meta name="description" content="Watch a replay of a Pok&eacute;mon battle between Tree69420 and WalterFartwelWhite! Format: [Gen 3] OU; Date: Oct 6, 2024" />
<!--

Hey, you! Looking in the source for the replay log?

You can find them in JSON format, just add `.json` at the end of a replay URL.

https://replay.pokemonshowdown.com/gen7randomdoublesbattle-865046831.json

Or, if you only need the log itself, add `.log` instead:

https://replay.pokemonshowdown.com/gen7randomdoublesbattle-865046831.log

-->

<link rel="stylesheet" href="//pokemonshowdown.com/style/global.css?0.023195364461161105" />
<link rel="stylesheet" href="//play.pokemonshowdown.com/style/font-awesome.css?0.13261647063804238" />
<link rel="stylesheet" href="//play.pokemonshowdown.com/style/battle.css?0.8753245789963631" />
<link rel="stylesheet" href="//play.pokemonshowdown.com/style/utilichart.css?0.8627959624976733" />

<!-- Global site tag (gtag.js) - Google Analytics -->
<script async src="https://www.googletagmanager.com/gtag/js?id=UA-26211653-1"></script>
<script>
  window.dataLayer = window.dataLayer || [];
  function gtag(){dataLayer.push(arguments);}
  gtag('js', new Date());

  gtag('config', 'UA-26211653-1');
</script>
<!-- End Google Analytics -->
<!-- Venatus Ad Manager - Install in <HEAD> of page -->
	<script src="https://hb.vntsm.com/v3/live/ad-manager.min.js" type="text/javascript" data-site-id="642aba63ec9a7b11c3c9c1be" data-mode="scan" async></script>
<!-- / Venatus Ad Manager -->

<style>
	@media (max-width:820px) {
		.battle {
			margin: 0 auto;
		}
		.battle-log {
			margin: 7px auto 0;
			max-width: 640px;
			height: 300px;
			position: static;
		}
	}
	.optgroup {
		display: inline-block;
		line-height: 22px;
		font-size: 10pt;
	}
	.optgroup .button {
		height: 25px;
		padding-top: 0;
		padding-bottom: 0;
	}
	.optgroup button.button {
		padding-left: 12px;
		padding-right: 12px;
	}
	.linklist {
		list-style: none;
		margin: 0.5em 0;
		padding: 0;
	}
	.linklist li {
		padding: 2px 0;
	}
	.sidebar {
		float: left;
		width: 320px;
	}
	.bar-wrapper {
		max-width: 1100px;
		margin: 0 auto;
	}
	.bar-wrapper.has-sidebar {
		max-width: 1430px;
	}
	.mainbar {
		margin: 0;
		padding-right: 1px;
	}
	.mainbar.has-sidebar {
		margin-left: 330px;
	}
	@media (min-width: 1511px) {
		.sidebar {
			width: 400px;
		}
		.bar-wrapper.has-sidebar {
			max-width: 1510px;
		}
		.mainbar.has-sidebar {
			margin-left: 410px;
		}
	}
	.section.first-section {
		margin-top: 9px;
	}
	.blocklink small {
		white-space: normal;
	}
	.button {
		vertical-align: middle;
	}
	.replay-controls {
		padding-top: 10px;
	}
	.replay-controls h1 {
		font-size: 16pt;
		font-weight: normal;
		color: #CCC;
	}
	.pagelink {
		text-align: center;
	}
	.pagelink a {
		width: 150px;
	}
	.textbox, .button {
		font-size: 11pt;
		vertical-align: middle;
	}
	@media (max-width: 450px) {
		.button {
			font-size: 9pt;
		}
	}
</style>

<div>

	<header>
		<div class="nav-wrapper"><ul class="nav">
			<li><a class="button nav-first" href="//pokemonshowdown.com/"><img src="//pokemonshowdown.com/images/pokemonshowdownbeta.png" srcset="//pokemonshowdown.com/images/pokemonshowdownbeta.png 1x, //pokemonshowdown.com/images/pokemonshowdownbeta@2x.png 2x" alt="Pok&eacute;mon Showdown" width="146" height="44" /> Home</a></li>
			<li><a class="button" href="//pokemonshowdown.com/dex/">Pok&eacute;dex</a></li>
			<li><a class="button cur" href="/">Replays</a></li>
			<li><a class="button" href="//pokemonshowdown.com/ladder/">Ladder</a></li>
			<li><a class="button nav-last" href="//pokemonshowdown.com/forums/">Forum</a></li>
			<li><a class="button greenbutton nav-first nav-last" href="//play.pokemonshowdown.com/">Play</a></li>
		</ul></div>
	</header>

	<div class="main" id="main">

		<noscript><section class="section">You need to enable JavaScript to use this page; sorry!</section></noscript>

	</div>

</div>

<script defer nomodule src="//play.pokemonshowdown.com/js/lib/ps-polyfill.js"></script>
<script defer src="//play.pokemonshowdown.com/js/lib/preact.min.js"></script>

<script defer src="//play.pokemonshowdown.com/config/config.js?2bddbc15"></script>
<script defer src="//play.pokemonshowdown.com/js/lib/jquery-1.11.0.min.js"></script>
<script defer src="//play.pokemonshowdown.com/js/lib/html-sanitizer-minified.js"></script>
<script defer src="//play.pokemonshowdown.com/js/battle-sound.js"></script>
<script defer src="//play.pokemonshowdown.com/js/battledata.js?0.7209276989879541"></script>
<script defer src="//play.pokemonshowdown.com/data/pokedex-mini.js?0.6111056340867951"></script>
<script defer src="//play.pokemonshowdown.com/data/pokedex-mini-bw.js?0.3532142036491459"></script>
<script defer src="//play.pokemonshowdown.com/data/graphics.js?0.24223875632456182"></script>
<script defer src="//play.pokemonshowdown.com/data/pokedex.js?0.38839984266356864"></script>
<script defer src="//play.pokemonshowdown.com/data/moves.js?0.21866028504024015"></script>
<script defer src="//play.pokemonshowdown.com/data/abilities.js?0.2005157953846628"></script>
<script defer src="//play.pokemonshowdown.com/data/items.js?0.9894211263848525"></script>
<script defer src="//play.pokemonshowdown.com/data/teambuilder-tables.js?0.6008791140282215"></script>
<script defer src="//play.pokemonshowdown.com/js/battle-tooltips.js?0.7580118955022959"></script>
<script defer src="//play.pokemonshowdown.com/js/battle.js?0.6057722274234274"></script>

<script defer src="js/utils.js?e31f9a17"></script>
<script defer src="js/replays-battle.js?7008c182"></script>

<!-- don't scrape this data! just add .json or .log after the URL!
Full API docs: https://github.com/smogon/pokemon-showdown-client/blob/master/WEB-API.md -->
<script type="text/plain" class="log" id="replaylog-smogtours-gen3ou-796048">
|inactive|Battle timer is ON: inactive players will automatically lose when time's up.
|badge|p1|silver|gen9uu|30-3
|uhtml|medal-msg|<div class="broadcast-blue">Curious what those medals under the avatar are? PS now has Ladder Seasons! For more information, check out the <a href="https://www.smogon.com/forums/threads/3740067/">thread on Smogon.<\/a><\/div>
|t:|1728252687
|gametype|singles
|player|p1|Tree69420|#rbyplivglacialarticunos|
|player|p2|WalterFartwelWhite|blaine|
|teamsize|p1|6
|teamsize|p2|6
|gen|3
|tier|[Gen 3] OU
|rule|Sleep Clause Mod: Limit one foe put to sleep
|rule|Switch Priority Clause Mod: Faster Pokémon switch first
|rule|Species Clause: Limit one of each Pokémon
|rule|OHKO Clause: OHKO moves are banned
|rule|Evasion Items Clause: Evasion items are banned
|rule|Evasion Moves Clause: Evasion moves are banned
|rule|Endless Battle Clause: Forcing endless battles is banned
|rule|HP Percentage Mod: HP is shown in percentages
|rule|One Boost Passer Clause: Limit one Baton Passer that has a way to boost its stats
|rule|Freeze Clause Mod: Limit one foe frozen
|
|t:|1728252687
|start
|switch|p1a: Salamence|Salamence, F|100/100
|switch|p2a: Mucelax|Metagross|100/100
|-ability|p1a: Salamence|Intimidate|boost
|-fail|p2a: Mucelax|unboost|[from] ability: Clear Body|[of] p2a: Mucelax
|turn|1
|
|t:|1728252719
|switch|p1a: Jirachi|Jirachi|100/100
|move|p2a: Mucelax|Meteor Mash|p1a: Jirachi
|-resisted|p1a: Jirachi
|-damage|p1a: Jirachi|72/100
|
|-heal|p1a: Jirachi|78/100|[from] item: Leftovers
|upkeep
|turn|2
|
|t:|1728252725
|switch|p2a: Lisinopril|Houndoom, M|100/100
|move|p1a: Jirachi|Fire Punch|p2a: Lisinopril
|-start|p2a: Lisinopril|ability: Flash Fire
|
|-heal|p1a: Jirachi|85/100|[from] item: Leftovers
|upkeep
|turn|3
|
|t:|1728252730
|move|p1a: Jirachi|Protect|p1a: Jirachi
|-singleturn|p1a: Jirachi|Protect
|move|p2a: Lisinopril|Will-O-Wisp|p1a: Jirachi
|-activate|p1a: Jirachi|Protect
|
|-heal|p1a: Jirachi|91/100|[from] item: Leftovers
|upkeep
|turn|4
|
|t:|1728252738
|switch|p1a: Blissey|Blissey, F|100/100
|move|p2a: Lisinopril|Will-O-Wisp|p1a: Blissey|[miss]
|-miss|p2a: Lisinopril|p1a: Blissey
|
|upkeep
|turn|5
|
|t:|1728252754
|-end|p2a: Lisinopril|ability: Flash Fire|[silent]
|switch|p2a: Mucelax|Metagross|100/100
|switch|p1a: Aerodactyl|Aerodactyl, F|100/100
|
|upkeep
|turn|6
|
|t:|1728252763
|switch|p1a: Jirachi|Jirachi|91/100
|move|p2a: Mucelax|Meteor Mash|p1a: Jirachi
|-resisted|p1a: Jirachi
|-damage|p1a: Jirachi|64/100
|
|-heal|p1a: Jirachi|70/100|[from] item: Leftovers
|upkeep
|turn|7
|
|t:|1728252770
|switch|p2a: Lisinopril|Houndoom, M|100/100
|move|p1a: Jirachi|Wish|p1a: Jirachi
|
|-heal|p1a: Jirachi|76/100|[from] item: Leftovers
|upkeep
|turn|8
|
|t:|1728252773
|move|p1a: Jirachi|Protect|p1a: Jirachi
|-singleturn|p1a: Jirachi|Protect
|move|p2a: Lisinopril|Will-O-Wisp|p1a: Jirachi
|-activate|p1a: Jirachi|Protect
|
|-heal|p1a: Jirachi|100/100|[from] move: Wish|[wisher] Jirachi
|upkeep
|turn|9
|
|t:|1728252778
|switch|p1a: Blissey|Blissey, F|100/100
|move|p2a: Lisinopril|Will-O-Wisp|p1a: Blissey
|-status|p1a: Blissey|brn
|
|-damage|p1a: Blissey|88/100 brn|[from] brn
|upkeep
|turn|10
|
|t:|1728252786
|switch|p2a: Mucelax|Metagross|100/100
|move|p1a: Blissey|Thunder Wave|p2a: Mucelax
|-status|p2a: Mucelax|par
|
|-heal|p1a: Blissey|94/100 brn|[from] item: Leftovers
|-damage|p1a: Blissey|82/100 brn|[from] brn
|upkeep
|turn|11
|
|t:|1728252792
|-curestatus|p1a: Blissey|brn|[from] ability: Natural Cure
|switch|p1a: Forretress|Forretress, F|100/100
|move|p2a: Mucelax|Earthquake|p1a: Forretress
|-damage|p1a: Forretress|56/100
|
|-heal|p1a: Forretress|62/100|[from] item: Leftovers
|upkeep
|turn|12
|
|t:|1728252800
|move|p1a: Forretress|Spikes|p2a: Mucelax
|-sidestart|p2: WalterFartwelWhite|Spikes
|move|p2a: Mucelax|Earthquake|p1a: Forretress
|-damage|p1a: Forretress|20/100
|
|-heal|p1a: Forretress|26/100|[from] item: Leftovers
|upkeep
|turn|13
|
|t:|1728252808
|switch|p1a: Salamence|Salamence, F|100/100
|-ability|p1a: Salamence|Intimidate|boost
|-fail|p2a: Mucelax|unboost|[from] ability: Clear Body|[of] p2a: Mucelax
|move|p2a: Mucelax|Earthquake|p1a: Salamence
|-immune|p1a: Salamence
|
|upkeep
|turn|14
|
|t:|1728252813
|switch|p2a: Meclizine|Claydol|100/100
|move|p1a: Salamence|Dragon Claw|p2a: Meclizine
|-damage|p2a: Meclizine|66/100
|
|-heal|p2a: Meclizine|72/100|[from] item: Leftovers
|upkeep
|turn|15
|inactive|WalterFartwelWhite has 270 seconds left.
|
|t:|1728252860
|switch|p1a: Tyranitar|Tyranitar, M|100/100
|-weather|Sandstorm|[from] ability: Sand Stream|[of] p1a: Tyranitar
|move|p2a: Meclizine|Ice Beam|p1a: Tyranitar
|-damage|p1a: Tyranitar|85/100
|
|-weather|Sandstorm|[upkeep]
|-heal|p2a: Meclizine|79/100|[from] item: Leftovers
|-heal|p1a: Tyranitar|91/100|[from] item: Leftovers
|upkeep
|turn|16
|
|t:|1728252868
|move|p2a: Meclizine|Rapid Spin|p1a: Tyranitar
|-resisted|p1a: Tyranitar
|-damage|p1a: Tyranitar|90/100
|-sideend|p2: WalterFartwelWhite|Spikes|[from] move: Rapid Spin|[of] p2a: Meclizine
|move|p1a: Tyranitar|Crunch|p2a: Meclizine
|-supereffective|p2a: Meclizine
|-damage|p2a: Meclizine|8/100
|-unboost|p2a: Meclizine|spd|1
|
|-weather|Sandstorm|[upkeep]
|-heal|p2a: Meclizine|14/100|[from] item: Leftovers
|-heal|p1a: Tyranitar|96/100|[from] item: Leftovers
|upkeep
|turn|17
|
|t:|1728252871
|move|p2a: Meclizine|Explosion|p1a: Tyranitar
|-resisted|p1a: Tyranitar
|-damage|p1a: Tyranitar|50/100
|faint|p2a: Meclizine
|inactive|WalterFartwelWhite has 270 seconds left.
|
|t:|1728252882
|switch|p2a: Ketamine|Breloom, F|100/100
|
|-weather|Sandstorm|[upkeep]
|-damage|p2a: Ketamine|94/100|[from] Sandstorm
|-heal|p2a: Ketamine|100/100|[from] item: Leftovers
|-heal|p1a: Tyranitar|56/100|[from] item: Leftovers
|upkeep
|turn|18
|inactive|WalterFartwelWhite has 270 seconds left.
|
|t:|1728252892
|move|p2a: Ketamine|Sky Uppercut|p1a: Tyranitar
|-supereffective|p1a: Tyranitar
|-damage|p1a: Tyranitar|0 fnt
|faint|p1a: Tyranitar
|
|t:|1728252894
|switch|p1a: Salamence|Salamence, F|100/100
|-ability|p1a: Salamence|Intimidate|boost
|-unboost|p2a: Ketamine|atk|1
|
|-weather|Sandstorm|[upkeep]
|-damage|p1a: Salamence|95/100|[from] Sandstorm
|-damage|p2a: Ketamine|94/100|[from] Sandstorm
|-heal|p1a: Salamence|100/100|[from] item: Leftovers
|-heal|p2a: Ketamine|100/100|[from] item: Leftovers
|upkeep
|turn|19
|
|t:|1728252900
|switch|p2a: Lorazepam|Snorlax, M|100/100
|move|p1a: Salamence|Fire Blast|p2a: Lorazepam
|-damage|p2a: Lorazepam|80/100
|
|-weather|Sandstorm|[upkeep]
|-damage|p1a: Salamence|95/100|[from] Sandstorm
|-damage|p2a: Lorazepam|74/100|[from] Sandstorm
|-heal|p1a: Salamence|100/100|[from] item: Leftovers
|-heal|p2a: Lorazepam|80/100|[from] item: Leftovers
|upkeep
|turn|20
|
|t:|1728252911
|switch|p1a: Forretress|Forretress, F|26/100
|move|p2a: Lorazepam|Body Slam|p1a: Forretress
|-resisted|p1a: Forretress
|-damage|p1a: Forretress|13/100
|
|-weather|Sandstorm|[upkeep]
|-damage|p2a: Lorazepam|74/100|[from] Sandstorm
|-heal|p1a: Forretress|19/100|[from] item: Leftovers
|-heal|p2a: Lorazepam|80/100|[from] item: Leftovers
|upkeep
|turn|21
|
|t:|1728252922
|switch|p1a: Aerodactyl|Aerodactyl, F|100/100
|switch|p2a: Lisinopril|Houndoom, M|100/100
|
|-weather|Sandstorm|[upkeep]
|-damage|p2a: Lisinopril|94/100|[from] Sandstorm
|-heal|p2a: Lisinopril|100/100|[from] item: Leftovers
|upkeep
|turn|22
|
|t:|1728252930
|switch|p2a: Ketamine|Breloom, F|100/100
|move|p1a: Aerodactyl|Earthquake|p2a: Ketamine
|-resisted|p2a: Ketamine
|-damage|p2a: Ketamine|64/100
|
|-weather|Sandstorm|[upkeep]
|-damage|p2a: Ketamine|58/100|[from] Sandstorm
|-heal|p2a: Ketamine|64/100|[from] item: Leftovers
|upkeep
|turn|23
|
|t:|1728252938
|switch|p1a: Forretress|Forretress, F|19/100
|move|p2a: Ketamine|Spore|p1a: Forretress
|-status|p1a: Forretress|slp|[from] move: Spore
|
|-weather|Sandstorm|[upkeep]
|-damage|p2a: Ketamine|58/100|[from] Sandstorm
|-heal|p2a: Ketamine|64/100|[from] item: Leftovers
|-heal|p1a: Forretress|25/100 slp|[from] item: Leftovers
|upkeep
|turn|24
|
|t:|1728252947
|switch|p2a: Mucelax|Metagross|100/100 par
|switch|p1a: Salamence|Salamence, F|100/100
|-ability|p1a: Salamence|Intimidate|boost
|-fail|p2a: Mucelax|unboost|[from] ability: Clear Body|[of] p2a: Mucelax
|
|-weather|Sandstorm|[upkeep]
|-damage|p1a: Salamence|95/100|[from] Sandstorm
|-heal|p1a: Salamence|100/100|[from] item: Leftovers
|upkeep
|turn|25
|
|t:|1728252953
|switch|p1a: Jirachi|Jirachi|100/100
|move|p2a: Mucelax|Explosion|p1a: Jirachi
|-resisted|p1a: Jirachi
|-damage|p1a: Jirachi|4/100
|faint|p2a: Mucelax
|inactive|WalterFartwelWhite has 270 seconds left.
|inactive|WalterFartwelWhite has 240 seconds left.
|
|t:|1728253038
|switch|p2a: Ritalin|Heracross, M|100/100
|
|-weather|Sandstorm|[upkeep]
|-damage|p2a: Ritalin|94/100|[from] Sandstorm
|-heal|p1a: Jirachi|10/100|[from] item: Leftovers
|upkeep
|turn|26
|
|t:|1728253044
|switch|p1a: Salamence|Salamence, F|100/100
|-ability|p1a: Salamence|Intimidate|boost
|-unboost|p2a: Ritalin|atk|1
|move|p2a: Ritalin|Swords Dance|p2a: Ritalin
|-boost|p2a: Ritalin|atk|2
|
|-weather|Sandstorm|[upkeep]
|-damage|p1a: Salamence|95/100|[from] Sandstorm
|-damage|p2a: Ritalin|88/100|[from] Sandstorm
|-heal|p1a: Salamence|100/100|[from] item: Leftovers
|upkeep
|turn|27
|
|t:|1728253054
|switch|p2a: Ketamine|Breloom, F|64/100
|move|p1a: Salamence|Fire Blast|p2a: Ketamine
|-supereffective|p2a: Ketamine
|-damage|p2a: Ketamine|0 fnt
|faint|p2a: Ketamine
|
|t:|1728253058
|switch|p2a: Lisinopril|Houndoom, M|100/100
|
|-weather|Sandstorm|[upkeep]
|-damage|p2a: Lisinopril|94/100|[from] Sandstorm
|-damage|p1a: Salamence|95/100|[from] Sandstorm
|-heal|p2a: Lisinopril|100/100|[from] item: Leftovers
|-heal|p1a: Salamence|100/100|[from] item: Leftovers
|upkeep
|turn|28
|
|t:|1728253063
|switch|p2a: Ritalin|Heracross, M|88/100
|move|p1a: Salamence|Brick Break|p2a: Ritalin
|-resisted|p2a: Ritalin
|-damage|p2a: Ritalin|73/100
|
|-weather|Sandstorm|[upkeep]
|-damage|p1a: Salamence|95/100|[from] Sandstorm
|-damage|p2a: Ritalin|67/100|[from] Sandstorm
|-heal|p1a: Salamence|100/100|[from] item: Leftovers
|upkeep
|turn|29
|
|t:|1728253072
|switch|p2a: Lisinopril|Houndoom, M|100/100
|move|p1a: Salamence|Fire Blast|p2a: Lisinopril
|-start|p2a: Lisinopril|ability: Flash Fire
|
|-weather|Sandstorm|[upkeep]
|-damage|p2a: Lisinopril|94/100|[from] Sandstorm
|-damage|p1a: Salamence|95/100|[from] Sandstorm
|-heal|p2a: Lisinopril|100/100|[from] item: Leftovers
|-heal|p1a: Salamence|100/100|[from] item: Leftovers
|upkeep
|turn|30
|
|t:|1728253081
|switch|p1a: Blissey|Blissey, F|82/100
|move|p2a: Lisinopril|Will-O-Wisp|p1a: Blissey
|-status|p1a: Blissey|brn
|
|-weather|Sandstorm|[upkeep]
|-damage|p2a: Lisinopril|94/100|[from] Sandstorm
|-damage|p1a: Blissey|76/100 brn|[from] Sandstorm
|-heal|p2a: Lisinopril|100/100|[from] item: Leftovers
|-heal|p1a: Blissey|82/100 brn|[from] item: Leftovers
|-damage|p1a: Blissey|69/100 brn|[from] brn
|upkeep
|turn|31
|
|t:|1728253086
|move|p2a: Lisinopril|Sunny Day|p2a: Lisinopril
|-weather|SunnyDay
|move|p1a: Blissey|Seismic Toss|p2a: Lisinopril
|-damage|p2a: Lisinopril|68/100
|
|-weather|SunnyDay|[upkeep]
|-heal|p2a: Lisinopril|74/100|[from] item: Leftovers
|-heal|p1a: Blissey|75/100 brn|[from] item: Leftovers
|-damage|p1a: Blissey|63/100 brn|[from] brn
|upkeep
|turn|32
|
|t:|1728253092
|move|p2a: Lisinopril|Flamethrower|p1a: Blissey
|-damage|p1a: Blissey|26/100 brn
|move|p1a: Blissey|Thunder Wave|p2a: Lisinopril
|-status|p2a: Lisinopril|par
|
|-weather|SunnyDay|[upkeep]
|-heal|p1a: Blissey|32/100 brn|[from] item: Leftovers
|-damage|p1a: Blissey|20/100 brn|[from] brn
|-heal|p2a: Lisinopril|80/100 par|[from] item: Leftovers
|upkeep
|turn|33
|
|t:|1728253114
|-curestatus|p1a: Blissey|brn|[from] ability: Natural Cure
|switch|p1a: Forretress|Forretress, F|25/100 slp
|-end|p2a: Lisinopril|ability: Flash Fire|[silent]
|switch|p2a: Ritalin|Heracross, M|67/100
|
|-weather|SunnyDay|[upkeep]
|-heal|p1a: Forretress|32/100 slp|[from] item: Leftovers
|upkeep
|turn|34
|
|t:|1728253119
|switch|p1a: Salamence|Salamence, F|100/100
|-ability|p1a: Salamence|Intimidate|boost
|-unboost|p2a: Ritalin|atk|1
|move|p2a: Ritalin|Substitute|p2a: Ritalin
|-start|p2a: Ritalin|Substitute
|-damage|p2a: Ritalin|42/100
|
|-weather|SunnyDay|[upkeep]
|upkeep
|turn|35
|
|t:|1728253140
|move|p1a: Salamence|Dragon Claw|p2a: Ritalin
|-end|p2a: Ritalin|Substitute
|move|p2a: Ritalin|Substitute|p2a: Ritalin
|-start|p2a: Ritalin|Substitute
|-damage|p2a: Ritalin|17/100
|
|-weather|none
|-enditem|p2a: Ritalin|Salac Berry|[eat]
|-boost|p2a: Ritalin|spe|1|[from] item: Salac Berry
|upkeep
|turn|36
|
|t:|1728253146
|move|p2a: Ritalin|Swords Dance|p2a: Ritalin
|-boost|p2a: Ritalin|atk|2
|move|p1a: Salamence|Roar|p2a: Ritalin
|drag|p2a: Lisinopril|Houndoom, M|80/100 par
|
|-heal|p2a: Lisinopril|87/100 par|[from] item: Leftovers
|upkeep
|turn|37
|c|☆WalterFartwelWhite|damn lol
|c|☆WalterFartwelWhite|was hoping it was pure mixmence
|
|t:|1728253168
|move|p1a: Salamence|Brick Break|p2a: Lisinopril
|-supereffective|p2a: Lisinopril
|-crit|p2a: Lisinopril
|-damage|p2a: Lisinopril|0 fnt
|faint|p2a: Lisinopril
|
|t:|1728253171
|switch|p2a: Lorazepam|Snorlax, M|80/100
|
|-heal|p2a: Lorazepam|87/100|[from] item: Leftovers
|upkeep
|turn|38
|
|t:|1728253176
|move|p1a: Salamence|Brick Break|p2a: Lorazepam
|-supereffective|p2a: Lorazepam
|-damage|p2a: Lorazepam|50/100
|move|p2a: Lorazepam|Curse|p2a: Lorazepam
|-unboost|p2a: Lorazepam|spe|1
|-boost|p2a: Lorazepam|atk|1
|-boost|p2a: Lorazepam|def|1
|
|-heal|p2a: Lorazepam|57/100|[from] item: Leftovers
|upkeep
|turn|39
|
|t:|1728253185
|move|p1a: Salamence|Brick Break|p2a: Lorazepam
|-supereffective|p2a: Lorazepam
|-damage|p2a: Lorazepam|31/100
|move|p2a: Lorazepam|Rest|p2a: Lorazepam
|-status|p2a: Lorazepam|slp|[from] move: Rest
|-heal|p2a: Lorazepam|100/100 slp|[silent]
|
|upkeep
|turn|40
|
|t:|1728253192
|cant|p2a: Lorazepam|slp
|move|p1a: Salamence|Roar|p2a: Lorazepam
|drag|p2a: Ritalin|Heracross, M|17/100
|
|upkeep
|turn|41
|
|t:|1728253195
|move|p1a: Salamence|Dragon Claw|p2a: Ritalin
|-damage|p2a: Ritalin|0 fnt
|faint|p2a: Ritalin
|
|t:|1728253197
|switch|p2a: Lorazepam|Snorlax, M|100/100 slp
|
|upkeep
|turn|42
|
|t:|1728253204
|move|p1a: Salamence|Brick Break|p2a: Lorazepam
|-supereffective|p2a: Lorazepam
|-damage|p2a: Lorazepam|64/100 slp
|cant|p2a: Lorazepam|slp
|
|-heal|p2a: Lorazepam|70/100 slp|[from] item: Leftovers
|upkeep
|turn|43
|
|t:|1728253206
|move|p1a: Salamence|Brick Break|p2a: Lorazepam
|-supereffective|p2a: Lorazepam
|-damage|p2a: Lorazepam|31/100 slp
|-curestatus|p2a: Lorazepam|slp|[msg]
|move|p2a: Lorazepam|Curse|p2a: Lorazepam
|-unboost|p2a: Lorazepam|spe|1
|-boost|p2a: Lorazepam|atk|1
|-boost|p2a: Lorazepam|def|1
|
|-heal|p2a: Lorazepam|38/100|[from] item: Leftovers
|upkeep
|turn|44
|
|t:|1728253210
|switch|p1a: Aerodactyl|Aerodactyl, F|100/100
|move|p2a: Lorazepam|Rest|p2a: Lorazepam
|-status|p2a: Lorazepam|slp|[from] move: Rest
|-heal|p2a: Lorazepam|100/100 slp|[silent]
|
|upkeep
|turn|45
|
|t:|1728253220
|move|p1a: Aerodactyl|Double-Edge|p2a: Lorazepam
|-damage|p2a: Lorazepam|72/100 slp
|cant|p2a: Lorazepam|slp
|
|-heal|p2a: Lorazepam|78/100 slp|[from] item: Leftovers
|upkeep
|turn|46
|
|t:|1728253222
|move|p1a: Aerodactyl|Double-Edge|p2a: Lorazepam
|-damage|p2a: Lorazepam|51/100 slp
|cant|p2a: Lorazepam|slp
|
|-heal|p2a: Lorazepam|57/100 slp|[from] item: Leftovers
|upkeep
|turn|47
|
|t:|1728253224
|move|p1a: Aerodactyl|Double-Edge|p2a: Lorazepam
|-damage|p2a: Lorazepam|27/100 slp
|-curestatus|p2a: Lorazepam|slp|[msg]
|move|p2a: Lorazepam|Curse|p2a: Lorazepam
|-unboost|p2a: Lorazepam|spe|1
|-boost|p2a: Lorazepam|atk|1
|-boost|p2a: Lorazepam|def|1
|
|-heal|p2a: Lorazepam|33/100|[from] item: Leftovers
|upkeep
|turn|48
|
|t:|1728253228
|move|p1a: Aerodactyl|Double-Edge|p2a: Lorazepam
|-damage|p2a: Lorazepam|10/100
|move|p2a: Lorazepam|Rest|p2a: Lorazepam
|-status|p2a: Lorazepam|slp|[from] move: Rest
|-heal|p2a: Lorazepam|100/100 slp|[silent]
|
|upkeep
|turn|49
|
|t:|1728253230
|move|p1a: Aerodactyl|Double-Edge|p2a: Lorazepam
|-damage|p2a: Lorazepam|77/100 slp
|cant|p2a: Lorazepam|slp
|
|-heal|p2a: Lorazepam|83/100 slp|[from] item: Leftovers
|upkeep
|turn|50
|
|t:|1728253231
|move|p1a: Aerodactyl|Double-Edge|p2a: Lorazepam
|-damage|p2a: Lorazepam|63/100 slp
|cant|p2a: Lorazepam|slp
|
|-heal|p2a: Lorazepam|69/100 slp|[from] item: Leftovers
|upkeep
|turn|51
|
|t:|1728253236
|move|p1a: Aerodactyl|Double-Edge|p2a: Lorazepam
|-damage|p2a: Lorazepam|47/100 slp
|-curestatus|p2a: Lorazepam|slp|[msg]
|move|p2a: Lorazepam|Body Slam|p1a: Aerodactyl
|-resisted|p1a: Aerodactyl
|-damage|p1a: Aerodactyl|44/100
|
|-heal|p2a: Lorazepam|53/100|[from] item: Leftovers
|upkeep
|turn|52
|
|t:|1728253241
|move|p1a: Aerodactyl|Double-Edge|p2a: Lorazepam
|-damage|p2a: Lorazepam|30/100
|move|p2a: Lorazepam|Body Slam|p1a: Aerodactyl
|-resisted|p1a: Aerodactyl
|-damage|p1a: Aerodactyl|0 fnt
|faint|p1a: Aerodactyl
|
|t:|1728253244
|switch|p1a: Salamence|Salamence, F|100/100
|-ability|p1a: Salamence|Intimidate|boost
|-unboost|p2a: Lorazepam|atk|1
|
|-heal|p2a: Lorazepam|36/100|[from] item: Leftovers
|upkeep
|turn|53
|
|t:|1728253249
|move|p1a: Salamence|Brick Break|p2a: Lorazepam
|-supereffective|p2a: Lorazepam
|-damage|p2a: Lorazepam|19/100
|move|p2a: Lorazepam|Rest|p2a: Lorazepam
|-status|p2a: Lorazepam|slp|[from] move: Rest
|-heal|p2a: Lorazepam|100/100 slp|[silent]
|
|upkeep
|turn|54
|
|t:|1728253256
|move|p1a: Salamence|Brick Break|p2a: Lorazepam
|-supereffective|p2a: Lorazepam
|-damage|p2a: Lorazepam|81/100 slp
|cant|p2a: Lorazepam|slp
|
|-heal|p2a: Lorazepam|87/100 slp|[from] item: Leftovers
|upkeep
|turn|55
|
|t:|1728253257
|move|p1a: Salamence|Brick Break|p2a: Lorazepam
|-supereffective|p2a: Lorazepam
|-damage|p2a: Lorazepam|70/100 slp
|cant|p2a: Lorazepam|slp
|
|-heal|p2a: Lorazepam|76/100 slp|[from] item: Leftovers
|upkeep
|turn|56
|
|t:|1728253260
|move|p1a: Salamence|Brick Break|p2a: Lorazepam
|-supereffective|p2a: Lorazepam
|-damage|p2a: Lorazepam|58/100 slp
|-curestatus|p2a: Lorazepam|slp|[msg]
|move|p2a: Lorazepam|Body Slam|p1a: Salamence
|-damage|p1a: Salamence|44/100
|
|-heal|p1a: Salamence|50/100|[from] item: Leftovers
|-heal|p2a: Lorazepam|64/100|[from] item: Leftovers
|upkeep
|turn|57
|
|t:|1728253267
|switch|p1a: Jirachi|Jirachi|10/100
|move|p2a: Lorazepam|Body Slam|p1a: Jirachi
|-resisted|p1a: Jirachi
|-damage|p1a: Jirachi|0 fnt
|faint|p1a: Jirachi
|
|t:|1728253268
|switch|p1a: Salamence|Salamence, F|50/100
|-ability|p1a: Salamence|Intimidate|boost
|-unboost|p2a: Lorazepam|atk|1
|
|-heal|p1a: Salamence|56/100|[from] item: Leftovers
|-heal|p2a: Lorazepam|71/100|[from] item: Leftovers
|upkeep
|turn|58
|
|t:|1728253272
|move|p1a: Salamence|Brick Break|p2a: Lorazepam
|-supereffective|p2a: Lorazepam
|-damage|p2a: Lorazepam|52/100
|move|p2a: Lorazepam|Body Slam|p1a: Salamence
|-damage|p1a: Salamence|20/100
|
|-heal|p1a: Salamence|26/100|[from] item: Leftovers
|-heal|p2a: Lorazepam|58/100|[from] item: Leftovers
|upkeep
|turn|59
|
|t:|1728253283
|switch|p1a: Blissey|Blissey, F|20/100
|move|p2a: Lorazepam|Body Slam|p1a: Blissey
|-crit|p1a: Blissey
|-damage|p1a: Blissey|0 fnt
|faint|p1a: Blissey
|
|t:|1728253284
|switch|p1a: Salamence|Salamence, F|26/100
|-ability|p1a: Salamence|Intimidate|boost
|-unboost|p2a: Lorazepam|atk|1
|
|-heal|p1a: Salamence|32/100|[from] item: Leftovers
|-heal|p2a: Lorazepam|64/100|[from] item: Leftovers
|upkeep
|turn|60
|
|t:|1728253287
|move|p1a: Salamence|Brick Break|p2a: Lorazepam
|-supereffective|p2a: Lorazepam
|-crit|p2a: Lorazepam
|-damage|p2a: Lorazepam|0 fnt
|faint|p2a: Lorazepam
|
|win|Tree69420
|c|☆Tree69420|finally
|c|☆Tree69420|gg
|c|☆WalterFartwelWhite|fuuuug
|c|☆WalterFartwelWhite|gg
|player|p2|

</script>
<script type="application/json" class="data" id="replaydata-smogtours-gen3ou-796048">
{"id":"smogtours-gen3ou-796048","format":"[Gen 3] OU","players":["Tree69420","WalterFartwelWhite"],"uploadtime":1728253287,"views":124,"formatid":"gen3ou","rating":null,"private":0,"password":null}
</script>

<script defer src="js/replays.js?9d40a366"></script>
