<!DOCTYPE html>
<meta charset="utf-8" />
<meta name="viewport" content="width=device-width" />

<title>[Gen 3] OU: qsns vs. no more bad dreams - Replays - Pok&eacute;mon Showdown!</title>

<meta name="description" content="Watch a replay of a Pok&eacute;mon battle between qsns and no more bad dreams! Format: [Gen 3] OU; Date: Oct 9, 2024" />
<!--

Hey, you! Looking in the source for the replay log?

You can find them in JSON format, just add `.json` at the end of a replay URL.

https://replay.pokemonshowdown.com/gen7randomdoublesbattle-865046831.json

Or, if you only need the log itself, add `.log` instead:

https://replay.pokemonshowdown.com/gen7randomdoublesbattle-865046831.log

-->

<link rel="stylesheet" href="//pokemonshowdown.com/style/global.css?0.023195364461161105" />
<link rel="stylesheet" href="//play.pokemonshowdown.com/style/font-awesome.css?0.13261647063804238" />
<link rel="stylesheet" href="//play.pokemonshowdown.com/style/battle.css?0.8753245789963631" />
<link rel="stylesheet" href="//play.pokemonshowdown.com/style/utilichart.css?0.8627959624976733" />

<!-- Global site tag (gtag.js) - Google Analytics -->
<script async src="https://www.googletagmanager.com/gtag/js?id=UA-26211653-1"></script>
<script>
  window.dataLayer = window.dataLayer || [];
  function gtag(){dataLayer.push(arguments);}
  gtag('js', new Date());

  gtag('config', 'UA-26211653-1');
</script>
<!-- End Google Analytics -->
<!-- Venatus Ad Manager - Install in <HEAD> of page -->
	<script src="https://hb.vntsm.com/v3/live/ad-manager.min.js" type="text/javascript" data-site-id="642aba63ec9a7b11c3c9c1be" data-mode="scan" async></script>
<!-- / Venatus Ad Manager -->

<style>
	@media (max-width:820px) {
		.battle {
			margin: 0 auto;
		}
		.battle-log {
			margin: 7px auto 0;
			max-width: 640px;
			height: 300px;
			position: static;
		}
	}
	.optgroup {
		display: inline-block;
		line-height: 22px;
		font-size: 10pt;
	}
	.optgroup .button {
		height: 25px;
		padding-top: 0;
		padding-bottom: 0;
	}
	.optgroup button.button {
		padding-left: 12px;
		padding-right: 12px;
	}
	.linklist {
		list-style: none;
		margin: 0.5em 0;
		padding: 0;
	}
	.linklist li {
		padding: 2px 0;
	}
	.sidebar {
		float: left;
		width: 320px;
	}
	.bar-wrapper {
		max-width: 1100px;
		margin: 0 auto;
	}
	.bar-wrapper.has-sidebar {
		max-width: 1430px;
	}
	.mainbar {
		margin: 0;
		padding-right: 1px;
	}
	.mainbar.has-sidebar {
		margin-left: 330px;
	}
	@media (min-width: 1511px) {
		.sidebar {
			width: 400px;
		}
		.bar-wrapper.has-sidebar {
			max-width: 1510px;
		}
		.mainbar.has-sidebar {
			margin-left: 410px;
		}
	}
	.section.first-section {
		margin-top: 9px;
	}
	.blocklink small {
		white-space: normal;
	}
	.button {
		vertical-align: middle;
	}
	.replay-controls {
		padding-top: 10px;
	}
	.replay-controls h1 {
		font-size: 16pt;
		font-weight: normal;
		color: #CCC;
	}
	.pagelink {
		text-align: center;
	}
	.pagelink a {
		width: 150px;
	}
	.textbox, .button {
		font-size: 11pt;
		vertical-align: middle;
	}
	@media (max-width: 450px) {
		.button {
			font-size: 9pt;
		}
	}
</style>

<div>

	<header>
		<div class="nav-wrapper"><ul class="nav">
			<li><a class="button nav-first" href="//pokemonshowdown.com/"><img src="//pokemonshowdown.com/images/pokemonshowdownbeta.png" srcset="//pokemonshowdown.com/images/pokemonshowdownbeta.png 1x, //pokemonshowdown.com/images/pokemonshowdownbeta@2x.png 2x" alt="Pok&eacute;mon Showdown" width="146" height="44" /> Home</a></li>
			<li><a class="button" href="//pokemonshowdown.com/dex/">Pok&eacute;dex</a></li>
			<li><a class="button cur" href="/">Replays</a></li>
			<li><a class="button" href="//pokemonshowdown.com/ladder/">Ladder</a></li>
			<li><a class="button nav-last" href="//pokemonshowdown.com/forums/">Forum</a></li>
			<li><a class="button greenbutton nav-first nav-last" href="//play.pokemonshowdown.com/">Play</a></li>
		</ul></div>
	</header>

	<div class="main" id="main">

		<noscript><section class="section">You need to enable JavaScript to use this page; sorry!</section></noscript>

	</div>

</div>

<script defer nomodule src="//play.pokemonshowdown.com/js/lib/ps-polyfill.js"></script>
<script defer src="//play.pokemonshowdown.com/js/lib/preact.min.js"></script>

<script defer src="//play.pokemonshowdown.com/config/config.js?2bddbc15"></script>
<script defer src="//play.pokemonshowdown.com/js/lib/jquery-1.11.0.min.js"></script>
<script defer src="//play.pokemonshowdown.com/js/lib/html-sanitizer-minified.js"></script>
<script defer src="//play.pokemonshowdown.com/js/battle-sound.js"></script>
<script defer src="//play.pokemonshowdown.com/js/battledata.js?0.7209276989879541"></script>
<script defer src="//play.pokemonshowdown.com/data/pokedex-mini.js?0.6111056340867951"></script>
<script defer src="//play.pokemonshowdown.com/data/pokedex-mini-bw.js?0.3532142036491459"></script>
<script defer src="//play.pokemonshowdown.com/data/graphics.js?0.24223875632456182"></script>
<script defer src="//play.pokemonshowdown.com/data/pokedex.js?0.38839984266356864"></script>
<script defer src="//play.pokemonshowdown.com/data/moves.js?0.21866028504024015"></script>
<script defer src="//play.pokemonshowdown.com/data/abilities.js?0.2005157953846628"></script>
<script defer src="//play.pokemonshowdown.com/data/items.js?0.9894211263848525"></script>
<script defer src="//play.pokemonshowdown.com/data/teambuilder-tables.js?0.6008791140282215"></script>
<script defer src="//play.pokemonshowdown.com/js/battle-tooltips.js?0.7580118955022959"></script>
<script defer src="//play.pokemonshowdown.com/js/battle.js?0.6057722274234274"></script>

<script defer src="js/utils.js?e31f9a17"></script>
<script defer src="js/replays-battle.js?7008c182"></script>

<!-- don't scrape this data! just add .json or .log after the URL!
Full API docs: https://github.com/smogon/pokemon-showdown-client/blob/master/WEB-API.md -->
<script type="text/plain" class="log" id="replaylog-smogtours-gen3ou-796589">
|inactive|Battle timer is ON: inactive players will automatically lose when time's up.
|t:|1728449804
|gametype|singles
|player|p1|qsns|#scl4islanders2|
|player|p2|no more bad dreams|skullgruntf|
|teamsize|p1|6
|teamsize|p2|6
|gen|3
|tier|[Gen 3] OU
|rule|Sleep Clause Mod: Limit one foe put to sleep
|rule|Switch Priority Clause Mod: Faster Pokémon switch first
|rule|Species Clause: Limit one of each Pokémon
|rule|OHKO Clause: OHKO moves are banned
|rule|Evasion Items Clause: Evasion items are banned
|rule|Evasion Moves Clause: Evasion moves are banned
|rule|Endless Battle Clause: Forcing endless battles is banned
|rule|HP Percentage Mod: HP is shown in percentages
|rule|One Boost Passer Clause: Limit one Baton Passer that has a way to boost its stats
|rule|Freeze Clause Mod: Limit one foe frozen
|
|t:|1728449804
|start
|switch|p1a: Salamence|Salamence, F|100/100
|switch|p2a: Tyranitar|Tyranitar, F|100/100
|-ability|p1a: Salamence|Intimidate|boost
|-unboost|p2a: Tyranitar|atk|1
|-weather|Sandstorm|[from] ability: Sand Stream|[of] p2a: Tyranitar
|turn|1
|c|☆qsns|hf
|c|☆no more bad dreams|hf
|
|t:|1728449821
|switch|p2a: Gengar|Gengar, F, shiny|100/100
|move|p1a: Salamence|Brick Break|p2a: Gengar
|-immune|p2a: Gengar
|
|-weather|Sandstorm|[upkeep]
|-damage|p2a: Gengar|95/100|[from] Sandstorm
|-damage|p1a: Salamence|94/100|[from] Sandstorm
|-heal|p2a: Gengar|100/100|[from] item: Leftovers
|-heal|p1a: Salamence|100/100|[from] item: Leftovers
|upkeep
|turn|2
|
|t:|1728449846
|switch|p1a: Tyranitar|Tyranitar, F|100/100
|move|p2a: Gengar|Will-O-Wisp|p1a: Tyranitar
|-status|p1a: Tyranitar|brn
|
|-weather|Sandstorm|[upkeep]
|-damage|p2a: Gengar|95/100|[from] Sandstorm
|-heal|p2a: Gengar|100/100|[from] item: Leftovers
|-damage|p1a: Tyranitar|88/100 brn|[from] brn
|upkeep
|turn|3
|
|t:|1728449850
|-activate|p2a: Gengar|move: Pursuit
|move|p1a: Tyranitar|Pursuit|p2a: Gengar|[from]Pursuit
|-supereffective|p2a: Gengar
|-damage|p2a: Gengar|8/100
|switch|p2a: Swampert|Swampert, M|100/100
|
|-weather|Sandstorm|[upkeep]
|-heal|p1a: Tyranitar|94/100 brn|[from] item: Leftovers
|-damage|p1a: Tyranitar|82/100 brn|[from] brn
|upkeep
|turn|4
|
|t:|1728449857
|switch|p1a: Skarmory|Skarmory, M|100/100
|move|p2a: Swampert|Surf|p1a: Skarmory
|-crit|p1a: Skarmory
|-damage|p1a: Skarmory|49/100
|
|-weather|Sandstorm|[upkeep]
|-heal|p1a: Skarmory|55/100|[from] item: Leftovers
|upkeep
|turn|5
|
|t:|1728449860
|switch|p2a: Forretress|Forretress, M|100/100
|move|p1a: Skarmory|Spikes|p2a: Forretress
|-sidestart|p2: no more bad dreams|Spikes
|
|-weather|Sandstorm|[upkeep]
|-heal|p1a: Skarmory|61/100|[from] item: Leftovers
|upkeep
|turn|6
|
|t:|1728449884
|switch|p1a: Salamence|Salamence, F|100/100
|-ability|p1a: Salamence|Intimidate|boost
|-unboost|p2a: Forretress|atk|1
|move|p2a: Forretress|Rapid Spin|p1a: Salamence
|-damage|p1a: Salamence|97/100
|-sideend|p2: no more bad dreams|Spikes|[from] move: Rapid Spin|[of] p2a: Forretress
|
|-weather|Sandstorm|[upkeep]
|-damage|p1a: Salamence|91/100|[from] Sandstorm
|-heal|p1a: Salamence|97/100|[from] item: Leftovers
|upkeep
|turn|7
|
|t:|1728449889
|switch|p2a: Swampert|Swampert, M|100/100
|move|p1a: Salamence|Dragon Claw|p2a: Swampert
|-damage|p2a: Swampert|65/100
|
|-weather|Sandstorm|[upkeep]
|-damage|p1a: Salamence|91/100|[from] Sandstorm
|-heal|p1a: Salamence|97/100|[from] item: Leftovers
|-heal|p2a: Swampert|71/100|[from] item: Leftovers
|upkeep
|turn|8
|
|t:|1728449894
|switch|p2a: Blissey|Blissey, F|100/100
|move|p1a: Salamence|Hidden Power|p2a: Blissey
|-damage|p2a: Blissey|92/100
|
|-weather|Sandstorm|[upkeep]
|-damage|p1a: Salamence|91/100|[from] Sandstorm
|-damage|p2a: Blissey|86/100|[from] Sandstorm
|-heal|p1a: Salamence|97/100|[from] item: Leftovers
|-heal|p2a: Blissey|92/100|[from] item: Leftovers
|upkeep
|turn|9
|
|t:|1728449898
|switch|p1a: Skarmory|Skarmory, M|61/100
|move|p2a: Blissey|Ice Beam|p1a: Skarmory
|-damage|p1a: Skarmory|40/100
|
|-weather|Sandstorm|[upkeep]
|-damage|p2a: Blissey|86/100|[from] Sandstorm
|-heal|p1a: Skarmory|46/100|[from] item: Leftovers
|-heal|p2a: Blissey|92/100|[from] item: Leftovers
|upkeep
|turn|10
|
|t:|1728449901
|switch|p1a: Salamence|Salamence, F|97/100
|-ability|p1a: Salamence|Intimidate|boost
|-unboost|p2a: Blissey|atk|1
|move|p2a: Blissey|Thunderbolt|p1a: Salamence
|-damage|p1a: Salamence|72/100
|-status|p1a: Salamence|par
|
|-weather|Sandstorm|[upkeep]
|-damage|p2a: Blissey|86/100|[from] Sandstorm
|-damage|p1a: Salamence|66/100 par|[from] Sandstorm
|-heal|p2a: Blissey|92/100|[from] item: Leftovers
|-heal|p1a: Salamence|72/100 par|[from] item: Leftovers
|upkeep
|turn|11
|
|t:|1728449913
|switch|p1a: Jirachi|Jirachi|100/100
|move|p2a: Blissey|Ice Beam|p1a: Jirachi
|-resisted|p1a: Jirachi
|-crit|p1a: Jirachi
|-damage|p1a: Jirachi|84/100
|
|-weather|Sandstorm|[upkeep]
|-damage|p2a: Blissey|86/100|[from] Sandstorm
|-heal|p1a: Jirachi|91/100|[from] item: Leftovers
|-heal|p2a: Blissey|92/100|[from] item: Leftovers
|upkeep
|turn|12
|
|t:|1728449917
|switch|p2a: Tyranitar|Tyranitar, F|100/100
|move|p1a: Jirachi|Toxic|p2a: Tyranitar|[miss]
|-miss|p1a: Jirachi|p2a: Tyranitar
|
|-weather|Sandstorm|[upkeep]
|-heal|p1a: Jirachi|97/100|[from] item: Leftovers
|upkeep
|turn|13
|
|t:|1728449923
|move|p1a: Jirachi|Fire Punch|p2a: Tyranitar
|-resisted|p2a: Tyranitar
|-crit|p2a: Tyranitar
|-damage|p2a: Tyranitar|84/100
|move|p2a: Tyranitar|Crunch|p1a: Jirachi
|-damage|p1a: Jirachi|70/100
|
|-weather|Sandstorm|[upkeep]
|-heal|p1a: Jirachi|77/100|[from] item: Leftovers
|-heal|p2a: Tyranitar|91/100|[from] item: Leftovers
|upkeep
|turn|14
|
|t:|1728449926
|move|p1a: Jirachi|Toxic|p2a: Tyranitar
|-status|p2a: Tyranitar|tox
|move|p2a: Tyranitar|Crunch|p1a: Jirachi
|-damage|p1a: Jirachi|54/100
|-unboost|p1a: Jirachi|spd|1
|
|-weather|Sandstorm|[upkeep]
|-heal|p1a: Jirachi|60/100|[from] item: Leftovers
|-heal|p2a: Tyranitar|97/100 tox|[from] item: Leftovers
|-damage|p2a: Tyranitar|91/100 tox|[from] psn
|upkeep
|turn|15
|
|t:|1728449930
|move|p1a: Jirachi|Wish|p1a: Jirachi
|move|p2a: Tyranitar|Crunch|p1a: Jirachi
|-damage|p1a: Jirachi|26/100
|
|-weather|Sandstorm|[upkeep]
|-heal|p1a: Jirachi|32/100|[from] item: Leftovers
|-heal|p2a: Tyranitar|97/100 tox|[from] item: Leftovers
|-damage|p2a: Tyranitar|84/100 tox|[from] psn
|upkeep
|turn|16
|
|t:|1728449935
|switch|p2a: Forretress|Forretress, M|100/100
|move|p1a: Jirachi|Protect||[still]
|-fail|p1a: Jirachi
|
|-heal|p1a: Jirachi|82/100|[from] move: Wish|[wisher] Jirachi
|-weather|Sandstorm|[upkeep]
|-heal|p1a: Jirachi|88/100|[from] item: Leftovers
|upkeep
|turn|17
|
|t:|1728449940
|switch|p1a: Skarmory|Skarmory, M|46/100
|switch|p2a: Blissey|Blissey, F|92/100
|
|-weather|Sandstorm|[upkeep]
|-damage|p2a: Blissey|86/100|[from] Sandstorm
|-heal|p1a: Skarmory|52/100|[from] item: Leftovers
|-heal|p2a: Blissey|92/100|[from] item: Leftovers
|upkeep
|turn|18
|
|t:|1728449958
|switch|p2a: Forretress|Forretress, M|100/100
|move|p1a: Skarmory|Protect||[still]
|-fail|p1a: Skarmory
|
|-weather|Sandstorm|[upkeep]
|-heal|p1a: Skarmory|58/100|[from] item: Leftovers
|upkeep
|turn|19
|
|t:|1728449967
|switch|p1a: Gengar|Gengar, F, shiny|100/100
|move|p2a: Forretress|Spikes|p1a: Gengar
|-sidestart|p1: qsns|Spikes
|
|-weather|Sandstorm|[upkeep]
|-damage|p1a: Gengar|94/100|[from] Sandstorm
|-heal|p1a: Gengar|100/100|[from] item: Leftovers
|upkeep
|turn|20
|
|t:|1728449970
|switch|p2a: Blissey|Blissey, F|92/100
|move|p1a: Gengar|Will-O-Wisp|p2a: Blissey
|-status|p2a: Blissey|brn
|
|-weather|Sandstorm|[upkeep]
|-damage|p1a: Gengar|94/100|[from] Sandstorm
|-damage|p2a: Blissey|86/100 brn|[from] Sandstorm
|-heal|p1a: Gengar|100/100|[from] item: Leftovers
|-heal|p2a: Blissey|92/100 brn|[from] item: Leftovers
|-damage|p2a: Blissey|79/100 brn|[from] brn
|upkeep
|turn|21
|
|t:|1728449980
|switch|p1a: Swampert|Swampert, M|100/100
|-damage|p1a: Swampert|88/100|[from] Spikes
|move|p2a: Blissey|Aromatherapy|p2a: Blissey
|-cureteam|p2a: Blissey|[from] move: Aromatherapy
|
|-weather|Sandstorm|[upkeep]
|-damage|p2a: Blissey|73/100|[from] Sandstorm
|-heal|p1a: Swampert|94/100|[from] item: Leftovers
|-heal|p2a: Blissey|79/100|[from] item: Leftovers
|upkeep
|turn|22
|
|t:|1728449992
|switch|p2a: Swampert|Swampert, M|71/100
|move|p1a: Swampert|Hydro Pump|p2a: Swampert
|-damage|p2a: Swampert|41/100
|
|-weather|Sandstorm|[upkeep]
|-heal|p2a: Swampert|48/100|[from] item: Leftovers
|-heal|p1a: Swampert|100/100|[from] item: Leftovers
|upkeep
|turn|23
|
|t:|1728450002
|move|p2a: Swampert|Protect|p2a: Swampert
|-singleturn|p2a: Swampert|Protect
|move|p1a: Swampert|Earthquake|p2a: Swampert
|-activate|p2a: Swampert|Protect
|
|-weather|Sandstorm|[upkeep]
|-heal|p2a: Swampert|54/100|[from] item: Leftovers
|upkeep
|turn|24
|
|t:|1728450006
|move|p2a: Swampert|Toxic|p1a: Swampert|[miss]
|-miss|p2a: Swampert|p1a: Swampert
|move|p1a: Swampert|Hydro Pump|p2a: Swampert|[miss]
|-miss|p1a: Swampert|p2a: Swampert
|
|-weather|Sandstorm|[upkeep]
|-heal|p2a: Swampert|60/100|[from] item: Leftovers
|upkeep
|turn|25
|
|t:|1728450011
|switch|p1a: Skarmory|Skarmory, M|58/100
|move|p2a: Swampert|Protect||[still]
|-fail|p2a: Swampert
|
|-weather|Sandstorm|[upkeep]
|-heal|p1a: Skarmory|64/100|[from] item: Leftovers
|-heal|p2a: Swampert|66/100|[from] item: Leftovers
|upkeep
|turn|26
|
|t:|1728450014
|switch|p2a: Forretress|Forretress, M|100/100
|move|p1a: Skarmory|Spikes|p2a: Forretress
|-sidestart|p2: no more bad dreams|Spikes
|
|-weather|Sandstorm|[upkeep]
|-heal|p1a: Skarmory|70/100|[from] item: Leftovers
|upkeep
|turn|27
|
|t:|1728450019
|switch|p2a: Tyranitar|Tyranitar, F|84/100
|-damage|p2a: Tyranitar|72/100|[from] Spikes
|move|p1a: Skarmory|Roar|p2a: Tyranitar
|drag|p2a: Forretress|Forretress, M|100/100
|-damage|p2a: Forretress|88/100|[from] Spikes
|
|-weather|Sandstorm|[upkeep]
|-heal|p1a: Skarmory|76/100|[from] item: Leftovers
|-heal|p2a: Forretress|94/100|[from] item: Leftovers
|upkeep
|turn|28
|
|t:|1728450030
|switch|p2a: Tyranitar|Tyranitar, F|72/100
|-damage|p2a: Tyranitar|60/100|[from] Spikes
|move|p1a: Skarmory|Spikes|p2a: Tyranitar
|-sidestart|p2: no more bad dreams|Spikes
|
|-weather|Sandstorm|[upkeep]
|-heal|p1a: Skarmory|82/100|[from] item: Leftovers
|-heal|p2a: Tyranitar|66/100|[from] item: Leftovers
|upkeep
|turn|29
|
|t:|1728450040
|switch|p2a: Forretress|Forretress, M|94/100
|-damage|p2a: Forretress|78/100|[from] Spikes
|move|p1a: Skarmory|Roar|p2a: Forretress
|drag|p2a: Gengar|Gengar, F, shiny|8/100
|
|-weather|Sandstorm|[upkeep]
|-damage|p2a: Gengar|2/100|[from] Sandstorm
|-heal|p2a: Gengar|8/100|[from] item: Leftovers
|-heal|p1a: Skarmory|88/100|[from] item: Leftovers
|upkeep
|turn|30
|
|t:|1728450044
|move|p2a: Gengar|Will-O-Wisp|p1a: Skarmory
|-status|p1a: Skarmory|brn
|move|p1a: Skarmory|Spikes|p2a: Gengar
|-sidestart|p2: no more bad dreams|Spikes
|
|-weather|Sandstorm|[upkeep]
|-damage|p2a: Gengar|2/100|[from] Sandstorm
|-heal|p2a: Gengar|8/100|[from] item: Leftovers
|-heal|p1a: Skarmory|94/100 brn|[from] item: Leftovers
|-damage|p1a: Skarmory|82/100 brn|[from] brn
|upkeep
|turn|31
|
|t:|1728450049
|switch|p1a: Jirachi|Jirachi|88/100
|-damage|p1a: Jirachi|76/100|[from] Spikes
|move|p2a: Gengar|Thunderbolt|p1a: Jirachi
|-damage|p1a: Jirachi|57/100
|
|-weather|Sandstorm|[upkeep]
|-damage|p2a: Gengar|2/100|[from] Sandstorm
|-heal|p2a: Gengar|8/100|[from] item: Leftovers
|-heal|p1a: Jirachi|63/100|[from] item: Leftovers
|upkeep
|turn|32
|
|t:|1728450054
|move|p2a: Gengar|Will-O-Wisp|p1a: Jirachi
|-status|p1a: Jirachi|brn
|move|p1a: Jirachi|Wish|p1a: Jirachi
|
|-weather|Sandstorm|[upkeep]
|-damage|p2a: Gengar|2/100|[from] Sandstorm
|-heal|p2a: Gengar|8/100|[from] item: Leftovers
|-heal|p1a: Jirachi|69/100 brn|[from] item: Leftovers
|-damage|p1a: Jirachi|57/100 brn|[from] brn
|upkeep
|turn|33
|
|t:|1728450063
|switch|p2a: Blissey|Blissey, F|79/100
|-damage|p2a: Blissey|54/100|[from] Spikes
|move|p1a: Jirachi|Fire Punch|p2a: Blissey
|-damage|p2a: Blissey|48/100
|-status|p2a: Blissey|brn
|
|-heal|p1a: Jirachi|100/100 brn|[from] move: Wish|[wisher] Jirachi
|-weather|Sandstorm|[upkeep]
|-damage|p2a: Blissey|41/100 brn|[from] Sandstorm
|-damage|p1a: Jirachi|88/100 brn|[from] brn
|-heal|p2a: Blissey|48/100 brn|[from] item: Leftovers
|-damage|p2a: Blissey|35/100 brn|[from] brn
|upkeep
|turn|34
|
|t:|1728450087
|switch|p1a: Gengar|Gengar, F, shiny|100/100
|move|p2a: Blissey|Soft-Boiled|p2a: Blissey
|-heal|p2a: Blissey|85/100 brn
|
|-weather|Sandstorm|[upkeep]
|-damage|p1a: Gengar|94/100|[from] Sandstorm
|-damage|p2a: Blissey|79/100 brn|[from] Sandstorm
|-heal|p1a: Gengar|100/100|[from] item: Leftovers
|-heal|p2a: Blissey|85/100 brn|[from] item: Leftovers
|-damage|p2a: Blissey|73/100 brn|[from] brn
|upkeep
|turn|35
|
|t:|1728450089
|move|p1a: Gengar|Thunderbolt|p2a: Blissey
|-damage|p2a: Blissey|62/100 brn
|move|p2a: Blissey|Ice Beam|p1a: Gengar
|-damage|p1a: Gengar|64/100
|-status|p1a: Gengar|frz
|
|-weather|Sandstorm|[upkeep]
|-damage|p1a: Gengar|58/100 frz|[from] Sandstorm
|-damage|p2a: Blissey|55/100 brn|[from] Sandstorm
|-heal|p1a: Gengar|64/100 frz|[from] item: Leftovers
|-heal|p2a: Blissey|62/100 brn|[from] item: Leftovers
|-damage|p2a: Blissey|49/100 brn|[from] brn
|upkeep
|turn|36
|c|☆no more bad dreams|mb
|
|t:|1728450096
|cant|p1a: Gengar|frz
|move|p2a: Blissey|Soft-Boiled|p2a: Blissey
|-heal|p2a: Blissey|99/100 brn
|
|-weather|Sandstorm|[upkeep]
|-damage|p1a: Gengar|58/100 frz|[from] Sandstorm
|-damage|p2a: Blissey|93/100 brn|[from] Sandstorm
|-heal|p1a: Gengar|64/100 frz|[from] item: Leftovers
|-heal|p2a: Blissey|99/100 brn|[from] item: Leftovers
|-damage|p2a: Blissey|87/100 brn|[from] brn
|upkeep
|turn|37
|c|☆qsns|nw
|
|t:|1728450101
|-curestatus|p2a: Blissey|brn|[from] ability: Natural Cure
|switch|p2a: Tyranitar|Tyranitar, F|66/100
|-damage|p2a: Tyranitar|41/100|[from] Spikes
|cant|p1a: Gengar|frz
|
|-weather|Sandstorm|[upkeep]
|-damage|p1a: Gengar|58/100 frz|[from] Sandstorm
|-heal|p1a: Gengar|64/100 frz|[from] item: Leftovers
|-heal|p2a: Tyranitar|47/100|[from] item: Leftovers
|upkeep
|turn|38
|
|t:|1728450107
|cant|p1a: Gengar|frz
|move|p2a: Tyranitar|Pursuit|p1a: Gengar
|-supereffective|p1a: Gengar
|-damage|p1a: Gengar|3/100 frz
|
|-weather|Sandstorm|[upkeep]
|-damage|p1a: Gengar|0 fnt|[from] Sandstorm
|faint|p1a: Gengar
|-heal|p2a: Tyranitar|53/100|[from] item: Leftovers
|upkeep
|c|☆qsns|gg
|-message|qsns forfeited.
|
|win|no more bad dreams

</script>
<script type="application/json" class="data" id="replaydata-smogtours-gen3ou-796589">
{"id":"smogtours-gen3ou-796589","format":"[Gen 3] OU","players":["qsns","no more bad dreams"],"uploadtime":1728450110,"views":114,"formatid":"gen3ou","rating":null,"private":0,"password":null}
</script>

<script defer src="js/replays.js?9d40a366"></script>
