<!DOCTYPE html>
<meta charset="utf-8" />
<meta name="viewport" content="width=device-width" />

<title>[Gen 3] OU: antantantantant vs. Big_Squatto - Replays - Pok&eacute;mon Showdown!</title>

<meta name="description" content="Watch a replay of a Pok&eacute;mon battle between antantantantant and Big_Squatto! Format: [Gen 3] OU; Date: Nov 4, 2024" />
<!--

Hey, you! Looking in the source for the replay log?

You can find them in JSON format, just add `.json` at the end of a replay URL.

https://replay.pokemonshowdown.com/gen7randomdoublesbattle-865046831.json

Or, if you only need the log itself, add `.log` instead:

https://replay.pokemonshowdown.com/gen7randomdoublesbattle-865046831.log

-->

<link rel="stylesheet" href="//pokemonshowdown.com/style/global.css?0.023195364461161105" />
<link rel="stylesheet" href="//play.pokemonshowdown.com/style/font-awesome.css?0.13261647063804238" />
<link rel="stylesheet" href="//play.pokemonshowdown.com/style/battle.css?0.8753245789963631" />
<link rel="stylesheet" href="//play.pokemonshowdown.com/style/utilichart.css?0.8627959624976733" />

<!-- Global site tag (gtag.js) - Google Analytics -->
<script async src="https://www.googletagmanager.com/gtag/js?id=UA-26211653-1"></script>
<script>
  window.dataLayer = window.dataLayer || [];
  function gtag(){dataLayer.push(arguments);}
  gtag('js', new Date());

  gtag('config', 'UA-26211653-1');
</script>
<!-- End Google Analytics -->
<!-- Venatus Ad Manager - Install in <HEAD> of page -->
	<script src="https://hb.vntsm.com/v3/live/ad-manager.min.js" type="text/javascript" data-site-id="642aba63ec9a7b11c3c9c1be" data-mode="scan" async></script>
<!-- / Venatus Ad Manager -->

<style>
	@media (max-width:820px) {
		.battle {
			margin: 0 auto;
		}
		.battle-log {
			margin: 7px auto 0;
			max-width: 640px;
			height: 300px;
			position: static;
		}
	}
	.optgroup {
		display: inline-block;
		line-height: 22px;
		font-size: 10pt;
	}
	.optgroup .button {
		height: 25px;
		padding-top: 0;
		padding-bottom: 0;
	}
	.optgroup button.button {
		padding-left: 12px;
		padding-right: 12px;
	}
	.linklist {
		list-style: none;
		margin: 0.5em 0;
		padding: 0;
	}
	.linklist li {
		padding: 2px 0;
	}
	.sidebar {
		float: left;
		width: 320px;
	}
	.bar-wrapper {
		max-width: 1100px;
		margin: 0 auto;
	}
	.bar-wrapper.has-sidebar {
		max-width: 1430px;
	}
	.mainbar {
		margin: 0;
		padding-right: 1px;
	}
	.mainbar.has-sidebar {
		margin-left: 330px;
	}
	@media (min-width: 1511px) {
		.sidebar {
			width: 400px;
		}
		.bar-wrapper.has-sidebar {
			max-width: 1510px;
		}
		.mainbar.has-sidebar {
			margin-left: 410px;
		}
	}
	.section.first-section {
		margin-top: 9px;
	}
	.blocklink small {
		white-space: normal;
	}
	.button {
		vertical-align: middle;
	}
	.replay-controls {
		padding-top: 10px;
	}
	.replay-controls h1 {
		font-size: 16pt;
		font-weight: normal;
		color: #CCC;
	}
	.pagelink {
		text-align: center;
	}
	.pagelink a {
		width: 150px;
	}
	.textbox, .button {
		font-size: 11pt;
		vertical-align: middle;
	}
	@media (max-width: 450px) {
		.button {
			font-size: 9pt;
		}
	}
</style>

<div>

	<header>
		<div class="nav-wrapper"><ul class="nav">
			<li><a class="button nav-first" href="//pokemonshowdown.com/"><img src="//pokemonshowdown.com/images/pokemonshowdownbeta.png" srcset="//pokemonshowdown.com/images/pokemonshowdownbeta.png 1x, //pokemonshowdown.com/images/pokemonshowdownbeta@2x.png 2x" alt="Pok&eacute;mon Showdown" width="146" height="44" /> Home</a></li>
			<li><a class="button" href="//pokemonshowdown.com/dex/">Pok&eacute;dex</a></li>
			<li><a class="button cur" href="/">Replays</a></li>
			<li><a class="button" href="//pokemonshowdown.com/ladder/">Ladder</a></li>
			<li><a class="button nav-last" href="//pokemonshowdown.com/forums/">Forum</a></li>
			<li><a class="button greenbutton nav-first nav-last" href="//play.pokemonshowdown.com/">Play</a></li>
		</ul></div>
	</header>

	<div class="main" id="main">

		<noscript><section class="section">You need to enable JavaScript to use this page; sorry!</section></noscript>

	</div>

</div>

<script defer nomodule src="//play.pokemonshowdown.com/js/lib/ps-polyfill.js"></script>
<script defer src="//play.pokemonshowdown.com/js/lib/preact.min.js"></script>

<script defer src="//play.pokemonshowdown.com/config/config.js?2bddbc15"></script>
<script defer src="//play.pokemonshowdown.com/js/lib/jquery-1.11.0.min.js"></script>
<script defer src="//play.pokemonshowdown.com/js/lib/html-sanitizer-minified.js"></script>
<script defer src="//play.pokemonshowdown.com/js/battle-sound.js"></script>
<script defer src="//play.pokemonshowdown.com/js/battledata.js?0.7209276989879541"></script>
<script defer src="//play.pokemonshowdown.com/data/pokedex-mini.js?0.6111056340867951"></script>
<script defer src="//play.pokemonshowdown.com/data/pokedex-mini-bw.js?0.3532142036491459"></script>
<script defer src="//play.pokemonshowdown.com/data/graphics.js?0.24223875632456182"></script>
<script defer src="//play.pokemonshowdown.com/data/pokedex.js?0.38839984266356864"></script>
<script defer src="//play.pokemonshowdown.com/data/moves.js?0.21866028504024015"></script>
<script defer src="//play.pokemonshowdown.com/data/abilities.js?0.2005157953846628"></script>
<script defer src="//play.pokemonshowdown.com/data/items.js?0.9894211263848525"></script>
<script defer src="//play.pokemonshowdown.com/data/teambuilder-tables.js?0.6008791140282215"></script>
<script defer src="//play.pokemonshowdown.com/js/battle-tooltips.js?0.7580118955022959"></script>
<script defer src="//play.pokemonshowdown.com/js/battle.js?0.6057722274234274"></script>

<script defer src="js/utils.js?e31f9a17"></script>
<script defer src="js/replays-battle.js?7008c182"></script>

<!-- don't scrape this data! just add .json or .log after the URL!
Full API docs: https://github.com/smogon/pokemon-showdown-client/blob/master/WEB-API.md -->
<script type="text/plain" class="log" id="replaylog-smogtours-gen3ou-804727">
|inactive|Battle timer is ON: inactive players will automatically lose when time's up.
|t:|1730687248
|gametype|singles
|player|p1|antantantantant|1|
|player|p2|Big_Squatto|barry|
|teamsize|p1|6
|teamsize|p2|6
|gen|3
|tier|[Gen 3] OU
|rule|Sleep Clause Mod: Limit one foe put to sleep
|rule|Switch Priority Clause Mod: Faster Pokémon switch first
|rule|Species Clause: Limit one of each Pokémon
|rule|OHKO Clause: OHKO moves are banned
|rule|Evasion Items Clause: Evasion items are banned
|rule|Evasion Moves Clause: Evasion moves are banned
|rule|Endless Battle Clause: Forcing endless battles is banned
|rule|HP Percentage Mod: HP is shown in percentages
|rule|One Boost Passer Clause: Limit one Baton Passer that has a way to boost its stats
|rule|Freeze Clause Mod: Limit one foe frozen
|
|t:|1730687248
|start
|switch|p1a: Medicham|Medicham, F|100/100
|switch|p2a: Zapdos|Zapdos|100/100
|turn|1
|c|☆antantantantant|glhf
|c|☆Big_Squatto|u2
|
|t:|1730687276
|switch|p1a: Snorlax|Snorlax, F|100/100
|switch|p2a: Skarmory|Skarmory, M|100/100
|
|upkeep
|turn|2
|
|t:|1730687281
|switch|p1a: Magneton|Magneton|100/100
|move|p2a: Skarmory|Spikes|p1a: Magneton
|-sidestart|p1: antantantantant|Spikes
|
|upkeep
|turn|3
|
|t:|1730687285
|move|p1a: Magneton|Thunderbolt|p2a: Skarmory
|-supereffective|p2a: Skarmory
|-damage|p2a: Skarmory|0 fnt
|faint|p2a: Skarmory
|
|t:|1730687307
|switch|p2a: Flygon|Flygon, M|100/100
|
|upkeep
|turn|4
|
|t:|1730687314
|switch|p1a: Salamence|Salamence, F|100/100
|-ability|p1a: Salamence|Intimidate|boost
|-unboost|p2a: Flygon|atk|1
|move|p2a: Flygon|Earthquake|p1a: Salamence
|-immune|p1a: Salamence
|
|upkeep
|turn|5
|
|t:|1730687332
|move|p2a: Flygon|Protect|p2a: Flygon
|-singleturn|p2a: Flygon|Protect
|move|p1a: Salamence|Dragon Claw|p2a: Flygon
|-activate|p2a: Flygon|Protect
|
|upkeep
|turn|6
|
|t:|1730687347
|switch|p2a: Zapdos|Zapdos|100/100
|move|p1a: Salamence|Rock Slide|p2a: Zapdos
|-supereffective|p2a: Zapdos
|-damage|p2a: Zapdos|44/100
|
|-heal|p2a: Zapdos|50/100|[from] item: Leftovers
|upkeep
|turn|7
|
|t:|1730687367
|switch|p1a: Snorlax|Snorlax, F|100/100
|-damage|p1a: Snorlax|88/100|[from] Spikes
|switch|p2a: Blissey|Blissey, F|100/100
|
|-heal|p1a: Snorlax|94/100|[from] item: Leftovers
|upkeep
|turn|8
|
|t:|1730687375
|switch|p2a: Gengar|Gengar, F|100/100
|move|p1a: Snorlax|Curse|p1a: Snorlax
|-unboost|p1a: Snorlax|spe|1
|-boost|p1a: Snorlax|atk|1
|-boost|p1a: Snorlax|def|1
|
|-heal|p1a: Snorlax|100/100|[from] item: Leftovers
|upkeep
|turn|9
|
|t:|1730687383
|switch|p1a: Tyranitar|Tyranitar, F|100/100
|-damage|p1a: Tyranitar|88/100|[from] Spikes
|-weather|Sandstorm|[from] ability: Sand Stream|[of] p1a: Tyranitar
|move|p2a: Gengar|Will-O-Wisp|p1a: Tyranitar
|-status|p1a: Tyranitar|brn
|
|-weather|Sandstorm|[upkeep]
|-damage|p2a: Gengar|95/100|[from] Sandstorm
|-heal|p2a: Gengar|100/100|[from] item: Leftovers
|-heal|p1a: Tyranitar|94/100 brn|[from] item: Leftovers
|-damage|p1a: Tyranitar|82/100 brn|[from] brn
|upkeep
|turn|10
|
|t:|1730687397
|switch|p2a: Flygon|Flygon, M|100/100
|move|p1a: Tyranitar|Crunch|p2a: Flygon
|-damage|p2a: Flygon|57/100
|
|-weather|Sandstorm|[upkeep]
|-heal|p2a: Flygon|63/100|[from] item: Leftovers
|-heal|p1a: Tyranitar|88/100 brn|[from] item: Leftovers
|-damage|p1a: Tyranitar|76/100 brn|[from] brn
|upkeep
|turn|11
|
|t:|1730687410
|switch|p1a: Salamence|Salamence, F|100/100
|-ability|p1a: Salamence|Intimidate|boost
|-unboost|p2a: Flygon|atk|1
|move|p2a: Flygon|Toxic|p1a: Salamence
|-status|p1a: Salamence|tox
|
|-weather|Sandstorm|[upkeep]
|-damage|p1a: Salamence|94/100 tox|[from] Sandstorm
|-heal|p1a: Salamence|100/100 tox|[from] item: Leftovers
|-damage|p1a: Salamence|94/100 tox|[from] psn
|-heal|p2a: Flygon|69/100|[from] item: Leftovers
|upkeep
|turn|12
|
|t:|1730687422
|move|p2a: Flygon|Protect|p2a: Flygon
|-singleturn|p2a: Flygon|Protect
|move|p1a: Salamence|Dragon Dance|p1a: Salamence
|-boost|p1a: Salamence|atk|1
|-boost|p1a: Salamence|spe|1
|
|-weather|Sandstorm|[upkeep]
|-damage|p1a: Salamence|88/100 tox|[from] Sandstorm
|-heal|p1a: Salamence|94/100 tox|[from] item: Leftovers
|-damage|p1a: Salamence|82/100 tox|[from] psn
|-heal|p2a: Flygon|75/100|[from] item: Leftovers
|upkeep
|turn|13
|inactive|Big_Squatto has 270 seconds left.
|
|t:|1730687466
|switch|p2a: Blissey|Blissey, F|100/100
|move|p1a: Salamence|Dragon Claw|p2a: Blissey
|-damage|p2a: Blissey|87/100
|
|-weather|Sandstorm|[upkeep]
|-damage|p1a: Salamence|76/100 tox|[from] Sandstorm
|-damage|p2a: Blissey|81/100|[from] Sandstorm
|-heal|p1a: Salamence|82/100 tox|[from] item: Leftovers
|-damage|p1a: Salamence|64/100 tox|[from] psn
|-heal|p2a: Blissey|87/100|[from] item: Leftovers
|upkeep
|turn|14
|
|t:|1730687477
|move|p1a: Salamence|Brick Break|p2a: Blissey
|-supereffective|p2a: Blissey
|-damage|p2a: Blissey|0 fnt
|faint|p2a: Blissey
|
|t:|1730687492
|switch|p2a: Gengar|Gengar, F|100/100
|
|-weather|Sandstorm|[upkeep]
|-damage|p1a: Salamence|58/100 tox|[from] Sandstorm
|-damage|p2a: Gengar|95/100|[from] Sandstorm
|-heal|p1a: Salamence|64/100 tox|[from] item: Leftovers
|-damage|p1a: Salamence|39/100 tox|[from] psn
|-heal|p2a: Gengar|100/100|[from] item: Leftovers
|upkeep
|turn|15
|
|t:|1730687509
|switch|p2a: Flygon|Flygon, M|75/100
|move|p1a: Salamence|Rock Slide|p2a: Flygon
|-resisted|p2a: Flygon
|-damage|p2a: Flygon|58/100
|
|-weather|Sandstorm|[upkeep]
|-damage|p1a: Salamence|33/100 tox|[from] Sandstorm
|-heal|p1a: Salamence|39/100 tox|[from] item: Leftovers
|-damage|p1a: Salamence|9/100 tox|[from] psn
|-heal|p2a: Flygon|65/100|[from] item: Leftovers
|upkeep
|turn|16
|
|t:|1730687520
|switch|p1a: Suicune|Suicune|100/100
|-damage|p1a: Suicune|88/100|[from] Spikes
|move|p2a: Flygon|Protect||[still]
|-fail|p2a: Flygon
|
|-weather|Sandstorm|[upkeep]
|-damage|p1a: Suicune|82/100|[from] Sandstorm
|-heal|p1a: Suicune|88/100|[from] item: Leftovers
|-heal|p2a: Flygon|71/100|[from] item: Leftovers
|upkeep
|turn|17
|
|t:|1730687530
|switch|p2a: Gengar|Gengar, F|100/100
|move|p1a: Suicune|Ice Beam|p2a: Gengar
|-damage|p2a: Gengar|68/100
|
|-weather|Sandstorm|[upkeep]
|-damage|p2a: Gengar|63/100|[from] Sandstorm
|-damage|p1a: Suicune|82/100|[from] Sandstorm
|-heal|p2a: Gengar|68/100|[from] item: Leftovers
|-heal|p1a: Suicune|88/100|[from] item: Leftovers
|upkeep
|turn|18
|
|t:|1730687539
|switch|p1a: Salamence|Salamence, F|9/100 tox
|-ability|p1a: Salamence|Intimidate|boost
|-unboost|p2a: Gengar|atk|1
|move|p2a: Gengar|Giga Drain|p1a: Salamence
|-resisted|p1a: Salamence
|-damage|p1a: Salamence|4/100 tox
|-heal|p2a: Gengar|71/100|[from] drain|[of] p1a: Salamence
|
|-weather|Sandstorm|[upkeep]
|-damage|p2a: Gengar|65/100|[from] Sandstorm
|-damage|p1a: Salamence|0 fnt|[from] Sandstorm
|faint|p1a: Salamence
|-heal|p2a: Gengar|71/100|[from] item: Leftovers
|upkeep
|
|t:|1730687544
|switch|p1a: Tyranitar|Tyranitar, F|76/100 brn
|-damage|p1a: Tyranitar|63/100 brn|[from] Spikes
|turn|19
|inactive|Big_Squatto has 270 seconds left.
|
|t:|1730687553
|move|p2a: Gengar|Giga Drain|p1a: Tyranitar
|-supereffective|p1a: Tyranitar
|-damage|p1a: Tyranitar|36/100 brn
|-heal|p2a: Gengar|89/100|[from] drain|[of] p1a: Tyranitar
|move|p1a: Tyranitar|Pursuit|p2a: Gengar
|-supereffective|p2a: Gengar
|-damage|p2a: Gengar|49/100
|
|-weather|Sandstorm|[upkeep]
|-damage|p2a: Gengar|43/100|[from] Sandstorm
|-heal|p2a: Gengar|49/100|[from] item: Leftovers
|-heal|p1a: Tyranitar|42/100 brn|[from] item: Leftovers
|-damage|p1a: Tyranitar|30/100 brn|[from] brn
|upkeep
|turn|20
|inactive|Big_Squatto has 270 seconds left.
|
|t:|1730687566
|move|p2a: Gengar|Giga Drain|p1a: Tyranitar
|-supereffective|p1a: Tyranitar
|-damage|p1a: Tyranitar|2/100 brn
|-heal|p2a: Gengar|67/100|[from] drain|[of] p1a: Tyranitar
|move|p1a: Tyranitar|Pursuit|p2a: Gengar
|-supereffective|p2a: Gengar
|-damage|p2a: Gengar|20/100
|
|-weather|Sandstorm|[upkeep]
|-damage|p2a: Gengar|14/100|[from] Sandstorm
|-heal|p2a: Gengar|20/100|[from] item: Leftovers
|-heal|p1a: Tyranitar|9/100 brn|[from] item: Leftovers
|-damage|p1a: Tyranitar|0 fnt|[from] brn
|faint|p1a: Tyranitar
|upkeep
|
|t:|1730687574
|switch|p1a: Magneton|Magneton|100/100
|-damage|p1a: Magneton|88/100|[from] Spikes
|turn|21
|inactive|Big_Squatto has 270 seconds left.
|
|t:|1730687598
|switch|p2a: Flygon|Flygon, M|71/100
|move|p1a: Magneton|Hidden Power|p2a: Flygon
|-resisted|p2a: Flygon
|-damage|p2a: Flygon|56/100
|
|-weather|Sandstorm|[upkeep]
|-heal|p2a: Flygon|62/100|[from] item: Leftovers
|upkeep
|turn|22
|inactive|Big_Squatto has 270 seconds left.
|
|t:|1730687606
|move|p2a: Flygon|Earthquake|p1a: Magneton
|-supereffective|p1a: Magneton
|-damage|p1a: Magneton|0 fnt
|faint|p1a: Magneton
|
|t:|1730687612
|switch|p1a: Suicune|Suicune|88/100
|-damage|p1a: Suicune|76/100|[from] Spikes
|
|-weather|Sandstorm|[upkeep]
|-damage|p1a: Suicune|70/100|[from] Sandstorm
|-heal|p1a: Suicune|76/100|[from] item: Leftovers
|-heal|p2a: Flygon|68/100|[from] item: Leftovers
|upkeep
|turn|23
|
|t:|1730687619
|move|p1a: Suicune|Ice Beam|p2a: Flygon
|-supereffective|p2a: Flygon
|-damage|p2a: Flygon|0 fnt
|faint|p2a: Flygon
|
|t:|1730687623
|switch|p2a: Zapdos|Zapdos|50/100
|
|-weather|Sandstorm|[upkeep]
|-damage|p1a: Suicune|70/100|[from] Sandstorm
|-damage|p2a: Zapdos|44/100|[from] Sandstorm
|-heal|p1a: Suicune|76/100|[from] item: Leftovers
|-heal|p2a: Zapdos|50/100|[from] item: Leftovers
|upkeep
|turn|24
|
|t:|1730687635
|switch|p1a: Snorlax|Snorlax, F|100/100
|-damage|p1a: Snorlax|88/100|[from] Spikes
|move|p2a: Zapdos|Rest|p2a: Zapdos
|-status|p2a: Zapdos|slp|[from] move: Rest
|-heal|p2a: Zapdos|100/100 slp|[silent]
|
|-weather|Sandstorm|[upkeep]
|-damage|p2a: Zapdos|94/100 slp|[from] Sandstorm
|-damage|p1a: Snorlax|82/100|[from] Sandstorm
|-heal|p2a: Zapdos|100/100 slp|[from] item: Leftovers
|-heal|p1a: Snorlax|88/100|[from] item: Leftovers
|upkeep
|turn|25
|
|t:|1730687648
|switch|p1a: Suicune|Suicune|76/100
|-damage|p1a: Suicune|63/100|[from] Spikes
|cant|p2a: Zapdos|slp
|move|p2a: Zapdos|Sleep Talk|p2a: Zapdos
|move|p2a: Zapdos|Thunderbolt|p1a: Suicune|[from]Sleep Talk
|-supereffective|p1a: Suicune
|-damage|p1a: Suicune|0 fnt
|faint|p1a: Suicune
|
|t:|1730687652
|switch|p1a: Medicham|Medicham, F|100/100
|-damage|p1a: Medicham|88/100|[from] Spikes
|
|-weather|Sandstorm|[upkeep]
|-damage|p1a: Medicham|82/100|[from] Sandstorm
|-damage|p2a: Zapdos|94/100 slp|[from] Sandstorm
|-heal|p2a: Zapdos|100/100 slp|[from] item: Leftovers
|upkeep
|turn|26
|
|t:|1730687663
|move|p1a: Medicham|Rock Slide|p2a: Zapdos
|-supereffective|p2a: Zapdos
|-damage|p2a: Zapdos|2/100 slp
|cant|p2a: Zapdos|slp
|move|p2a: Zapdos|Sleep Talk|p2a: Zapdos
|move|p2a: Zapdos|Thunderbolt|p1a: Medicham|[from]Sleep Talk
|-damage|p1a: Medicham|14/100
|
|-weather|Sandstorm|[upkeep]
|-damage|p1a: Medicham|8/100|[from] Sandstorm
|-damage|p2a: Zapdos|0 fnt|[from] Sandstorm
|faint|p2a: Zapdos
|upkeep
|
|t:|1730687673
|switch|p2a: Gengar|Gengar, F|20/100
|turn|27
|
|t:|1730687680
|move|p2a: Gengar|Fire Punch|p1a: Medicham
|-damage|p1a: Medicham|0 fnt
|faint|p1a: Medicham
|c|☆antantantantant|gg
|-message|antantantantant forfeited.
|
|win|Big_Squatto
|c|☆Big_Squatto|gg
|player|p2|

</script>
<script type="application/json" class="data" id="replaydata-smogtours-gen3ou-804727">
{"id":"smogtours-gen3ou-804727","format":"[Gen 3] OU","players":["antantantantant","Big_Squatto"],"uploadtime":1730687689,"views":64,"formatid":"gen3ou","rating":null,"private":0,"password":null}
</script>

<script defer src="js/replays.js?9d40a366"></script>
