<!DOCTYPE html>
<meta charset="utf-8" />
<meta name="viewport" content="width=device-width" />

<title>[Gen 3] OU: wavyish vs. McNULL - Replays - Pok&eacute;mon Showdown!</title>

<meta name="description" content="Watch a replay of a Pok&eacute;mon battle between wavyish and McNULL! Format: [Gen 3] OU; Date: Oct 2, 2024" />
<!--

Hey, you! Looking in the source for the replay log?

You can find them in JSON format, just add `.json` at the end of a replay URL.

https://replay.pokemonshowdown.com/gen7randomdoublesbattle-865046831.json

Or, if you only need the log itself, add `.log` instead:

https://replay.pokemonshowdown.com/gen7randomdoublesbattle-865046831.log

-->

<link rel="stylesheet" href="//pokemonshowdown.com/style/global.css?0.023195364461161105" />
<link rel="stylesheet" href="//play.pokemonshowdown.com/style/font-awesome.css?0.13261647063804238" />
<link rel="stylesheet" href="//play.pokemonshowdown.com/style/battle.css?0.8753245789963631" />
<link rel="stylesheet" href="//play.pokemonshowdown.com/style/utilichart.css?0.8627959624976733" />

<!-- Global site tag (gtag.js) - Google Analytics -->
<script async src="https://www.googletagmanager.com/gtag/js?id=UA-26211653-1"></script>
<script>
  window.dataLayer = window.dataLayer || [];
  function gtag(){dataLayer.push(arguments);}
  gtag('js', new Date());

  gtag('config', 'UA-26211653-1');
</script>
<!-- End Google Analytics -->
<!-- Venatus Ad Manager - Install in <HEAD> of page -->
	<script src="https://hb.vntsm.com/v3/live/ad-manager.min.js" type="text/javascript" data-site-id="642aba63ec9a7b11c3c9c1be" data-mode="scan" async></script>
<!-- / Venatus Ad Manager -->

<style>
	@media (max-width:820px) {
		.battle {
			margin: 0 auto;
		}
		.battle-log {
			margin: 7px auto 0;
			max-width: 640px;
			height: 300px;
			position: static;
		}
	}
	.optgroup {
		display: inline-block;
		line-height: 22px;
		font-size: 10pt;
	}
	.optgroup .button {
		height: 25px;
		padding-top: 0;
		padding-bottom: 0;
	}
	.optgroup button.button {
		padding-left: 12px;
		padding-right: 12px;
	}
	.linklist {
		list-style: none;
		margin: 0.5em 0;
		padding: 0;
	}
	.linklist li {
		padding: 2px 0;
	}
	.sidebar {
		float: left;
		width: 320px;
	}
	.bar-wrapper {
		max-width: 1100px;
		margin: 0 auto;
	}
	.bar-wrapper.has-sidebar {
		max-width: 1430px;
	}
	.mainbar {
		margin: 0;
		padding-right: 1px;
	}
	.mainbar.has-sidebar {
		margin-left: 330px;
	}
	@media (min-width: 1511px) {
		.sidebar {
			width: 400px;
		}
		.bar-wrapper.has-sidebar {
			max-width: 1510px;
		}
		.mainbar.has-sidebar {
			margin-left: 410px;
		}
	}
	.section.first-section {
		margin-top: 9px;
	}
	.blocklink small {
		white-space: normal;
	}
	.button {
		vertical-align: middle;
	}
	.replay-controls {
		padding-top: 10px;
	}
	.replay-controls h1 {
		font-size: 16pt;
		font-weight: normal;
		color: #CCC;
	}
	.pagelink {
		text-align: center;
	}
	.pagelink a {
		width: 150px;
	}
	.textbox, .button {
		font-size: 11pt;
		vertical-align: middle;
	}
	@media (max-width: 450px) {
		.button {
			font-size: 9pt;
		}
	}
</style>

<div>

	<header>
		<div class="nav-wrapper"><ul class="nav">
			<li><a class="button nav-first" href="//pokemonshowdown.com/"><img src="//pokemonshowdown.com/images/pokemonshowdownbeta.png" srcset="//pokemonshowdown.com/images/pokemonshowdownbeta.png 1x, //pokemonshowdown.com/images/pokemonshowdownbeta@2x.png 2x" alt="Pok&eacute;mon Showdown" width="146" height="44" /> Home</a></li>
			<li><a class="button" href="//pokemonshowdown.com/dex/">Pok&eacute;dex</a></li>
			<li><a class="button cur" href="/">Replays</a></li>
			<li><a class="button" href="//pokemonshowdown.com/ladder/">Ladder</a></li>
			<li><a class="button nav-last" href="//pokemonshowdown.com/forums/">Forum</a></li>
			<li><a class="button greenbutton nav-first nav-last" href="//play.pokemonshowdown.com/">Play</a></li>
		</ul></div>
	</header>

	<div class="main" id="main">

		<noscript><section class="section">You need to enable JavaScript to use this page; sorry!</section></noscript>

	</div>

</div>

<script defer nomodule src="//play.pokemonshowdown.com/js/lib/ps-polyfill.js"></script>
<script defer src="//play.pokemonshowdown.com/js/lib/preact.min.js"></script>

<script defer src="//play.pokemonshowdown.com/config/config.js?2bddbc15"></script>
<script defer src="//play.pokemonshowdown.com/js/lib/jquery-1.11.0.min.js"></script>
<script defer src="//play.pokemonshowdown.com/js/lib/html-sanitizer-minified.js"></script>
<script defer src="//play.pokemonshowdown.com/js/battle-sound.js"></script>
<script defer src="//play.pokemonshowdown.com/js/battledata.js?0.7209276989879541"></script>
<script defer src="//play.pokemonshowdown.com/data/pokedex-mini.js?0.6111056340867951"></script>
<script defer src="//play.pokemonshowdown.com/data/pokedex-mini-bw.js?0.3532142036491459"></script>
<script defer src="//play.pokemonshowdown.com/data/graphics.js?0.24223875632456182"></script>
<script defer src="//play.pokemonshowdown.com/data/pokedex.js?0.38839984266356864"></script>
<script defer src="//play.pokemonshowdown.com/data/moves.js?0.21866028504024015"></script>
<script defer src="//play.pokemonshowdown.com/data/abilities.js?0.2005157953846628"></script>
<script defer src="//play.pokemonshowdown.com/data/items.js?0.9894211263848525"></script>
<script defer src="//play.pokemonshowdown.com/data/teambuilder-tables.js?0.6008791140282215"></script>
<script defer src="//play.pokemonshowdown.com/js/battle-tooltips.js?0.7580118955022959"></script>
<script defer src="//play.pokemonshowdown.com/js/battle.js?0.6057722274234274"></script>

<script defer src="js/utils.js?e31f9a17"></script>
<script defer src="js/replays-battle.js?7008c182"></script>

<!-- don't scrape this data! just add .json or .log after the URL!
Full API docs: https://github.com/smogon/pokemon-showdown-client/blob/master/WEB-API.md -->
<script type="text/plain" class="log" id="replaylog-smogtours-gen3ou-793964">
|inactive|Battle timer is ON: inactive players will automatically lose when time's up.
|t:|1727885366
|gametype|singles
|player|p1|wavyish|akari|
|player|p2|McNULL|1|
|teamsize|p1|6
|teamsize|p2|6
|gen|3
|tier|[Gen 3] OU
|rule|Sleep Clause Mod: Limit one foe put to sleep
|rule|Switch Priority Clause Mod: Faster Pokémon switch first
|rule|Species Clause: Limit one of each Pokémon
|rule|OHKO Clause: OHKO moves are banned
|rule|Evasion Items Clause: Evasion items are banned
|rule|Evasion Moves Clause: Evasion moves are banned
|rule|Endless Battle Clause: Forcing endless battles is banned
|rule|HP Percentage Mod: HP is shown in percentages
|rule|One Boost Passer Clause: Limit one Baton Passer that has a way to boost its stats
|rule|Freeze Clause Mod: Limit one foe frozen
|
|t:|1727885366
|start
|switch|p1a: wasian|Breloom, F|100/100
|switch|p2a: Forretress|Forretress, F|100/100
|turn|1
|
|t:|1727885374
|move|p1a: wasian|Spore|p2a: Forretress
|-status|p2a: Forretress|slp|[from] move: Spore
|cant|p2a: Forretress|slp
|
|upkeep
|turn|2
|
|t:|1727885380
|-singleturn|p1a: wasian|move: Focus Punch
|switch|p2a: Salamence|Salamence, M|100/100
|-ability|p2a: Salamence|Intimidate|boost
|-unboost|p1a: wasian|atk|1
|move|p1a: wasian|Focus Punch|p2a: Salamence
|-resisted|p2a: Salamence
|-damage|p2a: Salamence|65/100
|
|-heal|p2a: Salamence|71/100|[from] item: Leftovers
|upkeep
|turn|3
|
|t:|1727885388
|switch|p1a: heavy on my heart|Swampert, M|100/100
|move|p2a: Salamence|Dragon Dance|p2a: Salamence
|-boost|p2a: Salamence|atk|1
|-boost|p2a: Salamence|spe|1
|
|-heal|p2a: Salamence|77/100|[from] item: Leftovers
|upkeep
|turn|4
|
|t:|1727885396
|move|p2a: Salamence|Hidden Power|p1a: heavy on my heart
|-damage|p1a: heavy on my heart|37/100
|move|p1a: heavy on my heart|Ice Beam|p2a: Salamence
|-supereffective|p2a: Salamence
|-damage|p2a: Salamence|0 fnt
|faint|p2a: Salamence
|
|t:|1727885403
|switch|p2a: Jirachi|Jirachi|100/100
|
|-heal|p1a: heavy on my heart|43/100|[from] item: Leftovers
|upkeep
|turn|5
|
|t:|1727885407
|switch|p1a: persimmon|Charizard, M|100/100
|move|p2a: Jirachi|Substitute|p2a: Jirachi
|-start|p2a: Jirachi|Substitute
|-damage|p2a: Jirachi|76/100
|
|-heal|p2a: Jirachi|82/100|[from] item: Leftovers
|upkeep
|turn|6
|
|t:|1727885426
|switch|p1a: yea dat|Snorlax, M|100/100
|move|p2a: Jirachi|Ice Punch|p1a: yea dat
|-damage|p1a: yea dat|91/100
|
|-heal|p2a: Jirachi|88/100|[from] item: Leftovers
|-heal|p1a: yea dat|97/100|[from] item: Leftovers
|upkeep
|turn|7
|
|t:|1727885436
|move|p2a: Jirachi|Calm Mind|p2a: Jirachi
|-boost|p2a: Jirachi|spa|1
|-boost|p2a: Jirachi|spd|1
|move|p1a: yea dat|Earthquake|p2a: Jirachi
|-supereffective|p2a: Jirachi
|-end|p2a: Jirachi|Substitute
|
|-heal|p2a: Jirachi|94/100|[from] item: Leftovers
|-heal|p1a: yea dat|100/100|[from] item: Leftovers
|upkeep
|turn|8
|
|t:|1727885440
|move|p2a: Jirachi|Ice Punch|p1a: yea dat
|-damage|p1a: yea dat|86/100
|move|p1a: yea dat|Earthquake|p2a: Jirachi
|-supereffective|p2a: Jirachi
|-damage|p2a: Jirachi|48/100
|
|-heal|p2a: Jirachi|54/100|[from] item: Leftovers
|-heal|p1a: yea dat|92/100|[from] item: Leftovers
|upkeep
|turn|9
|
|t:|1727885447
|switch|p2a: Zapdos|Zapdos|100/100
|move|p1a: yea dat|Earthquake|p2a: Zapdos
|-immune|p2a: Zapdos
|
|-heal|p1a: yea dat|98/100|[from] item: Leftovers
|upkeep
|turn|10
|
|t:|1727885450
|move|p2a: Zapdos|Thunder Wave|p1a: yea dat
|-status|p1a: yea dat|par
|move|p1a: yea dat|Body Slam|p2a: Zapdos
|-damage|p2a: Zapdos|53/100
|
|-heal|p2a: Zapdos|59/100|[from] item: Leftovers
|-heal|p1a: yea dat|100/100 par|[from] item: Leftovers
|upkeep
|turn|11
|
|t:|1727885462
|switch|p2a: Forretress|Forretress, F|100/100 slp
|move|p1a: yea dat|Body Slam|p2a: Forretress
|-resisted|p2a: Forretress
|-damage|p2a: Forretress|88/100 slp
|
|-heal|p2a: Forretress|94/100 slp|[from] item: Leftovers
|upkeep
|turn|12
|
|t:|1727885468
|switch|p1a: persimmon|Charizard, M|100/100
|cant|p2a: Forretress|slp
|
|-heal|p2a: Forretress|99/100 slp|[from] item: Leftovers
|upkeep
|turn|13
|
|t:|1727885474
|switch|p2a: Houndoom|Houndoom, F|100/100
|move|p1a: persimmon|Fire Blast|p2a: Houndoom
|-resisted|p2a: Houndoom
|-damage|p2a: Houndoom|60/100
|
|-heal|p2a: Houndoom|66/100|[from] item: Leftovers
|upkeep
|turn|14
|c|☆McNULL|damn i forgor to change the ability 
|c|☆wavyish|houndoom is awesome
|
|t:|1727885503
|switch|p1a: yea dat|Snorlax, M|100/100 par
|move|p2a: Houndoom|Crunch|p1a: yea dat
|-damage|p1a: yea dat|81/100 par
|
|-heal|p2a: Houndoom|72/100|[from] item: Leftovers
|-heal|p1a: yea dat|87/100 par|[from] item: Leftovers
|upkeep
|turn|15
|c|☆wavyish|i think early bird has its merits for breloom but yeah sorry
|
|t:|1727885519
|switch|p2a: Forretress|Forretress, F|99/100 slp
|move|p1a: yea dat|Body Slam|p2a: Forretress
|-resisted|p2a: Forretress
|-damage|p2a: Forretress|88/100 slp
|
|-heal|p2a: Forretress|94/100 slp|[from] item: Leftovers
|-heal|p1a: yea dat|93/100 par|[from] item: Leftovers
|upkeep
|turn|16
|
|t:|1727885538
|switch|p1a: wasian|Breloom, F|100/100
|cant|p2a: Forretress|slp
|
|-heal|p2a: Forretress|99/100 slp|[from] item: Leftovers
|upkeep
|turn|17
|
|t:|1727885546
|move|p1a: wasian|Sky Uppercut|p2a: Forretress
|-crit|p2a: Forretress
|-damage|p2a: Forretress|51/100 slp
|-curestatus|p2a: Forretress|slp|[msg]
|move|p2a: Forretress|Explosion|p1a: wasian
|-damage|p1a: wasian|0 fnt
|faint|p2a: Forretress
|faint|p1a: wasian
|inactive|McNULL has 270 seconds left.
|
|t:|1727885574
|switch|p1a: yea dat|Snorlax, M|93/100 par
|switch|p2a: Houndoom|Houndoom, F|72/100
|
|-heal|p2a: Houndoom|78/100|[from] item: Leftovers
|-heal|p1a: yea dat|99/100 par|[from] item: Leftovers
|upkeep
|turn|18
|
|t:|1727885579
|move|p2a: Houndoom|Flamethrower|p1a: yea dat
|-damage|p1a: yea dat|73/100 par
|cant|p1a: yea dat|par
|
|-heal|p2a: Houndoom|84/100|[from] item: Leftovers
|-heal|p1a: yea dat|79/100 par|[from] item: Leftovers
|upkeep
|turn|19
|
|t:|1727885585
|move|p2a: Houndoom|Flamethrower|p1a: yea dat
|-damage|p1a: yea dat|51/100 par
|move|p1a: yea dat|Earthquake|p2a: Houndoom
|-supereffective|p2a: Houndoom
|-damage|p2a: Houndoom|0 fnt
|faint|p2a: Houndoom
|
|t:|1727885591
|switch|p2a: Zapdos|Zapdos|59/100
|
|-heal|p2a: Zapdos|65/100|[from] item: Leftovers
|-heal|p1a: yea dat|57/100 par|[from] item: Leftovers
|upkeep
|turn|20
|
|t:|1727885606
|switch|p1a: heavy on my heart|Swampert, M|43/100
|move|p2a: Zapdos|Thunderbolt|p1a: heavy on my heart
|-immune|p1a: heavy on my heart
|
|-heal|p2a: Zapdos|71/100|[from] item: Leftovers
|-heal|p1a: heavy on my heart|49/100|[from] item: Leftovers
|upkeep
|turn|21
|
|t:|1727885615
|move|p1a: heavy on my heart|Protect|p1a: heavy on my heart
|-singleturn|p1a: heavy on my heart|Protect
|move|p2a: Zapdos|Hidden Power|p1a: heavy on my heart
|-activate|p1a: heavy on my heart|Protect
|
|-heal|p2a: Zapdos|78/100|[from] item: Leftovers
|-heal|p1a: heavy on my heart|56/100|[from] item: Leftovers
|upkeep
|turn|22
|
|t:|1727885630
|move|p2a: Zapdos|Thunderbolt|p1a: heavy on my heart
|-immune|p1a: heavy on my heart
|move|p1a: heavy on my heart|Ice Beam|p2a: Zapdos
|-supereffective|p2a: Zapdos
|-damage|p2a: Zapdos|27/100
|
|-heal|p2a: Zapdos|33/100|[from] item: Leftovers
|-heal|p1a: heavy on my heart|62/100|[from] item: Leftovers
|upkeep
|turn|23
|
|t:|1727885645
|move|p1a: heavy on my heart|Protect|p1a: heavy on my heart
|-singleturn|p1a: heavy on my heart|Protect
|move|p2a: Zapdos|Rest|p2a: Zapdos
|-status|p2a: Zapdos|slp|[from] move: Rest
|-heal|p2a: Zapdos|100/100 slp|[silent]
|
|-heal|p1a: heavy on my heart|68/100|[from] item: Leftovers
|upkeep
|turn|24
|
|t:|1727885650
|switch|p2a: Jirachi|Jirachi|54/100
|move|p1a: heavy on my heart|Ice Beam|p2a: Jirachi
|-resisted|p2a: Jirachi
|-damage|p2a: Jirachi|42/100
|
|-heal|p2a: Jirachi|48/100|[from] item: Leftovers
|-heal|p1a: heavy on my heart|74/100|[from] item: Leftovers
|upkeep
|turn|25
|
|t:|1727885657
|switch|p1a: yea dat|Snorlax, M|57/100 par
|move|p2a: Jirachi|Hidden Power|p1a: yea dat
|-damage|p1a: yea dat|47/100 par
|
|-heal|p2a: Jirachi|54/100|[from] item: Leftovers
|-heal|p1a: yea dat|53/100 par|[from] item: Leftovers
|upkeep
|turn|26
|
|t:|1727885664
|move|p2a: Jirachi|Substitute|p2a: Jirachi
|-start|p2a: Jirachi|Substitute
|-damage|p2a: Jirachi|29/100
|move|p1a: yea dat|Body Slam|p2a: Jirachi
|-resisted|p2a: Jirachi
|-activate|p2a: Jirachi|Substitute|[damage]
|
|-heal|p2a: Jirachi|35/100|[from] item: Leftovers
|-heal|p1a: yea dat|59/100 par|[from] item: Leftovers
|upkeep
|turn|27
|
|t:|1727885671
|move|p2a: Jirachi|Calm Mind|p2a: Jirachi
|-boost|p2a: Jirachi|spa|1
|-boost|p2a: Jirachi|spd|1
|move|p1a: yea dat|Earthquake|p2a: Jirachi
|-supereffective|p2a: Jirachi
|-end|p2a: Jirachi|Substitute
|
|-heal|p2a: Jirachi|41/100|[from] item: Leftovers
|-heal|p1a: yea dat|65/100 par|[from] item: Leftovers
|upkeep
|turn|28
|
|t:|1727885679
|move|p2a: Jirachi|Substitute|p2a: Jirachi
|-start|p2a: Jirachi|Substitute
|-damage|p2a: Jirachi|16/100
|move|p1a: yea dat|Earthquake|p2a: Jirachi
|-supereffective|p2a: Jirachi
|-end|p2a: Jirachi|Substitute
|
|-heal|p2a: Jirachi|22/100|[from] item: Leftovers
|-heal|p1a: yea dat|71/100 par|[from] item: Leftovers
|upkeep
|turn|29
|
|t:|1727885683
|move|p2a: Jirachi|Ice Punch|p1a: yea dat
|-damage|p1a: yea dat|56/100 par
|move|p1a: yea dat|Earthquake|p2a: Jirachi
|-supereffective|p2a: Jirachi
|-damage|p2a: Jirachi|0 fnt
|faint|p2a: Jirachi
|
|t:|1727885687
|switch|p2a: Slaking|Slaking, F|100/100
|
|-heal|p1a: yea dat|62/100 par|[from] item: Leftovers
|upkeep
|turn|30
|
|t:|1727885701
|switch|p1a: persimmon|Charizard, M|100/100
|move|p2a: Slaking|Double-Edge|p1a: persimmon
|-damage|p1a: persimmon|0 fnt
|-damage|p2a: Slaking|78/100|[from] Recoil|[of] p1a: persimmon
|faint|p1a: persimmon
|
|t:|1727885710
|switch|p1a: shaboing|Zapdos|100/100
|
|upkeep
|turn|31
|
|t:|1727885714
|cant|p2a: Slaking|ability: Truant
|move|p1a: shaboing|Thunderbolt|p2a: Slaking
|-damage|p2a: Slaking|23/100
|-status|p2a: Slaking|par
|
|upkeep
|turn|32
|c|☆wavyish|mb
|
|t:|1727885728
|switch|p1a: back goin brazy|Metagross|100/100
|move|p2a: Slaking|Double-Edge|p1a: back goin brazy
|-resisted|p1a: back goin brazy
|-damage|p1a: back goin brazy|56/100
|-damage|p2a: Slaking|12/100 par|[from] Recoil|[of] p1a: back goin brazy
|
|-heal|p1a: back goin brazy|63/100|[from] item: Leftovers
|upkeep
|turn|33
|c|☆McNULL|i think that is it
|
|t:|1727885734
|move|p1a: back goin brazy|Psychic|p2a: Slaking
|-damage|p2a: Slaking|0 fnt
|faint|p2a: Slaking
|
|t:|1727885735
|switch|p2a: Zapdos|Zapdos|100/100 slp
|
|-heal|p1a: back goin brazy|69/100|[from] item: Leftovers
|upkeep
|turn|34
|
|t:|1727885742
|cant|p2a: Zapdos|slp
|move|p1a: back goin brazy|Explosion|p2a: Zapdos
|-damage|p2a: Zapdos|0 fnt
|faint|p1a: back goin brazy
|faint|p2a: Zapdos
|
|win|wavyish
|c|☆wavyish|gg wp
|c|☆McNULL|gg

</script>
<script type="application/json" class="data" id="replaydata-smogtours-gen3ou-793964">
{"id":"smogtours-gen3ou-793964","format":"[Gen 3] OU","players":["wavyish","McNULL"],"uploadtime":1727885742,"views":109,"formatid":"gen3ou","rating":null,"private":0,"password":null}
</script>

<script defer src="js/replays.js?9d40a366"></script>
