<!DOCTYPE html>
<meta charset="utf-8" />
<meta name="viewport" content="width=device-width" />

<title>[Gen 3] OU: crab person vs. OOF_MAXIMA - Replays - Pok&eacute;mon Showdown!</title>

<meta name="description" content="Watch a replay of a Pok&eacute;mon battle between crab person and OOF_MAXIMA! Format: [Gen 3] OU; Date: Oct 8, 2024" />
<!--

Hey, you! Looking in the source for the replay log?

You can find them in JSON format, just add `.json` at the end of a replay URL.

https://replay.pokemonshowdown.com/gen7randomdoublesbattle-865046831.json

Or, if you only need the log itself, add `.log` instead:

https://replay.pokemonshowdown.com/gen7randomdoublesbattle-865046831.log

-->

<link rel="stylesheet" href="//pokemonshowdown.com/style/global.css?0.023195364461161105" />
<link rel="stylesheet" href="//play.pokemonshowdown.com/style/font-awesome.css?0.13261647063804238" />
<link rel="stylesheet" href="//play.pokemonshowdown.com/style/battle.css?0.8753245789963631" />
<link rel="stylesheet" href="//play.pokemonshowdown.com/style/utilichart.css?0.8627959624976733" />

<!-- Global site tag (gtag.js) - Google Analytics -->
<script async src="https://www.googletagmanager.com/gtag/js?id=UA-26211653-1"></script>
<script>
  window.dataLayer = window.dataLayer || [];
  function gtag(){dataLayer.push(arguments);}
  gtag('js', new Date());

  gtag('config', 'UA-26211653-1');
</script>
<!-- End Google Analytics -->
<!-- Venatus Ad Manager - Install in <HEAD> of page -->
	<script src="https://hb.vntsm.com/v3/live/ad-manager.min.js" type="text/javascript" data-site-id="642aba63ec9a7b11c3c9c1be" data-mode="scan" async></script>
<!-- / Venatus Ad Manager -->

<style>
	@media (max-width:820px) {
		.battle {
			margin: 0 auto;
		}
		.battle-log {
			margin: 7px auto 0;
			max-width: 640px;
			height: 300px;
			position: static;
		}
	}
	.optgroup {
		display: inline-block;
		line-height: 22px;
		font-size: 10pt;
	}
	.optgroup .button {
		height: 25px;
		padding-top: 0;
		padding-bottom: 0;
	}
	.optgroup button.button {
		padding-left: 12px;
		padding-right: 12px;
	}
	.linklist {
		list-style: none;
		margin: 0.5em 0;
		padding: 0;
	}
	.linklist li {
		padding: 2px 0;
	}
	.sidebar {
		float: left;
		width: 320px;
	}
	.bar-wrapper {
		max-width: 1100px;
		margin: 0 auto;
	}
	.bar-wrapper.has-sidebar {
		max-width: 1430px;
	}
	.mainbar {
		margin: 0;
		padding-right: 1px;
	}
	.mainbar.has-sidebar {
		margin-left: 330px;
	}
	@media (min-width: 1511px) {
		.sidebar {
			width: 400px;
		}
		.bar-wrapper.has-sidebar {
			max-width: 1510px;
		}
		.mainbar.has-sidebar {
			margin-left: 410px;
		}
	}
	.section.first-section {
		margin-top: 9px;
	}
	.blocklink small {
		white-space: normal;
	}
	.button {
		vertical-align: middle;
	}
	.replay-controls {
		padding-top: 10px;
	}
	.replay-controls h1 {
		font-size: 16pt;
		font-weight: normal;
		color: #CCC;
	}
	.pagelink {
		text-align: center;
	}
	.pagelink a {
		width: 150px;
	}
	.textbox, .button {
		font-size: 11pt;
		vertical-align: middle;
	}
	@media (max-width: 450px) {
		.button {
			font-size: 9pt;
		}
	}
</style>

<div>

	<header>
		<div class="nav-wrapper"><ul class="nav">
			<li><a class="button nav-first" href="//pokemonshowdown.com/"><img src="//pokemonshowdown.com/images/pokemonshowdownbeta.png" srcset="//pokemonshowdown.com/images/pokemonshowdownbeta.png 1x, //pokemonshowdown.com/images/pokemonshowdownbeta@2x.png 2x" alt="Pok&eacute;mon Showdown" width="146" height="44" /> Home</a></li>
			<li><a class="button" href="//pokemonshowdown.com/dex/">Pok&eacute;dex</a></li>
			<li><a class="button cur" href="/">Replays</a></li>
			<li><a class="button" href="//pokemonshowdown.com/ladder/">Ladder</a></li>
			<li><a class="button nav-last" href="//pokemonshowdown.com/forums/">Forum</a></li>
			<li><a class="button greenbutton nav-first nav-last" href="//play.pokemonshowdown.com/">Play</a></li>
		</ul></div>
	</header>

	<div class="main" id="main">

		<noscript><section class="section">You need to enable JavaScript to use this page; sorry!</section></noscript>

	</div>

</div>

<script defer nomodule src="//play.pokemonshowdown.com/js/lib/ps-polyfill.js"></script>
<script defer src="//play.pokemonshowdown.com/js/lib/preact.min.js"></script>

<script defer src="//play.pokemonshowdown.com/config/config.js?2bddbc15"></script>
<script defer src="//play.pokemonshowdown.com/js/lib/jquery-1.11.0.min.js"></script>
<script defer src="//play.pokemonshowdown.com/js/lib/html-sanitizer-minified.js"></script>
<script defer src="//play.pokemonshowdown.com/js/battle-sound.js"></script>
<script defer src="//play.pokemonshowdown.com/js/battledata.js?0.7209276989879541"></script>
<script defer src="//play.pokemonshowdown.com/data/pokedex-mini.js?0.6111056340867951"></script>
<script defer src="//play.pokemonshowdown.com/data/pokedex-mini-bw.js?0.3532142036491459"></script>
<script defer src="//play.pokemonshowdown.com/data/graphics.js?0.24223875632456182"></script>
<script defer src="//play.pokemonshowdown.com/data/pokedex.js?0.38839984266356864"></script>
<script defer src="//play.pokemonshowdown.com/data/moves.js?0.21866028504024015"></script>
<script defer src="//play.pokemonshowdown.com/data/abilities.js?0.2005157953846628"></script>
<script defer src="//play.pokemonshowdown.com/data/items.js?0.9894211263848525"></script>
<script defer src="//play.pokemonshowdown.com/data/teambuilder-tables.js?0.6008791140282215"></script>
<script defer src="//play.pokemonshowdown.com/js/battle-tooltips.js?0.7580118955022959"></script>
<script defer src="//play.pokemonshowdown.com/js/battle.js?0.6057722274234274"></script>

<script defer src="js/utils.js?e31f9a17"></script>
<script defer src="js/replays-battle.js?7008c182"></script>

<!-- don't scrape this data! just add .json or .log after the URL!
Full API docs: https://github.com/smogon/pokemon-showdown-client/blob/master/WEB-API.md -->
<script type="text/plain" class="log" id="replaylog-smogtours-gen3ou-796503">
|inactive|Battle timer is ON: inactive players will automatically lose when time's up.
|t:|1728423661
|gametype|singles
|player|p1|crab person|265|
|player|p2|OOF_MAXIMA|cress|
|teamsize|p1|6
|teamsize|p2|6
|gen|3
|tier|[Gen 3] OU
|rule|Sleep Clause Mod: Limit one foe put to sleep
|rule|Switch Priority Clause Mod: Faster Pokémon switch first
|rule|Species Clause: Limit one of each Pokémon
|rule|OHKO Clause: OHKO moves are banned
|rule|Evasion Items Clause: Evasion items are banned
|rule|Evasion Moves Clause: Evasion moves are banned
|rule|Endless Battle Clause: Forcing endless battles is banned
|rule|HP Percentage Mod: HP is shown in percentages
|rule|One Boost Passer Clause: Limit one Baton Passer that has a way to boost its stats
|rule|Freeze Clause Mod: Limit one foe frozen
|
|t:|1728423661
|start
|switch|p1a: Lightning Chidori|Zapdos|100/100
|switch|p2a: angry goober|Zapdos|100/100
|turn|1
|c|☆crab person|glhf
|c|☆OOF_MAXIMA|u2
|inactive|OOF_MAXIMA has 270 seconds left.
|
|t:|1728423697
|switch|p1a: Marshmelon|Blissey, F|100/100
|move|p2a: angry goober|Baton Pass|p2a: angry goober
|c|☆crab person|sorry I live next to Greenwitch, so I just assumed GMT was british time 
|
|t:|1728423717
|switch|p2a: cultured goober|Smeargle, M|100/100|[from] Baton Pass
|
|upkeep
|turn|2
|
|t:|1728423736
|switch|p1a: Simorgh|Skarmory, M|100/100
|move|p2a: cultured goober|Spikes|p1a: Simorgh
|-sidestart|p1: crab person|Spikes
|
|upkeep
|turn|3
|
|t:|1728423752
|move|p2a: cultured goober|Taunt|p1a: Simorgh
|-start|p1a: Simorgh|move: Taunt
|cant|p1a: Simorgh|move: Taunt|Spikes
|
|upkeep
|turn|4
|
|t:|1728423760
|move|p2a: cultured goober|Spikes|p1a: Simorgh
|-sidestart|p1: crab person|Spikes
|move|p1a: Simorgh|Struggle|p2a: cultured goober
|-crit|p2a: cultured goober
|-damage|p2a: cultured goober|53/100
|-damage|p1a: Simorgh|91/100|[from] Recoil|[of] p2a: cultured goober
|
|-heal|p1a: Simorgh|98/100|[from] item: Leftovers
|-end|p1a: Simorgh|move: Taunt|[silent]
|upkeep
|turn|5
|
|t:|1728423774
|switch|p1a: Lightning Chidori|Zapdos|100/100
|move|p2a: cultured goober|Taunt|p1a: Lightning Chidori
|-start|p1a: Lightning Chidori|move: Taunt
|
|upkeep
|turn|6
|
|t:|1728423784
|move|p1a: Lightning Chidori|Drill Peck|p2a: cultured goober
|-damage|p2a: cultured goober|0 fnt
|faint|p2a: cultured goober
|
|t:|1728423787
|switch|p2a: sandy goober|Tyranitar, M|100/100
|-weather|Sandstorm|[from] ability: Sand Stream|[of] p2a: sandy goober
|
|-weather|Sandstorm|[upkeep]
|-damage|p1a: Lightning Chidori|94/100|[from] Sandstorm
|-end|p1a: Lightning Chidori|move: Taunt|[silent]
|upkeep
|turn|7
|
|t:|1728423794
|switch|p1a: Simorgh|Skarmory, M|98/100
|switch|p2a: devious goober|Gengar, M|100/100
|
|-weather|Sandstorm|[upkeep]
|-damage|p2a: devious goober|94/100|[from] Sandstorm
|-heal|p2a: devious goober|100/100|[from] item: Leftovers
|-heal|p1a: Simorgh|100/100|[from] item: Leftovers
|upkeep
|turn|8
|
|t:|1728423803
|move|p1a: Simorgh|Protect|p1a: Simorgh
|-singleturn|p1a: Simorgh|Protect
|move|p2a: devious goober|Fire Punch|p1a: Simorgh
|-activate|p1a: Simorgh|Protect
|
|-weather|Sandstorm|[upkeep]
|-damage|p2a: devious goober|94/100|[from] Sandstorm
|-heal|p2a: devious goober|100/100|[from] item: Leftovers
|upkeep
|turn|9
|
|t:|1728423812
|move|p2a: devious goober|Fire Punch|p1a: Simorgh
|-supereffective|p1a: Simorgh
|-damage|p1a: Simorgh|36/100
|move|p1a: Simorgh|Spikes|p2a: devious goober
|-sidestart|p2: OOF_MAXIMA|Spikes
|
|-weather|Sandstorm|[upkeep]
|-damage|p2a: devious goober|94/100|[from] Sandstorm
|-heal|p2a: devious goober|100/100|[from] item: Leftovers
|-heal|p1a: Simorgh|42/100|[from] item: Leftovers
|upkeep
|turn|10
|
|t:|1728423815
|move|p1a: Simorgh|Protect|p1a: Simorgh
|-singleturn|p1a: Simorgh|Protect
|move|p2a: devious goober|Fire Punch|p1a: Simorgh
|-activate|p1a: Simorgh|Protect
|
|-weather|Sandstorm|[upkeep]
|-damage|p2a: devious goober|94/100|[from] Sandstorm
|-heal|p2a: devious goober|100/100|[from] item: Leftovers
|-heal|p1a: Simorgh|48/100|[from] item: Leftovers
|upkeep
|turn|11
|
|t:|1728423828
|switch|p1a: Marshmelon|Blissey, F|100/100
|-damage|p1a: Marshmelon|84/100|[from] Spikes
|move|p2a: devious goober|Fire Punch|p1a: Marshmelon
|-damage|p1a: Marshmelon|75/100
|
|-weather|Sandstorm|[upkeep]
|-damage|p2a: devious goober|94/100|[from] Sandstorm
|-damage|p1a: Marshmelon|69/100|[from] Sandstorm
|-heal|p2a: devious goober|100/100|[from] item: Leftovers
|-heal|p1a: Marshmelon|75/100|[from] item: Leftovers
|upkeep
|turn|12
|
|t:|1728423834
|move|p2a: devious goober|Fire Punch|p1a: Marshmelon
|-damage|p1a: Marshmelon|67/100
|move|p1a: Marshmelon|Ice Beam|p2a: devious goober
|-damage|p2a: devious goober|73/100
|-status|p2a: devious goober|frz
|
|-weather|Sandstorm|[upkeep]
|-damage|p2a: devious goober|67/100 frz|[from] Sandstorm
|-damage|p1a: Marshmelon|61/100|[from] Sandstorm
|-heal|p2a: devious goober|73/100 frz|[from] item: Leftovers
|-heal|p1a: Marshmelon|67/100|[from] item: Leftovers
|upkeep
|turn|13
|
|t:|1728423844
|switch|p2a: metal goober|Metagross|100/100
|-damage|p2a: metal goober|88/100|[from] Spikes
|move|p1a: Marshmelon|Wish|p1a: Marshmelon
|
|-weather|Sandstorm|[upkeep]
|-damage|p1a: Marshmelon|61/100|[from] Sandstorm
|-heal|p2a: metal goober|94/100|[from] item: Leftovers
|-heal|p1a: Marshmelon|67/100|[from] item: Leftovers
|upkeep
|turn|14
|
|t:|1728423848
|switch|p2a: angry goober|Zapdos|100/100
|switch|p1a: Simorgh|Skarmory, M|48/100
|
|-heal|p1a: Simorgh|98/100|[from] move: Wish|[wisher] Marshmelon
|-weather|Sandstorm|[upkeep]
|-damage|p2a: angry goober|94/100|[from] Sandstorm
|-heal|p2a: angry goober|100/100|[from] item: Leftovers
|-heal|p1a: Simorgh|100/100|[from] item: Leftovers
|upkeep
|turn|15
|
|t:|1728423853
|switch|p1a: Sting Lancer|Flygon, F|100/100
|move|p2a: angry goober|Thunderbolt|p1a: Sting Lancer
|-immune|p1a: Sting Lancer
|
|-weather|Sandstorm|[upkeep]
|-damage|p2a: angry goober|94/100|[from] Sandstorm
|-heal|p2a: angry goober|100/100|[from] item: Leftovers
|upkeep
|turn|16
|
|t:|1728423857
|move|p1a: Sting Lancer|Rock Slide|p2a: angry goober
|-supereffective|p2a: angry goober
|-damage|p2a: angry goober|35/100
|move|p2a: angry goober|Hidden Power|p1a: Sting Lancer
|-damage|p1a: Sting Lancer|68/100
|
|-weather|Sandstorm|[upkeep]
|-damage|p2a: angry goober|29/100|[from] Sandstorm
|-heal|p2a: angry goober|35/100|[from] item: Leftovers
|upkeep
|turn|17
|
|t:|1728423864
|switch|p2a: sandy goober|Tyranitar, M|100/100
|-damage|p2a: sandy goober|88/100|[from] Spikes
|move|p1a: Sting Lancer|Rock Slide|p2a: sandy goober
|-damage|p2a: sandy goober|60/100
|
|-weather|Sandstorm|[upkeep]
|upkeep
|turn|18
|
|t:|1728423868
|switch|p1a: Simorgh|Skarmory, M|100/100
|move|p2a: sandy goober|Dragon Dance|p2a: sandy goober
|-boost|p2a: sandy goober|atk|1
|-boost|p2a: sandy goober|spe|1
|
|-weather|Sandstorm|[upkeep]
|upkeep
|turn|19
|
|t:|1728423872
|move|p2a: sandy goober|Rock Slide|p1a: Simorgh
|-damage|p1a: Simorgh|60/100
|cant|p1a: Simorgh|flinch
|
|-weather|Sandstorm|[upkeep]
|-heal|p1a: Simorgh|67/100|[from] item: Leftovers
|upkeep
|turn|20
|
|t:|1728423875
|move|p2a: sandy goober|Rock Slide|p1a: Simorgh
|-damage|p1a: Simorgh|25/100
|move|p1a: Simorgh|Roar|p2a: sandy goober
|drag|p2a: angry goober|Zapdos|35/100
|
|-weather|Sandstorm|[upkeep]
|-damage|p2a: angry goober|29/100|[from] Sandstorm
|-heal|p2a: angry goober|35/100|[from] item: Leftovers
|-heal|p1a: Simorgh|31/100|[from] item: Leftovers
|upkeep
|turn|21
|
|t:|1728423880
|switch|p1a: Sting Lancer|Flygon, F|68/100
|move|p2a: angry goober|Thunderbolt|p1a: Sting Lancer
|-immune|p1a: Sting Lancer
|
|-weather|Sandstorm|[upkeep]
|-damage|p2a: angry goober|29/100|[from] Sandstorm
|-heal|p2a: angry goober|35/100|[from] item: Leftovers
|upkeep
|turn|22
|
|t:|1728423891
|move|p1a: Sting Lancer|Rock Slide|p2a: angry goober
|-supereffective|p2a: angry goober
|-crit|p2a: angry goober
|-damage|p2a: angry goober|0 fnt
|faint|p2a: angry goober
|
|t:|1728423893
|switch|p2a: metal goober|Metagross|94/100
|-damage|p2a: metal goober|82/100|[from] Spikes
|
|-weather|Sandstorm|[upkeep]
|-heal|p2a: metal goober|88/100|[from] item: Leftovers
|upkeep
|turn|23
|
|t:|1728423912
|switch|p1a: Simorgh|Skarmory, M|31/100
|move|p2a: metal goober|Meteor Mash|p1a: Simorgh
|-resisted|p1a: Simorgh
|-crit|p1a: Simorgh
|-damage|p1a: Simorgh|0 fnt
|faint|p1a: Simorgh
|
|t:|1728423924
|switch|p1a: Gammaceil|Blastoise, F|100/100
|-damage|p1a: Gammaceil|84/100|[from] Spikes
|
|-weather|Sandstorm|[upkeep]
|-damage|p1a: Gammaceil|78/100|[from] Sandstorm
|-heal|p1a: Gammaceil|84/100|[from] item: Leftovers
|-heal|p2a: metal goober|94/100|[from] item: Leftovers
|upkeep
|turn|24
|
|t:|1728423928
|move|p2a: metal goober|Protect|p2a: metal goober
|-singleturn|p2a: metal goober|Protect
|move|p1a: Gammaceil|Surf|p2a: metal goober
|-activate|p2a: metal goober|Protect
|
|-weather|Sandstorm|[upkeep]
|-damage|p1a: Gammaceil|78/100|[from] Sandstorm
|-heal|p1a: Gammaceil|84/100|[from] item: Leftovers
|-heal|p2a: metal goober|99/100|[from] item: Leftovers
|upkeep
|turn|25
|
|t:|1728423940
|switch|p2a: devious goober|Gengar, M|73/100 frz
|move|p1a: Gammaceil|Surf|p2a: devious goober
|-damage|p2a: devious goober|19/100 frz
|
|-weather|Sandstorm|[upkeep]
|-damage|p2a: devious goober|12/100 frz|[from] Sandstorm
|-damage|p1a: Gammaceil|78/100|[from] Sandstorm
|-heal|p2a: devious goober|19/100 frz|[from] item: Leftovers
|-heal|p1a: Gammaceil|84/100|[from] item: Leftovers
|upkeep
|turn|26
|
|t:|1728423944
|cant|p2a: devious goober|frz
|move|p1a: Gammaceil|Surf|p2a: devious goober
|-damage|p2a: devious goober|0 fnt
|faint|p2a: devious goober
|
|t:|1728423947
|switch|p2a: sandy goober|Tyranitar, M|60/100
|-damage|p2a: sandy goober|47/100|[from] Spikes
|
|-weather|Sandstorm|[upkeep]
|-damage|p1a: Gammaceil|78/100|[from] Sandstorm
|-heal|p1a: Gammaceil|84/100|[from] item: Leftovers
|upkeep
|turn|27
|
|t:|1728423952
|move|p1a: Gammaceil|Surf|p2a: sandy goober
|-supereffective|p2a: sandy goober
|-damage|p2a: sandy goober|0 fnt
|faint|p2a: sandy goober
|
|t:|1728423956
|switch|p2a: ancient goober|Aerodactyl, F|100/100
|
|-weather|Sandstorm|[upkeep]
|-damage|p1a: Gammaceil|78/100|[from] Sandstorm
|-heal|p1a: Gammaceil|84/100|[from] item: Leftovers
|upkeep
|turn|28
|
|t:|1728423964
|switch|p1a: Marshmelon|Blissey, F|67/100
|-damage|p1a: Marshmelon|51/100|[from] Spikes
|move|p2a: ancient goober|Earthquake|p1a: Marshmelon
|-damage|p1a: Marshmelon|7/100
|
|-weather|Sandstorm|[upkeep]
|-damage|p1a: Marshmelon|1/100|[from] Sandstorm
|-heal|p1a: Marshmelon|7/100|[from] item: Leftovers
|upkeep
|turn|29
|
|t:|1728423968
|switch|p2a: metal goober|Metagross|99/100
|-damage|p2a: metal goober|88/100|[from] Spikes
|move|p1a: Marshmelon|Thunderbolt|p2a: metal goober
|-damage|p2a: metal goober|67/100
|
|-weather|Sandstorm|[upkeep]
|-damage|p1a: Marshmelon|1/100|[from] Sandstorm
|-heal|p2a: metal goober|73/100|[from] item: Leftovers
|-heal|p1a: Marshmelon|7/100|[from] item: Leftovers
|upkeep
|turn|30
|
|t:|1728423973
|move|p2a: metal goober|Meteor Mash|p1a: Marshmelon|[miss]
|-miss|p2a: metal goober|p1a: Marshmelon
|move|p1a: Marshmelon|Thunderbolt|p2a: metal goober
|-damage|p2a: metal goober|55/100
|
|-weather|Sandstorm|[upkeep]
|-damage|p1a: Marshmelon|1/100|[from] Sandstorm
|-heal|p2a: metal goober|61/100|[from] item: Leftovers
|-heal|p1a: Marshmelon|7/100|[from] item: Leftovers
|upkeep
|turn|31
|c|☆crab person|damn soz about the luck
|
|t:|1728423981
|move|p2a: metal goober|Meteor Mash|p1a: Marshmelon
|-damage|p1a: Marshmelon|0 fnt
|faint|p1a: Marshmelon
|
|t:|1728423987
|switch|p1a: Gammaceil|Blastoise, F|84/100
|-damage|p1a: Gammaceil|68/100|[from] Spikes
|
|-weather|Sandstorm|[upkeep]
|-damage|p1a: Gammaceil|61/100|[from] Sandstorm
|-heal|p1a: Gammaceil|68/100|[from] item: Leftovers
|-heal|p2a: metal goober|67/100|[from] item: Leftovers
|upkeep
|turn|32
|
|t:|1728423993
|move|p1a: Gammaceil|Surf|p2a: metal goober
|-damage|p2a: metal goober|28/100
|move|p2a: metal goober|Earthquake|p1a: Gammaceil
|-damage|p1a: Gammaceil|35/100
|
|-weather|Sandstorm|[upkeep]
|-damage|p1a: Gammaceil|29/100|[from] Sandstorm
|-heal|p1a: Gammaceil|35/100|[from] item: Leftovers
|-heal|p2a: metal goober|34/100|[from] item: Leftovers
|upkeep
|turn|33
|
|t:|1728423997
|move|p2a: metal goober|Protect|p2a: metal goober
|-singleturn|p2a: metal goober|Protect
|move|p1a: Gammaceil|Surf|p2a: metal goober
|-activate|p2a: metal goober|Protect
|
|-weather|Sandstorm|[upkeep]
|-damage|p1a: Gammaceil|29/100|[from] Sandstorm
|-heal|p1a: Gammaceil|35/100|[from] item: Leftovers
|-heal|p2a: metal goober|40/100|[from] item: Leftovers
|upkeep
|turn|34
|
|t:|1728424001
|move|p1a: Gammaceil|Surf|p2a: metal goober
|-damage|p2a: metal goober|1/100
|move|p2a: metal goober|Earthquake|p1a: Gammaceil
|-damage|p1a: Gammaceil|0 fnt
|faint|p1a: Gammaceil
|
|t:|1728424006
|switch|p1a: Sting Lancer|Flygon, F|68/100
|
|-weather|Sandstorm|[upkeep]
|-heal|p2a: metal goober|7/100|[from] item: Leftovers
|upkeep
|turn|35
|
|t:|1728424009
|move|p2a: metal goober|Protect|p2a: metal goober
|-singleturn|p2a: metal goober|Protect
|move|p1a: Sting Lancer|Rock Slide|p2a: metal goober
|-activate|p2a: metal goober|Protect
|
|-weather|Sandstorm|[upkeep]
|-heal|p2a: metal goober|13/100|[from] item: Leftovers
|upkeep
|turn|36
|
|t:|1728424015
|switch|p1a: Lightning Chidori|Zapdos|94/100
|move|p2a: metal goober|Protect||[still]
|-fail|p2a: metal goober
|
|-weather|Sandstorm|[upkeep]
|-damage|p1a: Lightning Chidori|88/100|[from] Sandstorm
|-heal|p2a: metal goober|19/100|[from] item: Leftovers
|upkeep
|turn|37
|
|t:|1728424018
|move|p2a: metal goober|Protect|p2a: metal goober
|-singleturn|p2a: metal goober|Protect
|move|p1a: Lightning Chidori|Thunderbolt|p2a: metal goober
|-activate|p2a: metal goober|Protect
|
|-weather|Sandstorm|[upkeep]
|-damage|p1a: Lightning Chidori|82/100|[from] Sandstorm
|-heal|p2a: metal goober|25/100|[from] item: Leftovers
|upkeep
|turn|38
|
|t:|1728424025
|move|p2a: metal goober|Protect|p2a: metal goober
|-singleturn|p2a: metal goober|Protect
|move|p1a: Lightning Chidori|Thunderbolt|p2a: metal goober
|-activate|p2a: metal goober|Protect
|
|-weather|Sandstorm|[upkeep]
|-damage|p1a: Lightning Chidori|76/100|[from] Sandstorm
|-heal|p2a: metal goober|31/100|[from] item: Leftovers
|upkeep
|turn|39
|
|t:|1728424030
|move|p2a: metal goober|Protect|p2a: metal goober
|-singleturn|p2a: metal goober|Protect
|move|p1a: Lightning Chidori|Thunderbolt|p2a: metal goober
|-activate|p2a: metal goober|Protect
|
|-weather|Sandstorm|[upkeep]
|-damage|p1a: Lightning Chidori|69/100|[from] Sandstorm
|-heal|p2a: metal goober|37/100|[from] item: Leftovers
|upkeep
|turn|40
|
|t:|1728424037
|move|p2a: metal goober|Protect||[still]
|-fail|p2a: metal goober
|move|p1a: Lightning Chidori|Thunderbolt|p2a: metal goober
|-damage|p2a: metal goober|0 fnt
|faint|p2a: metal goober
|
|t:|1728424039
|switch|p2a: ancient goober|Aerodactyl, F|100/100
|
|-weather|Sandstorm|[upkeep]
|-damage|p1a: Lightning Chidori|63/100|[from] Sandstorm
|upkeep
|turn|41
|
|t:|1728424043
|move|p2a: ancient goober|Double-Edge|p1a: Lightning Chidori
|-damage|p1a: Lightning Chidori|0 fnt
|faint|p1a: Lightning Chidori
|
|t:|1728424045
|switch|p1a: Divine Serpent Geh|Steelix, M|100/100
|-damage|p1a: Divine Serpent Geh|84/100|[from] Spikes
|
|-weather|Sandstorm|[upkeep]
|upkeep
|turn|42
|
|t:|1728424047
|move|p2a: ancient goober|Double-Edge|p1a: Divine Serpent Geh
|-resisted|p1a: Divine Serpent Geh
|-crit|p1a: Divine Serpent Geh
|-damage|p1a: Divine Serpent Geh|55/100
|move|p1a: Divine Serpent Geh|Rock Slide|p2a: ancient goober
|-supereffective|p2a: ancient goober
|-damage|p2a: ancient goober|0 fnt
|faint|p2a: ancient goober
|
|win|crab person
|c|☆crab person|gg
|c|☆OOF_MAXIMA|gg
|c|☆crab person|wp

</script>
<script type="application/json" class="data" id="replaydata-smogtours-gen3ou-796503">
{"id":"smogtours-gen3ou-796503","format":"[Gen 3] OU","players":["crab person","OOF_MAXIMA"],"uploadtime":1728424047,"views":158,"formatid":"gen3ou","rating":null,"private":0,"password":null}
</script>

<script defer src="js/replays.js?9d40a366"></script>
