<!DOCTYPE html>
<meta charset="utf-8" />
<meta name="viewport" content="width=device-width" />

<title>[Gen 3] OU: salto vs. pea-kah - Replays - Pok&eacute;mon Showdown!</title>

<meta name="description" content="Watch a replay of a Pok&eacute;mon battle between salto and pea-kah! Format: [Gen 3] OU; Date: Oct 3, 2024" />
<!--

Hey, you! Looking in the source for the replay log?

You can find them in JSON format, just add `.json` at the end of a replay URL.

https://replay.pokemonshowdown.com/gen7randomdoublesbattle-865046831.json

Or, if you only need the log itself, add `.log` instead:

https://replay.pokemonshowdown.com/gen7randomdoublesbattle-865046831.log

-->

<link rel="stylesheet" href="//pokemonshowdown.com/style/global.css?0.023195364461161105" />
<link rel="stylesheet" href="//play.pokemonshowdown.com/style/font-awesome.css?0.13261647063804238" />
<link rel="stylesheet" href="//play.pokemonshowdown.com/style/battle.css?0.8753245789963631" />
<link rel="stylesheet" href="//play.pokemonshowdown.com/style/utilichart.css?0.8627959624976733" />

<!-- Global site tag (gtag.js) - Google Analytics -->
<script async src="https://www.googletagmanager.com/gtag/js?id=UA-26211653-1"></script>
<script>
  window.dataLayer = window.dataLayer || [];
  function gtag(){dataLayer.push(arguments);}
  gtag('js', new Date());

  gtag('config', 'UA-26211653-1');
</script>
<!-- End Google Analytics -->
<!-- Venatus Ad Manager - Install in <HEAD> of page -->
	<script src="https://hb.vntsm.com/v3/live/ad-manager.min.js" type="text/javascript" data-site-id="642aba63ec9a7b11c3c9c1be" data-mode="scan" async></script>
<!-- / Venatus Ad Manager -->

<style>
	@media (max-width:820px) {
		.battle {
			margin: 0 auto;
		}
		.battle-log {
			margin: 7px auto 0;
			max-width: 640px;
			height: 300px;
			position: static;
		}
	}
	.optgroup {
		display: inline-block;
		line-height: 22px;
		font-size: 10pt;
	}
	.optgroup .button {
		height: 25px;
		padding-top: 0;
		padding-bottom: 0;
	}
	.optgroup button.button {
		padding-left: 12px;
		padding-right: 12px;
	}
	.linklist {
		list-style: none;
		margin: 0.5em 0;
		padding: 0;
	}
	.linklist li {
		padding: 2px 0;
	}
	.sidebar {
		float: left;
		width: 320px;
	}
	.bar-wrapper {
		max-width: 1100px;
		margin: 0 auto;
	}
	.bar-wrapper.has-sidebar {
		max-width: 1430px;
	}
	.mainbar {
		margin: 0;
		padding-right: 1px;
	}
	.mainbar.has-sidebar {
		margin-left: 330px;
	}
	@media (min-width: 1511px) {
		.sidebar {
			width: 400px;
		}
		.bar-wrapper.has-sidebar {
			max-width: 1510px;
		}
		.mainbar.has-sidebar {
			margin-left: 410px;
		}
	}
	.section.first-section {
		margin-top: 9px;
	}
	.blocklink small {
		white-space: normal;
	}
	.button {
		vertical-align: middle;
	}
	.replay-controls {
		padding-top: 10px;
	}
	.replay-controls h1 {
		font-size: 16pt;
		font-weight: normal;
		color: #CCC;
	}
	.pagelink {
		text-align: center;
	}
	.pagelink a {
		width: 150px;
	}
	.textbox, .button {
		font-size: 11pt;
		vertical-align: middle;
	}
	@media (max-width: 450px) {
		.button {
			font-size: 9pt;
		}
	}
</style>

<div>

	<header>
		<div class="nav-wrapper"><ul class="nav">
			<li><a class="button nav-first" href="//pokemonshowdown.com/"><img src="//pokemonshowdown.com/images/pokemonshowdownbeta.png" srcset="//pokemonshowdown.com/images/pokemonshowdownbeta.png 1x, //pokemonshowdown.com/images/pokemonshowdownbeta@2x.png 2x" alt="Pok&eacute;mon Showdown" width="146" height="44" /> Home</a></li>
			<li><a class="button" href="//pokemonshowdown.com/dex/">Pok&eacute;dex</a></li>
			<li><a class="button cur" href="/">Replays</a></li>
			<li><a class="button" href="//pokemonshowdown.com/ladder/">Ladder</a></li>
			<li><a class="button nav-last" href="//pokemonshowdown.com/forums/">Forum</a></li>
			<li><a class="button greenbutton nav-first nav-last" href="//play.pokemonshowdown.com/">Play</a></li>
		</ul></div>
	</header>

	<div class="main" id="main">

		<noscript><section class="section">You need to enable JavaScript to use this page; sorry!</section></noscript>

	</div>

</div>

<script defer nomodule src="//play.pokemonshowdown.com/js/lib/ps-polyfill.js"></script>
<script defer src="//play.pokemonshowdown.com/js/lib/preact.min.js"></script>

<script defer src="//play.pokemonshowdown.com/config/config.js?2bddbc15"></script>
<script defer src="//play.pokemonshowdown.com/js/lib/jquery-1.11.0.min.js"></script>
<script defer src="//play.pokemonshowdown.com/js/lib/html-sanitizer-minified.js"></script>
<script defer src="//play.pokemonshowdown.com/js/battle-sound.js"></script>
<script defer src="//play.pokemonshowdown.com/js/battledata.js?0.7209276989879541"></script>
<script defer src="//play.pokemonshowdown.com/data/pokedex-mini.js?0.6111056340867951"></script>
<script defer src="//play.pokemonshowdown.com/data/pokedex-mini-bw.js?0.3532142036491459"></script>
<script defer src="//play.pokemonshowdown.com/data/graphics.js?0.24223875632456182"></script>
<script defer src="//play.pokemonshowdown.com/data/pokedex.js?0.38839984266356864"></script>
<script defer src="//play.pokemonshowdown.com/data/moves.js?0.21866028504024015"></script>
<script defer src="//play.pokemonshowdown.com/data/abilities.js?0.2005157953846628"></script>
<script defer src="//play.pokemonshowdown.com/data/items.js?0.9894211263848525"></script>
<script defer src="//play.pokemonshowdown.com/data/teambuilder-tables.js?0.6008791140282215"></script>
<script defer src="//play.pokemonshowdown.com/js/battle-tooltips.js?0.7580118955022959"></script>
<script defer src="//play.pokemonshowdown.com/js/battle.js?0.6057722274234274"></script>

<script defer src="js/utils.js?e31f9a17"></script>
<script defer src="js/replays-battle.js?7008c182"></script>

<!-- don't scrape this data! just add .json or .log after the URL!
Full API docs: https://github.com/smogon/pokemon-showdown-client/blob/master/WEB-API.md -->
<script type="text/plain" class="log" id="replaylog-smogtours-gen3ou-794212">
|inactive|Battle timer is ON: inactive players will automatically lose when time's up.
|t:|1727962581
|gametype|singles
|player|p1|salto|grimsley|
|player|p2|pea-kah|1|
|teamsize|p1|6
|teamsize|p2|6
|gen|3
|tier|[Gen 3] OU
|rule|Sleep Clause Mod: Limit one foe put to sleep
|rule|Switch Priority Clause Mod: Faster Pokémon switch first
|rule|Species Clause: Limit one of each Pokémon
|rule|OHKO Clause: OHKO moves are banned
|rule|Evasion Items Clause: Evasion items are banned
|rule|Evasion Moves Clause: Evasion moves are banned
|rule|Endless Battle Clause: Forcing endless battles is banned
|rule|HP Percentage Mod: HP is shown in percentages
|rule|One Boost Passer Clause: Limit one Baton Passer that has a way to boost its stats
|rule|Freeze Clause Mod: Limit one foe frozen
|
|t:|1727962581
|start
|switch|p1a: Skarmory|Skarmory, F|100/100
|switch|p2a: Hercules|Heracross, M, shiny|100/100
|turn|1
|c|☆pea-kah|gl hf
|
|t:|1727962602
|switch|p2a: Cosmo|Magneton, shiny|100/100
|move|p1a: Skarmory|Spikes|p2a: Cosmo
|-sidestart|p2: pea-kah|Spikes
|
|upkeep
|turn|2
|c|☆salto|gl
|
|t:|1727962609
|move|p2a: Cosmo|Thunderbolt|p1a: Skarmory
|-supereffective|p1a: Skarmory
|-damage|p1a: Skarmory|13/100
|move|p1a: Skarmory|Roar|p2a: Cosmo
|drag|p2a: Hercules|Heracross, M, shiny|100/100
|-damage|p2a: Hercules|88/100|[from] Spikes
|
|-heal|p1a: Skarmory|19/100|[from] item: Leftovers
|upkeep
|turn|3
|
|t:|1727962630
|switch|p1a: Zapdos|Zapdos|100/100
|move|p2a: Hercules|Brick Break|p1a: Zapdos
|-resisted|p1a: Zapdos
|-damage|p1a: Zapdos|62/100
|
|-heal|p1a: Zapdos|68/100|[from] item: Leftovers
|upkeep
|turn|4
|
|t:|1727962654
|switch|p2a: Embargo|Snorlax, M, shiny|100/100
|-damage|p2a: Embargo|88/100|[from] Spikes
|move|p1a: Zapdos|Substitute|p1a: Zapdos
|-start|p1a: Zapdos|Substitute
|-damage|p1a: Zapdos|43/100
|
|-heal|p1a: Zapdos|49/100|[from] item: Leftovers
|-heal|p2a: Embargo|94/100|[from] item: Leftovers
|upkeep
|turn|5
|
|t:|1727962671
|move|p1a: Zapdos|Baton Pass|p1a: Zapdos
|
|t:|1727962673
|switch|p1a: Dusclops|Dusclops, F|100/100|[from] Baton Pass
|move|p2a: Embargo|Body Slam|p1a: Dusclops
|-immune|p1a: Dusclops
|
|-heal|p2a: Embargo|99/100|[from] item: Leftovers
|upkeep
|turn|6
|inactive|pea-kah has 270 seconds left.
|
|t:|1727962710
|move|p2a: Embargo|Curse|p2a: Embargo
|-unboost|p2a: Embargo|spe|1
|-boost|p2a: Embargo|atk|1
|-boost|p2a: Embargo|def|1
|move|p1a: Dusclops|Will-O-Wisp|p2a: Embargo
|-status|p2a: Embargo|brn
|
|-heal|p2a: Embargo|100/100 brn|[from] item: Leftovers
|-damage|p2a: Embargo|88/100 brn|[from] brn
|upkeep
|turn|7
|
|t:|1727962730
|move|p1a: Dusclops|Curse|p2a: Embargo
|-start|p2a: Embargo|Curse|[of] p1a: Dusclops
|-damage|p1a: Dusclops|50/100
|move|p2a: Embargo|Curse|p2a: Embargo
|-unboost|p2a: Embargo|spe|1
|-boost|p2a: Embargo|atk|1
|-boost|p2a: Embargo|def|1
|
|-heal|p1a: Dusclops|56/100|[from] item: Leftovers
|-heal|p2a: Embargo|94/100 brn|[from] item: Leftovers
|-damage|p2a: Embargo|82/100 brn|[from] brn
|-damage|p2a: Embargo|57/100 brn|[from] Curse
|upkeep
|turn|8
|
|t:|1727962748
|move|p1a: Dusclops|Pain Split|p2a: Embargo
|-sethp|p2a: Embargo|44/100 brn|[from] move: Pain Split|[silent]
|-sethp|p1a: Dusclops|80/100|[from] move: Pain Split
|move|p2a: Embargo|Shadow Ball|p1a: Dusclops
|-supereffective|p1a: Dusclops
|-end|p1a: Dusclops|Substitute
|
|-heal|p1a: Dusclops|86/100|[from] item: Leftovers
|-heal|p2a: Embargo|50/100 brn|[from] item: Leftovers
|-damage|p2a: Embargo|38/100 brn|[from] brn
|-damage|p2a: Embargo|13/100 brn|[from] Curse
|upkeep
|turn|9
|
|t:|1727962769
|switch|p1a: Celebi|Celebi|100/100
|move|p2a: Embargo|Rest|p2a: Embargo
|-status|p2a: Embargo|slp|[from] move: Rest
|-heal|p2a: Embargo|100/100 slp|[silent]
|
|-damage|p2a: Embargo|75/100 slp|[from] Curse
|upkeep
|turn|10
|inactive|pea-kah has 240 seconds left.
|
|t:|1727962806
|switch|p2a: Cosmo|Magneton, shiny|100/100
|-damage|p2a: Cosmo|88/100|[from] Spikes
|move|p1a: Celebi|Leech Seed|p2a: Cosmo
|-start|p2a: Cosmo|move: Leech Seed
|
|-damage|p2a: Cosmo|76/100|[from] Leech Seed|[of] p1a: Celebi
|upkeep
|turn|11
|inactive|pea-kah has 210 seconds left.
|
|t:|1727962835
|move|p1a: Celebi|Swords Dance|p1a: Celebi
|-boost|p1a: Celebi|atk|2
|move|p2a: Cosmo|Hidden Power|p1a: Celebi
|-supereffective|p1a: Celebi
|-damage|p1a: Celebi|60/100
|
|-heal|p1a: Celebi|67/100|[from] item: Leftovers
|-damage|p2a: Cosmo|63/100|[from] Leech Seed|[of] p1a: Celebi
|-heal|p1a: Celebi|74/100|[silent]
|upkeep
|turn|12
|inactive|pea-kah has 210 seconds left.
|inactive|salto has 270 seconds left.
|
|t:|1727962868
|move|p1a: Celebi|Baton Pass|p1a: Celebi
|
|t:|1727962873
|switch|p1a: Aerodactyl|Aerodactyl, F|100/100|[from] Baton Pass
|move|p2a: Cosmo|Thunder Wave|p1a: Aerodactyl
|-status|p1a: Aerodactyl|par
|
|-damage|p2a: Cosmo|51/100|[from] Leech Seed|[of] p1a: Aerodactyl
|upkeep
|turn|13
|inactive|pea-kah has 210 seconds left.
|inactive|pea-kah has 180 seconds left.
|
|t:|1727962922
|move|p2a: Cosmo|Thunderbolt|p1a: Aerodactyl
|-supereffective|p1a: Aerodactyl
|-damage|p1a: Aerodactyl|0 fnt
|faint|p1a: Aerodactyl
|
|t:|1727962927
|switch|p1a: Celebi|Celebi|74/100
|
|-heal|p1a: Celebi|80/100|[from] item: Leftovers
|-damage|p2a: Cosmo|38/100|[from] Leech Seed|[of] p1a: Celebi
|-heal|p1a: Celebi|88/100|[silent]
|upkeep
|turn|14
|inactive|pea-kah has 180 seconds left.
|
|t:|1727962962
|move|p1a: Celebi|Baton Pass|p1a: Celebi
|
|t:|1727962966
|switch|p1a: Snorlax|Snorlax, F|100/100|[from] Baton Pass
|move|p2a: Cosmo|Thunder Wave|p1a: Snorlax
|-status|p1a: Snorlax|par
|
|-damage|p2a: Cosmo|26/100|[from] Leech Seed|[of] p1a: Snorlax
|upkeep
|turn|15
|
|t:|1727962983
|switch|p2a: Hercules|Heracross, M, shiny|88/100
|-damage|p2a: Hercules|76/100|[from] Spikes
|switch|p1a: Celebi|Celebi|88/100
|
|-heal|p1a: Celebi|94/100|[from] item: Leftovers
|upkeep
|turn|16
|inactive|pea-kah has 150 seconds left.
|
|t:|1727963019
|switch|p1a: Dusclops|Dusclops, F|86/100
|move|p2a: Hercules|Megahorn|p1a: Dusclops
|-resisted|p1a: Dusclops
|-crit|p1a: Dusclops
|-damage|p1a: Dusclops|0 fnt
|faint|p1a: Dusclops
|
|t:|1727963023
|switch|p1a: Zapdos|Zapdos|49/100
|
|-heal|p1a: Zapdos|55/100|[from] item: Leftovers
|upkeep
|turn|17
|inactive|pea-kah has 120 seconds left.
|
|t:|1727963054
|switch|p2a: Embargo|Snorlax, M, shiny|75/100 slp
|-damage|p2a: Embargo|63/100 slp|[from] Spikes
|move|p1a: Zapdos|Drill Peck|p2a: Embargo
|-damage|p2a: Embargo|38/100 slp
|
|-heal|p1a: Zapdos|62/100|[from] item: Leftovers
|-heal|p2a: Embargo|45/100 slp|[from] item: Leftovers
|upkeep
|turn|18
|inactive|pea-kah has 120 seconds left.
|
|t:|1727963068
|move|p1a: Zapdos|Drill Peck|p2a: Embargo
|-damage|p2a: Embargo|19/100 slp
|cant|p2a: Embargo|slp
|
|-heal|p1a: Zapdos|68/100|[from] item: Leftovers
|-heal|p2a: Embargo|25/100 slp|[from] item: Leftovers
|upkeep
|turn|19
|
|t:|1727963075
|move|p1a: Zapdos|Drill Peck|p2a: Embargo
|-damage|p2a: Embargo|3/100 slp
|cant|p2a: Embargo|slp
|
|-heal|p1a: Zapdos|74/100|[from] item: Leftovers
|-heal|p2a: Embargo|9/100 slp|[from] item: Leftovers
|upkeep
|turn|20
|
|t:|1727963090
|switch|p2a: Cosmo|Magneton, shiny|26/100
|-damage|p2a: Cosmo|13/100|[from] Spikes
|move|p1a: Zapdos|Drill Peck|p2a: Cosmo
|-resisted|p2a: Cosmo
|-damage|p2a: Cosmo|3/100
|
|-heal|p1a: Zapdos|80/100|[from] item: Leftovers
|upkeep
|turn|21
|
|t:|1727963100
|move|p1a: Zapdos|Drill Peck|p2a: Cosmo
|-resisted|p2a: Cosmo
|-damage|p2a: Cosmo|0 fnt
|faint|p2a: Cosmo
|inactive|pea-kah has 120 seconds left.
|
|t:|1727963128
|switch|p2a: Maximus|Metagross, shiny|100/100
|-damage|p2a: Maximus|88/100|[from] Spikes
|
|-heal|p1a: Zapdos|86/100|[from] item: Leftovers
|-heal|p2a: Maximus|94/100|[from] item: Leftovers
|upkeep
|turn|22
|
|t:|1727963135
|move|p1a: Zapdos|Thunderbolt|p2a: Maximus
|-damage|p2a: Maximus|30/100
|move|p2a: Maximus|Agility|p2a: Maximus
|-boost|p2a: Maximus|spe|2
|
|-heal|p2a: Maximus|36/100|[from] item: Leftovers
|-heal|p1a: Zapdos|93/100|[from] item: Leftovers
|upkeep
|turn|23
|inactive|pea-kah has 120 seconds left.
|
|t:|1727963144
|switch|p1a: Skarmory|Skarmory, F|19/100
|move|p2a: Maximus|Explosion|p1a: Skarmory
|-resisted|p1a: Skarmory
|-damage|p1a: Skarmory|0 fnt
|faint|p2a: Maximus
|faint|p1a: Skarmory
|inactive|pea-kah has 120 seconds left.
|
|t:|1727963174
|switch|p2a: Banana|Milotic, M, shiny|100/100
|switch|p1a: Zapdos|Zapdos|93/100
|-damage|p2a: Banana|88/100|[from] Spikes
|
|-heal|p1a: Zapdos|99/100|[from] item: Leftovers
|-heal|p2a: Banana|94/100|[from] item: Leftovers
|upkeep
|turn|24
|inactive|pea-kah has 90 seconds left.
|
|t:|1727963208
|move|p1a: Zapdos|Thunderbolt|p2a: Banana
|-supereffective|p2a: Banana
|-damage|p2a: Banana|38/100
|move|p2a: Banana|Ice Beam|p1a: Zapdos
|-supereffective|p1a: Zapdos
|-damage|p1a: Zapdos|51/100
|
|-heal|p1a: Zapdos|58/100|[from] item: Leftovers
|-heal|p2a: Banana|44/100|[from] item: Leftovers
|upkeep
|turn|25
|
|t:|1727963217
|switch|p2a: Embargo|Snorlax, M, shiny|9/100 slp
|-damage|p2a: Embargo|0 fnt|[from] Spikes
|faint|p2a: Embargo
|
|t:|1727963224
|switch|p2a: Houdini|Gengar, F, shiny|100/100
|
|-heal|p1a: Zapdos|64/100|[from] item: Leftovers
|upkeep
|turn|26
|inactive|pea-kah has 90 seconds left.
|
|t:|1727963255
|switch|p1a: Snorlax|Snorlax, F|100/100 par
|move|p2a: Houdini|Thunderbolt|p1a: Snorlax
|-damage|p1a: Snorlax|82/100 par
|
|-heal|p1a: Snorlax|88/100 par|[from] item: Leftovers
|upkeep
|turn|27
|inactive|pea-kah has 60 seconds left.
|
|t:|1727963274
|switch|p2a: Banana|Milotic, M, shiny|44/100
|-damage|p2a: Banana|32/100|[from] Spikes
|move|p1a: Snorlax|Body Slam|p2a: Banana
|-damage|p2a: Banana|0 fnt
|faint|p2a: Banana
|inactive|pea-kah has 60 seconds left.
|
|t:|1727963280
|switch|p2a: Hercules|Heracross, M, shiny|76/100
|-damage|p2a: Hercules|64/100|[from] Spikes
|
|-heal|p1a: Snorlax|94/100 par|[from] item: Leftovers
|upkeep
|turn|28
|inactive|pea-kah has 60 seconds left.
|inactive|pea-kah has 30 seconds left.
|
|t:|1727963324
|switch|p1a: Celebi|Celebi|94/100
|move|p2a: Hercules|Megahorn|p1a: Celebi
|-supereffective|p1a: Celebi
|-damage|p1a: Celebi|0 fnt
|faint|p1a: Celebi
|
|t:|1727963328
|switch|p1a: Zapdos|Zapdos|64/100
|
|-heal|p1a: Zapdos|70/100|[from] item: Leftovers
|upkeep
|turn|29
|
|t:|1727963341
|switch|p2a: Houdini|Gengar, F, shiny|100/100
|move|p1a: Zapdos|Drill Peck|p2a: Houdini
|-damage|p2a: Houdini|37/100
|
|-heal|p2a: Houdini|43/100|[from] item: Leftovers
|-heal|p1a: Zapdos|76/100|[from] item: Leftovers
|upkeep
|turn|30
|inactive|pea-kah has 30 seconds left.
|
|t:|1727963365
|switch|p1a: Snorlax|Snorlax, F|94/100 par
|move|p2a: Houdini|Thunderbolt|p1a: Snorlax
|-damage|p1a: Snorlax|76/100 par
|
|-heal|p2a: Houdini|49/100|[from] item: Leftovers
|-heal|p1a: Snorlax|83/100 par|[from] item: Leftovers
|upkeep
|turn|31
|inactive|pea-kah has 30 seconds left.
|
|t:|1727963374
|move|p2a: Houdini|Thunderbolt|p1a: Snorlax
|-damage|p1a: Snorlax|62/100 par
|move|p1a: Snorlax|Shadow Ball|p2a: Houdini
|-supereffective|p2a: Houdini
|-damage|p2a: Houdini|0 fnt
|faint|p2a: Houdini
|
|t:|1727963378
|switch|p2a: Hercules|Heracross, M, shiny|64/100
|-damage|p2a: Hercules|51/100|[from] Spikes
|
|-heal|p1a: Snorlax|69/100 par|[from] item: Leftovers
|upkeep
|turn|32
|
|t:|1727963388
|move|p2a: Hercules|Megahorn|p1a: Snorlax
|-damage|p1a: Snorlax|0 fnt
|faint|p1a: Snorlax
|
|t:|1727963390
|switch|p1a: Zapdos|Zapdos|76/100
|
|-heal|p1a: Zapdos|82/100|[from] item: Leftovers
|upkeep
|turn|33
|
|t:|1727963392
|move|p2a: Hercules|Megahorn|p1a: Zapdos
|-resisted|p1a: Zapdos
|-damage|p1a: Zapdos|16/100
|move|p1a: Zapdos|Drill Peck|p2a: Hercules
|-supereffective|p2a: Hercules
|-damage|p2a: Hercules|0 fnt
|faint|p2a: Hercules
|
|win|salto
|c|☆salto|gg
|c|☆pea-kah|gg
|player|p2|
|c|☆salto|do you know how to save replays for this?
|c|☆salto|to report the sets?

</script>
<script type="application/json" class="data" id="replaydata-smogtours-gen3ou-794212">
{"id":"smogtours-gen3ou-794212","format":"[Gen 3] OU","players":["salto","pea-kah"],"uploadtime":1727963392,"views":98,"formatid":"gen3ou","rating":null,"private":0,"password":null}
</script>

<script defer src="js/replays.js?9d40a366"></script>
