<!DOCTYPE html>
<meta charset="utf-8" />
<meta name="viewport" content="width=device-width" />

<title>[Gen 3] OU: GoldThe1andOnly vs. Skarph☾eRiM - Replays - Pok&eacute;mon Showdown!</title>

<meta name="description" content="Watch a replay of a Pok&eacute;mon battle between GoldThe1andOnly and Skarph☾eRiM! Format: [Gen 3] OU; Date: Oct 13, 2024" />
<!--

Hey, you! Looking in the source for the replay log?

You can find them in JSON format, just add `.json` at the end of a replay URL.

https://replay.pokemonshowdown.com/gen7randomdoublesbattle-865046831.json

Or, if you only need the log itself, add `.log` instead:

https://replay.pokemonshowdown.com/gen7randomdoublesbattle-865046831.log

-->

<link rel="stylesheet" href="//pokemonshowdown.com/style/global.css?0.023195364461161105" />
<link rel="stylesheet" href="//play.pokemonshowdown.com/style/font-awesome.css?0.13261647063804238" />
<link rel="stylesheet" href="//play.pokemonshowdown.com/style/battle.css?0.8753245789963631" />
<link rel="stylesheet" href="//play.pokemonshowdown.com/style/utilichart.css?0.8627959624976733" />

<!-- Global site tag (gtag.js) - Google Analytics -->
<script async src="https://www.googletagmanager.com/gtag/js?id=UA-26211653-1"></script>
<script>
  window.dataLayer = window.dataLayer || [];
  function gtag(){dataLayer.push(arguments);}
  gtag('js', new Date());

  gtag('config', 'UA-26211653-1');
</script>
<!-- End Google Analytics -->
<!-- Venatus Ad Manager - Install in <HEAD> of page -->
	<script src="https://hb.vntsm.com/v3/live/ad-manager.min.js" type="text/javascript" data-site-id="642aba63ec9a7b11c3c9c1be" data-mode="scan" async></script>
<!-- / Venatus Ad Manager -->

<style>
	@media (max-width:820px) {
		.battle {
			margin: 0 auto;
		}
		.battle-log {
			margin: 7px auto 0;
			max-width: 640px;
			height: 300px;
			position: static;
		}
	}
	.optgroup {
		display: inline-block;
		line-height: 22px;
		font-size: 10pt;
	}
	.optgroup .button {
		height: 25px;
		padding-top: 0;
		padding-bottom: 0;
	}
	.optgroup button.button {
		padding-left: 12px;
		padding-right: 12px;
	}
	.linklist {
		list-style: none;
		margin: 0.5em 0;
		padding: 0;
	}
	.linklist li {
		padding: 2px 0;
	}
	.sidebar {
		float: left;
		width: 320px;
	}
	.bar-wrapper {
		max-width: 1100px;
		margin: 0 auto;
	}
	.bar-wrapper.has-sidebar {
		max-width: 1430px;
	}
	.mainbar {
		margin: 0;
		padding-right: 1px;
	}
	.mainbar.has-sidebar {
		margin-left: 330px;
	}
	@media (min-width: 1511px) {
		.sidebar {
			width: 400px;
		}
		.bar-wrapper.has-sidebar {
			max-width: 1510px;
		}
		.mainbar.has-sidebar {
			margin-left: 410px;
		}
	}
	.section.first-section {
		margin-top: 9px;
	}
	.blocklink small {
		white-space: normal;
	}
	.button {
		vertical-align: middle;
	}
	.replay-controls {
		padding-top: 10px;
	}
	.replay-controls h1 {
		font-size: 16pt;
		font-weight: normal;
		color: #CCC;
	}
	.pagelink {
		text-align: center;
	}
	.pagelink a {
		width: 150px;
	}
	.textbox, .button {
		font-size: 11pt;
		vertical-align: middle;
	}
	@media (max-width: 450px) {
		.button {
			font-size: 9pt;
		}
	}
</style>

<div>

	<header>
		<div class="nav-wrapper"><ul class="nav">
			<li><a class="button nav-first" href="//pokemonshowdown.com/"><img src="//pokemonshowdown.com/images/pokemonshowdownbeta.png" srcset="//pokemonshowdown.com/images/pokemonshowdownbeta.png 1x, //pokemonshowdown.com/images/pokemonshowdownbeta@2x.png 2x" alt="Pok&eacute;mon Showdown" width="146" height="44" /> Home</a></li>
			<li><a class="button" href="//pokemonshowdown.com/dex/">Pok&eacute;dex</a></li>
			<li><a class="button cur" href="/">Replays</a></li>
			<li><a class="button" href="//pokemonshowdown.com/ladder/">Ladder</a></li>
			<li><a class="button nav-last" href="//pokemonshowdown.com/forums/">Forum</a></li>
			<li><a class="button greenbutton nav-first nav-last" href="//play.pokemonshowdown.com/">Play</a></li>
		</ul></div>
	</header>

	<div class="main" id="main">

		<noscript><section class="section">You need to enable JavaScript to use this page; sorry!</section></noscript>

	</div>

</div>

<script defer nomodule src="//play.pokemonshowdown.com/js/lib/ps-polyfill.js"></script>
<script defer src="//play.pokemonshowdown.com/js/lib/preact.min.js"></script>

<script defer src="//play.pokemonshowdown.com/config/config.js?2bddbc15"></script>
<script defer src="//play.pokemonshowdown.com/js/lib/jquery-1.11.0.min.js"></script>
<script defer src="//play.pokemonshowdown.com/js/lib/html-sanitizer-minified.js"></script>
<script defer src="//play.pokemonshowdown.com/js/battle-sound.js"></script>
<script defer src="//play.pokemonshowdown.com/js/battledata.js?0.7209276989879541"></script>
<script defer src="//play.pokemonshowdown.com/data/pokedex-mini.js?0.6111056340867951"></script>
<script defer src="//play.pokemonshowdown.com/data/pokedex-mini-bw.js?0.3532142036491459"></script>
<script defer src="//play.pokemonshowdown.com/data/graphics.js?0.24223875632456182"></script>
<script defer src="//play.pokemonshowdown.com/data/pokedex.js?0.38839984266356864"></script>
<script defer src="//play.pokemonshowdown.com/data/moves.js?0.21866028504024015"></script>
<script defer src="//play.pokemonshowdown.com/data/abilities.js?0.2005157953846628"></script>
<script defer src="//play.pokemonshowdown.com/data/items.js?0.9894211263848525"></script>
<script defer src="//play.pokemonshowdown.com/data/teambuilder-tables.js?0.6008791140282215"></script>
<script defer src="//play.pokemonshowdown.com/js/battle-tooltips.js?0.7580118955022959"></script>
<script defer src="//play.pokemonshowdown.com/js/battle.js?0.6057722274234274"></script>

<script defer src="js/utils.js?e31f9a17"></script>
<script defer src="js/replays-battle.js?7008c182"></script>

<!-- don't scrape this data! just add .json or .log after the URL!
Full API docs: https://github.com/smogon/pokemon-showdown-client/blob/master/WEB-API.md -->
<script type="text/plain" class="log" id="replaylog-smogtours-gen3ou-797888">
|inactive|Battle timer is ON: inactive players will automatically lose when time's up.
|t:|1728778607
|gametype|singles
|player|p1|GoldThe1andOnly|elesa-masters|
|player|p2|Skarph☾eRiM|#scl4platoon2|
|teamsize|p1|6
|teamsize|p2|6
|gen|3
|tier|[Gen 3] OU
|rule|Sleep Clause Mod: Limit one foe put to sleep
|rule|Switch Priority Clause Mod: Faster Pokémon switch first
|rule|Species Clause: Limit one of each Pokémon
|rule|OHKO Clause: OHKO moves are banned
|rule|Evasion Items Clause: Evasion items are banned
|rule|Evasion Moves Clause: Evasion moves are banned
|rule|Endless Battle Clause: Forcing endless battles is banned
|rule|HP Percentage Mod: HP is shown in percentages
|rule|One Boost Passer Clause: Limit one Baton Passer that has a way to boost its stats
|rule|Freeze Clause Mod: Limit one foe frozen
|
|t:|1728778607
|start
|switch|p1a: #1|Skarmory, F|100/100
|switch|p2a: Skarmory|Skarmory, F|100/100
|turn|1
|c|☆Skarph☾eRiM|/log Skarph☾eRiM made the replay of this battle unlisted.
|c|☆Skarph☾eRiM|hf
|raw|<div class="broadcast-red"><strong>Moderated chat was set to ☆!<\/strong><br />Only users of rank ☆ and higher can talk.<\/div>
|c|☆GoldThe1andOnly|u 2
|
|t:|1728778632
|move|p1a: #1|Taunt|p2a: Skarmory
|-start|p2a: Skarmory|move: Taunt
|cant|p2a: Skarmory|move: Taunt|Spikes
|
|upkeep
|turn|2
|
|t:|1728778636
|switch|p2a: Starmie|Starmie|100/100
|move|p1a: #1|Spikes|p2a: Starmie
|-sidestart|p2: Skarph☾eRiM|Spikes
|
|upkeep
|turn|3
|
|t:|1728778646
|switch|p1a: #5|Blissey, F|100/100
|move|p2a: Starmie|Thunderbolt|p1a: #5
|-damage|p1a: #5|90/100
|
|-heal|p1a: #5|96/100|[from] item: Leftovers
|upkeep
|turn|4
|inactive|Skarph☾eRiM has 270 seconds left.
|inactive|GoldThe1andOnly has 270 seconds left.
|
|t:|1728778701
|switch|p2a: Blissey|Blissey, F|100/100
|-damage|p2a: Blissey|88/100|[from] Spikes
|move|p1a: #5|Seismic Toss|p2a: Blissey
|-damage|p2a: Blissey|74/100
|
|-heal|p2a: Blissey|80/100|[from] item: Leftovers
|-heal|p1a: #5|100/100|[from] item: Leftovers
|upkeep
|turn|5
|inactive|GoldThe1andOnly has 270 seconds left.
|inactive|Skarph☾eRiM has 240 seconds left.
|
|t:|1728778742
|move|p2a: Blissey|Seismic Toss|p1a: #5
|-damage|p1a: #5|85/100
|move|p1a: #5|Wish|p1a: #5
|
|-heal|p1a: #5|91/100|[from] item: Leftovers
|-heal|p2a: Blissey|86/100|[from] item: Leftovers
|upkeep
|turn|6
|inactive|GoldThe1andOnly has 270 seconds left.
|
|t:|1728778751
|switch|p2a: Skarmory|Skarmory, F|100/100
|move|p1a: #5|Seismic Toss|p2a: Skarmory
|-damage|p2a: Skarmory|71/100
|
|-heal|p1a: #5|100/100|[from] move: Wish|[wisher] #5
|-heal|p2a: Skarmory|77/100|[from] item: Leftovers
|upkeep
|turn|7
|inactive|GoldThe1andOnly has 270 seconds left.
|
|t:|1728778768
|switch|p1a: #2|Tyranitar, F|100/100
|-weather|Sandstorm|[from] ability: Sand Stream|[of] p1a: #2
|move|p2a: Skarmory|Spikes|p1a: #2
|-sidestart|p1: GoldThe1andOnly|Spikes
|
|-weather|Sandstorm|[upkeep]
|-heal|p2a: Skarmory|83/100|[from] item: Leftovers
|upkeep
|turn|8
|inactive|Skarph☾eRiM has 240 seconds left.
|
|t:|1728778779
|switch|p2a: Swampert|Swampert, F|100/100
|-damage|p2a: Swampert|88/100|[from] Spikes
|move|p1a: #2|Fire Blast|p2a: Swampert|[miss]
|-miss|p1a: #2|p2a: Swampert
|
|-weather|Sandstorm|[upkeep]
|-heal|p2a: Swampert|94/100|[from] item: Leftovers
|upkeep
|turn|9
|inactive|GoldThe1andOnly has 270 seconds left.
|inactive|Skarph☾eRiM has 240 seconds left.
|
|t:|1728778804
|switch|p1a: #1|Skarmory, F|100/100
|move|p2a: Swampert|Surf|p1a: #1
|-damage|p1a: #1|74/100
|
|-weather|Sandstorm|[upkeep]
|-heal|p1a: #1|80/100|[from] item: Leftovers
|-heal|p2a: Swampert|100/100|[from] item: Leftovers
|upkeep
|turn|10
|
|t:|1728778816
|switch|p2a: Starmie|Starmie|100/100
|-damage|p2a: Starmie|88/100|[from] Spikes
|move|p1a: #1|Toxic|p2a: Starmie
|-status|p2a: Starmie|tox
|
|-weather|Sandstorm|[upkeep]
|-damage|p2a: Starmie|82/100 tox|[from] Sandstorm
|-heal|p2a: Starmie|88/100 tox|[from] item: Leftovers
|-damage|p2a: Starmie|82/100 tox|[from] psn
|-heal|p1a: #1|86/100|[from] item: Leftovers
|upkeep
|turn|11
|
|t:|1728778832
|switch|p1a: #4|Gengar, M|100/100
|move|p2a: Starmie|Rapid Spin|p1a: #4
|-immune|p1a: #4
|
|-weather|Sandstorm|[upkeep]
|-damage|p2a: Starmie|76/100 tox|[from] Sandstorm
|-damage|p1a: #4|94/100|[from] Sandstorm
|-heal|p2a: Starmie|82/100 tox|[from] item: Leftovers
|-damage|p2a: Starmie|70/100 tox|[from] psn
|-heal|p1a: #4|100/100|[from] item: Leftovers
|upkeep
|turn|12
|
|t:|1728778853
|-curestatus|p2a: Starmie|tox|[from] ability: Natural Cure
|switch|p2a: Tyranitar|Tyranitar, F|100/100
|-damage|p2a: Tyranitar|88/100|[from] Spikes
|move|p1a: #4|Will-O-Wisp|p2a: Tyranitar
|-status|p2a: Tyranitar|brn
|
|-weather|Sandstorm|[upkeep]
|-damage|p1a: #4|94/100|[from] Sandstorm
|-heal|p1a: #4|100/100|[from] item: Leftovers
|-heal|p2a: Tyranitar|94/100 brn|[from] item: Leftovers
|-damage|p2a: Tyranitar|82/100 brn|[from] brn
|upkeep
|turn|13
|inactive|Skarph☾eRiM has 240 seconds left.
|inactive|GoldThe1andOnly has 270 seconds left.
|
|t:|1728778881
|-activate|p1a: #4|move: Pursuit
|move|p2a: Tyranitar|Pursuit|p1a: #4|[from]Pursuit
|-supereffective|p1a: #4
|-damage|p1a: #4|16/100
|switch|p1a: #1|Skarmory, F|86/100
|
|-weather|Sandstorm|[upkeep]
|-heal|p1a: #1|92/100|[from] item: Leftovers
|-heal|p2a: Tyranitar|88/100 brn|[from] item: Leftovers
|-damage|p2a: Tyranitar|76/100 brn|[from] brn
|upkeep
|turn|14
|inactive|Skarph☾eRiM has 240 seconds left.
|
|t:|1728778893
|switch|p1a: #5|Blissey, F|100/100
|-damage|p1a: #5|88/100|[from] Spikes
|move|p2a: Tyranitar|Fire Blast|p1a: #5
|-damage|p1a: #5|74/100
|
|-weather|Sandstorm|[upkeep]
|-damage|p1a: #5|68/100|[from] Sandstorm
|-heal|p2a: Tyranitar|82/100 brn|[from] item: Leftovers
|-damage|p2a: Tyranitar|70/100 brn|[from] brn
|-heal|p1a: #5|74/100|[from] item: Leftovers
|upkeep
|turn|15
|inactive|Skarph☾eRiM has 240 seconds left.
|inactive|GoldThe1andOnly has 270 seconds left.
|
|t:|1728778910
|switch|p2a: Starmie|Starmie|70/100
|-damage|p2a: Starmie|57/100|[from] Spikes
|move|p1a: #5|Wish|p1a: #5
|
|-weather|Sandstorm|[upkeep]
|-damage|p2a: Starmie|51/100|[from] Sandstorm
|-damage|p1a: #5|68/100|[from] Sandstorm
|-heal|p2a: Starmie|57/100|[from] item: Leftovers
|-heal|p1a: #5|74/100|[from] item: Leftovers
|upkeep
|turn|16
|inactive|Skarph☾eRiM has 240 seconds left.
|
|t:|1728778920
|move|p2a: Starmie|Surf|p1a: #5
|-damage|p1a: #5|58/100
|move|p1a: #5|Seismic Toss|p2a: Starmie
|-damage|p2a: Starmie|22/100
|
|-heal|p1a: #5|100/100|[from] move: Wish|[wisher] #5
|-weather|Sandstorm|[upkeep]
|-damage|p2a: Starmie|16/100|[from] Sandstorm
|-damage|p1a: #5|94/100|[from] Sandstorm
|-heal|p2a: Starmie|22/100|[from] item: Leftovers
|-heal|p1a: #5|100/100|[from] item: Leftovers
|upkeep
|turn|17
|
|t:|1728778923
|move|p2a: Starmie|Recover|p2a: Starmie
|-heal|p2a: Starmie|72/100
|move|p1a: #5|Seismic Toss|p2a: Starmie
|-damage|p2a: Starmie|36/100
|
|-weather|Sandstorm|[upkeep]
|-damage|p2a: Starmie|30/100|[from] Sandstorm
|-damage|p1a: #5|94/100|[from] Sandstorm
|-heal|p2a: Starmie|36/100|[from] item: Leftovers
|-heal|p1a: #5|100/100|[from] item: Leftovers
|upkeep
|turn|18
|
|t:|1728778936
|move|p2a: Starmie|Recover|p2a: Starmie
|-heal|p2a: Starmie|86/100
|move|p1a: #5|Seismic Toss|p2a: Starmie
|-damage|p2a: Starmie|50/100
|
|-weather|Sandstorm|[upkeep]
|-damage|p2a: Starmie|44/100|[from] Sandstorm
|-damage|p1a: #5|94/100|[from] Sandstorm
|-heal|p2a: Starmie|50/100|[from] item: Leftovers
|-heal|p1a: #5|100/100|[from] item: Leftovers
|upkeep
|turn|19
|
|t:|1728778957
|move|p2a: Starmie|Rapid Spin|p1a: #5
|-crit|p1a: #5
|-damage|p1a: #5|95/100
|-sideend|p2: Skarph☾eRiM|Spikes|[from] move: Rapid Spin|[of] p2a: Starmie
|move|p1a: #5|Wish|p1a: #5
|
|-weather|Sandstorm|[upkeep]
|-damage|p2a: Starmie|44/100|[from] Sandstorm
|-damage|p1a: #5|89/100|[from] Sandstorm
|-heal|p2a: Starmie|50/100|[from] item: Leftovers
|-heal|p1a: #5|95/100|[from] item: Leftovers
|upkeep
|turn|20
|
|t:|1728778965
|move|p2a: Starmie|Surf|p1a: #5
|-damage|p1a: #5|77/100
|move|p1a: #5|Seismic Toss|p2a: Starmie
|-damage|p2a: Starmie|15/100
|
|-heal|p1a: #5|100/100|[from] move: Wish|[wisher] #5
|-weather|Sandstorm|[upkeep]
|-damage|p2a: Starmie|9/100|[from] Sandstorm
|-damage|p1a: #5|94/100|[from] Sandstorm
|-heal|p2a: Starmie|15/100|[from] item: Leftovers
|-heal|p1a: #5|100/100|[from] item: Leftovers
|upkeep
|turn|21
|
|t:|1728778971
|move|p2a: Starmie|Recover|p2a: Starmie
|-heal|p2a: Starmie|65/100
|move|p1a: #5|Wish|p1a: #5
|
|-weather|Sandstorm|[upkeep]
|-damage|p2a: Starmie|59/100|[from] Sandstorm
|-damage|p1a: #5|94/100|[from] Sandstorm
|-heal|p2a: Starmie|65/100|[from] item: Leftovers
|-heal|p1a: #5|100/100|[from] item: Leftovers
|upkeep
|turn|22
|
|t:|1728778978
|switch|p1a: #1|Skarmory, F|92/100
|move|p2a: Starmie|Surf|p1a: #1
|-damage|p1a: #1|54/100
|
|-heal|p1a: #1|100/100|[from] move: Wish|[wisher] #5
|-weather|Sandstorm|[upkeep]
|-damage|p2a: Starmie|59/100|[from] Sandstorm
|-heal|p2a: Starmie|65/100|[from] item: Leftovers
|upkeep
|turn|23
|
|t:|1728778990
|move|p2a: Starmie|Thunderbolt|p1a: #1
|-supereffective|p1a: #1
|-damage|p1a: #1|48/100
|move|p1a: #1|Toxic|p2a: Starmie|[miss]
|-miss|p1a: #1|p2a: Starmie
|
|-weather|Sandstorm|[upkeep]
|-damage|p2a: Starmie|59/100|[from] Sandstorm
|-heal|p2a: Starmie|65/100|[from] item: Leftovers
|-heal|p1a: #1|54/100|[from] item: Leftovers
|upkeep
|turn|24
|
|t:|1728778996
|switch|p1a: #5|Blissey, F|100/100
|-damage|p1a: #5|88/100|[from] Spikes
|move|p2a: Starmie|Thunderbolt|p1a: #5
|-damage|p1a: #5|76/100
|
|-weather|Sandstorm|[upkeep]
|-damage|p2a: Starmie|59/100|[from] Sandstorm
|-damage|p1a: #5|70/100|[from] Sandstorm
|-heal|p2a: Starmie|65/100|[from] item: Leftovers
|-heal|p1a: #5|76/100|[from] item: Leftovers
|upkeep
|turn|25
|
|t:|1728779006
|move|p2a: Starmie|Recover|p2a: Starmie
|-heal|p2a: Starmie|100/100
|move|p1a: #5|Wish|p1a: #5
|
|-weather|Sandstorm|[upkeep]
|-damage|p2a: Starmie|94/100|[from] Sandstorm
|-damage|p1a: #5|70/100|[from] Sandstorm
|-heal|p2a: Starmie|100/100|[from] item: Leftovers
|-heal|p1a: #5|76/100|[from] item: Leftovers
|upkeep
|turn|26
|
|t:|1728779026
|switch|p1a: #3|Swampert, M|100/100
|-damage|p1a: #3|88/100|[from] Spikes
|move|p2a: Starmie|Thunderbolt|p1a: #3
|-immune|p1a: #3
|
|-heal|p1a: #3|100/100|[from] move: Wish|[wisher] #5
|-weather|Sandstorm|[upkeep]
|-damage|p2a: Starmie|94/100|[from] Sandstorm
|-heal|p2a: Starmie|100/100|[from] item: Leftovers
|upkeep
|turn|27
|
|t:|1728779035
|move|p2a: Starmie|Surf|p1a: #3
|-damage|p1a: #3|62/100
|move|p1a: #3|Earthquake|p2a: Starmie
|-damage|p2a: Starmie|47/100
|
|-weather|Sandstorm|[upkeep]
|-damage|p2a: Starmie|41/100|[from] Sandstorm
|-heal|p2a: Starmie|47/100|[from] item: Leftovers
|-heal|p1a: #3|68/100|[from] item: Leftovers
|upkeep
|turn|28
|
|t:|1728779048
|switch|p2a: Skarmory|Skarmory, F|83/100
|move|p1a: #3|Hydro Pump|p2a: Skarmory
|-damage|p2a: Skarmory|52/100
|
|-weather|Sandstorm|[upkeep]
|-heal|p2a: Skarmory|58/100|[from] item: Leftovers
|-heal|p1a: #3|74/100|[from] item: Leftovers
|upkeep
|turn|29
|
|t:|1728779064
|switch|p1a: #1|Skarmory, F|54/100
|move|p2a: Skarmory|Spikes|p1a: #1
|-sidestart|p1: GoldThe1andOnly|Spikes
|
|-weather|Sandstorm|[upkeep]
|-heal|p1a: #1|60/100|[from] item: Leftovers
|-heal|p2a: Skarmory|64/100|[from] item: Leftovers
|upkeep
|turn|30
|
|t:|1728779071
|switch|p2a: Starmie|Starmie|47/100
|move|p1a: #1|Spikes|p2a: Starmie
|-sidestart|p2: Skarph☾eRiM|Spikes
|
|-weather|Sandstorm|[upkeep]
|-damage|p2a: Starmie|41/100|[from] Sandstorm
|-heal|p2a: Starmie|47/100|[from] item: Leftovers
|-heal|p1a: #1|66/100|[from] item: Leftovers
|upkeep
|turn|31
|
|t:|1728779078
|move|p2a: Starmie|Surf|p1a: #1
|-damage|p1a: #1|29/100
|move|p1a: #1|Toxic|p2a: Starmie
|-status|p2a: Starmie|tox
|
|-weather|Sandstorm|[upkeep]
|-damage|p2a: Starmie|41/100 tox|[from] Sandstorm
|-heal|p2a: Starmie|47/100 tox|[from] item: Leftovers
|-damage|p2a: Starmie|41/100 tox|[from] psn
|-heal|p1a: #1|35/100|[from] item: Leftovers
|upkeep
|turn|32
|
|t:|1728779086
|switch|p1a: #5|Blissey, F|76/100
|-damage|p1a: #5|60/100|[from] Spikes
|move|p2a: Starmie|Recover|p2a: Starmie
|-heal|p2a: Starmie|91/100 tox
|
|-weather|Sandstorm|[upkeep]
|-damage|p2a: Starmie|85/100 tox|[from] Sandstorm
|-damage|p1a: #5|54/100|[from] Sandstorm
|-heal|p2a: Starmie|91/100 tox|[from] item: Leftovers
|-damage|p2a: Starmie|79/100 tox|[from] psn
|-heal|p1a: #5|60/100|[from] item: Leftovers
|upkeep
|turn|33
|
|t:|1728779094
|move|p2a: Starmie|Rapid Spin|p1a: #5
|-damage|p1a: #5|57/100
|-sideend|p2: Skarph☾eRiM|Spikes|[from] move: Rapid Spin|[of] p2a: Starmie
|move|p1a: #5|Wish|p1a: #5
|
|-weather|Sandstorm|[upkeep]
|-damage|p2a: Starmie|73/100 tox|[from] Sandstorm
|-damage|p1a: #5|51/100|[from] Sandstorm
|-heal|p2a: Starmie|79/100 tox|[from] item: Leftovers
|-damage|p2a: Starmie|61/100 tox|[from] psn
|-heal|p1a: #5|57/100|[from] item: Leftovers
|upkeep
|turn|34
|
|t:|1728779105
|-curestatus|p2a: Starmie|tox|[from] ability: Natural Cure
|switch|p2a: Blissey|Blissey, F|86/100
|move|p1a: #5|Seismic Toss|p2a: Blissey
|-damage|p2a: Blissey|72/100
|
|-heal|p1a: #5|100/100|[from] move: Wish|[wisher] #5
|-weather|Sandstorm|[upkeep]
|-damage|p2a: Blissey|66/100|[from] Sandstorm
|-damage|p1a: #5|94/100|[from] Sandstorm
|-heal|p2a: Blissey|72/100|[from] item: Leftovers
|-heal|p1a: #5|100/100|[from] item: Leftovers
|upkeep
|turn|35
|
|t:|1728779123
|move|p2a: Blissey|Aromatherapy|p2a: Blissey
|-cureteam|p2a: Blissey|[from] move: Aromatherapy
|move|p1a: #5|Wish|p1a: #5
|
|-weather|Sandstorm|[upkeep]
|-damage|p1a: #5|94/100|[from] Sandstorm
|-damage|p2a: Blissey|66/100|[from] Sandstorm
|-heal|p1a: #5|100/100|[from] item: Leftovers
|-heal|p2a: Blissey|72/100|[from] item: Leftovers
|upkeep
|turn|36
|
|t:|1728779133
|switch|p1a: #1|Skarmory, F|35/100
|move|p2a: Blissey|Thunder Wave|p1a: #1
|-status|p1a: #1|par
|
|-heal|p1a: #1|85/100 par|[from] move: Wish|[wisher] #5
|-weather|Sandstorm|[upkeep]
|-damage|p2a: Blissey|66/100|[from] Sandstorm
|-heal|p2a: Blissey|72/100|[from] item: Leftovers
|-heal|p1a: #1|91/100 par|[from] item: Leftovers
|upkeep
|turn|37
|
|t:|1728779147
|switch|p2a: Starmie|Starmie|61/100
|move|p1a: #1|Toxic|p2a: Starmie|[miss]
|-miss|p1a: #1|p2a: Starmie
|
|-weather|Sandstorm|[upkeep]
|-damage|p2a: Starmie|55/100|[from] Sandstorm
|-heal|p2a: Starmie|61/100|[from] item: Leftovers
|-heal|p1a: #1|97/100 par|[from] item: Leftovers
|upkeep
|turn|38
|
|t:|1728779153
|switch|p1a: #3|Swampert, M|74/100
|-damage|p1a: #3|58/100|[from] Spikes
|move|p2a: Starmie|Thunderbolt|p1a: #3
|-immune|p1a: #3
|
|-weather|Sandstorm|[upkeep]
|-damage|p2a: Starmie|55/100|[from] Sandstorm
|-heal|p2a: Starmie|61/100|[from] item: Leftovers
|-heal|p1a: #3|64/100|[from] item: Leftovers
|upkeep
|turn|39
|
|t:|1728779160
|switch|p2a: Skarmory|Skarmory, F|64/100
|move|p1a: #3|Earthquake|p2a: Skarmory
|-immune|p2a: Skarmory
|
|-weather|Sandstorm|[upkeep]
|-heal|p2a: Skarmory|70/100|[from] item: Leftovers
|-heal|p1a: #3|70/100|[from] item: Leftovers
|upkeep
|turn|40
|
|t:|1728779182
|switch|p1a: #5|Blissey, F|100/100
|-damage|p1a: #5|84/100|[from] Spikes
|move|p2a: Skarmory|Spikes|p1a: #5
|-sidestart|p1: GoldThe1andOnly|Spikes
|
|-weather|Sandstorm|[upkeep]
|-damage|p1a: #5|78/100|[from] Sandstorm
|-heal|p2a: Skarmory|76/100|[from] item: Leftovers
|-heal|p1a: #5|84/100|[from] item: Leftovers
|upkeep
|turn|41
|
|t:|1728779201
|switch|p2a: Starmie|Starmie|61/100
|move|p1a: #5|Wish|p1a: #5
|
|-weather|Sandstorm|[upkeep]
|-damage|p2a: Starmie|55/100|[from] Sandstorm
|-damage|p1a: #5|78/100|[from] Sandstorm
|-heal|p2a: Starmie|61/100|[from] item: Leftovers
|-heal|p1a: #5|84/100|[from] item: Leftovers
|upkeep
|turn|42
|
|t:|1728779206
|switch|p1a: #3|Swampert, M|70/100
|-damage|p1a: #3|45/100|[from] Spikes
|move|p2a: Starmie|Surf|p1a: #3
|-damage|p1a: #3|9/100
|
|-heal|p1a: #3|59/100|[from] move: Wish|[wisher] #5
|-weather|Sandstorm|[upkeep]
|-damage|p2a: Starmie|55/100|[from] Sandstorm
|-heal|p2a: Starmie|61/100|[from] item: Leftovers
|-heal|p1a: #3|66/100|[from] item: Leftovers
|upkeep
|turn|43
|
|t:|1728779218
|switch|p2a: Skarmory|Skarmory, F|76/100
|move|p1a: #3|Earthquake|p2a: Skarmory
|-immune|p2a: Skarmory
|
|-weather|Sandstorm|[upkeep]
|-heal|p2a: Skarmory|82/100|[from] item: Leftovers
|-heal|p1a: #3|72/100|[from] item: Leftovers
|upkeep
|turn|44
|
|t:|1728779224
|move|p1a: #3|Ice Beam|p2a: Skarmory
|-damage|p2a: Skarmory|63/100
|move|p2a: Skarmory|Roar|p1a: #3
|drag|p1a: #4|Gengar, M|16/100
|
|-weather|Sandstorm|[upkeep]
|-damage|p1a: #4|10/100|[from] Sandstorm
|-heal|p1a: #4|16/100|[from] item: Leftovers
|-heal|p2a: Skarmory|69/100|[from] item: Leftovers
|upkeep
|turn|45
|
|t:|1728779247
|switch|p2a: Blissey|Blissey, F|72/100
|move|p1a: #4|Will-O-Wisp|p2a: Blissey
|-status|p2a: Blissey|brn
|
|-weather|Sandstorm|[upkeep]
|-damage|p1a: #4|10/100|[from] Sandstorm
|-damage|p2a: Blissey|66/100 brn|[from] Sandstorm
|-heal|p1a: #4|16/100|[from] item: Leftovers
|-heal|p2a: Blissey|72/100 brn|[from] item: Leftovers
|-damage|p2a: Blissey|60/100 brn|[from] brn
|upkeep
|turn|46
|
|t:|1728779255
|-curestatus|p2a: Blissey|brn|[from] ability: Natural Cure
|switch|p2a: Tyranitar|Tyranitar, F|70/100
|move|p1a: #4|Explosion|p2a: Tyranitar
|-resisted|p2a: Tyranitar
|-damage|p2a: Tyranitar|42/100
|faint|p1a: #4
|
|t:|1728779277
|switch|p1a: #2|Tyranitar, F|100/100
|-damage|p1a: #2|76/100|[from] Spikes
|
|-weather|Sandstorm|[upkeep]
|-heal|p2a: Tyranitar|49/100|[from] item: Leftovers
|upkeep
|turn|47
|
|t:|1728779305
|-singleturn|p1a: #2|move: Focus Punch
|move|p2a: Tyranitar|Brick Break|p1a: #2
|-supereffective|p1a: #2
|-damage|p1a: #2|0 fnt
|faint|p1a: #2
|
|t:|1728779327
|switch|p1a: #3|Swampert, M|72/100
|-damage|p1a: #3|47/100|[from] Spikes
|
|-weather|Sandstorm|[upkeep]
|-heal|p2a: Tyranitar|55/100|[from] item: Leftovers
|-heal|p1a: #3|53/100|[from] item: Leftovers
|upkeep
|turn|48
|
|t:|1728779336
|move|p2a: Tyranitar|Crunch|p1a: #3
|-damage|p1a: #3|21/100
|move|p1a: #3|Hydro Pump|p2a: Tyranitar
|-supereffective|p2a: Tyranitar
|-crit|p2a: Tyranitar
|-damage|p2a: Tyranitar|0 fnt
|faint|p2a: Tyranitar
|
|t:|1728779348
|switch|p2a: Starmie|Starmie|61/100
|
|-weather|Sandstorm|[upkeep]
|-damage|p2a: Starmie|55/100|[from] Sandstorm
|-heal|p2a: Starmie|61/100|[from] item: Leftovers
|-heal|p1a: #3|27/100|[from] item: Leftovers
|upkeep
|turn|49
|
|t:|1728779351
|move|p1a: #3|Protect|p1a: #3
|-singleturn|p1a: #3|Protect
|move|p2a: Starmie|Surf|p1a: #3
|-activate|p1a: #3|Protect
|
|-weather|Sandstorm|[upkeep]
|-damage|p2a: Starmie|55/100|[from] Sandstorm
|-heal|p2a: Starmie|61/100|[from] item: Leftovers
|-heal|p1a: #3|33/100|[from] item: Leftovers
|upkeep
|turn|50
|
|t:|1728779357
|move|p1a: #3|Protect|p1a: #3
|-singleturn|p1a: #3|Protect
|move|p2a: Starmie|Surf|p1a: #3
|-activate|p1a: #3|Protect
|
|-weather|Sandstorm|[upkeep]
|-damage|p2a: Starmie|55/100|[from] Sandstorm
|-heal|p2a: Starmie|61/100|[from] item: Leftovers
|-heal|p1a: #3|39/100|[from] item: Leftovers
|upkeep
|turn|51
|
|t:|1728779363
|move|p2a: Starmie|Surf|p1a: #3
|-damage|p1a: #3|3/100
|move|p1a: #3|Earthquake|p2a: Starmie
|-damage|p2a: Starmie|11/100
|
|-weather|Sandstorm|[upkeep]
|-damage|p2a: Starmie|5/100|[from] Sandstorm
|-heal|p2a: Starmie|11/100|[from] item: Leftovers
|-heal|p1a: #3|9/100|[from] item: Leftovers
|upkeep
|turn|52
|
|t:|1728779368
|move|p2a: Starmie|Surf|p1a: #3
|-damage|p1a: #3|0 fnt
|faint|p1a: #3
|
|t:|1728779370
|switch|p1a: Mario|Aerodactyl, M|100/100
|
|-weather|Sandstorm|[upkeep]
|-damage|p2a: Starmie|5/100|[from] Sandstorm
|-heal|p2a: Starmie|11/100|[from] item: Leftovers
|upkeep
|turn|53
|
|t:|1728779376
|switch|p2a: Skarmory|Skarmory, F|69/100
|move|p1a: Mario|Double-Edge|p2a: Skarmory
|-resisted|p2a: Skarmory
|-damage|p2a: Skarmory|48/100
|
|-weather|Sandstorm|[upkeep]
|-heal|p2a: Skarmory|54/100|[from] item: Leftovers
|upkeep
|turn|54
|
|t:|1728779395
|switch|p1a: #1|Skarmory, F|97/100 par
|move|p2a: Skarmory|Roar|p1a: #1
|drag|p1a: #5|Blissey, F|84/100
|-damage|p1a: #5|59/100|[from] Spikes
|
|-weather|Sandstorm|[upkeep]
|-damage|p1a: #5|53/100|[from] Sandstorm
|-heal|p2a: Skarmory|60/100|[from] item: Leftovers
|-heal|p1a: #5|59/100|[from] item: Leftovers
|upkeep
|turn|55
|
|t:|1728779402
|switch|p2a: Starmie|Starmie|11/100
|move|p1a: #5|Soft-Boiled|p1a: #5
|-heal|p1a: #5|100/100
|
|-weather|Sandstorm|[upkeep]
|-damage|p2a: Starmie|5/100|[from] Sandstorm
|-damage|p1a: #5|94/100|[from] Sandstorm
|-heal|p2a: Starmie|11/100|[from] item: Leftovers
|-heal|p1a: #5|100/100|[from] item: Leftovers
|upkeep
|turn|56
|
|t:|1728779406
|switch|p1a: Mario|Aerodactyl, M|100/100
|move|p2a: Starmie|Recover|p2a: Starmie
|-heal|p2a: Starmie|61/100
|
|-weather|Sandstorm|[upkeep]
|-damage|p2a: Starmie|55/100|[from] Sandstorm
|-heal|p2a: Starmie|61/100|[from] item: Leftovers
|upkeep
|turn|57
|
|t:|1728779410
|switch|p2a: Swampert|Swampert, F|100/100
|move|p1a: Mario|Rock Slide|p2a: Swampert
|-resisted|p2a: Swampert
|-damage|p2a: Swampert|82/100
|
|-weather|Sandstorm|[upkeep]
|-heal|p2a: Swampert|89/100|[from] item: Leftovers
|upkeep
|turn|58
|
|t:|1728779415
|switch|p1a: #5|Blissey, F|100/100
|-damage|p1a: #5|76/100|[from] Spikes
|move|p2a: Swampert|Surf|p1a: #5
|-damage|p1a: #5|64/100
|
|-weather|Sandstorm|[upkeep]
|-damage|p1a: #5|58/100|[from] Sandstorm
|-heal|p2a: Swampert|95/100|[from] item: Leftovers
|-heal|p1a: #5|64/100|[from] item: Leftovers
|upkeep
|turn|59
|
|t:|1728779420
|switch|p2a: Starmie|Starmie|61/100
|move|p1a: #5|Ice Beam|p2a: Starmie
|-resisted|p2a: Starmie
|-crit|p2a: Starmie
|-damage|p2a: Starmie|24/100
|-status|p2a: Starmie|frz
|
|-weather|Sandstorm|[upkeep]
|-damage|p2a: Starmie|18/100 frz|[from] Sandstorm
|-damage|p1a: #5|58/100|[from] Sandstorm
|-heal|p2a: Starmie|24/100 frz|[from] item: Leftovers
|-heal|p1a: #5|64/100|[from] item: Leftovers
|upkeep
|turn|60
|
|t:|1728779426
|-curestatus|p2a: Starmie|frz|[from] ability: Natural Cure
|switch|p2a: Blissey|Blissey, F|60/100
|move|p1a: #5|Soft-Boiled|p1a: #5
|-heal|p1a: #5|100/100
|
|-weather|Sandstorm|[upkeep]
|-damage|p2a: Blissey|54/100|[from] Sandstorm
|-damage|p1a: #5|94/100|[from] Sandstorm
|-heal|p2a: Blissey|60/100|[from] item: Leftovers
|-heal|p1a: #5|100/100|[from] item: Leftovers
|upkeep
|turn|61
|
|t:|1728779435
|switch|p1a: #1|Skarmory, F|97/100 par
|move|p2a: Blissey|Soft-Boiled|p2a: Blissey
|-heal|p2a: Blissey|100/100
|
|-weather|Sandstorm|[upkeep]
|-damage|p2a: Blissey|94/100|[from] Sandstorm
|-heal|p2a: Blissey|100/100|[from] item: Leftovers
|-heal|p1a: #1|100/100 par|[from] item: Leftovers
|upkeep
|turn|62
|
|t:|1728779450
|switch|p2a: Starmie|Starmie|24/100
|move|p1a: #1|Toxic|p2a: Starmie|[miss]
|-miss|p1a: #1|p2a: Starmie
|
|-weather|Sandstorm|[upkeep]
|-damage|p2a: Starmie|18/100|[from] Sandstorm
|-heal|p2a: Starmie|24/100|[from] item: Leftovers
|upkeep
|turn|63
|
|t:|1728779459
|move|p2a: Starmie|Recover|p2a: Starmie
|-heal|p2a: Starmie|74/100
|move|p1a: #1|Toxic|p2a: Starmie
|-status|p2a: Starmie|tox
|
|-weather|Sandstorm|[upkeep]
|-damage|p2a: Starmie|68/100 tox|[from] Sandstorm
|-heal|p2a: Starmie|74/100 tox|[from] item: Leftovers
|-damage|p2a: Starmie|68/100 tox|[from] psn
|upkeep
|turn|64
|
|t:|1728779464
|move|p2a: Starmie|Thunderbolt|p1a: #1
|-supereffective|p1a: #1
|-damage|p1a: #1|51/100 par
|move|p1a: #1|Spikes|p2a: Starmie
|-sidestart|p2: Skarph☾eRiM|Spikes
|
|-weather|Sandstorm|[upkeep]
|-damage|p2a: Starmie|62/100 tox|[from] Sandstorm
|-heal|p2a: Starmie|68/100 tox|[from] item: Leftovers
|-damage|p2a: Starmie|56/100 tox|[from] psn
|-heal|p1a: #1|57/100 par|[from] item: Leftovers
|upkeep
|turn|65
|
|t:|1728779472
|move|p2a: Starmie|Recover|p2a: Starmie
|-heal|p2a: Starmie|100/100 tox
|move|p1a: #1|Taunt|p2a: Starmie
|-start|p2a: Starmie|move: Taunt
|
|-weather|Sandstorm|[upkeep]
|-damage|p2a: Starmie|94/100 tox|[from] Sandstorm
|-heal|p2a: Starmie|100/100 tox|[from] item: Leftovers
|-damage|p2a: Starmie|82/100 tox|[from] psn
|-heal|p1a: #1|63/100 par|[from] item: Leftovers
|upkeep
|turn|66
|
|t:|1728779486
|-curestatus|p2a: Starmie|tox|[from] ability: Natural Cure
|switch|p2a: Skarmory|Skarmory, F|60/100
|move|p1a: #1|Spikes|p2a: Skarmory
|-sidestart|p2: Skarph☾eRiM|Spikes
|
|-weather|Sandstorm|[upkeep]
|-heal|p2a: Skarmory|66/100|[from] item: Leftovers
|-heal|p1a: #1|69/100 par|[from] item: Leftovers
|upkeep
|turn|67
|
|t:|1728779501
|move|p2a: Skarmory|Protect|p2a: Skarmory
|-singleturn|p2a: Skarmory|Protect
|cant|p1a: #1|par
|
|-weather|Sandstorm|[upkeep]
|-heal|p2a: Skarmory|72/100|[from] item: Leftovers
|-heal|p1a: #1|75/100 par|[from] item: Leftovers
|upkeep
|turn|68
|
|t:|1728779505
|switch|p2a: Starmie|Starmie|82/100
|-damage|p2a: Starmie|66/100|[from] Spikes
|move|p1a: #1|Spikes|p2a: Starmie
|-sidestart|p2: Skarph☾eRiM|Spikes
|
|-weather|Sandstorm|[upkeep]
|-damage|p2a: Starmie|60/100|[from] Sandstorm
|-heal|p2a: Starmie|66/100|[from] item: Leftovers
|-heal|p1a: #1|81/100 par|[from] item: Leftovers
|upkeep
|turn|69
|
|t:|1728779509
|move|p2a: Starmie|Rapid Spin|p1a: #1
|-resisted|p1a: #1
|-damage|p1a: #1|80/100 par
|-sideend|p2: Skarph☾eRiM|Spikes|[from] move: Rapid Spin|[of] p2a: Starmie
|move|p1a: #1|Toxic|p2a: Starmie
|-status|p2a: Starmie|tox
|
|-weather|Sandstorm|[upkeep]
|-damage|p2a: Starmie|60/100 tox|[from] Sandstorm
|-heal|p2a: Starmie|66/100 tox|[from] item: Leftovers
|-damage|p2a: Starmie|60/100 tox|[from] psn
|-heal|p1a: #1|86/100 par|[from] item: Leftovers
|upkeep
|turn|70
|
|t:|1728779515
|move|p2a: Starmie|Thunderbolt|p1a: #1
|-supereffective|p1a: #1
|-damage|p1a: #1|36/100 par
|move|p1a: #1|Spikes|p2a: Starmie
|-sidestart|p2: Skarph☾eRiM|Spikes
|
|-weather|Sandstorm|[upkeep]
|-damage|p2a: Starmie|54/100 tox|[from] Sandstorm
|-heal|p2a: Starmie|60/100 tox|[from] item: Leftovers
|-damage|p2a: Starmie|48/100 tox|[from] psn
|-heal|p1a: #1|42/100 par|[from] item: Leftovers
|upkeep
|turn|71
|
|t:|1728779525
|move|p2a: Starmie|Recover|p2a: Starmie
|-heal|p2a: Starmie|98/100 tox
|move|p1a: #1|Taunt|p2a: Starmie
|-start|p2a: Starmie|move: Taunt
|
|-weather|Sandstorm|[upkeep]
|-damage|p2a: Starmie|92/100 tox|[from] Sandstorm
|-heal|p2a: Starmie|98/100 tox|[from] item: Leftovers
|-damage|p2a: Starmie|80/100 tox|[from] psn
|-heal|p1a: #1|48/100 par|[from] item: Leftovers
|upkeep
|turn|72
|inactive|GoldThe1andOnly has 270 seconds left.
|
|t:|1728779558
|-curestatus|p2a: Starmie|tox|[from] ability: Natural Cure
|switch|p2a: Skarmory|Skarmory, F|72/100
|switch|p1a: #5|Blissey, F|100/100
|-damage|p1a: #5|76/100|[from] Spikes
|
|-weather|Sandstorm|[upkeep]
|-damage|p1a: #5|69/100|[from] Sandstorm
|-heal|p2a: Skarmory|78/100|[from] item: Leftovers
|-heal|p1a: #5|76/100|[from] item: Leftovers
|upkeep
|turn|73
|
|t:|1728779569
|switch|p2a: Starmie|Starmie|80/100
|-damage|p2a: Starmie|67/100|[from] Spikes
|switch|p1a: Mario|Aerodactyl, M|100/100
|
|-weather|Sandstorm|[upkeep]
|-damage|p2a: Starmie|61/100|[from] Sandstorm
|-heal|p2a: Starmie|67/100|[from] item: Leftovers
|upkeep
|turn|74
|inactive|Skarph☾eRiM has 270 seconds left.
|
|t:|1728779592
|switch|p2a: Skarmory|Skarmory, F|78/100
|move|p1a: Mario|Double-Edge|p2a: Skarmory
|-resisted|p2a: Skarmory
|-damage|p2a: Skarmory|58/100
|
|-weather|Sandstorm|[upkeep]
|-heal|p2a: Skarmory|64/100|[from] item: Leftovers
|upkeep
|turn|75
|inactive|Skarph☾eRiM has 270 seconds left.
|
|t:|1728779603
|switch|p1a: #1|Skarmory, F|48/100 par
|move|p2a: Skarmory|Roar|p1a: #1
|drag|p1a: Mario|Aerodactyl, M|100/100
|
|-weather|Sandstorm|[upkeep]
|-heal|p2a: Skarmory|70/100|[from] item: Leftovers
|upkeep
|turn|76
|
|t:|1728779608
|move|p1a: Mario|Rock Slide|p2a: Skarmory
|-damage|p2a: Skarmory|30/100
|move|p2a: Skarmory|Roar|p1a: Mario
|drag|p1a: #1|Skarmory, F|48/100 par
|
|-weather|Sandstorm|[upkeep]
|-heal|p2a: Skarmory|36/100|[from] item: Leftovers
|-heal|p1a: #1|54/100 par|[from] item: Leftovers
|upkeep
|turn|77
|
|t:|1728779624
|switch|p1a: Mario|Aerodactyl, M|100/100
|move|p2a: Skarmory|Toxic|p1a: Mario
|-status|p1a: Mario|tox
|
|-weather|Sandstorm|[upkeep]
|-damage|p1a: Mario|95/100 tox|[from] psn
|-heal|p2a: Skarmory|42/100|[from] item: Leftovers
|upkeep
|turn|78
|
|t:|1728779629
|move|p2a: Skarmory|Protect|p2a: Skarmory
|-singleturn|p2a: Skarmory|Protect
|move|p1a: Mario|Rock Slide|p2a: Skarmory
|-activate|p2a: Skarmory|Protect
|
|-weather|Sandstorm|[upkeep]
|-damage|p1a: Mario|83/100 tox|[from] psn
|-heal|p2a: Skarmory|48/100|[from] item: Leftovers
|upkeep
|turn|79
|
|t:|1728779633
|switch|p1a: #1|Skarmory, F|54/100 par
|switch|p2a: Swampert|Swampert, F|95/100
|-damage|p2a: Swampert|82/100|[from] Spikes
|
|-weather|Sandstorm|[upkeep]
|-heal|p2a: Swampert|89/100|[from] item: Leftovers
|-heal|p1a: #1|60/100 par|[from] item: Leftovers
|upkeep
|turn|80
|
|t:|1728779643
|move|p2a: Swampert|Surf|p1a: #1
|-damage|p1a: #1|32/100 par
|move|p1a: #1|Taunt|p2a: Swampert
|-start|p2a: Swampert|move: Taunt
|
|-weather|Sandstorm|[upkeep]
|-heal|p2a: Swampert|95/100|[from] item: Leftovers
|-heal|p1a: #1|38/100 par|[from] item: Leftovers
|upkeep
|turn|81
|
|t:|1728779653
|move|p2a: Swampert|Surf|p1a: #1
|-damage|p1a: #1|10/100 par
|move|p1a: #1|Toxic|p2a: Swampert|[miss]
|-miss|p1a: #1|p2a: Swampert
|
|-weather|Sandstorm|[upkeep]
|-heal|p2a: Swampert|100/100|[from] item: Leftovers
|-end|p2a: Swampert|move: Taunt|[silent]
|-heal|p1a: #1|16/100 par|[from] item: Leftovers
|upkeep
|turn|82
|
|t:|1728779665
|switch|p1a: #5|Blissey, F|76/100
|-damage|p1a: #5|51/100|[from] Spikes
|move|p2a: Swampert|Surf|p1a: #5
|-damage|p1a: #5|38/100
|
|-weather|Sandstorm|[upkeep]
|-damage|p1a: #5|32/100|[from] Sandstorm
|-heal|p1a: #5|38/100|[from] item: Leftovers
|upkeep
|turn|83
|
|t:|1728779675
|switch|p2a: Starmie|Starmie|67/100
|-damage|p2a: Starmie|55/100|[from] Spikes
|move|p1a: #5|Seismic Toss|p2a: Starmie
|-damage|p2a: Starmie|19/100
|
|-weather|Sandstorm|[upkeep]
|-damage|p2a: Starmie|13/100|[from] Sandstorm
|-damage|p1a: #5|32/100|[from] Sandstorm
|-heal|p2a: Starmie|19/100|[from] item: Leftovers
|-heal|p1a: #5|38/100|[from] item: Leftovers
|upkeep
|turn|84
|
|t:|1728779679
|switch|p1a: Mario|Aerodactyl, M|83/100 tox
|move|p2a: Starmie|Recover|p2a: Starmie
|-heal|p2a: Starmie|69/100
|
|-weather|Sandstorm|[upkeep]
|-damage|p2a: Starmie|63/100|[from] Sandstorm
|-damage|p1a: Mario|77/100 tox|[from] psn
|-heal|p2a: Starmie|69/100|[from] item: Leftovers
|upkeep
|turn|85
|
|t:|1728779685
|switch|p2a: Swampert|Swampert, F|100/100
|-damage|p2a: Swampert|88/100|[from] Spikes
|move|p1a: Mario|Double-Edge|p2a: Swampert
|-damage|p2a: Swampert|50/100
|
|-weather|Sandstorm|[upkeep]
|-damage|p1a: Mario|65/100 tox|[from] psn
|-heal|p2a: Swampert|56/100|[from] item: Leftovers
|upkeep
|turn|86
|
|t:|1728779689
|switch|p1a: #5|Blissey, F|38/100
|-damage|p1a: #5|13/100|[from] Spikes
|move|p2a: Swampert|Surf|p1a: #5
|-damage|p1a: #5|2/100
|
|-weather|Sandstorm|[upkeep]
|-damage|p1a: #5|0 fnt|[from] Sandstorm
|faint|p1a: #5
|-heal|p2a: Swampert|63/100|[from] item: Leftovers
|upkeep
|c|☆GoldThe1andOnly|gg
|c|☆Skarph☾eRiM|gg
|-message|GoldThe1andOnly forfeited.
|
|win|Skarph☾eRiM

</script>
<script type="application/json" class="data" id="replaydata-smogtours-gen3ou-797888">
{"id":"smogtours-gen3ou-797888","format":"[Gen 3] OU","players":["GoldThe1andOnly","Skarph\u263eeRiM"],"uploadtime":1728779703,"views":93,"formatid":"gen3ou","rating":null,"private":1,"password":null}
</script>

<script defer src="js/replays.js?9d40a366"></script>
