<!DOCTYPE html>
<meta charset="utf-8" />
<meta name="viewport" content="width=device-width" />

<title>[Gen 3] OU: Ragnarocco24 vs. xXEricXx - Replays - Pok&eacute;mon Showdown!</title>

<meta name="description" content="Watch a replay of a Pok&eacute;mon battle between Ragnarocco24 and xXEricXx! Format: [Gen 3] OU; Date: Oct 5, 2024" />
<!--

Hey, you! Looking in the source for the replay log?

You can find them in JSON format, just add `.json` at the end of a replay URL.

https://replay.pokemonshowdown.com/gen7randomdoublesbattle-865046831.json

Or, if you only need the log itself, add `.log` instead:

https://replay.pokemonshowdown.com/gen7randomdoublesbattle-865046831.log

-->

<link rel="stylesheet" href="//pokemonshowdown.com/style/global.css?0.767286132409787" />
<link rel="stylesheet" href="//play.pokemonshowdown.com/style/font-awesome.css?0.9266228007934947" />
<link rel="stylesheet" href="//play.pokemonshowdown.com/style/battle.css?0.7924700842790926" />
<link rel="stylesheet" href="//play.pokemonshowdown.com/style/utilichart.css?0.8777417872839479" />

<!-- Global site tag (gtag.js) - Google Analytics -->
<script async src="https://www.googletagmanager.com/gtag/js?id=UA-26211653-1"></script>
<script>
  window.dataLayer = window.dataLayer || [];
  function gtag(){dataLayer.push(arguments);}
  gtag('js', new Date());

  gtag('config', 'UA-26211653-1');
</script>
<!-- End Google Analytics -->
<!-- Venatus Ad Manager - Install in <HEAD> of page -->
	<script src="https://hb.vntsm.com/v3/live/ad-manager.min.js" type="text/javascript" data-site-id="642aba63ec9a7b11c3c9c1be" data-mode="scan" async></script>
<!-- / Venatus Ad Manager -->

<style>
	@media (max-width:820px) {
		.battle {
			margin: 0 auto;
		}
		.battle-log {
			margin: 7px auto 0;
			max-width: 640px;
			height: 300px;
			position: static;
		}
	}
	.optgroup {
		display: inline-block;
		line-height: 22px;
		font-size: 10pt;
	}
	.optgroup .button {
		height: 25px;
		padding-top: 0;
		padding-bottom: 0;
	}
	.optgroup button.button {
		padding-left: 12px;
		padding-right: 12px;
	}
	.linklist {
		list-style: none;
		margin: 0.5em 0;
		padding: 0;
	}
	.linklist li {
		padding: 2px 0;
	}
	.sidebar {
		float: left;
		width: 320px;
	}
	.bar-wrapper {
		max-width: 1100px;
		margin: 0 auto;
	}
	.bar-wrapper.has-sidebar {
		max-width: 1430px;
	}
	.mainbar {
		margin: 0;
		padding-right: 1px;
	}
	.mainbar.has-sidebar {
		margin-left: 330px;
	}
	@media (min-width: 1511px) {
		.sidebar {
			width: 400px;
		}
		.bar-wrapper.has-sidebar {
			max-width: 1510px;
		}
		.mainbar.has-sidebar {
			margin-left: 410px;
		}
	}
	.section.first-section {
		margin-top: 9px;
	}
	.blocklink small {
		white-space: normal;
	}
	.button {
		vertical-align: middle;
	}
	.replay-controls {
		padding-top: 10px;
	}
	.replay-controls h1 {
		font-size: 16pt;
		font-weight: normal;
		color: #CCC;
	}
	.pagelink {
		text-align: center;
	}
	.pagelink a {
		width: 150px;
	}
	.textbox, .button {
		font-size: 11pt;
		vertical-align: middle;
	}
	@media (max-width: 450px) {
		.button {
			font-size: 9pt;
		}
	}
</style>

<div>

	<header>
		<div class="nav-wrapper"><ul class="nav">
			<li><a class="button nav-first" href="//pokemonshowdown.com/"><img src="//pokemonshowdown.com/images/pokemonshowdownbeta.png" srcset="//pokemonshowdown.com/images/pokemonshowdownbeta.png 1x, //pokemonshowdown.com/images/pokemonshowdownbeta@2x.png 2x" alt="Pok&eacute;mon Showdown" width="146" height="44" /> Home</a></li>
			<li><a class="button" href="//pokemonshowdown.com/dex/">Pok&eacute;dex</a></li>
			<li><a class="button cur" href="/">Replays</a></li>
			<li><a class="button" href="//pokemonshowdown.com/ladder/">Ladder</a></li>
			<li><a class="button nav-last" href="//pokemonshowdown.com/forums/">Forum</a></li>
			<li><a class="button greenbutton nav-first nav-last" href="//play.pokemonshowdown.com/">Play</a></li>
		</ul></div>
	</header>

	<div class="main" id="main">

		<noscript><section class="section">You need to enable JavaScript to use this page; sorry!</section></noscript>

	</div>

</div>

<script defer nomodule src="//play.pokemonshowdown.com/js/lib/ps-polyfill.js"></script>
<script defer src="//play.pokemonshowdown.com/js/lib/preact.min.js"></script>

<script defer src="//play.pokemonshowdown.com/config/config.js?6dec07f6"></script>
<script defer src="//play.pokemonshowdown.com/js/lib/jquery-1.11.0.min.js"></script>
<script defer src="//play.pokemonshowdown.com/js/lib/html-sanitizer-minified.js"></script>
<script defer src="//play.pokemonshowdown.com/js/battle-sound.js"></script>
<script defer src="//play.pokemonshowdown.com/js/battledata.js?0.6315294753075389"></script>
<script defer src="//play.pokemonshowdown.com/data/pokedex-mini.js?0.7603743185311358"></script>
<script defer src="//play.pokemonshowdown.com/data/pokedex-mini-bw.js?0.030888842834281283"></script>
<script defer src="//play.pokemonshowdown.com/data/graphics.js?0.05593094747507488"></script>
<script defer src="//play.pokemonshowdown.com/data/pokedex.js?0.47064822249611904"></script>
<script defer src="//play.pokemonshowdown.com/data/moves.js?0.8583693120512459"></script>
<script defer src="//play.pokemonshowdown.com/data/abilities.js?0.16017181182386842"></script>
<script defer src="//play.pokemonshowdown.com/data/items.js?0.4163379185673943"></script>
<script defer src="//play.pokemonshowdown.com/data/teambuilder-tables.js?0.31075597372830477"></script>
<script defer src="//play.pokemonshowdown.com/js/battle-tooltips.js?0.6536193500708172"></script>
<script defer src="//play.pokemonshowdown.com/js/battle.js?0.1916591943277901"></script>

<script defer src="js/utils.js?e31f9a17"></script>
<script defer src="js/replays-battle.js?7008c182"></script>

<!-- don't scrape this data! just add .json or .log after the URL!
Full API docs: https://github.com/smogon/pokemon-showdown-client/blob/master/WEB-API.md -->
<script type="text/plain" class="log" id="replaylog-smogtours-gen3ou-795293">
|inactive|Battle timer is ON: inactive players will automatically lose when time's up.
|t:|1728171187
|gametype|singles
|player|p1|Ragnarocco24|170|
|player|p2|xXEricXx|red|
|teamsize|p1|6
|teamsize|p2|6
|gen|3
|tier|[Gen 3] OU
|rule|Sleep Clause Mod: Limit one foe put to sleep
|rule|Switch Priority Clause Mod: Faster Pokémon switch first
|rule|Species Clause: Limit one of each Pokémon
|rule|OHKO Clause: OHKO moves are banned
|rule|Evasion Items Clause: Evasion items are banned
|rule|Evasion Moves Clause: Evasion moves are banned
|rule|Endless Battle Clause: Forcing endless battles is banned
|rule|HP Percentage Mod: HP is shown in percentages
|rule|One Boost Passer Clause: Limit one Baton Passer that has a way to boost its stats
|rule|Freeze Clause Mod: Limit one foe frozen
|
|t:|1728171187
|start
|switch|p1a: Blaziken|Blaziken, M|100/100
|switch|p2a: Tyranitar|Tyranitar, F|100/100
|-weather|Sandstorm|[from] ability: Sand Stream|[of] p2a: Tyranitar
|turn|1
|c|☆xXEricXx|hf
|inactive|Ragnarocco24 has 270 seconds left.
|
|t:|1728171219
|switch|p2a: Starmie|Starmie, shiny|100/100
|move|p1a: Blaziken|Sky Uppercut|p2a: Starmie
|-resisted|p2a: Starmie
|-damage|p2a: Starmie|81/100
|
|-weather|Sandstorm|[upkeep]
|-damage|p2a: Starmie|74/100|[from] Sandstorm
|-damage|p1a: Blaziken|94/100|[from] Sandstorm
|-heal|p2a: Starmie|81/100|[from] item: Leftovers
|-heal|p1a: Blaziken|100/100|[from] item: Leftovers
|upkeep
|turn|2
|
|t:|1728171236
|switch|p1a: Celebi|Celebi|100/100
|move|p2a: Starmie|Thunder Wave|p1a: Celebi
|-status|p1a: Celebi|par
|
|-weather|Sandstorm|[upkeep]
|-damage|p2a: Starmie|74/100|[from] Sandstorm
|-damage|p1a: Celebi|94/100 par|[from] Sandstorm
|-heal|p2a: Starmie|81/100|[from] item: Leftovers
|-heal|p1a: Celebi|100/100 par|[from] item: Leftovers
|upkeep
|turn|3
|
|t:|1728171248
|switch|p2a: Skarmory|Skarmory, M|100/100
|move|p1a: Celebi|Leech Seed|p2a: Skarmory
|-start|p2a: Skarmory|move: Leech Seed
|
|-weather|Sandstorm|[upkeep]
|-damage|p1a: Celebi|94/100 par|[from] Sandstorm
|-damage|p2a: Skarmory|88/100|[from] Leech Seed|[of] p1a: Celebi
|-heal|p1a: Celebi|100/100 par|[silent]
|upkeep
|turn|4
|
|t:|1728171265
|switch|p2a: Aerodactyl|Aerodactyl, M|100/100
|-curestatus|p1a: Celebi|par|[from] ability: Natural Cure
|switch|p1a: Blaziken|Blaziken, M|100/100
|
|-weather|Sandstorm|[upkeep]
|-damage|p1a: Blaziken|94/100|[from] Sandstorm
|-heal|p1a: Blaziken|100/100|[from] item: Leftovers
|upkeep
|turn|5
|c|☆Ragnarocco24|Glhf
|c|☆xXEricXx|u2
|c|☆Ragnarocco24|Sorry bit weird oj mobile!
|
|t:|1728171281
|switch|p1a: Skarmory|Skarmory, F|100/100
|move|p2a: Aerodactyl|Earthquake|p1a: Skarmory
|-immune|p1a: Skarmory
|
|-weather|Sandstorm|[upkeep]
|upkeep
|turn|6
|
|t:|1728171291
|switch|p2a: Skarmory|Skarmory, M|88/100
|move|p1a: Skarmory|Spikes|p2a: Skarmory
|-sidestart|p2: xXEricXx|Spikes
|
|-weather|Sandstorm|[upkeep]
|-heal|p2a: Skarmory|94/100|[from] item: Leftovers
|upkeep
|turn|7
|
|t:|1728171299
|switch|p1a: Blaziken|Blaziken, M|100/100
|move|p2a: Skarmory|Spikes|p1a: Blaziken
|-sidestart|p1: Ragnarocco24|Spikes
|
|-weather|Sandstorm|[upkeep]
|-damage|p1a: Blaziken|94/100|[from] Sandstorm
|-heal|p1a: Blaziken|100/100|[from] item: Leftovers
|-heal|p2a: Skarmory|99/100|[from] item: Leftovers
|upkeep
|turn|8
|
|t:|1728171304
|switch|p2a: Aerodactyl|Aerodactyl, M|100/100
|move|p1a: Blaziken|Fire Blast|p2a: Aerodactyl
|-resisted|p2a: Aerodactyl
|-damage|p2a: Aerodactyl|57/100
|
|-weather|Sandstorm|[upkeep]
|-damage|p1a: Blaziken|94/100|[from] Sandstorm
|-heal|p1a: Blaziken|100/100|[from] item: Leftovers
|upkeep
|turn|9
|
|t:|1728171316
|switch|p1a: Skarmory|Skarmory, F|100/100
|move|p2a: Aerodactyl|Rock Slide|p1a: Skarmory
|-damage|p1a: Skarmory|61/100
|
|-weather|Sandstorm|[upkeep]
|-heal|p1a: Skarmory|67/100|[from] item: Leftovers
|upkeep
|turn|10
|
|t:|1728171324
|move|p2a: Aerodactyl|Rock Slide|p1a: Skarmory
|-damage|p1a: Skarmory|25/100
|move|p1a: Skarmory|Spikes|p2a: Aerodactyl
|-sidestart|p2: xXEricXx|Spikes
|
|-weather|Sandstorm|[upkeep]
|-heal|p1a: Skarmory|31/100|[from] item: Leftovers
|upkeep
|turn|11
|
|t:|1728171329
|move|p1a: Skarmory|Protect|p1a: Skarmory
|-singleturn|p1a: Skarmory|Protect
|move|p2a: Aerodactyl|Rock Slide|p1a: Skarmory
|-activate|p1a: Skarmory|Protect
|
|-weather|Sandstorm|[upkeep]
|-heal|p1a: Skarmory|37/100|[from] item: Leftovers
|upkeep
|turn|12
|
|t:|1728171332
|switch|p1a: Swampert|Swampert, F|100/100
|-damage|p1a: Swampert|88/100|[from] Spikes
|move|p2a: Aerodactyl|Rock Slide|p1a: Swampert
|-resisted|p1a: Swampert
|-damage|p1a: Swampert|72/100
|
|-weather|Sandstorm|[upkeep]
|-heal|p1a: Swampert|78/100|[from] item: Leftovers
|upkeep
|turn|13
|
|t:|1728171341
|switch|p2a: Celebi|Celebi|100/100
|-damage|p2a: Celebi|84/100|[from] Spikes
|move|p1a: Swampert|Hydro Pump|p2a: Celebi
|-resisted|p2a: Celebi
|-damage|p2a: Celebi|70/100
|
|-weather|Sandstorm|[upkeep]
|-damage|p2a: Celebi|64/100|[from] Sandstorm
|-heal|p2a: Celebi|70/100|[from] item: Leftovers
|-heal|p1a: Swampert|85/100|[from] item: Leftovers
|upkeep
|turn|14
|
|t:|1728171352
|switch|p1a: Blaziken|Blaziken, M|100/100
|-damage|p1a: Blaziken|88/100|[from] Spikes
|move|p2a: Celebi|Psychic|p1a: Blaziken
|-supereffective|p1a: Blaziken
|-damage|p1a: Blaziken|0 fnt
|faint|p1a: Blaziken
|
|t:|1728171359
|switch|p1a: Salamence|Salamence, F|100/100
|-ability|p1a: Salamence|Intimidate|boost
|-unboost|p2a: Celebi|atk|1
|
|-weather|Sandstorm|[upkeep]
|-damage|p1a: Salamence|94/100|[from] Sandstorm
|-damage|p2a: Celebi|64/100|[from] Sandstorm
|-heal|p2a: Celebi|70/100|[from] item: Leftovers
|upkeep
|turn|15
|
|t:|1728171369
|switch|p2a: Swampert|Swampert, F|100/100
|-damage|p2a: Swampert|84/100|[from] Spikes
|move|p1a: Salamence|Brick Break|p2a: Swampert
|-damage|p2a: Swampert|57/100
|
|-weather|Sandstorm|[upkeep]
|-damage|p1a: Salamence|88/100|[from] Sandstorm
|-heal|p2a: Swampert|63/100|[from] item: Leftovers
|upkeep
|turn|16
|
|t:|1728171379
|switch|p1a: Celebi|Celebi|100/100
|-damage|p1a: Celebi|88/100|[from] Spikes
|move|p2a: Swampert|Protect||[still]
|-fail|p2a: Swampert
|
|-weather|Sandstorm|[upkeep]
|-damage|p1a: Celebi|82/100|[from] Sandstorm
|-heal|p1a: Celebi|88/100|[from] item: Leftovers
|-heal|p2a: Swampert|69/100|[from] item: Leftovers
|upkeep
|turn|17
|
|t:|1728171397
|switch|p2a: Aerodactyl|Aerodactyl, M|57/100
|move|p1a: Celebi|Leech Seed|p2a: Aerodactyl
|-start|p2a: Aerodactyl|move: Leech Seed
|
|-weather|Sandstorm|[upkeep]
|-damage|p1a: Celebi|82/100|[from] Sandstorm
|-damage|p2a: Aerodactyl|45/100|[from] Leech Seed|[of] p1a: Celebi
|-heal|p1a: Celebi|91/100|[silent]
|-heal|p1a: Celebi|97/100|[from] item: Leftovers
|upkeep
|turn|18
|
|t:|1728171409
|switch|p2a: Skarmory|Skarmory, M|99/100
|move|p1a: Celebi|Giga Drain|p2a: Skarmory
|-resisted|p2a: Skarmory
|-damage|p2a: Skarmory|95/100
|-heal|p1a: Celebi|99/100|[from] drain|[of] p2a: Skarmory
|
|-weather|Sandstorm|[upkeep]
|-damage|p1a: Celebi|93/100|[from] Sandstorm
|-heal|p1a: Celebi|99/100|[from] item: Leftovers
|-heal|p2a: Skarmory|100/100|[from] item: Leftovers
|upkeep
|turn|19
|
|t:|1728171428
|switch|p1a: Skarmory|Skarmory, F|37/100
|move|p2a: Skarmory|Spikes|p1a: Skarmory
|-sidestart|p1: Ragnarocco24|Spikes
|
|-weather|Sandstorm|[upkeep]
|-heal|p1a: Skarmory|43/100|[from] item: Leftovers
|upkeep
|turn|20
|inactive|xXEricXx has 270 seconds left.
|
|t:|1728171478
|move|p1a: Skarmory|Spikes|p2a: Skarmory
|-sidestart|p2: xXEricXx|Spikes
|move|p2a: Skarmory|Spikes|p1a: Skarmory
|-sidestart|p1: Ragnarocco24|Spikes
|
|-weather|Sandstorm|[upkeep]
|-heal|p1a: Skarmory|49/100|[from] item: Leftovers
|upkeep
|turn|21
|
|t:|1728171491
|move|p1a: Skarmory|Roar|p2a: Skarmory
|drag|p2a: Tyranitar|Tyranitar, F|100/100
|-damage|p2a: Tyranitar|76/100|[from] Spikes
|
|-weather|Sandstorm|[upkeep]
|-heal|p2a: Tyranitar|82/100|[from] item: Leftovers
|-heal|p1a: Skarmory|55/100|[from] item: Leftovers
|upkeep
|turn|22
|inactive|xXEricXx has 270 seconds left.
|
|t:|1728171502
|move|p2a: Tyranitar|Rock Slide|p1a: Skarmory
|-damage|p1a: Skarmory|23/100
|cant|p1a: Skarmory|flinch
|
|-weather|Sandstorm|[upkeep]
|-heal|p2a: Tyranitar|88/100|[from] item: Leftovers
|-heal|p1a: Skarmory|29/100|[from] item: Leftovers
|upkeep
|turn|23
|inactive|xXEricXx has 270 seconds left.
|
|t:|1728171511
|move|p1a: Skarmory|Protect|p1a: Skarmory
|-singleturn|p1a: Skarmory|Protect
|move|p2a: Tyranitar|Rock Slide|p1a: Skarmory|[miss]
|-miss|p2a: Tyranitar|p1a: Skarmory
|
|-weather|Sandstorm|[upkeep]
|-heal|p2a: Tyranitar|94/100|[from] item: Leftovers
|-heal|p1a: Skarmory|35/100|[from] item: Leftovers
|upkeep
|turn|24
|
|t:|1728171518
|move|p2a: Tyranitar|Rock Slide|p1a: Skarmory
|-damage|p1a: Skarmory|4/100
|move|p1a: Skarmory|Toxic|p2a: Tyranitar
|-status|p2a: Tyranitar|tox
|
|-weather|Sandstorm|[upkeep]
|-heal|p2a: Tyranitar|100/100 tox|[from] item: Leftovers
|-damage|p2a: Tyranitar|94/100 tox|[from] psn
|-heal|p1a: Skarmory|10/100|[from] item: Leftovers
|upkeep
|turn|25
|
|t:|1728171527
|switch|p2a: Starmie|Starmie, shiny|81/100
|-damage|p2a: Starmie|56/100|[from] Spikes
|move|p1a: Skarmory|Protect||[still]
|-fail|p1a: Skarmory
|
|-weather|Sandstorm|[upkeep]
|-damage|p2a: Starmie|50/100|[from] Sandstorm
|-heal|p2a: Starmie|56/100|[from] item: Leftovers
|-heal|p1a: Skarmory|16/100|[from] item: Leftovers
|upkeep
|turn|26
|
|t:|1728171534
|move|p2a: Starmie|Rapid Spin|p1a: Skarmory
|-resisted|p1a: Skarmory
|-damage|p1a: Skarmory|15/100
|-sideend|p2: xXEricXx|Spikes|[from] move: Rapid Spin|[of] p2a: Starmie
|move|p1a: Skarmory|Toxic|p2a: Starmie
|-status|p2a: Starmie|tox
|
|-weather|Sandstorm|[upkeep]
|-damage|p2a: Starmie|50/100 tox|[from] Sandstorm
|-heal|p2a: Starmie|56/100 tox|[from] item: Leftovers
|-damage|p2a: Starmie|50/100 tox|[from] psn
|-heal|p1a: Skarmory|21/100|[from] item: Leftovers
|upkeep
|turn|27
|
|t:|1728171545
|move|p2a: Starmie|Recover|p2a: Starmie
|-heal|p2a: Starmie|99/100 tox
|move|p1a: Skarmory|Spikes|p2a: Starmie
|-sidestart|p2: xXEricXx|Spikes
|
|-weather|Sandstorm|[upkeep]
|-damage|p2a: Starmie|93/100 tox|[from] Sandstorm
|-heal|p2a: Starmie|99/100 tox|[from] item: Leftovers
|-damage|p2a: Starmie|87/100 tox|[from] psn
|-heal|p1a: Skarmory|27/100|[from] item: Leftovers
|upkeep
|turn|28
|
|t:|1728171564
|move|p1a: Skarmory|Protect|p1a: Skarmory
|-singleturn|p1a: Skarmory|Protect
|move|p2a: Starmie|Recover|p2a: Starmie
|-heal|p2a: Starmie|100/100 tox
|
|-weather|Sandstorm|[upkeep]
|-damage|p2a: Starmie|94/100 tox|[from] Sandstorm
|-heal|p2a: Starmie|100/100 tox|[from] item: Leftovers
|-damage|p2a: Starmie|82/100 tox|[from] psn
|-heal|p1a: Skarmory|33/100|[from] item: Leftovers
|upkeep
|turn|29
|
|t:|1728171575
|move|p2a: Starmie|Thunder Wave|p1a: Skarmory
|-status|p1a: Skarmory|par
|move|p1a: Skarmory|Toxic|p2a: Starmie
|-fail|p2a: Starmie|tox
|
|-weather|Sandstorm|[upkeep]
|-damage|p2a: Starmie|76/100 tox|[from] Sandstorm
|-heal|p2a: Starmie|82/100 tox|[from] item: Leftovers
|-damage|p2a: Starmie|57/100 tox|[from] psn
|-heal|p1a: Skarmory|39/100 par|[from] item: Leftovers
|upkeep
|turn|30
|
|t:|1728171583
|-curestatus|p2a: Starmie|tox|[from] ability: Natural Cure
|switch|p2a: Celebi|Celebi|70/100
|-damage|p2a: Celebi|58/100|[from] Spikes
|move|p1a: Skarmory|Toxic|p2a: Celebi
|-status|p2a: Celebi|tox
|
|-weather|Sandstorm|[upkeep]
|-damage|p2a: Celebi|51/100 tox|[from] Sandstorm
|-heal|p2a: Celebi|58/100 tox|[from] item: Leftovers
|-damage|p2a: Celebi|51/100 tox|[from] psn
|-heal|p1a: Skarmory|46/100 par|[from] item: Leftovers
|upkeep
|turn|31
|
|t:|1728171601
|move|p2a: Celebi|Recover|p2a: Celebi
|-heal|p2a: Celebi|100/100 tox
|cant|p1a: Skarmory|par
|
|-weather|Sandstorm|[upkeep]
|-damage|p2a: Celebi|94/100 tox|[from] Sandstorm
|-heal|p2a: Celebi|100/100 tox|[from] item: Leftovers
|-damage|p2a: Celebi|88/100 tox|[from] psn
|-heal|p1a: Skarmory|52/100 par|[from] item: Leftovers
|upkeep
|turn|32
|
|t:|1728171604
|move|p2a: Celebi|Leech Seed|p1a: Skarmory
|-start|p1a: Skarmory|move: Leech Seed
|move|p1a: Skarmory|Spikes|p2a: Celebi
|-sidestart|p2: xXEricXx|Spikes
|
|-weather|Sandstorm|[upkeep]
|-damage|p2a: Celebi|82/100 tox|[from] Sandstorm
|-heal|p2a: Celebi|88/100 tox|[from] item: Leftovers
|-damage|p2a: Celebi|69/100 tox|[from] psn
|-heal|p1a: Skarmory|58/100 par|[from] item: Leftovers
|-damage|p1a: Skarmory|45/100 par|[from] Leech Seed|[of] p2a: Celebi
|-heal|p2a: Celebi|80/100 tox|[silent]
|upkeep
|turn|33
|
|t:|1728171611
|-curestatus|p2a: Celebi|tox|[from] ability: Natural Cure
|switch|p2a: Aerodactyl|Aerodactyl, M|45/100
|switch|p1a: Celebi|Celebi|99/100
|-damage|p1a: Celebi|74/100|[from] Spikes
|
|-weather|Sandstorm|[upkeep]
|-damage|p1a: Celebi|68/100|[from] Sandstorm
|-heal|p1a: Celebi|74/100|[from] item: Leftovers
|upkeep
|turn|34
|
|t:|1728171621
|switch|p1a: Skarmory|Skarmory, F|45/100 par
|move|p2a: Aerodactyl|Hidden Power|p1a: Skarmory
|-resisted|p1a: Skarmory
|-damage|p1a: Skarmory|39/100 par
|
|-weather|Sandstorm|[upkeep]
|-heal|p1a: Skarmory|45/100 par|[from] item: Leftovers
|upkeep
|turn|35
|
|t:|1728171631
|switch|p2a: Starmie|Starmie, shiny|57/100
|-damage|p2a: Starmie|41/100|[from] Spikes
|cant|p1a: Skarmory|par
|
|-weather|Sandstorm|[upkeep]
|-damage|p2a: Starmie|35/100|[from] Sandstorm
|-heal|p2a: Starmie|41/100|[from] item: Leftovers
|-heal|p1a: Skarmory|51/100 par|[from] item: Leftovers
|upkeep
|turn|36
|
|t:|1728171641
|move|p2a: Starmie|Surf|p1a: Skarmory
|-damage|p1a: Skarmory|22/100 par
|move|p1a: Skarmory|Toxic|p2a: Starmie
|-status|p2a: Starmie|tox
|
|-weather|Sandstorm|[upkeep]
|-damage|p2a: Starmie|35/100 tox|[from] Sandstorm
|-heal|p2a: Starmie|41/100 tox|[from] item: Leftovers
|-damage|p2a: Starmie|35/100 tox|[from] psn
|-heal|p1a: Skarmory|28/100 par|[from] item: Leftovers
|upkeep
|turn|37
|
|t:|1728171648
|move|p1a: Skarmory|Protect|p1a: Skarmory
|-singleturn|p1a: Skarmory|Protect
|move|p2a: Starmie|Recover|p2a: Starmie
|-heal|p2a: Starmie|84/100 tox
|
|-weather|Sandstorm|[upkeep]
|-damage|p2a: Starmie|78/100 tox|[from] Sandstorm
|-heal|p2a: Starmie|84/100 tox|[from] item: Leftovers
|-damage|p2a: Starmie|72/100 tox|[from] psn
|-heal|p1a: Skarmory|34/100 par|[from] item: Leftovers
|upkeep
|turn|38
|
|t:|1728171668
|-curestatus|p2a: Starmie|tox|[from] ability: Natural Cure
|switch|p2a: Skarmory|Skarmory, M|100/100
|move|p1a: Skarmory|Spikes|p2a: Skarmory
|-sidestart|p2: xXEricXx|Spikes
|
|-weather|Sandstorm|[upkeep]
|-heal|p1a: Skarmory|40/100 par|[from] item: Leftovers
|upkeep
|turn|39
|
|t:|1728171678
|move|p1a: Skarmory|Protect|p1a: Skarmory
|-singleturn|p1a: Skarmory|Protect
|move|p2a: Skarmory|Roar|p1a: Skarmory
|-activate|p1a: Skarmory|Protect
|
|-weather|Sandstorm|[upkeep]
|-heal|p1a: Skarmory|46/100 par|[from] item: Leftovers
|upkeep
|turn|40
|
|t:|1728171681
|move|p2a: Skarmory|Roar|p1a: Skarmory
|drag|p1a: Aerodactyl|Aerodactyl, F|100/100
|
|-weather|Sandstorm|[upkeep]
|upkeep
|turn|41
|
|t:|1728171686
|move|p2a: Skarmory|Protect|p2a: Skarmory
|-singleturn|p2a: Skarmory|Protect
|move|p1a: Aerodactyl|Rock Slide|p2a: Skarmory
|-activate|p2a: Skarmory|Protect
|
|-weather|Sandstorm|[upkeep]
|upkeep
|turn|42
|
|t:|1728171716
|switch|p1a: Celebi|Celebi|74/100
|-damage|p1a: Celebi|49/100|[from] Spikes
|switch|p2a: Swampert|Swampert, F|69/100
|-damage|p2a: Swampert|44/100|[from] Spikes
|
|-weather|Sandstorm|[upkeep]
|-damage|p1a: Celebi|43/100|[from] Sandstorm
|-heal|p1a: Celebi|49/100|[from] item: Leftovers
|-heal|p2a: Swampert|50/100|[from] item: Leftovers
|upkeep
|turn|43
|inactive|xXEricXx has 270 seconds left.
|
|t:|1728171734
|move|p2a: Swampert|Protect|p2a: Swampert
|-singleturn|p2a: Swampert|Protect
|move|p1a: Celebi|Heal Bell|p1a: Celebi
|-activate|p1a: Celebi|move: Heal Bell
|-curestatus|p1: Skarmory|par|[silent]
|
|-weather|Sandstorm|[upkeep]
|-damage|p1a: Celebi|43/100|[from] Sandstorm
|-heal|p1a: Celebi|49/100|[from] item: Leftovers
|-heal|p2a: Swampert|57/100|[from] item: Leftovers
|upkeep
|turn|44
|inactive|xXEricXx has 270 seconds left.
|
|t:|1728171757
|switch|p2a: Skarmory|Skarmory, M|100/100
|move|p1a: Celebi|Leech Seed|p2a: Skarmory
|-start|p2a: Skarmory|move: Leech Seed
|
|-weather|Sandstorm|[upkeep]
|-damage|p1a: Celebi|43/100|[from] Sandstorm
|-heal|p1a: Celebi|49/100|[from] item: Leftovers
|-damage|p2a: Skarmory|88/100|[from] Leech Seed|[of] p1a: Celebi
|-heal|p1a: Celebi|59/100|[silent]
|upkeep
|turn|45
|
|t:|1728171772
|switch|p2a: Celebi|Celebi|80/100
|-damage|p2a: Celebi|55/100|[from] Spikes
|move|p1a: Celebi|Psychic|p2a: Celebi
|-resisted|p2a: Celebi
|-damage|p2a: Celebi|43/100
|
|-weather|Sandstorm|[upkeep]
|-damage|p1a: Celebi|53/100|[from] Sandstorm
|-damage|p2a: Celebi|36/100|[from] Sandstorm
|-heal|p1a: Celebi|59/100|[from] item: Leftovers
|-heal|p2a: Celebi|43/100|[from] item: Leftovers
|upkeep
|turn|46
|
|t:|1728171786
|switch|p1a: Skarmory|Skarmory, F|46/100
|move|p2a: Celebi|Recover|p2a: Celebi
|-heal|p2a: Celebi|93/100
|
|-weather|Sandstorm|[upkeep]
|-damage|p2a: Celebi|86/100|[from] Sandstorm
|-heal|p2a: Celebi|93/100|[from] item: Leftovers
|-heal|p1a: Skarmory|52/100|[from] item: Leftovers
|upkeep
|turn|47
|
|t:|1728171801
|move|p2a: Celebi|Leech Seed|p1a: Skarmory
|-start|p1a: Skarmory|move: Leech Seed
|move|p1a: Skarmory|Roar|p2a: Celebi
|drag|p2a: Aerodactyl|Aerodactyl, M|45/100
|
|-weather|Sandstorm|[upkeep]
|-heal|p1a: Skarmory|58/100|[from] item: Leftovers
|-damage|p1a: Skarmory|46/100|[from] Leech Seed|[of] p2a: Aerodactyl
|-heal|p2a: Aerodactyl|58/100|[silent]
|upkeep
|turn|48
|
|t:|1728171811
|move|p2a: Aerodactyl|Rock Slide|p1a: Skarmory|[miss]
|-miss|p2a: Aerodactyl|p1a: Skarmory
|move|p1a: Skarmory|Toxic|p2a: Aerodactyl
|-status|p2a: Aerodactyl|tox
|
|-weather|Sandstorm|[upkeep]
|-damage|p2a: Aerodactyl|52/100 tox|[from] psn
|-heal|p1a: Skarmory|52/100|[from] item: Leftovers
|-damage|p1a: Skarmory|39/100|[from] Leech Seed|[of] p2a: Aerodactyl
|-heal|p2a: Aerodactyl|66/100 tox|[silent]
|upkeep
|turn|49
|inactive|xXEricXx has 270 seconds left.
|
|t:|1728171838
|switch|p2a: Celebi|Celebi|93/100
|-damage|p2a: Celebi|68/100|[from] Spikes
|switch|p1a: Swampert|Swampert, F|85/100
|-damage|p1a: Swampert|60/100|[from] Spikes
|
|-weather|Sandstorm|[upkeep]
|-damage|p2a: Celebi|62/100|[from] Sandstorm
|-heal|p2a: Celebi|68/100|[from] item: Leftovers
|-heal|p1a: Swampert|66/100|[from] item: Leftovers
|upkeep
|turn|50
|
|t:|1728171853
|move|p1a: Swampert|Protect|p1a: Swampert
|-singleturn|p1a: Swampert|Protect
|move|p2a: Celebi|Hidden Power|p1a: Swampert
|-activate|p1a: Swampert|Protect
|
|-weather|Sandstorm|[upkeep]
|-damage|p2a: Celebi|62/100|[from] Sandstorm
|-heal|p2a: Celebi|68/100|[from] item: Leftovers
|-heal|p1a: Swampert|72/100|[from] item: Leftovers
|upkeep
|turn|51
|
|t:|1728171860
|switch|p1a: Skarmory|Skarmory, F|39/100
|move|p2a: Celebi|Leech Seed|p1a: Skarmory
|-start|p1a: Skarmory|move: Leech Seed
|
|-weather|Sandstorm|[upkeep]
|-damage|p2a: Celebi|62/100|[from] Sandstorm
|-heal|p2a: Celebi|68/100|[from] item: Leftovers
|-heal|p1a: Skarmory|46/100|[from] item: Leftovers
|-damage|p1a: Skarmory|33/100|[from] Leech Seed|[of] p2a: Celebi
|-heal|p2a: Celebi|78/100|[silent]
|upkeep
|turn|52
|inactive|xXEricXx has 270 seconds left.
|
|t:|1728171872
|switch|p1a: Aerodactyl|Aerodactyl, F|100/100
|move|p2a: Celebi|Psychic|p1a: Aerodactyl
|-damage|p1a: Aerodactyl|57/100
|
|-weather|Sandstorm|[upkeep]
|-damage|p2a: Celebi|72/100|[from] Sandstorm
|-heal|p2a: Celebi|78/100|[from] item: Leftovers
|upkeep
|turn|53
|inactive|xXEricXx has 270 seconds left.
|inactive|xXEricXx has 240 seconds left.
|
|t:|1728171931
|switch|p2a: Skarmory|Skarmory, M|88/100
|move|p1a: Aerodactyl|Rock Slide|p2a: Skarmory
|-damage|p2a: Skarmory|55/100
|
|-weather|Sandstorm|[upkeep]
|-heal|p2a: Skarmory|61/100|[from] item: Leftovers
|upkeep
|turn|54
|inactive|xXEricXx has 210 seconds left.
|
|t:|1728171959
|move|p2a: Skarmory|Protect|p2a: Skarmory
|-singleturn|p2a: Skarmory|Protect
|move|p1a: Aerodactyl|Rock Slide|p2a: Skarmory
|-activate|p2a: Skarmory|Protect
|
|-weather|Sandstorm|[upkeep]
|-heal|p2a: Skarmory|67/100|[from] item: Leftovers
|upkeep
|turn|55
|
|t:|1728171968
|move|p1a: Aerodactyl|Rock Slide|p2a: Skarmory
|-damage|p2a: Skarmory|34/100
|move|p2a: Skarmory|Drill Peck|p1a: Aerodactyl
|-resisted|p1a: Aerodactyl
|-damage|p1a: Aerodactyl|38/100
|
|-weather|Sandstorm|[upkeep]
|-heal|p2a: Skarmory|40/100|[from] item: Leftovers
|upkeep
|turn|56
|
|t:|1728171984
|move|p2a: Skarmory|Protect|p2a: Skarmory
|-singleturn|p2a: Skarmory|Protect
|move|p1a: Aerodactyl|Rock Slide|p2a: Skarmory
|-activate|p2a: Skarmory|Protect
|
|-weather|Sandstorm|[upkeep]
|-heal|p2a: Skarmory|46/100|[from] item: Leftovers
|upkeep
|turn|57
|inactive|xXEricXx has 210 seconds left.
|
|t:|1728172006
|switch|p2a: Swampert|Swampert, F|57/100
|-damage|p2a: Swampert|32/100|[from] Spikes
|move|p1a: Aerodactyl|Rock Slide|p2a: Swampert
|-resisted|p2a: Swampert
|-damage|p2a: Swampert|15/100
|
|-weather|Sandstorm|[upkeep]
|-heal|p2a: Swampert|21/100|[from] item: Leftovers
|upkeep
|turn|58
|inactive|xXEricXx has 210 seconds left.
|
|t:|1728172026
|switch|p1a: Celebi|Celebi|59/100
|-damage|p1a: Celebi|34/100|[from] Spikes
|move|p2a: Swampert|Ice Beam|p1a: Celebi
|-supereffective|p1a: Celebi
|-damage|p1a: Celebi|3/100
|
|-weather|Sandstorm|[upkeep]
|-damage|p1a: Celebi|0 fnt|[from] Sandstorm
|faint|p1a: Celebi
|-heal|p2a: Swampert|27/100|[from] item: Leftovers
|upkeep
|
|t:|1728172031
|switch|p1a: Salamence|Salamence, F|88/100
|-ability|p1a: Salamence|Intimidate|boost
|-unboost|p2a: Swampert|atk|1
|turn|59
|
|t:|1728172048
|move|p2a: Swampert|Protect|p2a: Swampert
|-singleturn|p2a: Swampert|Protect
|move|p1a: Salamence|Hidden Power|p2a: Swampert
|-activate|p2a: Swampert|Protect
|
|-weather|Sandstorm|[upkeep]
|-damage|p1a: Salamence|82/100|[from] Sandstorm
|-heal|p2a: Swampert|34/100|[from] item: Leftovers
|upkeep
|turn|60
|inactive|xXEricXx has 210 seconds left.
|
|t:|1728172076
|switch|p2a: Skarmory|Skarmory, M|46/100
|move|p1a: Salamence|Hidden Power|p2a: Skarmory
|-resisted|p2a: Skarmory
|-damage|p2a: Skarmory|24/100
|
|-weather|Sandstorm|[upkeep]
|-damage|p1a: Salamence|76/100|[from] Sandstorm
|-heal|p2a: Skarmory|30/100|[from] item: Leftovers
|upkeep
|turn|61
|
|t:|1728172087
|move|p2a: Skarmory|Protect|p2a: Skarmory
|-singleturn|p2a: Skarmory|Protect
|move|p1a: Salamence|Hidden Power|p2a: Skarmory
|-activate|p2a: Skarmory|Protect
|
|-weather|Sandstorm|[upkeep]
|-damage|p1a: Salamence|70/100|[from] Sandstorm
|-heal|p2a: Skarmory|36/100|[from] item: Leftovers
|upkeep
|turn|62
|inactive|xXEricXx has 210 seconds left.
|inactive|xXEricXx has 180 seconds left.
|
|t:|1728172126
|move|p1a: Salamence|Hidden Power|p2a: Skarmory
|-resisted|p2a: Skarmory
|-damage|p2a: Skarmory|15/100
|move|p2a: Skarmory|Drill Peck|p1a: Salamence
|-damage|p1a: Salamence|40/100
|
|-weather|Sandstorm|[upkeep]
|-damage|p1a: Salamence|34/100|[from] Sandstorm
|-heal|p2a: Skarmory|21/100|[from] item: Leftovers
|upkeep
|turn|63
|
|t:|1728172138
|switch|p1a: Aerodactyl|Aerodactyl, F|38/100
|move|p2a: Skarmory|Protect||[still]
|-fail|p2a: Skarmory
|
|-weather|Sandstorm|[upkeep]
|-heal|p2a: Skarmory|27/100|[from] item: Leftovers
|upkeep
|turn|64
|
|t:|1728172142
|move|p2a: Skarmory|Protect|p2a: Skarmory
|-singleturn|p2a: Skarmory|Protect
|move|p1a: Aerodactyl|Rock Slide|p2a: Skarmory
|-activate|p2a: Skarmory|Protect
|
|-weather|Sandstorm|[upkeep]
|-heal|p2a: Skarmory|33/100|[from] item: Leftovers
|upkeep
|turn|65
|inactive|xXEricXx has 180 seconds left.
|inactive|xXEricXx has 150 seconds left.
|inactive|xXEricXx has 120 seconds left.
|
|t:|1728172246
|switch|p2a: Tyranitar|Tyranitar, F|94/100 tox
|-damage|p2a: Tyranitar|69/100 tox|[from] Spikes
|move|p1a: Aerodactyl|Rock Slide|p2a: Tyranitar
|-damage|p2a: Tyranitar|28/100 tox
|
|-weather|Sandstorm|[upkeep]
|-heal|p2a: Tyranitar|34/100 tox|[from] item: Leftovers
|-damage|p2a: Tyranitar|28/100 tox|[from] psn
|upkeep
|turn|66
|
|t:|1728172267
|move|p1a: Aerodactyl|Rock Slide|p2a: Tyranitar
|-damage|p2a: Tyranitar|0 fnt
|faint|p2a: Tyranitar
|
|t:|1728172276
|switch|p2a: Swampert|Swampert, F|34/100
|-damage|p2a: Swampert|9/100|[from] Spikes
|
|-weather|Sandstorm|[upkeep]
|-heal|p2a: Swampert|15/100|[from] item: Leftovers
|upkeep
|turn|67
|inactive|Ragnarocco24 has 270 seconds left.
|inactive|xXEricXx has 90 seconds left.
|
|t:|1728172311
|move|p2a: Swampert|Protect|p2a: Swampert
|-singleturn|p2a: Swampert|Protect
|move|p1a: Aerodactyl|Rock Slide|p2a: Swampert
|-activate|p2a: Swampert|Protect
|
|-weather|Sandstorm|[upkeep]
|-heal|p2a: Swampert|21/100|[from] item: Leftovers
|upkeep
|turn|68
|inactive|xXEricXx has 90 seconds left.
|
|t:|1728172320
|switch|p1a: Skarmory|Skarmory, F|33/100
|move|p2a: Swampert|Ice Beam|p1a: Skarmory
|-damage|p1a: Skarmory|17/100
|
|-weather|Sandstorm|[upkeep]
|-heal|p1a: Skarmory|23/100|[from] item: Leftovers
|-heal|p2a: Swampert|27/100|[from] item: Leftovers
|upkeep
|turn|69
|inactive|Ragnarocco24 has 270 seconds left.
|
|t:|1728172329
|switch|p2a: Starmie|Starmie, shiny|72/100
|-damage|p2a: Starmie|47/100|[from] Spikes
|move|p1a: Skarmory|Roar|p2a: Starmie
|drag|p2a: Aerodactyl|Aerodactyl, M|66/100 tox
|
|-weather|Sandstorm|[upkeep]
|-damage|p2a: Aerodactyl|60/100 tox|[from] psn
|-heal|p1a: Skarmory|29/100|[from] item: Leftovers
|upkeep
|turn|70
|inactive|Ragnarocco24 has 270 seconds left.
|inactive|xXEricXx has 90 seconds left.
|
|t:|1728172345
|switch|p2a: Starmie|Starmie, shiny|47/100
|-damage|p2a: Starmie|22/100|[from] Spikes
|move|p1a: Skarmory|Roar|p2a: Starmie
|drag|p2a: Aerodactyl|Aerodactyl, M|60/100 tox
|
|-weather|Sandstorm|[upkeep]
|-damage|p2a: Aerodactyl|54/100 tox|[from] psn
|-heal|p1a: Skarmory|35/100|[from] item: Leftovers
|upkeep
|turn|71
|inactive|Ragnarocco24 has 270 seconds left.
|
|t:|1728172357
|move|p2a: Aerodactyl|Rock Slide|p1a: Skarmory
|-crit|p1a: Skarmory
|-damage|p1a: Skarmory|0 fnt
|faint|p1a: Skarmory
|
|t:|1728172360
|switch|p1a: Swampert|Swampert, F|72/100
|-damage|p1a: Swampert|47/100|[from] Spikes
|
|-weather|Sandstorm|[upkeep]
|-damage|p2a: Aerodactyl|42/100 tox|[from] psn
|-heal|p1a: Swampert|54/100|[from] item: Leftovers
|upkeep
|turn|72
|
|t:|1728172377
|switch|p2a: Starmie|Starmie, shiny|22/100
|-damage|p2a: Starmie|0 fnt|[from] Spikes
|faint|p2a: Starmie
|
|t:|1728172384
|switch|p2a: Celebi|Celebi|78/100
|-damage|p2a: Celebi|53/100|[from] Spikes
|
|-weather|Sandstorm|[upkeep]
|-damage|p2a: Celebi|47/100|[from] Sandstorm
|-heal|p2a: Celebi|53/100|[from] item: Leftovers
|-heal|p1a: Swampert|60/100|[from] item: Leftovers
|upkeep
|turn|73
|
|t:|1728172391
|move|p1a: Swampert|Protect|p1a: Swampert
|-singleturn|p1a: Swampert|Protect
|move|p2a: Celebi|Recover|p2a: Celebi
|-heal|p2a: Celebi|100/100
|
|-weather|Sandstorm|[upkeep]
|-damage|p2a: Celebi|94/100|[from] Sandstorm
|-heal|p2a: Celebi|100/100|[from] item: Leftovers
|-heal|p1a: Swampert|66/100|[from] item: Leftovers
|upkeep
|turn|74
|
|t:|1728172399
|switch|p1a: Salamence|Salamence, F|34/100
|-ability|p1a: Salamence|Intimidate|boost
|-unboost|p2a: Celebi|atk|1
|move|p2a: Celebi|Hidden Power|p1a: Salamence
|-resisted|p1a: Salamence
|-damage|p1a: Salamence|27/100
|
|-weather|Sandstorm|[upkeep]
|-damage|p1a: Salamence|21/100|[from] Sandstorm
|-damage|p2a: Celebi|94/100|[from] Sandstorm
|-heal|p2a: Celebi|100/100|[from] item: Leftovers
|upkeep
|turn|75
|inactive|xXEricXx has 90 seconds left.
|
|t:|1728172436
|switch|p2a: Swampert|Swampert, F|27/100
|-damage|p2a: Swampert|2/100|[from] Spikes
|move|p1a: Salamence|Hidden Power|p2a: Swampert
|-damage|p2a: Swampert|0 fnt
|faint|p2a: Swampert
|
|t:|1728172460
|switch|p2a: Aerodactyl|Aerodactyl, M|42/100 tox
|
|-weather|Sandstorm|[upkeep]
|-damage|p1a: Salamence|15/100|[from] Sandstorm
|-damage|p2a: Aerodactyl|36/100 tox|[from] psn
|upkeep
|turn|76
|
|t:|1728172465
|move|p2a: Aerodactyl|Double-Edge|p1a: Salamence
|-damage|p1a: Salamence|0 fnt
|faint|p1a: Salamence
|
|t:|1728172476
|switch|p1a: Swampert|Swampert, F|66/100
|-damage|p1a: Swampert|41/100|[from] Spikes
|
|-weather|Sandstorm|[upkeep]
|-damage|p2a: Aerodactyl|24/100 tox|[from] psn
|-heal|p1a: Swampert|47/100|[from] item: Leftovers
|upkeep
|turn|77
|
|t:|1728172487
|switch|p2a: Celebi|Celebi|100/100
|-damage|p2a: Celebi|76/100|[from] Spikes
|move|p1a: Swampert|Ice Beam|p2a: Celebi
|-supereffective|p2a: Celebi
|-damage|p2a: Celebi|49/100
|
|-weather|Sandstorm|[upkeep]
|-damage|p2a: Celebi|43/100|[from] Sandstorm
|-heal|p2a: Celebi|49/100|[from] item: Leftovers
|-heal|p1a: Swampert|54/100|[from] item: Leftovers
|upkeep
|turn|78
|inactive|xXEricXx has 60 seconds left.
|
|t:|1728172526
|move|p2a: Celebi|Hidden Power|p1a: Swampert
|-supereffective|p1a: Swampert
|-damage|p1a: Swampert|0 fnt
|faint|p1a: Swampert
|
|t:|1728172531
|switch|p1a: Aerodactyl|Aerodactyl, F|38/100
|
|-weather|Sandstorm|[upkeep]
|-damage|p2a: Celebi|43/100|[from] Sandstorm
|-heal|p2a: Celebi|49/100|[from] item: Leftovers
|upkeep
|turn|79
|
|t:|1728172537
|move|p1a: Aerodactyl|Rock Slide|p2a: Celebi
|-damage|p2a: Celebi|13/100
|cant|p2a: Celebi|flinch
|
|-weather|Sandstorm|[upkeep]
|-damage|p2a: Celebi|7/100|[from] Sandstorm
|-heal|p2a: Celebi|13/100|[from] item: Leftovers
|upkeep
|turn|80
|
|t:|1728172545
|move|p1a: Aerodactyl|Rock Slide|p2a: Celebi
|-damage|p2a: Celebi|0 fnt
|faint|p2a: Celebi
|
|t:|1728172548
|switch|p2a: Aerodactyl|Aerodactyl, M|24/100 tox
|
|-weather|Sandstorm|[upkeep]
|-damage|p2a: Aerodactyl|18/100 tox|[from] psn
|upkeep
|turn|81
|
|t:|1728172551
|move|p1a: Aerodactyl|Rock Slide|p2a: Aerodactyl
|-supereffective|p2a: Aerodactyl
|-crit|p2a: Aerodactyl
|-damage|p2a: Aerodactyl|0 fnt
|faint|p2a: Aerodactyl
|
|t:|1728172554
|switch|p2a: Skarmory|Skarmory, M|33/100
|
|-weather|Sandstorm|[upkeep]
|-heal|p2a: Skarmory|39/100|[from] item: Leftovers
|upkeep
|turn|82
|
|t:|1728172558
|move|p2a: Skarmory|Protect|p2a: Skarmory
|-singleturn|p2a: Skarmory|Protect
|move|p1a: Aerodactyl|Rock Slide|p2a: Skarmory
|-activate|p2a: Skarmory|Protect
|
|-weather|Sandstorm|[upkeep]
|-heal|p2a: Skarmory|45/100|[from] item: Leftovers
|upkeep
|turn|83
|
|t:|1728172564
|move|p1a: Aerodactyl|Rock Slide|p2a: Skarmory
|-damage|p2a: Skarmory|12/100
|cant|p2a: Skarmory|flinch
|
|-weather|Sandstorm|[upkeep]
|-heal|p2a: Skarmory|18/100|[from] item: Leftovers
|upkeep
|turn|84
|
|t:|1728172569
|move|p2a: Skarmory|Protect|p2a: Skarmory
|-singleturn|p2a: Skarmory|Protect
|move|p1a: Aerodactyl|Rock Slide|p2a: Skarmory
|-activate|p2a: Skarmory|Protect
|
|-weather|Sandstorm|[upkeep]
|-heal|p2a: Skarmory|24/100|[from] item: Leftovers
|upkeep
|turn|85
|
|t:|1728172572
|move|p1a: Aerodactyl|Struggle|p2a: Skarmory
|-crit|p2a: Skarmory
|-damage|p2a: Skarmory|0 fnt
|-damage|p1a: Aerodactyl|31/100|[from] Recoil|[of] p2a: Skarmory
|faint|p2a: Skarmory
|
|win|Ragnarocco24
|c|☆xXEricXx|jesus
|c|☆Ragnarocco24|Oh my god
|c|☆xXEricXx|gg
|c|☆Ragnarocco24|Unlucky
|c|☆Ragnarocco24|Gg

</script>
<script type="application/json" class="data" id="replaydata-smogtours-gen3ou-795293">
{"id":"smogtours-gen3ou-795293","format":"[Gen 3] OU","players":["Ragnarocco24","xXEricXx"],"uploadtime":1728172572,"views":147,"formatid":"gen3ou","rating":null,"private":0,"password":null}
</script>

<script defer src="js/replays.js?9d40a366"></script>
