<!DOCTYPE html>
<meta charset="utf-8" />
<meta name="viewport" content="width=device-width" />

<title>[Gen 3] OU: Zcarlett vs. emma_emma_emma - Replays - Pok&eacute;mon Showdown!</title>

<meta name="description" content="Watch a replay of a Pok&eacute;mon battle between Zcarlett and emma_emma_emma! Format: [Gen 3] OU; Date: Oct 14, 2024" />
<!--

Hey, you! Looking in the source for the replay log?

You can find them in JSON format, just add `.json` at the end of a replay URL.

https://replay.pokemonshowdown.com/gen7randomdoublesbattle-865046831.json

Or, if you only need the log itself, add `.log` instead:

https://replay.pokemonshowdown.com/gen7randomdoublesbattle-865046831.log

-->

<link rel="stylesheet" href="//pokemonshowdown.com/style/global.css?0.023195364461161105" />
<link rel="stylesheet" href="//play.pokemonshowdown.com/style/font-awesome.css?0.13261647063804238" />
<link rel="stylesheet" href="//play.pokemonshowdown.com/style/battle.css?0.8753245789963631" />
<link rel="stylesheet" href="//play.pokemonshowdown.com/style/utilichart.css?0.8627959624976733" />

<!-- Global site tag (gtag.js) - Google Analytics -->
<script async src="https://www.googletagmanager.com/gtag/js?id=UA-26211653-1"></script>
<script>
  window.dataLayer = window.dataLayer || [];
  function gtag(){dataLayer.push(arguments);}
  gtag('js', new Date());

  gtag('config', 'UA-26211653-1');
</script>
<!-- End Google Analytics -->
<!-- Venatus Ad Manager - Install in <HEAD> of page -->
	<script src="https://hb.vntsm.com/v3/live/ad-manager.min.js" type="text/javascript" data-site-id="642aba63ec9a7b11c3c9c1be" data-mode="scan" async></script>
<!-- / Venatus Ad Manager -->

<style>
	@media (max-width:820px) {
		.battle {
			margin: 0 auto;
		}
		.battle-log {
			margin: 7px auto 0;
			max-width: 640px;
			height: 300px;
			position: static;
		}
	}
	.optgroup {
		display: inline-block;
		line-height: 22px;
		font-size: 10pt;
	}
	.optgroup .button {
		height: 25px;
		padding-top: 0;
		padding-bottom: 0;
	}
	.optgroup button.button {
		padding-left: 12px;
		padding-right: 12px;
	}
	.linklist {
		list-style: none;
		margin: 0.5em 0;
		padding: 0;
	}
	.linklist li {
		padding: 2px 0;
	}
	.sidebar {
		float: left;
		width: 320px;
	}
	.bar-wrapper {
		max-width: 1100px;
		margin: 0 auto;
	}
	.bar-wrapper.has-sidebar {
		max-width: 1430px;
	}
	.mainbar {
		margin: 0;
		padding-right: 1px;
	}
	.mainbar.has-sidebar {
		margin-left: 330px;
	}
	@media (min-width: 1511px) {
		.sidebar {
			width: 400px;
		}
		.bar-wrapper.has-sidebar {
			max-width: 1510px;
		}
		.mainbar.has-sidebar {
			margin-left: 410px;
		}
	}
	.section.first-section {
		margin-top: 9px;
	}
	.blocklink small {
		white-space: normal;
	}
	.button {
		vertical-align: middle;
	}
	.replay-controls {
		padding-top: 10px;
	}
	.replay-controls h1 {
		font-size: 16pt;
		font-weight: normal;
		color: #CCC;
	}
	.pagelink {
		text-align: center;
	}
	.pagelink a {
		width: 150px;
	}
	.textbox, .button {
		font-size: 11pt;
		vertical-align: middle;
	}
	@media (max-width: 450px) {
		.button {
			font-size: 9pt;
		}
	}
</style>

<div>

	<header>
		<div class="nav-wrapper"><ul class="nav">
			<li><a class="button nav-first" href="//pokemonshowdown.com/"><img src="//pokemonshowdown.com/images/pokemonshowdownbeta.png" srcset="//pokemonshowdown.com/images/pokemonshowdownbeta.png 1x, //pokemonshowdown.com/images/pokemonshowdownbeta@2x.png 2x" alt="Pok&eacute;mon Showdown" width="146" height="44" /> Home</a></li>
			<li><a class="button" href="//pokemonshowdown.com/dex/">Pok&eacute;dex</a></li>
			<li><a class="button cur" href="/">Replays</a></li>
			<li><a class="button" href="//pokemonshowdown.com/ladder/">Ladder</a></li>
			<li><a class="button nav-last" href="//pokemonshowdown.com/forums/">Forum</a></li>
			<li><a class="button greenbutton nav-first nav-last" href="//play.pokemonshowdown.com/">Play</a></li>
		</ul></div>
	</header>

	<div class="main" id="main">

		<noscript><section class="section">You need to enable JavaScript to use this page; sorry!</section></noscript>

	</div>

</div>

<script defer nomodule src="//play.pokemonshowdown.com/js/lib/ps-polyfill.js"></script>
<script defer src="//play.pokemonshowdown.com/js/lib/preact.min.js"></script>

<script defer src="//play.pokemonshowdown.com/config/config.js?2bddbc15"></script>
<script defer src="//play.pokemonshowdown.com/js/lib/jquery-1.11.0.min.js"></script>
<script defer src="//play.pokemonshowdown.com/js/lib/html-sanitizer-minified.js"></script>
<script defer src="//play.pokemonshowdown.com/js/battle-sound.js"></script>
<script defer src="//play.pokemonshowdown.com/js/battledata.js?0.7209276989879541"></script>
<script defer src="//play.pokemonshowdown.com/data/pokedex-mini.js?0.6111056340867951"></script>
<script defer src="//play.pokemonshowdown.com/data/pokedex-mini-bw.js?0.3532142036491459"></script>
<script defer src="//play.pokemonshowdown.com/data/graphics.js?0.24223875632456182"></script>
<script defer src="//play.pokemonshowdown.com/data/pokedex.js?0.38839984266356864"></script>
<script defer src="//play.pokemonshowdown.com/data/moves.js?0.21866028504024015"></script>
<script defer src="//play.pokemonshowdown.com/data/abilities.js?0.2005157953846628"></script>
<script defer src="//play.pokemonshowdown.com/data/items.js?0.9894211263848525"></script>
<script defer src="//play.pokemonshowdown.com/data/teambuilder-tables.js?0.6008791140282215"></script>
<script defer src="//play.pokemonshowdown.com/js/battle-tooltips.js?0.7580118955022959"></script>
<script defer src="//play.pokemonshowdown.com/js/battle.js?0.6057722274234274"></script>

<script defer src="js/utils.js?e31f9a17"></script>
<script defer src="js/replays-battle.js?7008c182"></script>

<!-- don't scrape this data! just add .json or .log after the URL!
Full API docs: https://github.com/smogon/pokemon-showdown-client/blob/master/WEB-API.md -->
<script type="text/plain" class="log" id="replaylog-smogtours-gen3ou-798801">
|inactive|Battle timer is ON: inactive players will automatically lose when time's up.
|t:|1728943829
|gametype|singles
|player|p1|Zcarlett|miku-flying|
|player|p2|emma_emma_emma|266|
|teamsize|p1|6
|teamsize|p2|6
|gen|3
|tier|[Gen 3] OU
|rule|Sleep Clause Mod: Limit one foe put to sleep
|rule|Switch Priority Clause Mod: Faster Pokémon switch first
|rule|Species Clause: Limit one of each Pokémon
|rule|OHKO Clause: OHKO moves are banned
|rule|Evasion Items Clause: Evasion items are banned
|rule|Evasion Moves Clause: Evasion moves are banned
|rule|Endless Battle Clause: Forcing endless battles is banned
|rule|HP Percentage Mod: HP is shown in percentages
|rule|One Boost Passer Clause: Limit one Baton Passer that has a way to boost its stats
|rule|Freeze Clause Mod: Limit one foe frozen
|
|t:|1728943829
|start
|switch|p1a: Salamence|Salamence, M|100/100
|switch|p2a: dallas|Aerodactyl, F|100/100
|-ability|p1a: Salamence|Intimidate|boost
|-unboost|p2a: dallas|atk|1
|turn|1
|
|t:|1728943855
|switch|p1a: Swampert|Swampert, M, shiny|100/100
|move|p2a: dallas|Rock Slide|p1a: Swampert
|-resisted|p1a: Swampert
|-damage|p1a: Swampert|80/100
|
|upkeep
|turn|2
|
|t:|1728943866
|switch|p2a: stone faces|Blissey, F|100/100
|move|p1a: Swampert|Substitute|p1a: Swampert
|-start|p1a: Swampert|Substitute
|-damage|p1a: Swampert|55/100
|
|upkeep
|turn|3
|
|t:|1728943874
|switch|p2a: deepest blue|Zapdos|100/100
|move|p1a: Swampert|Hydro Pump|p2a: deepest blue
|-damage|p2a: deepest blue|67/100
|
|-heal|p2a: deepest blue|73/100|[from] item: Leftovers
|upkeep
|turn|4
|
|t:|1728943877
|move|p1a: Swampert|Ice Beam|p2a: deepest blue
|-supereffective|p2a: deepest blue
|-damage|p2a: deepest blue|40/100
|move|p2a: deepest blue|Hidden Power|p1a: Swampert
|-supereffective|p1a: Swampert
|-end|p1a: Swampert|Substitute
|
|-heal|p2a: deepest blue|46/100|[from] item: Leftovers
|upkeep
|turn|5
|
|t:|1728943884
|switch|p1a: Celebi|Celebi|100/100
|move|p2a: deepest blue|Hidden Power|p1a: Celebi
|-resisted|p1a: Celebi
|-damage|p1a: Celebi|91/100
|
|-heal|p1a: Celebi|97/100|[from] item: Leftovers
|-heal|p2a: deepest blue|52/100|[from] item: Leftovers
|upkeep
|turn|6
|
|t:|1728943888
|switch|p2a: government cheque|Forretress, M|100/100
|move|p1a: Celebi|Hidden Power|p2a: government cheque
|-resisted|p2a: government cheque
|-damage|p2a: government cheque|91/100
|
|-heal|p1a: Celebi|100/100|[from] item: Leftovers
|-heal|p2a: government cheque|97/100|[from] item: Leftovers
|upkeep
|turn|7
|
|t:|1728943893
|move|p1a: Celebi|Baton Pass|p1a: Celebi
|
|t:|1728943894
|switch|p1a: Magneton|Magneton|100/100|[from] Baton Pass
|move|p2a: government cheque|Spikes|p1a: Magneton
|-sidestart|p1: Zcarlett|Spikes
|
|-heal|p2a: government cheque|100/100|[from] item: Leftovers
|upkeep
|turn|8
|
|t:|1728943896
|move|p1a: Magneton|Thunderbolt|p2a: government cheque
|-damage|p2a: government cheque|42/100
|move|p2a: government cheque|Spikes|p1a: Magneton
|-sidestart|p1: Zcarlett|Spikes
|
|-heal|p2a: government cheque|48/100|[from] item: Leftovers
|upkeep
|turn|9
|
|t:|1728943899
|move|p1a: Magneton|Thunderbolt|p2a: government cheque
|-damage|p2a: government cheque|0 fnt
|faint|p2a: government cheque
|
|t:|1728943902
|switch|p2a: golden microphone|Tyranitar, M|100/100
|-weather|Sandstorm|[from] ability: Sand Stream|[of] p2a: golden microphone
|
|-weather|Sandstorm|[upkeep]
|upkeep
|turn|10
|
|t:|1728943914
|switch|p1a: Tyranitar|Tyranitar, F|100/100
|-damage|p1a: Tyranitar|84/100|[from] Spikes
|move|p2a: golden microphone|Earthquake|p1a: Tyranitar
|-supereffective|p1a: Tyranitar
|-crit|p1a: Tyranitar
|-damage|p1a: Tyranitar|0 fnt
|faint|p1a: Tyranitar
|c|☆emma_emma_emma|mb
|
|t:|1728943934
|switch|p1a: Metagross|Metagross|100/100
|-damage|p1a: Metagross|84/100|[from] Spikes
|
|-weather|Sandstorm|[upkeep]
|-heal|p1a: Metagross|90/100|[from] item: Leftovers
|upkeep
|turn|11
|
|t:|1728943939
|switch|p2a: all i want is you|Swampert, F|100/100
|move|p1a: Metagross|Meteor Mash|p2a: all i want is you
|-resisted|p2a: all i want is you
|-damage|p2a: all i want is you|86/100
|
|-weather|Sandstorm|[upkeep]
|-heal|p1a: Metagross|96/100|[from] item: Leftovers
|-heal|p2a: all i want is you|92/100|[from] item: Leftovers
|upkeep
|turn|12
|
|t:|1728943942
|switch|p1a: Celebi|Celebi|100/100
|-damage|p1a: Celebi|84/100|[from] Spikes
|move|p2a: all i want is you|Surf|p1a: Celebi
|-resisted|p1a: Celebi
|-damage|p1a: Celebi|70/100
|
|-weather|Sandstorm|[upkeep]
|-damage|p1a: Celebi|63/100|[from] Sandstorm
|-heal|p1a: Celebi|70/100|[from] item: Leftovers
|-heal|p2a: all i want is you|98/100|[from] item: Leftovers
|upkeep
|turn|13
|
|t:|1728943946
|move|p1a: Celebi|Calm Mind|p1a: Celebi
|-boost|p1a: Celebi|spa|1
|-boost|p1a: Celebi|spd|1
|move|p2a: all i want is you|Toxic|p1a: Celebi
|-status|p1a: Celebi|tox
|
|-weather|Sandstorm|[upkeep]
|-damage|p1a: Celebi|63/100 tox|[from] Sandstorm
|-heal|p1a: Celebi|70/100 tox|[from] item: Leftovers
|-damage|p1a: Celebi|63/100 tox|[from] psn
|-heal|p2a: all i want is you|100/100|[from] item: Leftovers
|upkeep
|turn|14
|
|t:|1728943951
|move|p2a: all i want is you|Protect|p2a: all i want is you
|-singleturn|p2a: all i want is you|Protect
|move|p1a: Celebi|Giga Drain|p2a: all i want is you
|-activate|p2a: all i want is you|Protect
|
|-weather|Sandstorm|[upkeep]
|-damage|p1a: Celebi|57/100 tox|[from] Sandstorm
|-heal|p1a: Celebi|63/100 tox|[from] item: Leftovers
|-damage|p1a: Celebi|51/100 tox|[from] psn
|upkeep
|turn|15
|
|t:|1728943981
|switch|p2a: dallas|Aerodactyl, F|100/100
|move|p1a: Celebi|Giga Drain|p2a: dallas
|-damage|p2a: dallas|41/100
|-heal|p1a: Celebi|77/100 tox|[from] drain|[of] p2a: dallas
|
|-weather|Sandstorm|[upkeep]
|-damage|p1a: Celebi|71/100 tox|[from] Sandstorm
|-heal|p1a: Celebi|77/100 tox|[from] item: Leftovers
|-damage|p1a: Celebi|59/100 tox|[from] psn
|upkeep
|turn|16
|
|t:|1728943987
|-curestatus|p1a: Celebi|tox|[from] ability: Natural Cure
|switch|p1a: Magneton|Magneton|100/100
|-damage|p1a: Magneton|84/100|[from] Spikes
|move|p2a: dallas|Hidden Power|p1a: Magneton
|-resisted|p1a: Magneton
|-damage|p1a: Magneton|65/100
|
|-weather|Sandstorm|[upkeep]
|upkeep
|turn|17
|
|t:|1728943993
|switch|p2a: stone faces|Blissey, F|100/100
|move|p1a: Magneton|Thunder Wave|p2a: stone faces
|-status|p2a: stone faces|par
|
|-weather|Sandstorm|[upkeep]
|-damage|p2a: stone faces|94/100 par|[from] Sandstorm
|-heal|p2a: stone faces|100/100 par|[from] item: Leftovers
|upkeep
|turn|18
|
|t:|1728943997
|move|p1a: Magneton|Metal Sound|p2a: stone faces
|-unboost|p2a: stone faces|spd|2
|cant|p2a: stone faces|par
|
|-weather|Sandstorm|[upkeep]
|-damage|p2a: stone faces|94/100 par|[from] Sandstorm
|-heal|p2a: stone faces|100/100 par|[from] item: Leftovers
|upkeep
|turn|19
|
|t:|1728944001
|-curestatus|p2a: stone faces|par|[from] ability: Natural Cure
|switch|p2a: all i want is you|Swampert, F|100/100
|move|p1a: Magneton|Thunderbolt|p2a: all i want is you
|-immune|p2a: all i want is you
|
|-weather|Sandstorm|[upkeep]
|upkeep
|turn|20
|
|t:|1728944003
|move|p1a: Magneton|Hidden Power|p2a: all i want is you
|-supereffective|p2a: all i want is you
|-damage|p2a: all i want is you|10/100
|move|p2a: all i want is you|Surf|p1a: Magneton
|-damage|p1a: Magneton|0 fnt
|faint|p1a: Magneton
|
|t:|1728944009
|switch|p1a: Salamence|Salamence, M|100/100
|-ability|p1a: Salamence|Intimidate|boost
|-unboost|p2a: all i want is you|atk|1
|
|-weather|Sandstorm|[upkeep]
|-damage|p1a: Salamence|94/100|[from] Sandstorm
|-heal|p1a: Salamence|100/100|[from] item: Leftovers
|-heal|p2a: all i want is you|16/100|[from] item: Leftovers
|upkeep
|turn|21
|
|t:|1728944012
|move|p2a: all i want is you|Protect|p2a: all i want is you
|-singleturn|p2a: all i want is you|Protect
|move|p1a: Salamence|Dragon Claw|p2a: all i want is you
|-activate|p2a: all i want is you|Protect
|
|-weather|Sandstorm|[upkeep]
|-damage|p1a: Salamence|94/100|[from] Sandstorm
|-heal|p1a: Salamence|100/100|[from] item: Leftovers
|-heal|p2a: all i want is you|23/100|[from] item: Leftovers
|upkeep
|turn|22
|
|t:|1728944017
|switch|p2a: stone faces|Blissey, F|100/100
|move|p1a: Salamence|Dragon Claw|p2a: stone faces
|-crit|p2a: stone faces
|-damage|p2a: stone faces|70/100
|
|-weather|Sandstorm|[upkeep]
|-damage|p1a: Salamence|94/100|[from] Sandstorm
|-damage|p2a: stone faces|64/100|[from] Sandstorm
|-heal|p1a: Salamence|100/100|[from] item: Leftovers
|-heal|p2a: stone faces|70/100|[from] item: Leftovers
|upkeep
|turn|23
|
|t:|1728944019
|switch|p1a: Metagross|Metagross|96/100
|-damage|p1a: Metagross|79/100|[from] Spikes
|move|p2a: stone faces|Ice Beam|p1a: Metagross
|-resisted|p1a: Metagross
|-damage|p1a: Metagross|62/100
|
|-weather|Sandstorm|[upkeep]
|-damage|p2a: stone faces|64/100|[from] Sandstorm
|-heal|p1a: Metagross|68/100|[from] item: Leftovers
|-heal|p2a: stone faces|70/100|[from] item: Leftovers
|upkeep
|turn|24
|
|t:|1728944027
|move|p1a: Metagross|Meteor Mash|p2a: stone faces
|-damage|p2a: stone faces|20/100
|move|p2a: stone faces|Thunderbolt|p1a: Metagross
|-damage|p1a: Metagross|39/100
|
|-weather|Sandstorm|[upkeep]
|-damage|p2a: stone faces|14/100|[from] Sandstorm
|-heal|p1a: Metagross|45/100|[from] item: Leftovers
|-heal|p2a: stone faces|20/100|[from] item: Leftovers
|upkeep
|turn|25
|
|t:|1728944032
|move|p1a: Metagross|Meteor Mash|p2a: stone faces
|-damage|p2a: stone faces|0 fnt
|faint|p2a: stone faces
|
|t:|1728944035
|switch|p2a: dallas|Aerodactyl, F|41/100
|
|-weather|Sandstorm|[upkeep]
|-heal|p1a: Metagross|51/100|[from] item: Leftovers
|upkeep
|turn|26
|
|t:|1728944043
|switch|p1a: Salamence|Salamence, M|100/100
|-ability|p1a: Salamence|Intimidate|boost
|-unboost|p2a: dallas|atk|1
|move|p2a: dallas|Earthquake|p1a: Salamence
|-immune|p1a: Salamence
|
|-weather|Sandstorm|[upkeep]
|-damage|p1a: Salamence|94/100|[from] Sandstorm
|-heal|p1a: Salamence|100/100|[from] item: Leftovers
|upkeep
|turn|27
|
|t:|1728944047
|switch|p2a: deepest blue|Zapdos|52/100
|move|p1a: Salamence|Dragon Claw|p2a: deepest blue
|-damage|p2a: deepest blue|25/100
|
|-weather|Sandstorm|[upkeep]
|-damage|p1a: Salamence|94/100|[from] Sandstorm
|-damage|p2a: deepest blue|18/100|[from] Sandstorm
|-heal|p1a: Salamence|100/100|[from] item: Leftovers
|-heal|p2a: deepest blue|25/100|[from] item: Leftovers
|upkeep
|turn|28
|
|t:|1728944053
|move|p1a: Salamence|Dragon Claw|p2a: deepest blue
|-damage|p2a: deepest blue|0 fnt
|faint|p2a: deepest blue
|
|t:|1728944056
|switch|p2a: golden microphone|Tyranitar, M|100/100
|
|-weather|Sandstorm|[upkeep]
|-damage|p1a: Salamence|94/100|[from] Sandstorm
|-heal|p1a: Salamence|100/100|[from] item: Leftovers
|upkeep
|turn|29
|inactive|Zcarlett has 270 seconds left.
|
|t:|1728944089
|move|p1a: Salamence|Brick Break|p2a: golden microphone
|-supereffective|p2a: golden microphone
|-damage|p2a: golden microphone|24/100
|move|p2a: golden microphone|Crunch|p1a: Salamence
|-damage|p1a: Salamence|57/100
|
|-weather|Sandstorm|[upkeep]
|-damage|p1a: Salamence|51/100|[from] Sandstorm
|-heal|p1a: Salamence|57/100|[from] item: Leftovers
|-heal|p2a: golden microphone|30/100|[from] item: Leftovers
|upkeep
|turn|30
|
|t:|1728944096
|move|p1a: Salamence|Dragon Claw|p2a: golden microphone
|-damage|p2a: golden microphone|0 fnt
|faint|p2a: golden microphone
|
|t:|1728944100
|switch|p2a: dallas|Aerodactyl, F|41/100
|
|-weather|Sandstorm|[upkeep]
|-damage|p1a: Salamence|51/100|[from] Sandstorm
|-heal|p1a: Salamence|57/100|[from] item: Leftovers
|upkeep
|turn|31
|
|t:|1728944109
|switch|p1a: Celebi|Celebi|59/100
|-damage|p1a: Celebi|42/100|[from] Spikes
|move|p2a: dallas|Rock Slide|p1a: Celebi
|-damage|p1a: Celebi|0 fnt
|faint|p1a: Celebi
|
|t:|1728944112
|switch|p1a: Swampert|Swampert, M, shiny|55/100
|-damage|p1a: Swampert|39/100|[from] Spikes
|
|-weather|Sandstorm|[upkeep]
|upkeep
|turn|32
|
|t:|1728944115
|switch|p2a: all i want is you|Swampert, F|23/100
|move|p1a: Swampert|Ice Beam|p2a: all i want is you
|-crit|p2a: all i want is you
|-damage|p2a: all i want is you|0 fnt
|faint|p2a: all i want is you
|
|t:|1728944117
|switch|p2a: dallas|Aerodactyl, F|41/100
|
|-weather|Sandstorm|[upkeep]
|upkeep
|turn|33
|
|t:|1728944128
|move|p2a: dallas|Rock Slide|p1a: Swampert
|-resisted|p1a: Swampert
|-damage|p1a: Swampert|10/100
|move|p1a: Swampert|Ice Beam|p2a: dallas
|-supereffective|p2a: dallas
|-damage|p2a: dallas|0 fnt
|faint|p2a: dallas
|
|win|Zcarlett
|c|☆Zcarlett|gg

</script>
<script type="application/json" class="data" id="replaydata-smogtours-gen3ou-798801">
{"id":"smogtours-gen3ou-798801","format":"[Gen 3] OU","players":["Zcarlett","emma_emma_emma"],"uploadtime":1728944128,"views":90,"formatid":"gen3ou","rating":null,"private":0,"password":null}
</script>

<script defer src="js/replays.js?9d40a366"></script>
