<!DOCTYPE html>
<meta charset="utf-8" />
<meta name="viewport" content="width=device-width" />

<title>[Gen 3] OU: Thebadger1230 vs. SANKE CARP - Replays - Pok&eacute;mon Showdown!</title>

<meta name="description" content="Watch a replay of a Pok&eacute;mon battle between Thebadger1230 and SANKE CARP! Format: [Gen 3] OU; Date: Oct 8, 2024" />
<!--

Hey, you! Looking in the source for the replay log?

You can find them in JSON format, just add `.json` at the end of a replay URL.

https://replay.pokemonshowdown.com/gen7randomdoublesbattle-865046831.json

Or, if you only need the log itself, add `.log` instead:

https://replay.pokemonshowdown.com/gen7randomdoublesbattle-865046831.log

-->

<link rel="stylesheet" href="//pokemonshowdown.com/style/global.css?0.767286132409787" />
<link rel="stylesheet" href="//play.pokemonshowdown.com/style/font-awesome.css?0.9266228007934947" />
<link rel="stylesheet" href="//play.pokemonshowdown.com/style/battle.css?0.7924700842790926" />
<link rel="stylesheet" href="//play.pokemonshowdown.com/style/utilichart.css?0.8777417872839479" />

<!-- Global site tag (gtag.js) - Google Analytics -->
<script async src="https://www.googletagmanager.com/gtag/js?id=UA-26211653-1"></script>
<script>
  window.dataLayer = window.dataLayer || [];
  function gtag(){dataLayer.push(arguments);}
  gtag('js', new Date());

  gtag('config', 'UA-26211653-1');
</script>
<!-- End Google Analytics -->
<!-- Venatus Ad Manager - Install in <HEAD> of page -->
	<script src="https://hb.vntsm.com/v3/live/ad-manager.min.js" type="text/javascript" data-site-id="642aba63ec9a7b11c3c9c1be" data-mode="scan" async></script>
<!-- / Venatus Ad Manager -->

<style>
	@media (max-width:820px) {
		.battle {
			margin: 0 auto;
		}
		.battle-log {
			margin: 7px auto 0;
			max-width: 640px;
			height: 300px;
			position: static;
		}
	}
	.optgroup {
		display: inline-block;
		line-height: 22px;
		font-size: 10pt;
	}
	.optgroup .button {
		height: 25px;
		padding-top: 0;
		padding-bottom: 0;
	}
	.optgroup button.button {
		padding-left: 12px;
		padding-right: 12px;
	}
	.linklist {
		list-style: none;
		margin: 0.5em 0;
		padding: 0;
	}
	.linklist li {
		padding: 2px 0;
	}
	.sidebar {
		float: left;
		width: 320px;
	}
	.bar-wrapper {
		max-width: 1100px;
		margin: 0 auto;
	}
	.bar-wrapper.has-sidebar {
		max-width: 1430px;
	}
	.mainbar {
		margin: 0;
		padding-right: 1px;
	}
	.mainbar.has-sidebar {
		margin-left: 330px;
	}
	@media (min-width: 1511px) {
		.sidebar {
			width: 400px;
		}
		.bar-wrapper.has-sidebar {
			max-width: 1510px;
		}
		.mainbar.has-sidebar {
			margin-left: 410px;
		}
	}
	.section.first-section {
		margin-top: 9px;
	}
	.blocklink small {
		white-space: normal;
	}
	.button {
		vertical-align: middle;
	}
	.replay-controls {
		padding-top: 10px;
	}
	.replay-controls h1 {
		font-size: 16pt;
		font-weight: normal;
		color: #CCC;
	}
	.pagelink {
		text-align: center;
	}
	.pagelink a {
		width: 150px;
	}
	.textbox, .button {
		font-size: 11pt;
		vertical-align: middle;
	}
	@media (max-width: 450px) {
		.button {
			font-size: 9pt;
		}
	}
</style>

<div>

	<header>
		<div class="nav-wrapper"><ul class="nav">
			<li><a class="button nav-first" href="//pokemonshowdown.com/"><img src="//pokemonshowdown.com/images/pokemonshowdownbeta.png" srcset="//pokemonshowdown.com/images/pokemonshowdownbeta.png 1x, //pokemonshowdown.com/images/pokemonshowdownbeta@2x.png 2x" alt="Pok&eacute;mon Showdown" width="146" height="44" /> Home</a></li>
			<li><a class="button" href="//pokemonshowdown.com/dex/">Pok&eacute;dex</a></li>
			<li><a class="button cur" href="/">Replays</a></li>
			<li><a class="button" href="//pokemonshowdown.com/ladder/">Ladder</a></li>
			<li><a class="button nav-last" href="//pokemonshowdown.com/forums/">Forum</a></li>
			<li><a class="button greenbutton nav-first nav-last" href="//play.pokemonshowdown.com/">Play</a></li>
		</ul></div>
	</header>

	<div class="main" id="main">

		<noscript><section class="section">You need to enable JavaScript to use this page; sorry!</section></noscript>

	</div>

</div>

<script defer nomodule src="//play.pokemonshowdown.com/js/lib/ps-polyfill.js"></script>
<script defer src="//play.pokemonshowdown.com/js/lib/preact.min.js"></script>

<script defer src="//play.pokemonshowdown.com/config/config.js?6dec07f6"></script>
<script defer src="//play.pokemonshowdown.com/js/lib/jquery-1.11.0.min.js"></script>
<script defer src="//play.pokemonshowdown.com/js/lib/html-sanitizer-minified.js"></script>
<script defer src="//play.pokemonshowdown.com/js/battle-sound.js"></script>
<script defer src="//play.pokemonshowdown.com/js/battledata.js?0.6315294753075389"></script>
<script defer src="//play.pokemonshowdown.com/data/pokedex-mini.js?0.7603743185311358"></script>
<script defer src="//play.pokemonshowdown.com/data/pokedex-mini-bw.js?0.030888842834281283"></script>
<script defer src="//play.pokemonshowdown.com/data/graphics.js?0.05593094747507488"></script>
<script defer src="//play.pokemonshowdown.com/data/pokedex.js?0.47064822249611904"></script>
<script defer src="//play.pokemonshowdown.com/data/moves.js?0.8583693120512459"></script>
<script defer src="//play.pokemonshowdown.com/data/abilities.js?0.16017181182386842"></script>
<script defer src="//play.pokemonshowdown.com/data/items.js?0.4163379185673943"></script>
<script defer src="//play.pokemonshowdown.com/data/teambuilder-tables.js?0.31075597372830477"></script>
<script defer src="//play.pokemonshowdown.com/js/battle-tooltips.js?0.6536193500708172"></script>
<script defer src="//play.pokemonshowdown.com/js/battle.js?0.1916591943277901"></script>

<script defer src="js/utils.js?e31f9a17"></script>
<script defer src="js/replays-battle.js?7008c182"></script>

<!-- don't scrape this data! just add .json or .log after the URL!
Full API docs: https://github.com/smogon/pokemon-showdown-client/blob/master/WEB-API.md -->
<script type="text/plain" class="log" id="replaylog-smogtours-gen3ou-796526">
|inactive|Battle timer is ON: inactive players will automatically lose when time's up.
|t:|1728426482
|gametype|singles
|player|p1|Thebadger1230|101|
|player|p2|SANKE CARP|officer-gen2|
|teamsize|p1|6
|teamsize|p2|6
|gen|3
|tier|[Gen 3] OU
|rule|Sleep Clause Mod: Limit one foe put to sleep
|rule|Switch Priority Clause Mod: Faster Pokémon switch first
|rule|Species Clause: Limit one of each Pokémon
|rule|OHKO Clause: OHKO moves are banned
|rule|Evasion Items Clause: Evasion items are banned
|rule|Evasion Moves Clause: Evasion moves are banned
|rule|Endless Battle Clause: Forcing endless battles is banned
|rule|HP Percentage Mod: HP is shown in percentages
|rule|One Boost Passer Clause: Limit one Baton Passer that has a way to boost its stats
|rule|Freeze Clause Mod: Limit one foe frozen
|
|t:|1728426482
|start
|switch|p1a: Hariyama|Hariyama, F|100/100
|switch|p2a: Tyranitar|Tyranitar, F|100/100
|-weather|Sandstorm|[from] ability: Sand Stream|[of] p2a: Tyranitar
|turn|1
|inactive|SANKE CARP has 270 seconds left.
|inactive|SANKE CARP has 240 seconds left.
|
|t:|1728426555
|switch|p2a: Milotic|Milotic, M|100/100
|move|p1a: Hariyama|Knock Off|p2a: Milotic
|-crit|p2a: Milotic
|-damage|p2a: Milotic|97/100
|-enditem|p2a: Milotic|Leftovers|[from] move: Knock Off|[of] p1a: Hariyama
|-hint|In Gens 3-4, Knock Off only makes the target's item unusable; it cannot obtain a new item.
|
|-weather|Sandstorm|[upkeep]
|-damage|p2a: Milotic|91/100|[from] Sandstorm
|-damage|p1a: Hariyama|94/100|[from] Sandstorm
|-heal|p1a: Hariyama|100/100|[from] item: Leftovers
|upkeep
|turn|2
|
|t:|1728426565
|switch|p1a: Blissey|Blissey, F|100/100
|move|p2a: Milotic|Surf|p1a: Blissey
|-damage|p1a: Blissey|88/100
|
|-weather|Sandstorm|[upkeep]
|-damage|p2a: Milotic|85/100|[from] Sandstorm
|-damage|p1a: Blissey|82/100|[from] Sandstorm
|-heal|p1a: Blissey|88/100|[from] item: Leftovers
|upkeep
|turn|3
|
|t:|1728426581
|switch|p1a: Hariyama|Hariyama, F|100/100
|move|p2a: Milotic|Surf|p1a: Hariyama
|-damage|p1a: Hariyama|71/100
|
|-weather|Sandstorm|[upkeep]
|-damage|p2a: Milotic|79/100|[from] Sandstorm
|-damage|p1a: Hariyama|65/100|[from] Sandstorm
|-heal|p1a: Hariyama|71/100|[from] item: Leftovers
|upkeep
|turn|4
|
|t:|1728426603
|move|p2a: Milotic|Surf|p1a: Hariyama
|-damage|p1a: Hariyama|37/100
|move|p1a: Hariyama|Brick Break|p2a: Milotic
|-damage|p2a: Milotic|50/100
|
|-weather|Sandstorm|[upkeep]
|-damage|p2a: Milotic|44/100|[from] Sandstorm
|-damage|p1a: Hariyama|31/100|[from] Sandstorm
|-heal|p1a: Hariyama|37/100|[from] item: Leftovers
|upkeep
|turn|5
|
|t:|1728426609
|switch|p1a: Jirachi|Jirachi|100/100
|move|p2a: Milotic|Recover|p2a: Milotic
|-heal|p2a: Milotic|94/100
|
|-weather|Sandstorm|[upkeep]
|-damage|p2a: Milotic|88/100|[from] Sandstorm
|upkeep
|turn|6
|inactive|SANKE CARP has 270 seconds left.
|
|t:|1728426646
|move|p1a: Jirachi|Toxic|p2a: Milotic
|-status|p2a: Milotic|tox
|move|p2a: Milotic|Surf|p1a: Jirachi
|-damage|p1a: Jirachi|74/100
|
|-weather|Sandstorm|[upkeep]
|-damage|p2a: Milotic|82/100 tox|[from] Sandstorm
|-heal|p1a: Jirachi|81/100|[from] item: Leftovers
|-damage|p2a: Milotic|76/100 tox|[from] psn
|upkeep
|turn|7
|
|t:|1728426651
|move|p1a: Jirachi|Wish|p1a: Jirachi
|move|p2a: Milotic|Refresh|p2a: Milotic
|-curestatus|p2a: Milotic|tox|[msg]
|
|-weather|Sandstorm|[upkeep]
|-damage|p2a: Milotic|70/100|[from] Sandstorm
|-heal|p1a: Jirachi|87/100|[from] item: Leftovers
|upkeep
|turn|8
|
|t:|1728426663
|move|p1a: Jirachi|Toxic|p2a: Milotic
|-status|p2a: Milotic|tox
|move|p2a: Milotic|Toxic|p1a: Jirachi
|-immune|p1a: Jirachi
|
|-heal|p1a: Jirachi|100/100|[from] move: Wish|[wisher] Jirachi
|-weather|Sandstorm|[upkeep]
|-damage|p2a: Milotic|64/100 tox|[from] Sandstorm
|-damage|p2a: Milotic|58/100 tox|[from] psn
|upkeep
|turn|9
|inactive|Thebadger1230 has 270 seconds left.
|
|t:|1728426695
|move|p1a: Jirachi|Wish|p1a: Jirachi
|move|p2a: Milotic|Refresh|p2a: Milotic
|-curestatus|p2a: Milotic|tox|[msg]
|
|-weather|Sandstorm|[upkeep]
|-damage|p2a: Milotic|52/100|[from] Sandstorm
|upkeep
|turn|10
|inactive|SANKE CARP has 270 seconds left.
|
|t:|1728426701
|switch|p1a: Hariyama|Hariyama, F|37/100
|move|p2a: Milotic|Recover|p2a: Milotic
|-heal|p2a: Milotic|100/100
|
|-heal|p1a: Hariyama|87/100|[from] move: Wish|[wisher] Jirachi
|-weather|Sandstorm|[upkeep]
|-damage|p2a: Milotic|94/100|[from] Sandstorm
|-damage|p1a: Hariyama|81/100|[from] Sandstorm
|-heal|p1a: Hariyama|87/100|[from] item: Leftovers
|upkeep
|turn|11
|inactive|SANKE CARP has 270 seconds left.
|
|t:|1728426715
|switch|p1a: Jirachi|Jirachi|100/100
|move|p2a: Milotic|Surf|p1a: Jirachi
|-crit|p1a: Jirachi
|-damage|p1a: Jirachi|42/100
|
|-weather|Sandstorm|[upkeep]
|-damage|p2a: Milotic|88/100|[from] Sandstorm
|-heal|p1a: Jirachi|48/100|[from] item: Leftovers
|upkeep
|turn|12
|inactive|SANKE CARP has 270 seconds left.
|
|t:|1728426738
|switch|p2a: Skarmory|Skarmory, M|100/100
|move|p1a: Jirachi|Protect||[still]
|-fail|p1a: Jirachi
|
|-weather|Sandstorm|[upkeep]
|-heal|p1a: Jirachi|54/100|[from] item: Leftovers
|upkeep
|turn|13
|
|t:|1728426747
|move|p1a: Jirachi|Fire Punch|p2a: Skarmory
|-supereffective|p2a: Skarmory
|-damage|p2a: Skarmory|67/100
|move|p2a: Skarmory|Spikes|p1a: Jirachi
|-sidestart|p1: Thebadger1230|Spikes
|
|-weather|Sandstorm|[upkeep]
|-heal|p1a: Jirachi|60/100|[from] item: Leftovers
|-heal|p2a: Skarmory|73/100|[from] item: Leftovers
|upkeep
|turn|14
|
|t:|1728426751
|move|p2a: Skarmory|Protect|p2a: Skarmory
|-singleturn|p2a: Skarmory|Protect
|move|p1a: Jirachi|Fire Punch|p2a: Skarmory
|-activate|p2a: Skarmory|Protect
|
|-weather|Sandstorm|[upkeep]
|-heal|p1a: Jirachi|67/100|[from] item: Leftovers
|-heal|p2a: Skarmory|79/100|[from] item: Leftovers
|upkeep
|turn|15
|
|t:|1728426761
|switch|p2a: Milotic|Milotic, M|88/100
|move|p1a: Jirachi|Fire Punch|p2a: Milotic
|-resisted|p2a: Milotic
|-damage|p2a: Milotic|82/100
|
|-weather|Sandstorm|[upkeep]
|-damage|p2a: Milotic|76/100|[from] Sandstorm
|-heal|p1a: Jirachi|73/100|[from] item: Leftovers
|upkeep
|turn|16
|
|t:|1728426769
|move|p1a: Jirachi|Toxic|p2a: Milotic|[miss]
|-miss|p1a: Jirachi|p2a: Milotic
|move|p2a: Milotic|Surf|p1a: Jirachi
|-damage|p1a: Jirachi|47/100
|
|-weather|Sandstorm|[upkeep]
|-damage|p2a: Milotic|70/100|[from] Sandstorm
|-heal|p1a: Jirachi|54/100|[from] item: Leftovers
|upkeep
|turn|17
|
|t:|1728426776
|move|p1a: Jirachi|Wish|p1a: Jirachi
|move|p2a: Milotic|Surf|p1a: Jirachi
|-crit|p1a: Jirachi
|-damage|p1a: Jirachi|0 fnt
|faint|p1a: Jirachi
|
|t:|1728426790
|switch|p1a: Hariyama|Hariyama, F|87/100
|-damage|p1a: Hariyama|74/100|[from] Spikes
|
|-weather|Sandstorm|[upkeep]
|-damage|p2a: Milotic|64/100|[from] Sandstorm
|-damage|p1a: Hariyama|68/100|[from] Sandstorm
|-heal|p1a: Hariyama|74/100|[from] item: Leftovers
|upkeep
|turn|18
|
|t:|1728426799
|move|p2a: Milotic|Recover|p2a: Milotic
|-heal|p2a: Milotic|100/100
|move|p1a: Hariyama|Brick Break|p2a: Milotic
|-damage|p2a: Milotic|75/100
|
|-heal|p1a: Hariyama|100/100|[from] move: Wish|[wisher] Jirachi
|-weather|Sandstorm|[upkeep]
|-damage|p2a: Milotic|69/100|[from] Sandstorm
|-damage|p1a: Hariyama|94/100|[from] Sandstorm
|-heal|p1a: Hariyama|100/100|[from] item: Leftovers
|upkeep
|turn|19
|
|t:|1728426817
|move|p2a: Milotic|Surf|p1a: Hariyama
|-damage|p1a: Hariyama|68/100
|move|p1a: Hariyama|Brick Break|p2a: Milotic
|-crit|p2a: Milotic
|-damage|p2a: Milotic|12/100
|
|-weather|Sandstorm|[upkeep]
|-damage|p2a: Milotic|6/100|[from] Sandstorm
|-damage|p1a: Hariyama|62/100|[from] Sandstorm
|-heal|p1a: Hariyama|68/100|[from] item: Leftovers
|upkeep
|turn|20
|
|t:|1728426824
|move|p2a: Milotic|Recover|p2a: Milotic
|-heal|p2a: Milotic|56/100
|move|p1a: Hariyama|Brick Break|p2a: Milotic
|-damage|p2a: Milotic|30/100
|
|-weather|Sandstorm|[upkeep]
|-damage|p2a: Milotic|24/100|[from] Sandstorm
|-damage|p1a: Hariyama|62/100|[from] Sandstorm
|-heal|p1a: Hariyama|68/100|[from] item: Leftovers
|upkeep
|turn|21
|
|t:|1728426833
|move|p2a: Milotic|Recover|p2a: Milotic
|-heal|p2a: Milotic|74/100
|move|p1a: Hariyama|Brick Break|p2a: Milotic
|-damage|p2a: Milotic|46/100
|
|-weather|Sandstorm|[upkeep]
|-damage|p2a: Milotic|40/100|[from] Sandstorm
|-damage|p1a: Hariyama|62/100|[from] Sandstorm
|-heal|p1a: Hariyama|68/100|[from] item: Leftovers
|upkeep
|turn|22
|
|t:|1728426837
|move|p2a: Milotic|Recover|p2a: Milotic
|-heal|p2a: Milotic|90/100
|move|p1a: Hariyama|Brick Break|p2a: Milotic
|-damage|p2a: Milotic|63/100
|
|-weather|Sandstorm|[upkeep]
|-damage|p2a: Milotic|57/100|[from] Sandstorm
|-damage|p1a: Hariyama|62/100|[from] Sandstorm
|-heal|p1a: Hariyama|68/100|[from] item: Leftovers
|upkeep
|turn|23
|
|t:|1728426850
|switch|p1a: Suicune|Suicune|100/100
|-damage|p1a: Suicune|88/100|[from] Spikes
|move|p2a: Milotic|Recover|p2a: Milotic
|-heal|p2a: Milotic|100/100
|
|-weather|Sandstorm|[upkeep]
|-damage|p1a: Suicune|82/100|[from] Sandstorm
|-damage|p2a: Milotic|94/100|[from] Sandstorm
|-heal|p1a: Suicune|88/100|[from] item: Leftovers
|upkeep
|turn|24
|
|t:|1728426872
|switch|p2a: Magneton|Magneton|100/100
|move|p1a: Suicune|Calm Mind|p1a: Suicune
|-boost|p1a: Suicune|spa|1
|-boost|p1a: Suicune|spd|1
|
|-weather|Sandstorm|[upkeep]
|-damage|p1a: Suicune|82/100|[from] Sandstorm
|-heal|p1a: Suicune|88/100|[from] item: Leftovers
|upkeep
|turn|25
|
|t:|1728426882
|switch|p1a: Blissey|Blissey, F|88/100
|-damage|p1a: Blissey|76/100|[from] Spikes
|move|p2a: Magneton|Thunderbolt|p1a: Blissey
|-damage|p1a: Blissey|52/100
|-status|p1a: Blissey|par
|
|-weather|Sandstorm|[upkeep]
|-damage|p1a: Blissey|46/100 par|[from] Sandstorm
|-heal|p1a: Blissey|52/100 par|[from] item: Leftovers
|upkeep
|turn|26
|
|t:|1728426892
|switch|p2a: Tyranitar|Tyranitar, F|100/100
|move|p1a: Blissey|Aromatherapy|p1a: Blissey
|-cureteam|p1a: Blissey|[from] move: Aromatherapy
|
|-weather|Sandstorm|[upkeep]
|-damage|p1a: Blissey|46/100|[from] Sandstorm
|-heal|p1a: Blissey|52/100|[from] item: Leftovers
|upkeep
|turn|27
|
|t:|1728426900
|-singleturn|p2a: Tyranitar|move: Focus Punch
|switch|p1a: Claydol|Claydol|100/100
|move|p2a: Tyranitar|Focus Punch|p1a: Claydol
|-resisted|p1a: Claydol
|-damage|p1a: Claydol|67/100
|
|-weather|Sandstorm|[upkeep]
|-heal|p1a: Claydol|74/100|[from] item: Leftovers
|upkeep
|turn|28
|
|t:|1728426911
|move|p1a: Claydol|Rapid Spin|p2a: Tyranitar
|-resisted|p2a: Tyranitar
|-damage|p2a: Tyranitar|99/100
|-sideend|p1: Thebadger1230|Spikes|[from] move: Rapid Spin|[of] p1a: Claydol
|move|p2a: Tyranitar|Hidden Power|p1a: Claydol
|-supereffective|p1a: Claydol
|-damage|p1a: Claydol|13/100
|
|-weather|Sandstorm|[upkeep]
|-heal|p1a: Claydol|20/100|[from] item: Leftovers
|-heal|p2a: Tyranitar|100/100|[from] item: Leftovers
|upkeep
|turn|29
|
|t:|1728426922
|switch|p1a: Hariyama|Hariyama, F|68/100
|switch|p2a: Claydol|Claydol|100/100
|
|-weather|Sandstorm|[upkeep]
|-damage|p1a: Hariyama|62/100|[from] Sandstorm
|-heal|p1a: Hariyama|68/100|[from] item: Leftovers
|upkeep
|turn|30
|
|t:|1728426928
|switch|p2a: Milotic|Milotic, M|94/100
|move|p1a: Hariyama|Hidden Power|p2a: Milotic
|-damage|p2a: Milotic|77/100
|
|-weather|Sandstorm|[upkeep]
|-damage|p2a: Milotic|71/100|[from] Sandstorm
|-damage|p1a: Hariyama|62/100|[from] Sandstorm
|-heal|p1a: Hariyama|68/100|[from] item: Leftovers
|upkeep
|turn|31
|
|t:|1728426939
|move|p2a: Milotic|Surf|p1a: Hariyama
|-damage|p1a: Hariyama|36/100
|move|p1a: Hariyama|Brick Break|p2a: Milotic
|-damage|p2a: Milotic|44/100
|
|-weather|Sandstorm|[upkeep]
|-damage|p2a: Milotic|38/100|[from] Sandstorm
|-damage|p1a: Hariyama|30/100|[from] Sandstorm
|-heal|p1a: Hariyama|36/100|[from] item: Leftovers
|upkeep
|turn|32
|
|t:|1728426943
|switch|p1a: Blissey|Blissey, F|52/100
|move|p2a: Milotic|Recover|p2a: Milotic
|-heal|p2a: Milotic|88/100
|
|-weather|Sandstorm|[upkeep]
|-damage|p2a: Milotic|81/100|[from] Sandstorm
|-damage|p1a: Blissey|46/100|[from] Sandstorm
|-heal|p1a: Blissey|52/100|[from] item: Leftovers
|upkeep
|turn|33
|
|t:|1728426962
|move|p2a: Milotic|Toxic|p1a: Blissey
|-status|p1a: Blissey|tox
|move|p1a: Blissey|Soft-Boiled|p1a: Blissey
|-heal|p1a: Blissey|100/100 tox
|
|-weather|Sandstorm|[upkeep]
|-damage|p2a: Milotic|75/100|[from] Sandstorm
|-damage|p1a: Blissey|94/100 tox|[from] Sandstorm
|-heal|p1a: Blissey|100/100 tox|[from] item: Leftovers
|-damage|p1a: Blissey|94/100 tox|[from] psn
|upkeep
|turn|34
|
|t:|1728426973
|-curestatus|p1a: Blissey|tox|[from] ability: Natural Cure
|switch|p1a: Suicune|Suicune|88/100
|move|p2a: Milotic|Surf|p1a: Suicune
|-resisted|p1a: Suicune
|-damage|p1a: Suicune|74/100
|
|-weather|Sandstorm|[upkeep]
|-damage|p1a: Suicune|68/100|[from] Sandstorm
|-damage|p2a: Milotic|69/100|[from] Sandstorm
|-heal|p1a: Suicune|74/100|[from] item: Leftovers
|upkeep
|turn|35
|
|t:|1728427000
|switch|p2a: Magneton|Magneton|100/100
|move|p1a: Suicune|Roar|p2a: Magneton
|drag|p2a: Aerodactyl|Aerodactyl, F|100/100
|
|-weather|Sandstorm|[upkeep]
|-damage|p1a: Suicune|68/100|[from] Sandstorm
|-heal|p1a: Suicune|74/100|[from] item: Leftovers
|upkeep
|turn|36
|
|t:|1728427014
|switch|p2a: Skarmory|Skarmory, M|79/100
|move|p1a: Suicune|Surf|p2a: Skarmory
|-damage|p2a: Skarmory|53/100
|
|-weather|Sandstorm|[upkeep]
|-damage|p1a: Suicune|68/100|[from] Sandstorm
|-heal|p1a: Suicune|74/100|[from] item: Leftovers
|-heal|p2a: Skarmory|59/100|[from] item: Leftovers
|upkeep
|turn|37
|
|t:|1728427021
|move|p1a: Suicune|Calm Mind|p1a: Suicune
|-boost|p1a: Suicune|spa|1
|-boost|p1a: Suicune|spd|1
|move|p2a: Skarmory|Spikes|p1a: Suicune
|-sidestart|p1: Thebadger1230|Spikes
|
|-weather|Sandstorm|[upkeep]
|-damage|p1a: Suicune|68/100|[from] Sandstorm
|-heal|p1a: Suicune|74/100|[from] item: Leftovers
|-heal|p2a: Skarmory|65/100|[from] item: Leftovers
|upkeep
|turn|38
|
|t:|1728427026
|move|p1a: Suicune|Surf|p2a: Skarmory
|-damage|p2a: Skarmory|22/100
|move|p2a: Skarmory|Roar|p1a: Suicune
|drag|p1a: Salamence|Salamence, F|100/100
|-ability|p1a: Salamence|Intimidate|boost
|-unboost|p2a: Skarmory|atk|1
|
|-weather|Sandstorm|[upkeep]
|-damage|p1a: Salamence|94/100|[from] Sandstorm
|-heal|p1a: Salamence|100/100|[from] item: Leftovers
|-heal|p2a: Skarmory|28/100|[from] item: Leftovers
|upkeep
|turn|39
|
|t:|1728427046
|move|p2a: Skarmory|Protect|p2a: Skarmory
|-singleturn|p2a: Skarmory|Protect
|move|p1a: Salamence|Rock Slide|p2a: Skarmory
|-activate|p2a: Skarmory|Protect
|
|-weather|Sandstorm|[upkeep]
|-damage|p1a: Salamence|94/100|[from] Sandstorm
|-heal|p1a: Salamence|100/100|[from] item: Leftovers
|-heal|p2a: Skarmory|34/100|[from] item: Leftovers
|upkeep
|turn|40
|
|t:|1728427060
|move|p1a: Salamence|Rock Slide|p2a: Skarmory
|-damage|p2a: Skarmory|12/100
|move|p2a: Skarmory|Toxic|p1a: Salamence
|-status|p1a: Salamence|tox
|
|-weather|Sandstorm|[upkeep]
|-damage|p1a: Salamence|94/100 tox|[from] Sandstorm
|-heal|p1a: Salamence|100/100 tox|[from] item: Leftovers
|-damage|p1a: Salamence|94/100 tox|[from] psn
|-heal|p2a: Skarmory|18/100|[from] item: Leftovers
|upkeep
|turn|41
|
|t:|1728427067
|switch|p1a: Blissey|Blissey, F|94/100
|-damage|p1a: Blissey|82/100|[from] Spikes
|move|p2a: Skarmory|Protect||[still]
|-fail|p2a: Skarmory
|
|-weather|Sandstorm|[upkeep]
|-damage|p1a: Blissey|76/100|[from] Sandstorm
|-heal|p2a: Skarmory|24/100|[from] item: Leftovers
|-heal|p1a: Blissey|82/100|[from] item: Leftovers
|upkeep
|turn|42
|
|t:|1728427085
|switch|p2a: Tyranitar|Tyranitar, F|100/100
|move|p1a: Blissey|Ice Beam|p2a: Tyranitar
|-damage|p2a: Tyranitar|81/100
|-status|p2a: Tyranitar|frz
|
|-weather|Sandstorm|[upkeep]
|-damage|p1a: Blissey|76/100|[from] Sandstorm
|-heal|p2a: Tyranitar|87/100 frz|[from] item: Leftovers
|-heal|p1a: Blissey|82/100|[from] item: Leftovers
|upkeep
|turn|43
|
|t:|1728427097
|cant|p2a: Tyranitar|frz
|move|p1a: Blissey|Aromatherapy|p1a: Blissey
|-cureteam|p1a: Blissey|[from] move: Aromatherapy
|
|-weather|Sandstorm|[upkeep]
|-damage|p1a: Blissey|76/100|[from] Sandstorm
|-heal|p2a: Tyranitar|93/100 frz|[from] item: Leftovers
|-heal|p1a: Blissey|82/100|[from] item: Leftovers
|upkeep
|turn|44
|inactive|SANKE CARP has 270 seconds left.
|
|t:|1728427117
|switch|p2a: Claydol|Claydol|100/100
|switch|p1a: Suicune|Suicune|74/100
|-damage|p1a: Suicune|62/100|[from] Spikes
|
|-weather|Sandstorm|[upkeep]
|-damage|p1a: Suicune|56/100|[from] Sandstorm
|-heal|p1a: Suicune|62/100|[from] item: Leftovers
|upkeep
|turn|45
|inactive|SANKE CARP has 270 seconds left.
|
|t:|1728427143
|move|p1a: Suicune|Surf|p2a: Claydol
|-supereffective|p2a: Claydol
|-damage|p2a: Claydol|46/100
|move|p2a: Claydol|Earthquake|p1a: Suicune
|-damage|p1a: Suicune|38/100
|
|-weather|Sandstorm|[upkeep]
|-damage|p1a: Suicune|32/100|[from] Sandstorm
|-heal|p1a: Suicune|38/100|[from] item: Leftovers
|-heal|p2a: Claydol|52/100|[from] item: Leftovers
|upkeep
|turn|46
|
|t:|1728427156
|move|p1a: Suicune|Surf|p2a: Claydol
|-supereffective|p2a: Claydol
|-damage|p2a: Claydol|0 fnt
|faint|p2a: Claydol
|
|t:|1728427167
|switch|p2a: Magneton|Magneton|100/100
|
|-weather|Sandstorm|[upkeep]
|-damage|p1a: Suicune|32/100|[from] Sandstorm
|-heal|p1a: Suicune|38/100|[from] item: Leftovers
|upkeep
|turn|47
|
|t:|1728427171
|switch|p1a: Blissey|Blissey, F|82/100
|-damage|p1a: Blissey|69/100|[from] Spikes
|move|p2a: Magneton|Thunderbolt|p1a: Blissey
|-damage|p1a: Blissey|47/100
|
|-weather|Sandstorm|[upkeep]
|-damage|p1a: Blissey|41/100|[from] Sandstorm
|-heal|p1a: Blissey|47/100|[from] item: Leftovers
|upkeep
|turn|48
|
|t:|1728427181
|move|p2a: Magneton|Toxic|p1a: Blissey
|-status|p1a: Blissey|tox
|move|p1a: Blissey|Soft-Boiled|p1a: Blissey
|-heal|p1a: Blissey|97/100 tox
|
|-weather|Sandstorm|[upkeep]
|-damage|p1a: Blissey|91/100 tox|[from] Sandstorm
|-heal|p1a: Blissey|97/100 tox|[from] item: Leftovers
|-damage|p1a: Blissey|91/100 tox|[from] psn
|upkeep
|turn|49
|
|t:|1728427191
|-curestatus|p1a: Blissey|tox|[from] ability: Natural Cure
|switch|p1a: Claydol|Claydol|20/100
|move|p2a: Magneton|Thunderbolt|p1a: Claydol
|-immune|p1a: Claydol
|
|-weather|Sandstorm|[upkeep]
|-heal|p1a: Claydol|26/100|[from] item: Leftovers
|upkeep
|turn|50
|inactive|SANKE CARP has 270 seconds left.
|
|t:|1728427204
|switch|p2a: Skarmory|Skarmory, M|24/100
|move|p1a: Claydol|Rapid Spin|p2a: Skarmory
|-resisted|p2a: Skarmory
|-damage|p2a: Skarmory|22/100
|-sideend|p1: Thebadger1230|Spikes|[from] move: Rapid Spin|[of] p1a: Claydol
|
|-weather|Sandstorm|[upkeep]
|-heal|p1a: Claydol|32/100|[from] item: Leftovers
|-heal|p2a: Skarmory|28/100|[from] item: Leftovers
|upkeep
|turn|51
|inactive|SANKE CARP has 270 seconds left.
|
|t:|1728427215
|move|p1a: Claydol|Shadow Ball|p2a: Skarmory
|-resisted|p2a: Skarmory
|-damage|p2a: Skarmory|21/100
|move|p2a: Skarmory|Spikes|p1a: Claydol
|-sidestart|p1: Thebadger1230|Spikes
|
|-weather|Sandstorm|[upkeep]
|-heal|p1a: Claydol|38/100|[from] item: Leftovers
|-heal|p2a: Skarmory|27/100|[from] item: Leftovers
|upkeep
|turn|52
|inactive|SANKE CARP has 270 seconds left.
|
|t:|1728427223
|move|p2a: Skarmory|Protect|p2a: Skarmory
|-singleturn|p2a: Skarmory|Protect
|move|p1a: Claydol|Rapid Spin|p2a: Skarmory
|-activate|p2a: Skarmory|Protect
|
|-weather|Sandstorm|[upkeep]
|-heal|p1a: Claydol|44/100|[from] item: Leftovers
|-heal|p2a: Skarmory|33/100|[from] item: Leftovers
|upkeep
|turn|53
|
|t:|1728427231
|move|p1a: Claydol|Rapid Spin|p2a: Skarmory
|-resisted|p2a: Skarmory
|-damage|p2a: Skarmory|31/100
|-sideend|p1: Thebadger1230|Spikes|[from] move: Rapid Spin|[of] p1a: Claydol
|move|p2a: Skarmory|Toxic|p1a: Claydol
|-status|p1a: Claydol|tox
|
|-weather|Sandstorm|[upkeep]
|-heal|p1a: Claydol|50/100 tox|[from] item: Leftovers
|-damage|p1a: Claydol|44/100 tox|[from] psn
|-heal|p2a: Skarmory|37/100|[from] item: Leftovers
|upkeep
|turn|54
|
|t:|1728427236
|switch|p1a: Blissey|Blissey, F|91/100
|move|p2a: Skarmory|Protect||[still]
|-fail|p2a: Skarmory
|
|-weather|Sandstorm|[upkeep]
|-damage|p1a: Blissey|85/100|[from] Sandstorm
|-heal|p2a: Skarmory|43/100|[from] item: Leftovers
|-heal|p1a: Blissey|91/100|[from] item: Leftovers
|upkeep
|turn|55
|
|t:|1728427253
|move|p2a: Skarmory|Spikes|p1a: Blissey
|-sidestart|p1: Thebadger1230|Spikes
|move|p1a: Blissey|Ice Beam|p2a: Skarmory
|-damage|p2a: Skarmory|20/100
|
|-weather|Sandstorm|[upkeep]
|-damage|p1a: Blissey|85/100|[from] Sandstorm
|-heal|p2a: Skarmory|26/100|[from] item: Leftovers
|-heal|p1a: Blissey|91/100|[from] item: Leftovers
|upkeep
|turn|56
|inactive|SANKE CARP has 270 seconds left.
|
|t:|1728427276
|move|p1a: Blissey|Ice Beam|p2a: Skarmory
|-damage|p2a: Skarmory|4/100
|move|p2a: Skarmory|Roar|p1a: Blissey
|drag|p1a: Suicune|Suicune|38/100
|-damage|p1a: Suicune|25/100|[from] Spikes
|
|-weather|Sandstorm|[upkeep]
|-damage|p1a: Suicune|19/100|[from] Sandstorm
|-heal|p1a: Suicune|25/100|[from] item: Leftovers
|-heal|p2a: Skarmory|10/100|[from] item: Leftovers
|upkeep
|turn|57
|inactive|SANKE CARP has 270 seconds left.
|inactive|SANKE CARP has 240 seconds left.
|
|t:|1728427331
|move|p2a: Skarmory|Protect|p2a: Skarmory
|-singleturn|p2a: Skarmory|Protect
|move|p1a: Suicune|Rest|p1a: Suicune
|-status|p1a: Suicune|slp|[from] move: Rest
|-heal|p1a: Suicune|100/100 slp|[silent]
|
|-weather|Sandstorm|[upkeep]
|-damage|p1a: Suicune|94/100 slp|[from] Sandstorm
|-heal|p1a: Suicune|100/100 slp|[from] item: Leftovers
|-heal|p2a: Skarmory|16/100|[from] item: Leftovers
|upkeep
|turn|58
|
|t:|1728427338
|switch|p1a: Claydol|Claydol|44/100 tox
|move|p2a: Skarmory|Spikes|p1a: Claydol
|-sidestart|p1: Thebadger1230|Spikes
|
|-weather|Sandstorm|[upkeep]
|-heal|p1a: Claydol|50/100 tox|[from] item: Leftovers
|-damage|p1a: Claydol|44/100 tox|[from] psn
|-heal|p2a: Skarmory|22/100|[from] item: Leftovers
|upkeep
|turn|59
|inactive|SANKE CARP has 240 seconds left.
|
|t:|1728427346
|switch|p1a: Blissey|Blissey, F|91/100
|-damage|p1a: Blissey|74/100|[from] Spikes
|move|p2a: Skarmory|Protect||[still]
|-fail|p2a: Skarmory
|
|-weather|Sandstorm|[upkeep]
|-damage|p1a: Blissey|68/100|[from] Sandstorm
|-heal|p2a: Skarmory|28/100|[from] item: Leftovers
|-heal|p1a: Blissey|74/100|[from] item: Leftovers
|upkeep
|turn|60
|inactive|SANKE CARP has 240 seconds left.
|
|t:|1728427370
|move|p2a: Skarmory|Spikes|p1a: Blissey
|-sidestart|p1: Thebadger1230|Spikes
|move|p1a: Blissey|Aromatherapy|p1a: Blissey
|-cureteam|p1a: Blissey|[from] move: Aromatherapy
|
|-weather|Sandstorm|[upkeep]
|-damage|p1a: Blissey|68/100|[from] Sandstorm
|-heal|p2a: Skarmory|34/100|[from] item: Leftovers
|-heal|p1a: Blissey|74/100|[from] item: Leftovers
|upkeep
|turn|61
|
|t:|1728427383
|move|p2a: Skarmory|Toxic|p1a: Blissey
|-status|p1a: Blissey|tox
|move|p1a: Blissey|Soft-Boiled|p1a: Blissey
|-heal|p1a: Blissey|100/100 tox
|
|-weather|Sandstorm|[upkeep]
|-damage|p1a: Blissey|94/100 tox|[from] Sandstorm
|-heal|p2a: Skarmory|40/100|[from] item: Leftovers
|-heal|p1a: Blissey|100/100 tox|[from] item: Leftovers
|-damage|p1a: Blissey|94/100 tox|[from] psn
|upkeep
|turn|62
|
|t:|1728427404
|-curestatus|p1a: Blissey|tox|[from] ability: Natural Cure
|switch|p1a: Claydol|Claydol|44/100
|move|p2a: Skarmory|Roar|p1a: Claydol
|drag|p1a: Hariyama|Hariyama, F|36/100
|-damage|p1a: Hariyama|11/100|[from] Spikes
|
|-weather|Sandstorm|[upkeep]
|-damage|p1a: Hariyama|5/100|[from] Sandstorm
|-heal|p2a: Skarmory|46/100|[from] item: Leftovers
|-heal|p1a: Hariyama|11/100|[from] item: Leftovers
|upkeep
|turn|63
|inactive|SANKE CARP has 210 seconds left.
|
|t:|1728427425
|switch|p2a: Milotic|Milotic, M|69/100
|switch|p1a: Claydol|Claydol|44/100
|
|-weather|Sandstorm|[upkeep]
|-damage|p2a: Milotic|63/100|[from] Sandstorm
|-heal|p1a: Claydol|50/100|[from] item: Leftovers
|upkeep
|turn|64
|inactive|Thebadger1230 has 270 seconds left.
|inactive|Thebadger1230 has 240 seconds left.
|
|t:|1728427490
|move|p1a: Claydol|Rapid Spin|p2a: Milotic
|-damage|p2a: Milotic|59/100
|-sideend|p1: Thebadger1230|Spikes|[from] move: Rapid Spin|[of] p1a: Claydol
|move|p2a: Milotic|Surf|p1a: Claydol
|-supereffective|p1a: Claydol
|-damage|p1a: Claydol|0 fnt
|faint|p1a: Claydol
|
|t:|1728427503
|switch|p1a: Salamence|Salamence, F|94/100
|-ability|p1a: Salamence|Intimidate|boost
|-unboost|p2a: Milotic|atk|1
|
|-weather|Sandstorm|[upkeep]
|-damage|p1a: Salamence|88/100|[from] Sandstorm
|-damage|p2a: Milotic|53/100|[from] Sandstorm
|-heal|p1a: Salamence|94/100|[from] item: Leftovers
|upkeep
|turn|65
|inactive|SANKE CARP has 210 seconds left.
|inactive|Thebadger1230 has 210 seconds left.
|
|t:|1728427564
|move|p1a: Salamence|Dragon Dance|p1a: Salamence
|-boost|p1a: Salamence|atk|1
|-boost|p1a: Salamence|spe|1
|move|p2a: Milotic|Toxic|p1a: Salamence
|-status|p1a: Salamence|tox
|
|-weather|Sandstorm|[upkeep]
|-damage|p1a: Salamence|88/100 tox|[from] Sandstorm
|-damage|p2a: Milotic|47/100|[from] Sandstorm
|-heal|p1a: Salamence|94/100 tox|[from] item: Leftovers
|-damage|p1a: Salamence|88/100 tox|[from] psn
|upkeep
|turn|66
|inactive|SANKE CARP has 180 seconds left.
|
|t:|1728427590
|switch|p2a: Skarmory|Skarmory, M|46/100
|move|p1a: Salamence|Dragon Dance|p1a: Salamence
|-boost|p1a: Salamence|atk|1
|-boost|p1a: Salamence|spe|1
|
|-weather|Sandstorm|[upkeep]
|-damage|p1a: Salamence|82/100 tox|[from] Sandstorm
|-heal|p1a: Salamence|88/100 tox|[from] item: Leftovers
|-damage|p1a: Salamence|76/100 tox|[from] psn
|-heal|p2a: Skarmory|52/100|[from] item: Leftovers
|upkeep
|turn|67
|inactive|SANKE CARP has 180 seconds left.
|
|t:|1728427604
|move|p1a: Salamence|Rock Slide|p2a: Skarmory
|-damage|p2a: Skarmory|3/100
|move|p2a: Skarmory|Roar|p1a: Salamence
|drag|p1a: Blissey|Blissey, F|94/100
|
|-weather|Sandstorm|[upkeep]
|-damage|p1a: Blissey|88/100|[from] Sandstorm
|-heal|p2a: Skarmory|9/100|[from] item: Leftovers
|-heal|p1a: Blissey|94/100|[from] item: Leftovers
|upkeep
|turn|68
|inactive|SANKE CARP has 180 seconds left.
|inactive|SANKE CARP has 150 seconds left.
|
|t:|1728427651
|move|p2a: Skarmory|Spikes|p1a: Blissey
|-sidestart|p1: Thebadger1230|Spikes
|move|p1a: Blissey|Ice Beam|p2a: Skarmory
|-damage|p2a: Skarmory|0 fnt
|faint|p2a: Skarmory
|
|t:|1728427680
|switch|p2a: Aerodactyl|Aerodactyl, F|100/100
|
|-weather|Sandstorm|[upkeep]
|-damage|p1a: Blissey|88/100|[from] Sandstorm
|-heal|p1a: Blissey|94/100|[from] item: Leftovers
|upkeep
|turn|69
|inactive|SANKE CARP has 120 seconds left.
|inactive|Thebadger1230 has 210 seconds left.
|
|t:|1728427707
|move|p2a: Aerodactyl|Rock Slide|p1a: Blissey
|-damage|p1a: Blissey|46/100
|move|p1a: Blissey|Aromatherapy|p1a: Blissey
|-cureteam|p1a: Blissey|[from] move: Aromatherapy
|
|-weather|Sandstorm|[upkeep]
|-damage|p1a: Blissey|40/100|[from] Sandstorm
|-heal|p1a: Blissey|46/100|[from] item: Leftovers
|upkeep
|turn|70
|inactive|Thebadger1230 has 210 seconds left.
|inactive|SANKE CARP has 120 seconds left.
|inactive|SANKE CARP has 90 seconds left.
|
|t:|1728427748
|switch|p1a: Hariyama|Hariyama, F|11/100
|-damage|p1a: Hariyama|0 fnt|[from] Spikes
|faint|p1a: Hariyama
|
|t:|1728427752
|switch|p1a: Salamence|Salamence, F|76/100
|-ability|p1a: Salamence|Intimidate|boost
|-unboost|p2a: Aerodactyl|atk|1
|
|-weather|Sandstorm|[upkeep]
|-damage|p1a: Salamence|70/100|[from] Sandstorm
|-heal|p1a: Salamence|76/100|[from] item: Leftovers
|upkeep
|turn|71
|
|t:|1728427760
|switch|p1a: Suicune|Suicune|100/100
|-damage|p1a: Suicune|88/100|[from] Spikes
|move|p2a: Aerodactyl|Rock Slide|p1a: Suicune
|-damage|p1a: Suicune|67/100
|
|-weather|Sandstorm|[upkeep]
|-damage|p1a: Suicune|61/100|[from] Sandstorm
|-heal|p1a: Suicune|67/100|[from] item: Leftovers
|upkeep
|turn|72
|
|t:|1728427775
|switch|p2a: Magneton|Magneton|100/100
|switch|p1a: Salamence|Salamence, F|76/100
|-ability|p1a: Salamence|Intimidate|boost
|-unboost|p2a: Magneton|atk|1
|
|-weather|Sandstorm|[upkeep]
|-damage|p1a: Salamence|70/100|[from] Sandstorm
|-heal|p1a: Salamence|76/100|[from] item: Leftovers
|upkeep
|turn|73
|
|t:|1728427803
|switch|p2a: Aerodactyl|Aerodactyl, F|100/100
|move|p1a: Salamence|Dragon Dance|p1a: Salamence
|-boost|p1a: Salamence|atk|1
|-boost|p1a: Salamence|spe|1
|
|-weather|Sandstorm|[upkeep]
|-damage|p1a: Salamence|70/100|[from] Sandstorm
|-heal|p1a: Salamence|76/100|[from] item: Leftovers
|upkeep
|turn|74
|
|t:|1728427817
|move|p1a: Salamence|Rock Slide|p2a: Aerodactyl|[miss]
|-miss|p1a: Salamence|p2a: Aerodactyl
|move|p2a: Aerodactyl|Rock Slide|p1a: Salamence
|-supereffective|p1a: Salamence
|-crit|p1a: Salamence
|-damage|p1a: Salamence|0 fnt
|faint|p1a: Salamence
|inactive|Thebadger1230 has 210 seconds left.
|inactive|Thebadger1230 has 180 seconds left.
|
|t:|1728427876
|switch|p1a: Suicune|Suicune|67/100
|-damage|p1a: Suicune|55/100|[from] Spikes
|
|-weather|Sandstorm|[upkeep]
|-damage|p1a: Suicune|49/100|[from] Sandstorm
|-heal|p1a: Suicune|55/100|[from] item: Leftovers
|upkeep
|turn|75
|inactive|Thebadger1230 has 180 seconds left.
|
|t:|1728427891
|switch|p2a: Magneton|Magneton|100/100
|move|p1a: Suicune|Surf|p2a: Magneton
|-damage|p2a: Magneton|46/100
|
|-weather|Sandstorm|[upkeep]
|-damage|p1a: Suicune|49/100|[from] Sandstorm
|-heal|p1a: Suicune|55/100|[from] item: Leftovers
|upkeep
|turn|76
|
|t:|1728427897
|switch|p1a: Blissey|Blissey, F|46/100
|-damage|p1a: Blissey|33/100|[from] Spikes
|move|p2a: Magneton|Thunderbolt|p1a: Blissey
|-damage|p1a: Blissey|12/100
|
|-weather|Sandstorm|[upkeep]
|-damage|p1a: Blissey|6/100|[from] Sandstorm
|-heal|p1a: Blissey|12/100|[from] item: Leftovers
|upkeep
|turn|77
|
|t:|1728427900
|move|p2a: Magneton|Thunderbolt|p1a: Blissey
|-damage|p1a: Blissey|0 fnt
|faint|p1a: Blissey
|
|t:|1728427903
|switch|p1a: Suicune|Suicune|55/100
|-damage|p1a: Suicune|43/100|[from] Spikes
|
|-weather|Sandstorm|[upkeep]
|-damage|p1a: Suicune|37/100|[from] Sandstorm
|-heal|p1a: Suicune|43/100|[from] item: Leftovers
|upkeep
|turn|78
|
|t:|1728427905
|move|p1a: Suicune|Surf|p2a: Magneton
|-damage|p2a: Magneton|0 fnt
|faint|p2a: Magneton
|
|t:|1728427909
|switch|p2a: Aerodactyl|Aerodactyl, F|100/100
|
|-weather|Sandstorm|[upkeep]
|-damage|p1a: Suicune|37/100|[from] Sandstorm
|-heal|p1a: Suicune|43/100|[from] item: Leftovers
|upkeep
|turn|79
|inactive|SANKE CARP has 150 seconds left.
|
|t:|1728427918
|move|p2a: Aerodactyl|Rock Slide|p1a: Suicune
|-damage|p1a: Suicune|10/100
|move|p1a: Suicune|Surf|p2a: Aerodactyl
|-supereffective|p2a: Aerodactyl
|-damage|p2a: Aerodactyl|20/100
|
|-weather|Sandstorm|[upkeep]
|-damage|p1a: Suicune|4/100|[from] Sandstorm
|-heal|p1a: Suicune|10/100|[from] item: Leftovers
|upkeep
|turn|80
|
|t:|1728427922
|move|p2a: Aerodactyl|Rock Slide|p1a: Suicune
|-damage|p1a: Suicune|0 fnt
|faint|p1a: Suicune
|
|win|SANKE CARP

</script>
<script type="application/json" class="data" id="replaydata-smogtours-gen3ou-796526">
{"id":"smogtours-gen3ou-796526","format":"[Gen 3] OU","players":["Thebadger1230","SANKE CARP"],"uploadtime":1728427922,"views":120,"formatid":"gen3ou","rating":null,"private":0,"password":null}
</script>

<script defer src="js/replays.js?9d40a366"></script>
