<!DOCTYPE html>
<meta charset="utf-8" />
<meta name="viewport" content="width=device-width" />

<title>[Gen 3] OU: Xenocles vs. thunderousbagel - Replays - Pok&eacute;mon Showdown!</title>

<meta name="description" content="Watch a replay of a Pok&eacute;mon battle between Xenocles and thunderousbagel! Format: [Gen 3] OU; Date: Nov 4, 2024" />
<!--

Hey, you! Looking in the source for the replay log?

You can find them in JSON format, just add `.json` at the end of a replay URL.

https://replay.pokemonshowdown.com/gen7randomdoublesbattle-865046831.json

Or, if you only need the log itself, add `.log` instead:

https://replay.pokemonshowdown.com/gen7randomdoublesbattle-865046831.log

-->

<link rel="stylesheet" href="//pokemonshowdown.com/style/global.css?0.023195364461161105" />
<link rel="stylesheet" href="//play.pokemonshowdown.com/style/font-awesome.css?0.13261647063804238" />
<link rel="stylesheet" href="//play.pokemonshowdown.com/style/battle.css?0.8753245789963631" />
<link rel="stylesheet" href="//play.pokemonshowdown.com/style/utilichart.css?0.8627959624976733" />

<!-- Global site tag (gtag.js) - Google Analytics -->
<script async src="https://www.googletagmanager.com/gtag/js?id=UA-26211653-1"></script>
<script>
  window.dataLayer = window.dataLayer || [];
  function gtag(){dataLayer.push(arguments);}
  gtag('js', new Date());

  gtag('config', 'UA-26211653-1');
</script>
<!-- End Google Analytics -->
<!-- Venatus Ad Manager - Install in <HEAD> of page -->
	<script src="https://hb.vntsm.com/v3/live/ad-manager.min.js" type="text/javascript" data-site-id="642aba63ec9a7b11c3c9c1be" data-mode="scan" async></script>
<!-- / Venatus Ad Manager -->

<style>
	@media (max-width:820px) {
		.battle {
			margin: 0 auto;
		}
		.battle-log {
			margin: 7px auto 0;
			max-width: 640px;
			height: 300px;
			position: static;
		}
	}
	.optgroup {
		display: inline-block;
		line-height: 22px;
		font-size: 10pt;
	}
	.optgroup .button {
		height: 25px;
		padding-top: 0;
		padding-bottom: 0;
	}
	.optgroup button.button {
		padding-left: 12px;
		padding-right: 12px;
	}
	.linklist {
		list-style: none;
		margin: 0.5em 0;
		padding: 0;
	}
	.linklist li {
		padding: 2px 0;
	}
	.sidebar {
		float: left;
		width: 320px;
	}
	.bar-wrapper {
		max-width: 1100px;
		margin: 0 auto;
	}
	.bar-wrapper.has-sidebar {
		max-width: 1430px;
	}
	.mainbar {
		margin: 0;
		padding-right: 1px;
	}
	.mainbar.has-sidebar {
		margin-left: 330px;
	}
	@media (min-width: 1511px) {
		.sidebar {
			width: 400px;
		}
		.bar-wrapper.has-sidebar {
			max-width: 1510px;
		}
		.mainbar.has-sidebar {
			margin-left: 410px;
		}
	}
	.section.first-section {
		margin-top: 9px;
	}
	.blocklink small {
		white-space: normal;
	}
	.button {
		vertical-align: middle;
	}
	.replay-controls {
		padding-top: 10px;
	}
	.replay-controls h1 {
		font-size: 16pt;
		font-weight: normal;
		color: #CCC;
	}
	.pagelink {
		text-align: center;
	}
	.pagelink a {
		width: 150px;
	}
	.textbox, .button {
		font-size: 11pt;
		vertical-align: middle;
	}
	@media (max-width: 450px) {
		.button {
			font-size: 9pt;
		}
	}
</style>

<div>

	<header>
		<div class="nav-wrapper"><ul class="nav">
			<li><a class="button nav-first" href="//pokemonshowdown.com/"><img src="//pokemonshowdown.com/images/pokemonshowdownbeta.png" srcset="//pokemonshowdown.com/images/pokemonshowdownbeta.png 1x, //pokemonshowdown.com/images/pokemonshowdownbeta@2x.png 2x" alt="Pok&eacute;mon Showdown" width="146" height="44" /> Home</a></li>
			<li><a class="button" href="//pokemonshowdown.com/dex/">Pok&eacute;dex</a></li>
			<li><a class="button cur" href="/">Replays</a></li>
			<li><a class="button" href="//pokemonshowdown.com/ladder/">Ladder</a></li>
			<li><a class="button nav-last" href="//pokemonshowdown.com/forums/">Forum</a></li>
			<li><a class="button greenbutton nav-first nav-last" href="//play.pokemonshowdown.com/">Play</a></li>
		</ul></div>
	</header>

	<div class="main" id="main">

		<noscript><section class="section">You need to enable JavaScript to use this page; sorry!</section></noscript>

	</div>

</div>

<script defer nomodule src="//play.pokemonshowdown.com/js/lib/ps-polyfill.js"></script>
<script defer src="//play.pokemonshowdown.com/js/lib/preact.min.js"></script>

<script defer src="//play.pokemonshowdown.com/config/config.js?2bddbc15"></script>
<script defer src="//play.pokemonshowdown.com/js/lib/jquery-1.11.0.min.js"></script>
<script defer src="//play.pokemonshowdown.com/js/lib/html-sanitizer-minified.js"></script>
<script defer src="//play.pokemonshowdown.com/js/battle-sound.js"></script>
<script defer src="//play.pokemonshowdown.com/js/battledata.js?0.7209276989879541"></script>
<script defer src="//play.pokemonshowdown.com/data/pokedex-mini.js?0.6111056340867951"></script>
<script defer src="//play.pokemonshowdown.com/data/pokedex-mini-bw.js?0.3532142036491459"></script>
<script defer src="//play.pokemonshowdown.com/data/graphics.js?0.24223875632456182"></script>
<script defer src="//play.pokemonshowdown.com/data/pokedex.js?0.38839984266356864"></script>
<script defer src="//play.pokemonshowdown.com/data/moves.js?0.21866028504024015"></script>
<script defer src="//play.pokemonshowdown.com/data/abilities.js?0.2005157953846628"></script>
<script defer src="//play.pokemonshowdown.com/data/items.js?0.9894211263848525"></script>
<script defer src="//play.pokemonshowdown.com/data/teambuilder-tables.js?0.6008791140282215"></script>
<script defer src="//play.pokemonshowdown.com/js/battle-tooltips.js?0.7580118955022959"></script>
<script defer src="//play.pokemonshowdown.com/js/battle.js?0.6057722274234274"></script>

<script defer src="js/utils.js?e31f9a17"></script>
<script defer src="js/replays-battle.js?7008c182"></script>

<!-- don't scrape this data! just add .json or .log after the URL!
Full API docs: https://github.com/smogon/pokemon-showdown-client/blob/master/WEB-API.md -->
<script type="text/plain" class="log" id="replaylog-smogtours-gen3ou-804835">
|inactive|Battle timer is ON: inactive players will automatically lose when time's up.
|t:|1730761789
|gametype|singles
|player|p1|Xenocles|sailor|
|player|p2|thunderousbagel|cameraman|
|teamsize|p1|6
|teamsize|p2|6
|gen|3
|tier|[Gen 3] OU
|rule|Sleep Clause Mod: Limit one foe put to sleep
|rule|Switch Priority Clause Mod: Faster Pokémon switch first
|rule|Species Clause: Limit one of each Pokémon
|rule|OHKO Clause: OHKO moves are banned
|rule|Evasion Items Clause: Evasion items are banned
|rule|Evasion Moves Clause: Evasion moves are banned
|rule|Endless Battle Clause: Forcing endless battles is banned
|rule|HP Percentage Mod: HP is shown in percentages
|rule|One Boost Passer Clause: Limit one Baton Passer that has a way to boost its stats
|rule|Freeze Clause Mod: Limit one foe frozen
|
|t:|1730761789
|start
|switch|p1a: Tyranitar|Tyranitar, M|100/100
|switch|p2a: Salamence|Salamence, F|100/100
|-ability|p2a: Salamence|Intimidate|boost
|-unboost|p1a: Tyranitar|atk|1
|-weather|Sandstorm|[from] ability: Sand Stream|[of] p1a: Tyranitar
|turn|1
|inactive|Xenocles also wants the timer to be on.
|c|☆Xenocles|gl
|c|☆thunderousbagel|u2
|inactive|thunderousbagel has 270 seconds left.
|inactive|Xenocles has 270 seconds left.
|
|t:|1730761835
|switch|p2a: Jirachi|Jirachi|100/100
|switch|p1a: Milotic|Milotic, F|100/100
|
|-weather|Sandstorm|[upkeep]
|-damage|p1a: Milotic|94/100|[from] Sandstorm
|-heal|p1a: Milotic|100/100|[from] item: Leftovers
|upkeep
|turn|2
|inactive|thunderousbagel has 270 seconds left.
|
|t:|1730761873
|move|p2a: Jirachi|Thunderbolt|p1a: Milotic
|-supereffective|p1a: Milotic
|-damage|p1a: Milotic|65/100
|-status|p1a: Milotic|par
|cant|p1a: Milotic|par
|
|-weather|Sandstorm|[upkeep]
|-damage|p1a: Milotic|59/100 par|[from] Sandstorm
|-heal|p1a: Milotic|65/100 par|[from] item: Leftovers
|upkeep
|turn|3
|inactive|thunderousbagel has 270 seconds left.
|
|t:|1730761889
|switch|p1a: Claydol|Claydol|100/100
|move|p2a: Jirachi|Substitute|p2a: Jirachi
|-start|p2a: Jirachi|Substitute
|-damage|p2a: Jirachi|75/100
|
|-weather|Sandstorm|[upkeep]
|-heal|p2a: Jirachi|82/100|[from] item: Leftovers
|upkeep
|turn|4
|inactive|thunderousbagel has 270 seconds left.
|
|t:|1730761910
|move|p2a: Jirachi|Hidden Power|p1a: Claydol
|-supereffective|p1a: Claydol
|-damage|p1a: Claydol|71/100
|move|p1a: Claydol|Earthquake|p2a: Jirachi
|-supereffective|p2a: Jirachi
|-end|p2a: Jirachi|Substitute
|
|-weather|Sandstorm|[upkeep]
|-heal|p2a: Jirachi|88/100|[from] item: Leftovers
|-heal|p1a: Claydol|77/100|[from] item: Leftovers
|upkeep
|turn|5
|inactive|Xenocles has 270 seconds left.
|inactive|thunderousbagel has 240 seconds left.
|
|t:|1730761949
|switch|p2a: Salamence|Salamence, F|100/100
|-ability|p2a: Salamence|Intimidate|boost
|-unboost|p1a: Claydol|atk|1
|switch|p1a: Blissey|Blissey, F|100/100
|
|-weather|Sandstorm|[upkeep]
|-damage|p2a: Salamence|94/100|[from] Sandstorm
|-damage|p1a: Blissey|94/100|[from] Sandstorm
|-heal|p2a: Salamence|100/100|[from] item: Leftovers
|-heal|p1a: Blissey|100/100|[from] item: Leftovers
|upkeep
|turn|6
|inactive|Xenocles has 270 seconds left.
|inactive|thunderousbagel has 240 seconds left.
|
|t:|1730761961
|switch|p2a: Snorlax|Snorlax, F|100/100
|move|p1a: Blissey|Ice Beam|p2a: Snorlax
|-damage|p2a: Snorlax|86/100
|
|-weather|Sandstorm|[upkeep]
|-damage|p1a: Blissey|94/100|[from] Sandstorm
|-damage|p2a: Snorlax|80/100|[from] Sandstorm
|-heal|p1a: Blissey|100/100|[from] item: Leftovers
|-heal|p2a: Snorlax|86/100|[from] item: Leftovers
|upkeep
|turn|7
|inactive|Xenocles has 270 seconds left.
|
|t:|1730761967
|-singleturn|p2a: Snorlax|move: Focus Punch
|switch|p1a: Skarmory|Skarmory, F|100/100
|move|p2a: Snorlax|Focus Punch|p1a: Skarmory
|-damage|p1a: Skarmory|61/100
|
|-weather|Sandstorm|[upkeep]
|-damage|p2a: Snorlax|80/100|[from] Sandstorm
|-heal|p1a: Skarmory|67/100|[from] item: Leftovers
|-heal|p2a: Snorlax|86/100|[from] item: Leftovers
|upkeep
|turn|8
|
|t:|1730761978
|switch|p2a: Jirachi|Jirachi|88/100
|move|p1a: Skarmory|Spikes|p2a: Jirachi
|-sidestart|p2: thunderousbagel|Spikes
|
|-weather|Sandstorm|[upkeep]
|-heal|p2a: Jirachi|94/100|[from] item: Leftovers
|-heal|p1a: Skarmory|73/100|[from] item: Leftovers
|upkeep
|turn|9
|
|t:|1730761991
|switch|p1a: Claydol|Claydol|77/100
|move|p2a: Jirachi|Thunderbolt|p1a: Claydol
|-immune|p1a: Claydol
|
|-weather|Sandstorm|[upkeep]
|-heal|p2a: Jirachi|99/100|[from] item: Leftovers
|-heal|p1a: Claydol|83/100|[from] item: Leftovers
|upkeep
|turn|10
|
|t:|1730761996
|switch|p2a: Claydol|Claydol|100/100
|move|p1a: Claydol|Earthquake|p2a: Claydol
|-immune|p2a: Claydol
|
|-weather|Sandstorm|[upkeep]
|-heal|p1a: Claydol|89/100|[from] item: Leftovers
|upkeep
|turn|11
|inactive|Xenocles has 270 seconds left.
|
|t:|1730762020
|switch|p1a: Skarmory|Skarmory, F|73/100
|move|p2a: Claydol|Rapid Spin|p1a: Skarmory
|-resisted|p1a: Skarmory
|-damage|p1a: Skarmory|71/100
|-sideend|p2: thunderousbagel|Spikes|[from] move: Rapid Spin|[of] p2a: Claydol
|
|-weather|Sandstorm|[upkeep]
|-heal|p1a: Skarmory|77/100|[from] item: Leftovers
|upkeep
|turn|12
|inactive|thunderousbagel has 270 seconds left.
|inactive|thunderousbagel has 240 seconds left.
|
|t:|1730762056
|switch|p2a: Jirachi|Jirachi|99/100
|move|p1a: Skarmory|Spikes|p2a: Jirachi
|-sidestart|p2: thunderousbagel|Spikes
|
|-weather|Sandstorm|[upkeep]
|-heal|p2a: Jirachi|100/100|[from] item: Leftovers
|-heal|p1a: Skarmory|83/100|[from] item: Leftovers
|upkeep
|turn|13
|inactive|thunderousbagel has 240 seconds left.
|
|t:|1730762086
|switch|p1a: Blissey|Blissey, F|100/100
|move|p2a: Jirachi|Calm Mind|p2a: Jirachi
|-boost|p2a: Jirachi|spa|1
|-boost|p2a: Jirachi|spd|1
|
|-weather|Sandstorm|[upkeep]
|-damage|p1a: Blissey|94/100|[from] Sandstorm
|-heal|p1a: Blissey|100/100|[from] item: Leftovers
|upkeep
|turn|14
|
|t:|1730762091
|move|p2a: Jirachi|Substitute|p2a: Jirachi
|-start|p2a: Jirachi|Substitute
|-damage|p2a: Jirachi|75/100
|move|p1a: Blissey|Calm Mind|p1a: Blissey
|-boost|p1a: Blissey|spa|1
|-boost|p1a: Blissey|spd|1
|
|-weather|Sandstorm|[upkeep]
|-damage|p1a: Blissey|94/100|[from] Sandstorm
|-heal|p2a: Jirachi|82/100|[from] item: Leftovers
|-heal|p1a: Blissey|100/100|[from] item: Leftovers
|upkeep
|turn|15
|
|t:|1730762095
|move|p2a: Jirachi|Calm Mind|p2a: Jirachi
|-boost|p2a: Jirachi|spa|1
|-boost|p2a: Jirachi|spd|1
|move|p1a: Blissey|Calm Mind|p1a: Blissey
|-boost|p1a: Blissey|spa|1
|-boost|p1a: Blissey|spd|1
|
|-weather|Sandstorm|[upkeep]
|-damage|p1a: Blissey|94/100|[from] Sandstorm
|-heal|p2a: Jirachi|88/100|[from] item: Leftovers
|-heal|p1a: Blissey|100/100|[from] item: Leftovers
|upkeep
|turn|16
|
|t:|1730762107
|move|p2a: Jirachi|Calm Mind|p2a: Jirachi
|-boost|p2a: Jirachi|spa|1
|-boost|p2a: Jirachi|spd|1
|move|p1a: Blissey|Calm Mind|p1a: Blissey
|-boost|p1a: Blissey|spa|1
|-boost|p1a: Blissey|spd|1
|
|-weather|Sandstorm|[upkeep]
|-damage|p1a: Blissey|94/100|[from] Sandstorm
|-heal|p2a: Jirachi|94/100|[from] item: Leftovers
|-heal|p1a: Blissey|100/100|[from] item: Leftovers
|upkeep
|turn|17
|
|t:|1730762119
|move|p2a: Jirachi|Calm Mind|p2a: Jirachi
|-boost|p2a: Jirachi|spa|1
|-boost|p2a: Jirachi|spd|1
|move|p1a: Blissey|Thunderbolt|p2a: Jirachi
|-activate|p2a: Jirachi|Substitute|[damage]
|
|-weather|Sandstorm|[upkeep]
|-damage|p1a: Blissey|94/100|[from] Sandstorm
|-heal|p2a: Jirachi|99/100|[from] item: Leftovers
|-heal|p1a: Blissey|100/100|[from] item: Leftovers
|upkeep
|turn|18
|inactive|thunderousbagel has 240 seconds left.
|inactive|thunderousbagel has 210 seconds left.
|
|t:|1730762202
|move|p2a: Jirachi|Thunderbolt|p1a: Blissey
|-damage|p1a: Blissey|88/100
|-status|p1a: Blissey|par
|cant|p1a: Blissey|par
|
|-weather|Sandstorm|[upkeep]
|-damage|p1a: Blissey|82/100 par|[from] Sandstorm
|-heal|p2a: Jirachi|100/100|[from] item: Leftovers
|-heal|p1a: Blissey|88/100 par|[from] item: Leftovers
|upkeep
|turn|19
|
|t:|1730762210
|move|p2a: Jirachi|Calm Mind|p2a: Jirachi
|-boost|p2a: Jirachi|spa|1
|-boost|p2a: Jirachi|spd|1
|move|p1a: Blissey|Calm Mind|p1a: Blissey
|-boost|p1a: Blissey|spa|1
|-boost|p1a: Blissey|spd|1
|
|-weather|Sandstorm|[upkeep]
|-damage|p1a: Blissey|82/100 par|[from] Sandstorm
|-heal|p1a: Blissey|88/100 par|[from] item: Leftovers
|upkeep
|turn|20
|
|t:|1730762213
|move|p2a: Jirachi|Calm Mind|p2a: Jirachi
|-boost|p2a: Jirachi|spa|1
|-boost|p2a: Jirachi|spd|1
|move|p1a: Blissey|Calm Mind|p1a: Blissey
|-boost|p1a: Blissey|spa|1
|-boost|p1a: Blissey|spd|1
|
|-weather|Sandstorm|[upkeep]
|-damage|p1a: Blissey|82/100 par|[from] Sandstorm
|-heal|p1a: Blissey|88/100 par|[from] item: Leftovers
|upkeep
|turn|21
|
|t:|1730762217
|move|p2a: Jirachi|Thunderbolt|p1a: Blissey
|-damage|p1a: Blissey|77/100 par
|move|p1a: Blissey|Thunderbolt|p2a: Jirachi
|-end|p2a: Jirachi|Substitute
|
|-weather|Sandstorm|[upkeep]
|-damage|p1a: Blissey|71/100 par|[from] Sandstorm
|-heal|p1a: Blissey|77/100 par|[from] item: Leftovers
|upkeep
|turn|22
|
|t:|1730762223
|move|p2a: Jirachi|Substitute|p2a: Jirachi
|-start|p2a: Jirachi|Substitute
|-damage|p2a: Jirachi|75/100
|move|p1a: Blissey|Calm Mind|p1a: Blissey
|-boost|p1a: Blissey|spa|1
|-boost|p1a: Blissey|spd|1
|
|-weather|Sandstorm|[upkeep]
|-damage|p1a: Blissey|71/100 par|[from] Sandstorm
|-heal|p2a: Jirachi|82/100|[from] item: Leftovers
|-heal|p1a: Blissey|77/100 par|[from] item: Leftovers
|upkeep
|turn|23
|
|t:|1730762228
|move|p2a: Jirachi|Thunderbolt|p1a: Blissey
|-damage|p1a: Blissey|66/100 par
|move|p1a: Blissey|Soft-Boiled|p1a: Blissey
|-heal|p1a: Blissey|100/100 par
|
|-weather|Sandstorm|[upkeep]
|-damage|p1a: Blissey|94/100 par|[from] Sandstorm
|-heal|p2a: Jirachi|88/100|[from] item: Leftovers
|-heal|p1a: Blissey|100/100 par|[from] item: Leftovers
|upkeep
|turn|24
|
|t:|1730762240
|move|p2a: Jirachi|Thunderbolt|p1a: Blissey
|-damage|p1a: Blissey|90/100 par
|move|p1a: Blissey|Thunderbolt|p2a: Jirachi
|-activate|p2a: Jirachi|Substitute|[damage]
|
|-weather|Sandstorm|[upkeep]
|-damage|p1a: Blissey|84/100 par|[from] Sandstorm
|-heal|p2a: Jirachi|94/100|[from] item: Leftovers
|-heal|p1a: Blissey|90/100 par|[from] item: Leftovers
|upkeep
|turn|25
|
|t:|1730762254
|move|p2a: Jirachi|Thunderbolt|p1a: Blissey
|-damage|p1a: Blissey|81/100 par
|move|p1a: Blissey|Thunderbolt|p2a: Jirachi
|-end|p2a: Jirachi|Substitute
|
|-weather|Sandstorm|[upkeep]
|-damage|p1a: Blissey|74/100 par|[from] Sandstorm
|-heal|p2a: Jirachi|99/100|[from] item: Leftovers
|-heal|p1a: Blissey|81/100 par|[from] item: Leftovers
|upkeep
|turn|26
|
|t:|1730762259
|move|p2a: Jirachi|Substitute|p2a: Jirachi
|-start|p2a: Jirachi|Substitute
|-damage|p2a: Jirachi|75/100
|move|p1a: Blissey|Thunderbolt|p2a: Jirachi
|-activate|p2a: Jirachi|Substitute|[damage]
|
|-weather|Sandstorm|[upkeep]
|-damage|p1a: Blissey|74/100 par|[from] Sandstorm
|-heal|p2a: Jirachi|81/100|[from] item: Leftovers
|-heal|p1a: Blissey|81/100 par|[from] item: Leftovers
|upkeep
|turn|27
|
|t:|1730762262
|move|p2a: Jirachi|Thunderbolt|p1a: Blissey
|-damage|p1a: Blissey|71/100 par
|move|p1a: Blissey|Thunderbolt|p2a: Jirachi
|-end|p2a: Jirachi|Substitute
|
|-weather|Sandstorm|[upkeep]
|-damage|p1a: Blissey|65/100 par|[from] Sandstorm
|-heal|p2a: Jirachi|88/100|[from] item: Leftovers
|-heal|p1a: Blissey|71/100 par|[from] item: Leftovers
|upkeep
|turn|28
|
|t:|1730762267
|move|p2a: Jirachi|Substitute|p2a: Jirachi
|-start|p2a: Jirachi|Substitute
|-damage|p2a: Jirachi|63/100
|cant|p1a: Blissey|par
|
|-weather|Sandstorm|[upkeep]
|-damage|p1a: Blissey|65/100 par|[from] Sandstorm
|-heal|p2a: Jirachi|69/100|[from] item: Leftovers
|-heal|p1a: Blissey|71/100 par|[from] item: Leftovers
|upkeep
|turn|29
|
|t:|1730762272
|move|p2a: Jirachi|Thunderbolt|p1a: Blissey
|-damage|p1a: Blissey|60/100 par
|cant|p1a: Blissey|par
|
|-weather|Sandstorm|[upkeep]
|-damage|p1a: Blissey|54/100 par|[from] Sandstorm
|-heal|p2a: Jirachi|75/100|[from] item: Leftovers
|-heal|p1a: Blissey|60/100 par|[from] item: Leftovers
|upkeep
|turn|30
|inactive|thunderousbagel has 270 seconds left.
|
|t:|1730762278
|move|p2a: Jirachi|Calm Mind|p2a: Jirachi
|-boost|p2a: Jirachi|spa|0
|-boost|p2a: Jirachi|spd|0
|move|p1a: Blissey|Soft-Boiled|p1a: Blissey
|-heal|p1a: Blissey|100/100 par
|
|-weather|Sandstorm|[upkeep]
|-damage|p1a: Blissey|94/100 par|[from] Sandstorm
|-heal|p2a: Jirachi|81/100|[from] item: Leftovers
|-heal|p1a: Blissey|100/100 par|[from] item: Leftovers
|upkeep
|turn|31
|
|t:|1730762282
|move|p2a: Jirachi|Thunderbolt|p1a: Blissey
|-damage|p1a: Blissey|91/100 par
|move|p1a: Blissey|Thunderbolt|p2a: Jirachi
|-activate|p2a: Jirachi|Substitute|[damage]
|
|-weather|Sandstorm|[upkeep]
|-damage|p1a: Blissey|85/100 par|[from] Sandstorm
|-heal|p2a: Jirachi|87/100|[from] item: Leftovers
|-heal|p1a: Blissey|91/100 par|[from] item: Leftovers
|upkeep
|turn|32
|
|t:|1730762287
|move|p2a: Jirachi|Thunderbolt|p1a: Blissey
|-damage|p1a: Blissey|81/100 par
|cant|p1a: Blissey|par
|
|-weather|Sandstorm|[upkeep]
|-damage|p1a: Blissey|75/100 par|[from] Sandstorm
|-heal|p2a: Jirachi|94/100|[from] item: Leftovers
|-heal|p1a: Blissey|81/100 par|[from] item: Leftovers
|upkeep
|turn|33
|
|t:|1730762291
|move|p2a: Jirachi|Thunderbolt|p1a: Blissey
|-damage|p1a: Blissey|70/100 par
|move|p1a: Blissey|Ice Beam|p2a: Jirachi
|-resisted|p2a: Jirachi
|-end|p2a: Jirachi|Substitute
|
|-weather|Sandstorm|[upkeep]
|-damage|p1a: Blissey|64/100 par|[from] Sandstorm
|-heal|p2a: Jirachi|99/100|[from] item: Leftovers
|-heal|p1a: Blissey|70/100 par|[from] item: Leftovers
|upkeep
|turn|34
|
|t:|1730762296
|move|p2a: Jirachi|Substitute|p2a: Jirachi
|-start|p2a: Jirachi|Substitute
|-damage|p2a: Jirachi|75/100
|cant|p1a: Blissey|par
|
|-weather|Sandstorm|[upkeep]
|-damage|p1a: Blissey|64/100 par|[from] Sandstorm
|-heal|p2a: Jirachi|81/100|[from] item: Leftovers
|-heal|p1a: Blissey|70/100 par|[from] item: Leftovers
|upkeep
|turn|35
|
|t:|1730762303
|move|p2a: Jirachi|Calm Mind|p2a: Jirachi
|-boost|p2a: Jirachi|spa|0
|-boost|p2a: Jirachi|spd|0
|cant|p1a: Blissey|par
|
|-weather|Sandstorm|[upkeep]
|-damage|p1a: Blissey|64/100 par|[from] Sandstorm
|-heal|p2a: Jirachi|87/100|[from] item: Leftovers
|-heal|p1a: Blissey|70/100 par|[from] item: Leftovers
|upkeep
|turn|36
|
|t:|1730762308
|move|p2a: Jirachi|Thunderbolt|p1a: Blissey
|-damage|p1a: Blissey|61/100 par
|move|p1a: Blissey|Thunderbolt|p2a: Jirachi
|-activate|p2a: Jirachi|Substitute|[damage]
|
|-weather|Sandstorm|[upkeep]
|-damage|p1a: Blissey|55/100 par|[from] Sandstorm
|-heal|p2a: Jirachi|93/100|[from] item: Leftovers
|-heal|p1a: Blissey|61/100 par|[from] item: Leftovers
|upkeep
|turn|37
|
|t:|1730762311
|move|p2a: Jirachi|Thunderbolt|p1a: Blissey
|-damage|p1a: Blissey|51/100 par
|move|p1a: Blissey|Soft-Boiled|p1a: Blissey
|-heal|p1a: Blissey|100/100 par
|
|-weather|Sandstorm|[upkeep]
|-damage|p1a: Blissey|94/100 par|[from] Sandstorm
|-heal|p2a: Jirachi|99/100|[from] item: Leftovers
|-heal|p1a: Blissey|100/100 par|[from] item: Leftovers
|upkeep
|turn|38
|
|t:|1730762315
|move|p2a: Jirachi|Thunderbolt|p1a: Blissey
|-damage|p1a: Blissey|91/100 par
|cant|p1a: Blissey|par
|
|-weather|Sandstorm|[upkeep]
|-damage|p1a: Blissey|84/100 par|[from] Sandstorm
|-heal|p2a: Jirachi|100/100|[from] item: Leftovers
|-heal|p1a: Blissey|91/100 par|[from] item: Leftovers
|upkeep
|turn|39
|
|t:|1730762322
|move|p2a: Jirachi|Thunderbolt|p1a: Blissey
|-damage|p1a: Blissey|80/100 par
|move|p1a: Blissey|Ice Beam|p2a: Jirachi
|-resisted|p2a: Jirachi
|-end|p2a: Jirachi|Substitute
|
|-weather|Sandstorm|[upkeep]
|-damage|p1a: Blissey|74/100 par|[from] Sandstorm
|-heal|p1a: Blissey|80/100 par|[from] item: Leftovers
|upkeep
|turn|40
|
|t:|1730762325
|move|p2a: Jirachi|Substitute|p2a: Jirachi
|-start|p2a: Jirachi|Substitute
|-damage|p2a: Jirachi|75/100
|cant|p1a: Blissey|par
|
|-weather|Sandstorm|[upkeep]
|-damage|p1a: Blissey|74/100 par|[from] Sandstorm
|-heal|p2a: Jirachi|82/100|[from] item: Leftovers
|-heal|p1a: Blissey|80/100 par|[from] item: Leftovers
|upkeep
|turn|41
|
|t:|1730762332
|move|p2a: Jirachi|Hidden Power|p1a: Blissey
|-damage|p1a: Blissey|73/100 par
|move|p1a: Blissey|Thunderbolt|p2a: Jirachi
|-activate|p2a: Jirachi|Substitute|[damage]
|
|-weather|Sandstorm|[upkeep]
|-damage|p1a: Blissey|67/100 par|[from] Sandstorm
|-heal|p2a: Jirachi|88/100|[from] item: Leftovers
|-heal|p1a: Blissey|73/100 par|[from] item: Leftovers
|upkeep
|turn|42
|
|t:|1730762346
|move|p2a: Jirachi|Hidden Power|p1a: Blissey
|-damage|p1a: Blissey|65/100 par
|move|p1a: Blissey|Soft-Boiled|p1a: Blissey
|-heal|p1a: Blissey|100/100 par
|
|-weather|Sandstorm|[upkeep]
|-damage|p1a: Blissey|94/100 par|[from] Sandstorm
|-heal|p2a: Jirachi|94/100|[from] item: Leftovers
|-heal|p1a: Blissey|100/100 par|[from] item: Leftovers
|upkeep
|turn|43
|
|t:|1730762351
|move|p2a: Jirachi|Hidden Power|p1a: Blissey
|-damage|p1a: Blissey|94/100 par
|move|p1a: Blissey|Ice Beam|p2a: Jirachi
|-resisted|p2a: Jirachi
|-end|p2a: Jirachi|Substitute
|
|-weather|Sandstorm|[upkeep]
|-damage|p1a: Blissey|87/100 par|[from] Sandstorm
|-heal|p2a: Jirachi|99/100|[from] item: Leftovers
|-heal|p1a: Blissey|94/100 par|[from] item: Leftovers
|upkeep
|turn|44
|
|t:|1730762356
|move|p2a: Jirachi|Substitute|p2a: Jirachi
|-start|p2a: Jirachi|Substitute
|-damage|p2a: Jirachi|75/100
|move|p1a: Blissey|Thunderbolt|p2a: Jirachi
|-activate|p2a: Jirachi|Substitute|[damage]
|
|-weather|Sandstorm|[upkeep]
|-damage|p1a: Blissey|87/100 par|[from] Sandstorm
|-heal|p2a: Jirachi|81/100|[from] item: Leftovers
|-heal|p1a: Blissey|94/100 par|[from] item: Leftovers
|upkeep
|turn|45
|
|t:|1730762360
|move|p2a: Jirachi|Hidden Power|p1a: Blissey
|-damage|p1a: Blissey|85/100 par
|move|p1a: Blissey|Ice Beam|p2a: Jirachi
|-resisted|p2a: Jirachi
|-end|p2a: Jirachi|Substitute
|
|-weather|Sandstorm|[upkeep]
|-damage|p1a: Blissey|79/100 par|[from] Sandstorm
|-heal|p2a: Jirachi|88/100|[from] item: Leftovers
|-heal|p1a: Blissey|85/100 par|[from] item: Leftovers
|upkeep
|turn|46
|
|t:|1730762365
|move|p2a: Jirachi|Substitute|p2a: Jirachi
|-start|p2a: Jirachi|Substitute
|-damage|p2a: Jirachi|63/100
|move|p1a: Blissey|Thunderbolt|p2a: Jirachi
|-activate|p2a: Jirachi|Substitute|[damage]
|
|-weather|Sandstorm|[upkeep]
|-damage|p1a: Blissey|79/100 par|[from] Sandstorm
|-heal|p2a: Jirachi|69/100|[from] item: Leftovers
|-heal|p1a: Blissey|85/100 par|[from] item: Leftovers
|upkeep
|turn|47
|
|t:|1730762373
|move|p2a: Jirachi|Thunderbolt|p1a: Blissey
|-damage|p1a: Blissey|76/100 par
|cant|p1a: Blissey|par
|
|-weather|Sandstorm|[upkeep]
|-damage|p1a: Blissey|70/100 par|[from] Sandstorm
|-heal|p2a: Jirachi|75/100|[from] item: Leftovers
|-heal|p1a: Blissey|76/100 par|[from] item: Leftovers
|upkeep
|turn|48
|
|t:|1730762378
|move|p2a: Jirachi|Thunderbolt|p1a: Blissey
|-damage|p1a: Blissey|66/100 par
|move|p1a: Blissey|Soft-Boiled|p1a: Blissey
|-heal|p1a: Blissey|100/100 par
|
|-weather|Sandstorm|[upkeep]
|-damage|p1a: Blissey|94/100 par|[from] Sandstorm
|-heal|p2a: Jirachi|81/100|[from] item: Leftovers
|-heal|p1a: Blissey|100/100 par|[from] item: Leftovers
|upkeep
|turn|49
|
|t:|1730762385
|move|p2a: Jirachi|Hidden Power|p1a: Blissey
|-damage|p1a: Blissey|94/100 par
|move|p1a: Blissey|Ice Beam|p2a: Jirachi
|-resisted|p2a: Jirachi
|-end|p2a: Jirachi|Substitute
|
|-weather|Sandstorm|[upkeep]
|-damage|p1a: Blissey|87/100 par|[from] Sandstorm
|-heal|p2a: Jirachi|87/100|[from] item: Leftovers
|-heal|p1a: Blissey|94/100 par|[from] item: Leftovers
|upkeep
|turn|50
|
|t:|1730762388
|move|p2a: Jirachi|Substitute|p2a: Jirachi
|-start|p2a: Jirachi|Substitute
|-damage|p2a: Jirachi|62/100
|move|p1a: Blissey|Thunderbolt|p2a: Jirachi
|-activate|p2a: Jirachi|Substitute|[damage]
|
|-weather|Sandstorm|[upkeep]
|-damage|p1a: Blissey|87/100 par|[from] Sandstorm
|-heal|p2a: Jirachi|69/100|[from] item: Leftovers
|-heal|p1a: Blissey|94/100 par|[from] item: Leftovers
|upkeep
|turn|51
|
|t:|1730762396
|move|p2a: Jirachi|Hidden Power|p1a: Blissey
|-damage|p1a: Blissey|86/100 par
|move|p1a: Blissey|Ice Beam|p2a: Jirachi
|-resisted|p2a: Jirachi
|-end|p2a: Jirachi|Substitute
|
|-weather|Sandstorm|[upkeep]
|-damage|p1a: Blissey|80/100 par|[from] Sandstorm
|-heal|p2a: Jirachi|75/100|[from] item: Leftovers
|-heal|p1a: Blissey|86/100 par|[from] item: Leftovers
|upkeep
|turn|52
|
|t:|1730762401
|move|p2a: Jirachi|Substitute|p2a: Jirachi
|-start|p2a: Jirachi|Substitute
|-damage|p2a: Jirachi|50/100
|move|p1a: Blissey|Thunderbolt|p2a: Jirachi
|-activate|p2a: Jirachi|Substitute|[damage]
|
|-weather|Sandstorm|[upkeep]
|-damage|p1a: Blissey|80/100 par|[from] Sandstorm
|-heal|p2a: Jirachi|56/100|[from] item: Leftovers
|-heal|p1a: Blissey|86/100 par|[from] item: Leftovers
|upkeep
|turn|53
|
|t:|1730762405
|move|p2a: Jirachi|Thunderbolt|p1a: Blissey
|-damage|p1a: Blissey|76/100 par
|move|p1a: Blissey|Ice Beam|p2a: Jirachi
|-resisted|p2a: Jirachi
|-end|p2a: Jirachi|Substitute
|
|-weather|Sandstorm|[upkeep]
|-damage|p1a: Blissey|69/100 par|[from] Sandstorm
|-heal|p2a: Jirachi|62/100|[from] item: Leftovers
|-heal|p1a: Blissey|76/100 par|[from] item: Leftovers
|upkeep
|turn|54
|
|t:|1730762410
|move|p2a: Jirachi|Substitute|p2a: Jirachi
|-start|p2a: Jirachi|Substitute
|-damage|p2a: Jirachi|37/100
|cant|p1a: Blissey|par
|
|-weather|Sandstorm|[upkeep]
|-damage|p1a: Blissey|69/100 par|[from] Sandstorm
|-heal|p2a: Jirachi|43/100|[from] item: Leftovers
|-heal|p1a: Blissey|76/100 par|[from] item: Leftovers
|upkeep
|turn|55
|
|t:|1730762437
|move|p2a: Jirachi|Thunderbolt|p1a: Blissey
|-damage|p1a: Blissey|66/100 par
|move|p1a: Blissey|Soft-Boiled|p1a: Blissey
|-heal|p1a: Blissey|100/100 par
|
|-weather|Sandstorm|[upkeep]
|-damage|p1a: Blissey|94/100 par|[from] Sandstorm
|-heal|p2a: Jirachi|50/100|[from] item: Leftovers
|-heal|p1a: Blissey|100/100 par|[from] item: Leftovers
|upkeep
|turn|56
|
|t:|1730762456
|move|p2a: Jirachi|Thunderbolt|p1a: Blissey
|-damage|p1a: Blissey|90/100 par
|cant|p1a: Blissey|par
|
|-weather|Sandstorm|[upkeep]
|-damage|p1a: Blissey|84/100 par|[from] Sandstorm
|-heal|p2a: Jirachi|56/100|[from] item: Leftovers
|-heal|p1a: Blissey|90/100 par|[from] item: Leftovers
|upkeep
|turn|57
|inactive|thunderousbagel has 270 seconds left.
|inactive|Xenocles has 270 seconds left.
|
|t:|1730762497
|move|p2a: Jirachi|Hidden Power|p1a: Blissey
|-damage|p1a: Blissey|83/100 par
|move|p1a: Blissey|Thunderbolt|p2a: Jirachi
|-activate|p2a: Jirachi|Substitute|[damage]
|
|-weather|Sandstorm|[upkeep]
|-damage|p1a: Blissey|77/100 par|[from] Sandstorm
|-heal|p2a: Jirachi|62/100|[from] item: Leftovers
|-heal|p1a: Blissey|83/100 par|[from] item: Leftovers
|upkeep
|turn|58
|inactive|Xenocles has 270 seconds left.
|
|t:|1730762506
|move|p2a: Jirachi|Hidden Power|p1a: Blissey
|-crit|p1a: Blissey
|-damage|p1a: Blissey|25/100 par
|move|p1a: Blissey|Ice Beam|p2a: Jirachi
|-resisted|p2a: Jirachi
|-end|p2a: Jirachi|Substitute
|
|-weather|Sandstorm|[upkeep]
|-damage|p1a: Blissey|19/100 par|[from] Sandstorm
|-heal|p2a: Jirachi|68/100|[from] item: Leftovers
|-heal|p1a: Blissey|25/100 par|[from] item: Leftovers
|upkeep
|turn|59
|
|t:|1730762525
|switch|p2a: Snorlax|Snorlax, F|86/100
|-damage|p2a: Snorlax|74/100|[from] Spikes
|move|p1a: Blissey|Soft-Boiled|p1a: Blissey
|-heal|p1a: Blissey|75/100 par
|
|-weather|Sandstorm|[upkeep]
|-damage|p2a: Snorlax|68/100|[from] Sandstorm
|-damage|p1a: Blissey|69/100 par|[from] Sandstorm
|-heal|p2a: Snorlax|74/100|[from] item: Leftovers
|-heal|p1a: Blissey|75/100 par|[from] item: Leftovers
|upkeep
|turn|60
|
|t:|1730762538
|-singleturn|p2a: Snorlax|move: Focus Punch
|-curestatus|p1a: Blissey|par|[from] ability: Natural Cure
|switch|p1a: Claydol|Claydol|89/100
|move|p2a: Snorlax|Focus Punch|p1a: Claydol
|-resisted|p1a: Claydol
|-damage|p1a: Claydol|65/100
|
|-weather|Sandstorm|[upkeep]
|-damage|p2a: Snorlax|68/100|[from] Sandstorm
|-heal|p1a: Claydol|71/100|[from] item: Leftovers
|-heal|p2a: Snorlax|74/100|[from] item: Leftovers
|upkeep
|turn|61
|
|t:|1730762551
|switch|p1a: Milotic|Milotic, F|65/100 par
|switch|p2a: Claydol|Claydol|100/100
|
|-weather|Sandstorm|[upkeep]
|-damage|p1a: Milotic|59/100 par|[from] Sandstorm
|-heal|p1a: Milotic|65/100 par|[from] item: Leftovers
|upkeep
|turn|62
|inactive|thunderousbagel has 240 seconds left.
|
|t:|1730762599
|switch|p2a: Snorlax|Snorlax, F|74/100
|-damage|p2a: Snorlax|62/100|[from] Spikes
|move|p1a: Milotic|Toxic|p2a: Snorlax
|-immune|p2a: Snorlax|[from] ability: Immunity
|
|-weather|Sandstorm|[upkeep]
|-damage|p2a: Snorlax|56/100|[from] Sandstorm
|-damage|p1a: Milotic|59/100 par|[from] Sandstorm
|-heal|p2a: Snorlax|62/100|[from] item: Leftovers
|-heal|p1a: Milotic|65/100 par|[from] item: Leftovers
|upkeep
|turn|63
|
|t:|1730762617
|move|p2a: Snorlax|Self-Destruct|p1a: Milotic
|-damage|p1a: Milotic|0 fnt
|faint|p2a: Snorlax
|faint|p1a: Milotic
|
|t:|1730762633
|switch|p1a: Tyranitar|Tyranitar, M|100/100
|switch|p2a: Claydol|Claydol|100/100
|
|-weather|Sandstorm|[upkeep]
|upkeep
|turn|64
|inactive|thunderousbagel has 210 seconds left.
|
|t:|1730762680
|move|p2a: Claydol|Earthquake|p1a: Tyranitar
|-supereffective|p1a: Tyranitar
|-damage|p1a: Tyranitar|51/100
|move|p1a: Tyranitar|Hidden Power|p2a: Claydol
|-supereffective|p2a: Claydol
|-damage|p2a: Claydol|44/100
|
|-weather|Sandstorm|[upkeep]
|-heal|p2a: Claydol|50/100|[from] item: Leftovers
|-heal|p1a: Tyranitar|57/100|[from] item: Leftovers
|upkeep
|turn|65
|inactive|thunderousbagel has 180 seconds left.
|inactive|Xenocles has 270 seconds left.
|inactive|thunderousbagel has 150 seconds left.
|inactive|thunderousbagel has 120 seconds left.
|
|t:|1730762758
|switch|p2a: Jirachi|Jirachi|68/100
|-damage|p2a: Jirachi|56/100|[from] Spikes
|move|p1a: Tyranitar|Hidden Power|p2a: Jirachi
|-damage|p2a: Jirachi|34/100
|
|-weather|Sandstorm|[upkeep]
|-heal|p2a: Jirachi|40/100|[from] item: Leftovers
|-heal|p1a: Tyranitar|63/100|[from] item: Leftovers
|upkeep
|turn|66
|inactive|thunderousbagel has 120 seconds left.
|inactive|Xenocles has 240 seconds left.
|
|t:|1730762776
|switch|p2a: Salamence|Salamence, F|100/100
|-ability|p2a: Salamence|Intimidate|boost
|-unboost|p1a: Tyranitar|atk|1
|move|p1a: Tyranitar|Earthquake|p2a: Salamence
|-immune|p2a: Salamence
|
|-weather|Sandstorm|[upkeep]
|-damage|p2a: Salamence|94/100|[from] Sandstorm
|-heal|p2a: Salamence|100/100|[from] item: Leftovers
|-heal|p1a: Tyranitar|69/100|[from] item: Leftovers
|upkeep
|turn|67
|
|t:|1730762780
|switch|p1a: Jirachi|Jirachi|100/100
|move|p2a: Salamence|Brick Break|p1a: Jirachi
|-damage|p1a: Jirachi|86/100
|
|-weather|Sandstorm|[upkeep]
|-damage|p2a: Salamence|94/100|[from] Sandstorm
|-heal|p2a: Salamence|100/100|[from] item: Leftovers
|-heal|p1a: Jirachi|92/100|[from] item: Leftovers
|upkeep
|turn|68
|inactive|thunderousbagel has 120 seconds left.
|
|t:|1730762820
|move|p2a: Salamence|Fire Blast|p1a: Jirachi
|-supereffective|p1a: Jirachi
|-damage|p1a: Jirachi|35/100
|move|p1a: Jirachi|Wish|p1a: Jirachi
|
|-weather|Sandstorm|[upkeep]
|-damage|p2a: Salamence|94/100|[from] Sandstorm
|-heal|p2a: Salamence|100/100|[from] item: Leftovers
|-heal|p1a: Jirachi|41/100|[from] item: Leftovers
|upkeep
|turn|69
|inactive|thunderousbagel has 90 seconds left.
|
|t:|1730762844
|move|p1a: Jirachi|Protect|p1a: Jirachi
|-singleturn|p1a: Jirachi|Protect
|move|p2a: Salamence|Wish|p2a: Salamence
|
|-heal|p1a: Jirachi|91/100|[from] move: Wish|[wisher] Jirachi
|-weather|Sandstorm|[upkeep]
|-damage|p2a: Salamence|94/100|[from] Sandstorm
|-heal|p2a: Salamence|100/100|[from] item: Leftovers
|-heal|p1a: Jirachi|98/100|[from] item: Leftovers
|upkeep
|turn|70
|
|t:|1730762853
|switch|p2a: Claydol|Claydol|50/100
|move|p1a: Jirachi|Body Slam|p2a: Claydol
|-crit|p2a: Claydol
|-damage|p2a: Claydol|15/100
|-status|p2a: Claydol|par
|
|-heal|p2a: Claydol|65/100 par|[from] move: Wish|[wisher] Salamence
|-weather|Sandstorm|[upkeep]
|-heal|p1a: Jirachi|100/100|[from] item: Leftovers
|-heal|p2a: Claydol|71/100 par|[from] item: Leftovers
|upkeep
|turn|71
|
|t:|1730762873
|switch|p1a: Claydol|Claydol|71/100
|move|p2a: Claydol|Rapid Spin|p1a: Claydol
|-damage|p1a: Claydol|66/100
|-sideend|p2: thunderousbagel|Spikes|[from] move: Rapid Spin|[of] p2a: Claydol
|
|-weather|Sandstorm|[upkeep]
|-heal|p1a: Claydol|72/100|[from] item: Leftovers
|-heal|p2a: Claydol|77/100 par|[from] item: Leftovers
|upkeep
|turn|72
|inactive|thunderousbagel has 90 seconds left.
|
|t:|1730762915
|switch|p1a: Skarmory|Skarmory, F|83/100
|switch|p2a: Salamence|Salamence, F|100/100
|-ability|p2a: Salamence|Intimidate|boost
|-unboost|p1a: Skarmory|atk|1
|
|-weather|Sandstorm|[upkeep]
|-damage|p2a: Salamence|94/100|[from] Sandstorm
|-heal|p2a: Salamence|100/100|[from] item: Leftovers
|-heal|p1a: Skarmory|89/100|[from] item: Leftovers
|upkeep
|turn|73
|inactive|Xenocles has 270 seconds left.
|
|t:|1730762937
|move|p2a: Salamence|Fire Blast|p1a: Skarmory|[miss]
|-miss|p2a: Salamence|p1a: Skarmory
|move|p1a: Skarmory|Toxic|p2a: Salamence
|-status|p2a: Salamence|tox
|
|-weather|Sandstorm|[upkeep]
|-damage|p2a: Salamence|94/100 tox|[from] Sandstorm
|-heal|p2a: Salamence|100/100 tox|[from] item: Leftovers
|-damage|p2a: Salamence|94/100 tox|[from] psn
|-heal|p1a: Skarmory|95/100|[from] item: Leftovers
|upkeep
|turn|74
|inactive|thunderousbagel has 90 seconds left.
|inactive|thunderousbagel has 60 seconds left.
|
|t:|1730762975
|move|p1a: Skarmory|Protect|p1a: Skarmory
|-singleturn|p1a: Skarmory|Protect
|move|p2a: Salamence|Wish|p2a: Salamence
|
|-weather|Sandstorm|[upkeep]
|-damage|p2a: Salamence|88/100 tox|[from] Sandstorm
|-heal|p2a: Salamence|94/100 tox|[from] item: Leftovers
|-damage|p2a: Salamence|82/100 tox|[from] psn
|-heal|p1a: Skarmory|100/100|[from] item: Leftovers
|upkeep
|turn|75
|
|t:|1730762988
|switch|p1a: Claydol|Claydol|72/100
|move|p2a: Salamence|Fire Blast|p1a: Claydol
|-damage|p1a: Claydol|43/100
|
|-heal|p2a: Salamence|100/100 tox|[from] move: Wish|[wisher] Salamence
|-weather|Sandstorm|[upkeep]
|-damage|p2a: Salamence|94/100 tox|[from] Sandstorm
|-heal|p2a: Salamence|100/100 tox|[from] item: Leftovers
|-damage|p2a: Salamence|82/100 tox|[from] psn
|-heal|p1a: Claydol|49/100|[from] item: Leftovers
|upkeep
|turn|76
|
|t:|1730763000
|switch|p2a: Tyranitar|Tyranitar, F|100/100
|switch|p1a: Jirachi|Jirachi|100/100
|
|-weather|Sandstorm|[upkeep]
|upkeep
|turn|77
|
|t:|1730763011
|switch|p1a: Skarmory|Skarmory, F|100/100
|move|p2a: Tyranitar|Fire Blast|p1a: Skarmory
|-supereffective|p1a: Skarmory
|-damage|p1a: Skarmory|31/100
|
|-weather|Sandstorm|[upkeep]
|-heal|p1a: Skarmory|37/100|[from] item: Leftovers
|upkeep
|turn|78
|
|t:|1730763020
|move|p1a: Skarmory|Protect|p1a: Skarmory
|-singleturn|p1a: Skarmory|Protect
|move|p2a: Tyranitar|Fire Blast|p1a: Skarmory
|-activate|p1a: Skarmory|Protect
|
|-weather|Sandstorm|[upkeep]
|-heal|p1a: Skarmory|43/100|[from] item: Leftovers
|upkeep
|turn|79
|inactive|Xenocles has 270 seconds left.
|inactive|thunderousbagel has 90 seconds left.
|
|t:|1730763044
|switch|p1a: Jirachi|Jirachi|100/100
|move|p2a: Tyranitar|Fire Blast|p1a: Jirachi|[miss]
|-miss|p2a: Tyranitar|p1a: Jirachi
|
|-weather|Sandstorm|[upkeep]
|upkeep
|turn|80
|inactive|thunderousbagel has 90 seconds left.
|
|t:|1730763053
|move|p1a: Jirachi|Wish|p1a: Jirachi
|move|p2a: Tyranitar|Brick Break|p1a: Jirachi
|-damage|p1a: Jirachi|86/100
|
|-weather|Sandstorm|[upkeep]
|-heal|p1a: Jirachi|92/100|[from] item: Leftovers
|upkeep
|turn|81
|inactive|Xenocles has 270 seconds left.
|inactive|thunderousbagel has 90 seconds left.
|
|t:|1730763071
|move|p1a: Jirachi|Fire Punch|p2a: Tyranitar
|-resisted|p2a: Tyranitar
|-damage|p2a: Tyranitar|93/100
|-status|p2a: Tyranitar|brn
|move|p2a: Tyranitar|Crunch|p1a: Jirachi
|-damage|p1a: Jirachi|66/100
|
|-heal|p1a: Jirachi|100/100|[from] move: Wish|[wisher] Jirachi
|-weather|Sandstorm|[upkeep]
|-heal|p2a: Tyranitar|99/100 brn|[from] item: Leftovers
|-damage|p2a: Tyranitar|87/100 brn|[from] brn
|upkeep
|turn|82
|
|t:|1730763079
|move|p1a: Jirachi|Protect|p1a: Jirachi
|-singleturn|p1a: Jirachi|Protect
|move|p2a: Tyranitar|Fire Blast|p1a: Jirachi
|-activate|p1a: Jirachi|Protect
|
|-weather|Sandstorm|[upkeep]
|-heal|p2a: Tyranitar|93/100 brn|[from] item: Leftovers
|-damage|p2a: Tyranitar|81/100 brn|[from] brn
|upkeep
|turn|83
|inactive|Xenocles has 270 seconds left.
|
|t:|1730763084
|move|p1a: Jirachi|Wish|p1a: Jirachi
|move|p2a: Tyranitar|Fire Blast|p1a: Jirachi
|-supereffective|p1a: Jirachi
|-damage|p1a: Jirachi|49/100
|
|-weather|Sandstorm|[upkeep]
|-heal|p1a: Jirachi|55/100|[from] item: Leftovers
|-heal|p2a: Tyranitar|87/100 brn|[from] item: Leftovers
|-damage|p2a: Tyranitar|74/100 brn|[from] brn
|upkeep
|turn|84
|
|t:|1730763109
|move|p1a: Jirachi|Protect|p1a: Jirachi
|-singleturn|p1a: Jirachi|Protect
|move|p2a: Tyranitar|Crunch|p1a: Jirachi
|-activate|p1a: Jirachi|Protect
|
|-heal|p1a: Jirachi|100/100|[from] move: Wish|[wisher] Jirachi
|-weather|Sandstorm|[upkeep]
|-heal|p2a: Tyranitar|81/100 brn|[from] item: Leftovers
|-damage|p2a: Tyranitar|68/100 brn|[from] brn
|upkeep
|turn|85
|
|t:|1730763122
|move|p1a: Jirachi|Wish|p1a: Jirachi
|move|p2a: Tyranitar|Fire Blast|p1a: Jirachi
|-supereffective|p1a: Jirachi
|-damage|p1a: Jirachi|48/100
|
|-weather|Sandstorm|[upkeep]
|-heal|p1a: Jirachi|54/100|[from] item: Leftovers
|-heal|p2a: Tyranitar|74/100 brn|[from] item: Leftovers
|-damage|p2a: Tyranitar|62/100 brn|[from] brn
|upkeep
|turn|86
|
|t:|1730763128
|switch|p2a: Salamence|Salamence, F|82/100 tox
|-ability|p2a: Salamence|Intimidate|boost
|-unboost|p1a: Jirachi|atk|1
|move|p1a: Jirachi|Protect||[still]
|-fail|p1a: Jirachi
|
|-heal|p1a: Jirachi|100/100|[from] move: Wish|[wisher] Jirachi
|-weather|Sandstorm|[upkeep]
|-damage|p2a: Salamence|76/100 tox|[from] Sandstorm
|-heal|p2a: Salamence|82/100 tox|[from] item: Leftovers
|-damage|p2a: Salamence|76/100 tox|[from] psn
|upkeep
|turn|87
|
|t:|1730763137
|move|p2a: Salamence|Wish|p2a: Salamence
|move|p1a: Jirachi|Wish|p1a: Jirachi
|
|-weather|Sandstorm|[upkeep]
|-damage|p2a: Salamence|69/100 tox|[from] Sandstorm
|-heal|p2a: Salamence|76/100 tox|[from] item: Leftovers
|-damage|p2a: Salamence|63/100 tox|[from] psn
|upkeep
|turn|88
|inactive|thunderousbagel has 120 seconds left.
|
|t:|1730763156
|switch|p2a: Tyranitar|Tyranitar, F|62/100 brn
|switch|p1a: Claydol|Claydol|49/100
|
|-heal|p2a: Tyranitar|100/100 brn|[from] move: Wish|[wisher] Salamence
|-heal|p1a: Claydol|99/100|[from] move: Wish|[wisher] Jirachi
|-weather|Sandstorm|[upkeep]
|-heal|p1a: Claydol|100/100|[from] item: Leftovers
|-damage|p2a: Tyranitar|88/100 brn|[from] brn
|upkeep
|turn|89
|inactive|thunderousbagel has 120 seconds left.
|
|t:|1730763164
|switch|p1a: Jirachi|Jirachi|100/100
|move|p2a: Tyranitar|Crunch|p1a: Jirachi
|-damage|p1a: Jirachi|74/100
|
|-weather|Sandstorm|[upkeep]
|-heal|p1a: Jirachi|80/100|[from] item: Leftovers
|-heal|p2a: Tyranitar|94/100 brn|[from] item: Leftovers
|-damage|p2a: Tyranitar|82/100 brn|[from] brn
|upkeep
|turn|90
|
|t:|1730763173
|move|p1a: Jirachi|Protect|p1a: Jirachi
|-singleturn|p1a: Jirachi|Protect
|move|p2a: Tyranitar|Crunch|p1a: Jirachi
|-activate|p1a: Jirachi|Protect
|
|-weather|Sandstorm|[upkeep]
|-heal|p1a: Jirachi|86/100|[from] item: Leftovers
|-heal|p2a: Tyranitar|88/100 brn|[from] item: Leftovers
|-damage|p2a: Tyranitar|76/100 brn|[from] brn
|upkeep
|turn|91
|
|t:|1730763186
|move|p1a: Jirachi|Wish|p1a: Jirachi
|move|p2a: Tyranitar|Crunch|p1a: Jirachi
|-damage|p1a: Jirachi|61/100
|
|-weather|Sandstorm|[upkeep]
|-heal|p1a: Jirachi|67/100|[from] item: Leftovers
|-heal|p2a: Tyranitar|82/100 brn|[from] item: Leftovers
|-damage|p2a: Tyranitar|69/100 brn|[from] brn
|upkeep
|turn|92
|
|t:|1730763197
|switch|p1a: Blissey|Blissey, F|75/100
|move|p2a: Tyranitar|Crunch|p1a: Blissey
|-damage|p1a: Blissey|61/100
|
|-heal|p1a: Blissey|100/100|[from] move: Wish|[wisher] Jirachi
|-weather|Sandstorm|[upkeep]
|-damage|p1a: Blissey|94/100|[from] Sandstorm
|-heal|p2a: Tyranitar|76/100 brn|[from] item: Leftovers
|-damage|p2a: Tyranitar|63/100 brn|[from] brn
|-heal|p1a: Blissey|100/100|[from] item: Leftovers
|upkeep
|turn|93
|
|t:|1730763220
|switch|p2a: Jirachi|Jirachi|40/100
|switch|p1a: Claydol|Claydol|100/100
|
|-weather|Sandstorm|[upkeep]
|-heal|p2a: Jirachi|47/100|[from] item: Leftovers
|upkeep
|turn|94
|
|t:|1730763226
|switch|p2a: Salamence|Salamence, F|63/100 tox
|-ability|p2a: Salamence|Intimidate|boost
|-unboost|p1a: Claydol|atk|1
|move|p1a: Claydol|Earthquake|p2a: Salamence
|-immune|p2a: Salamence
|
|-weather|Sandstorm|[upkeep]
|-damage|p2a: Salamence|57/100 tox|[from] Sandstorm
|-heal|p2a: Salamence|63/100 tox|[from] item: Leftovers
|-damage|p2a: Salamence|57/100 tox|[from] psn
|upkeep
|turn|95
|
|t:|1730763236
|move|p2a: Salamence|Wish|p2a: Salamence
|move|p1a: Claydol|Psychic|p2a: Salamence
|-damage|p2a: Salamence|29/100 tox
|
|-weather|Sandstorm|[upkeep]
|-damage|p2a: Salamence|23/100 tox|[from] Sandstorm
|-heal|p2a: Salamence|29/100 tox|[from] item: Leftovers
|-damage|p2a: Salamence|17/100 tox|[from] psn
|upkeep
|turn|96
|inactive|thunderousbagel has 150 seconds left.
|
|t:|1730763271
|move|p2a: Salamence|Fire Blast|p1a: Claydol
|-damage|p1a: Claydol|69/100
|move|p1a: Claydol|Psychic|p2a: Salamence
|-crit|p2a: Salamence
|-damage|p2a: Salamence|0 fnt
|faint|p2a: Salamence
|
|t:|1730763276
|switch|p2a: Tyranitar|Tyranitar, F|63/100 brn
|
|-heal|p2a: Tyranitar|100/100 brn|[from] move: Wish|[wisher] Salamence
|-weather|Sandstorm|[upkeep]
|-heal|p1a: Claydol|75/100|[from] item: Leftovers
|-damage|p2a: Tyranitar|88/100 brn|[from] brn
|upkeep
|turn|97
|
|t:|1730763289
|-activate|p1a: Claydol|move: Pursuit
|move|p2a: Tyranitar|Pursuit|p1a: Claydol|[from]Pursuit
|-supereffective|p1a: Claydol
|-damage|p1a: Claydol|15/100
|switch|p1a: Jirachi|Jirachi|67/100
|
|-weather|Sandstorm|[upkeep]
|-heal|p1a: Jirachi|74/100|[from] item: Leftovers
|-heal|p2a: Tyranitar|94/100 brn|[from] item: Leftovers
|-damage|p2a: Tyranitar|82/100 brn|[from] brn
|upkeep
|turn|98
|
|t:|1730763299
|move|p1a: Jirachi|Protect|p1a: Jirachi
|-singleturn|p1a: Jirachi|Protect
|move|p2a: Tyranitar|Crunch|p1a: Jirachi
|-activate|p1a: Jirachi|Protect
|
|-weather|Sandstorm|[upkeep]
|-heal|p1a: Jirachi|80/100|[from] item: Leftovers
|-heal|p2a: Tyranitar|88/100 brn|[from] item: Leftovers
|-damage|p2a: Tyranitar|76/100 brn|[from] brn
|upkeep
|turn|99
|
|t:|1730763304
|move|p1a: Jirachi|Wish|p1a: Jirachi
|move|p2a: Tyranitar|Fire Blast|p1a: Jirachi
|-supereffective|p1a: Jirachi
|-damage|p1a: Jirachi|26/100
|
|-weather|Sandstorm|[upkeep]
|-heal|p1a: Jirachi|32/100|[from] item: Leftovers
|-heal|p2a: Tyranitar|82/100 brn|[from] item: Leftovers
|-damage|p2a: Tyranitar|69/100 brn|[from] brn
|upkeep
|turn|100
|inactive|thunderousbagel has 150 seconds left.
|
|t:|1730763315
|move|p1a: Jirachi|Protect|p1a: Jirachi
|-singleturn|p1a: Jirachi|Protect
|move|p2a: Tyranitar|Crunch|p1a: Jirachi
|-activate|p1a: Jirachi|Protect
|
|-heal|p1a: Jirachi|82/100|[from] move: Wish|[wisher] Jirachi
|-weather|Sandstorm|[upkeep]
|-heal|p1a: Jirachi|88/100|[from] item: Leftovers
|-heal|p2a: Tyranitar|76/100 brn|[from] item: Leftovers
|-damage|p2a: Tyranitar|63/100 brn|[from] brn
|upkeep
|turn|101
|inactive|Xenocles has 270 seconds left.
|
|t:|1730763359
|switch|p2a: Claydol|Claydol|77/100 par
|move|p1a: Jirachi|Body Slam|p2a: Claydol
|-damage|p2a: Claydol|60/100 par
|
|-weather|Sandstorm|[upkeep]
|-heal|p1a: Jirachi|95/100|[from] item: Leftovers
|-heal|p2a: Claydol|66/100 par|[from] item: Leftovers
|upkeep
|turn|102
|inactive|thunderousbagel has 150 seconds left.
|
|t:|1730763378
|switch|p1a: Skarmory|Skarmory, F|43/100
|switch|p2a: Suicune|Suicune|100/100
|
|-weather|Sandstorm|[upkeep]
|-damage|p2a: Suicune|94/100|[from] Sandstorm
|-heal|p2a: Suicune|100/100|[from] item: Leftovers
|-heal|p1a: Skarmory|49/100|[from] item: Leftovers
|upkeep
|turn|103
|
|t:|1730763396
|switch|p2a: Claydol|Claydol|66/100 par
|move|p1a: Skarmory|Toxic||[still]
|-fail|p1a: Skarmory
|
|-weather|Sandstorm|[upkeep]
|-heal|p1a: Skarmory|55/100|[from] item: Leftovers
|-heal|p2a: Claydol|72/100 par|[from] item: Leftovers
|upkeep
|turn|104
|
|t:|1730763404
|move|p1a: Skarmory|Spikes|p2a: Claydol
|-sidestart|p2: thunderousbagel|Spikes
|cant|p2a: Claydol|par
|
|-weather|Sandstorm|[upkeep]
|-heal|p1a: Skarmory|61/100|[from] item: Leftovers
|-heal|p2a: Claydol|78/100 par|[from] item: Leftovers
|upkeep
|turn|105
|inactive|Xenocles has 270 seconds left.
|
|t:|1730763417
|move|p1a: Skarmory|Spikes|p2a: Claydol
|-sidestart|p2: thunderousbagel|Spikes
|cant|p2a: Claydol|par
|
|-weather|Sandstorm|[upkeep]
|-heal|p1a: Skarmory|67/100|[from] item: Leftovers
|-heal|p2a: Claydol|84/100 par|[from] item: Leftovers
|upkeep
|turn|106
|inactive|Xenocles has 270 seconds left.
|
|t:|1730763426
|move|p1a: Skarmory|Protect|p1a: Skarmory
|-singleturn|p1a: Skarmory|Protect
|move|p2a: Claydol|Rapid Spin|p1a: Skarmory
|-activate|p1a: Skarmory|Protect
|
|-weather|Sandstorm|[upkeep]
|-heal|p1a: Skarmory|73/100|[from] item: Leftovers
|-heal|p2a: Claydol|90/100 par|[from] item: Leftovers
|upkeep
|turn|107
|
|t:|1730763435
|move|p1a: Skarmory|Spikes|p2a: Claydol
|-sidestart|p2: thunderousbagel|Spikes
|cant|p2a: Claydol|par
|
|-weather|Sandstorm|[upkeep]
|-heal|p1a: Skarmory|79/100|[from] item: Leftovers
|-heal|p2a: Claydol|96/100 par|[from] item: Leftovers
|upkeep
|turn|108
|
|t:|1730763440
|move|p1a: Skarmory|Protect|p1a: Skarmory
|-singleturn|p1a: Skarmory|Protect
|cant|p2a: Claydol|par
|
|-weather|Sandstorm|[upkeep]
|-heal|p1a: Skarmory|85/100|[from] item: Leftovers
|-heal|p2a: Claydol|100/100 par|[from] item: Leftovers
|upkeep
|turn|109
|
|t:|1730763442
|switch|p1a: Tyranitar|Tyranitar, M|69/100
|move|p2a: Claydol|Rapid Spin|p1a: Tyranitar
|-resisted|p1a: Tyranitar
|-damage|p1a: Tyranitar|68/100
|-sideend|p2: thunderousbagel|Spikes|[from] move: Rapid Spin|[of] p2a: Claydol
|
|-weather|Sandstorm|[upkeep]
|-heal|p1a: Tyranitar|74/100|[from] item: Leftovers
|upkeep
|turn|110
|inactive|thunderousbagel has 210 seconds left.
|
|t:|1730763452
|switch|p2a: Jirachi|Jirachi|47/100
|move|p1a: Tyranitar|Hidden Power|p2a: Jirachi
|-damage|p2a: Jirachi|23/100
|
|-weather|Sandstorm|[upkeep]
|-heal|p2a: Jirachi|29/100|[from] item: Leftovers
|-heal|p1a: Tyranitar|80/100|[from] item: Leftovers
|upkeep
|turn|111
|
|t:|1730763465
|move|p2a: Jirachi|Thunderbolt|p1a: Tyranitar
|-damage|p1a: Tyranitar|60/100
|move|p1a: Tyranitar|Earthquake|p2a: Jirachi
|-supereffective|p2a: Jirachi
|-damage|p2a: Jirachi|0 fnt
|faint|p2a: Jirachi
|inactive|thunderousbagel has 210 seconds left.
|inactive|thunderousbagel has 180 seconds left.
|inactive|thunderousbagel has 150 seconds left.
|
|t:|1730763548
|switch|p2a: Tyranitar|Tyranitar, F|63/100 brn
|
|-weather|Sandstorm|[upkeep]
|-heal|p1a: Tyranitar|66/100|[from] item: Leftovers
|-heal|p2a: Tyranitar|69/100 brn|[from] item: Leftovers
|-damage|p2a: Tyranitar|57/100 brn|[from] brn
|upkeep
|turn|112
|
|t:|1730763566
|move|p1a: Tyranitar|Earthquake|p2a: Tyranitar
|-supereffective|p2a: Tyranitar
|-damage|p2a: Tyranitar|0 fnt
|faint|p2a: Tyranitar
|inactive|thunderousbagel has 150 seconds left.
|
|t:|1730763574
|switch|p2a: Claydol|Claydol|100/100 par
|
|-weather|Sandstorm|[upkeep]
|-heal|p1a: Tyranitar|73/100|[from] item: Leftovers
|upkeep
|turn|113
|
|t:|1730763580
|move|p1a: Tyranitar|Hidden Power|p2a: Claydol
|-supereffective|p2a: Claydol
|-damage|p2a: Claydol|47/100 par
|move|p2a: Claydol|Explosion|p1a: Tyranitar
|-resisted|p1a: Tyranitar
|-damage|p1a: Tyranitar|31/100
|faint|p2a: Claydol
|
|t:|1730763585
|switch|p2a: Suicune|Suicune|100/100
|
|-weather|Sandstorm|[upkeep]
|-damage|p2a: Suicune|94/100|[from] Sandstorm
|-heal|p2a: Suicune|100/100|[from] item: Leftovers
|-heal|p1a: Tyranitar|37/100|[from] item: Leftovers
|upkeep
|turn|114
|inactive|thunderousbagel has 150 seconds left.
|
|t:|1730763610
|switch|p1a: Skarmory|Skarmory, F|85/100
|move|p2a: Suicune|Surf|p1a: Skarmory
|-damage|p1a: Skarmory|46/100
|
|-weather|Sandstorm|[upkeep]
|-damage|p2a: Suicune|94/100|[from] Sandstorm
|-heal|p2a: Suicune|100/100|[from] item: Leftovers
|-heal|p1a: Skarmory|52/100|[from] item: Leftovers
|upkeep
|turn|115
|
|t:|1730763613
|move|p2a: Suicune|Calm Mind|p2a: Suicune
|-boost|p2a: Suicune|spa|1
|-boost|p2a: Suicune|spd|1
|move|p1a: Skarmory|Toxic|p2a: Suicune
|-status|p2a: Suicune|tox
|
|-weather|Sandstorm|[upkeep]
|-damage|p2a: Suicune|94/100 tox|[from] Sandstorm
|-heal|p2a: Suicune|100/100 tox|[from] item: Leftovers
|-damage|p2a: Suicune|94/100 tox|[from] psn
|-heal|p1a: Skarmory|58/100|[from] item: Leftovers
|upkeep
|turn|116
|
|t:|1730763618
|switch|p1a: Blissey|Blissey, F|100/100
|move|p2a: Suicune|Calm Mind|p2a: Suicune
|-boost|p2a: Suicune|spa|1
|-boost|p2a: Suicune|spd|1
|
|-weather|Sandstorm|[upkeep]
|-damage|p2a: Suicune|88/100 tox|[from] Sandstorm
|-damage|p1a: Blissey|94/100|[from] Sandstorm
|-heal|p2a: Suicune|94/100 tox|[from] item: Leftovers
|-damage|p2a: Suicune|82/100 tox|[from] psn
|-heal|p1a: Blissey|100/100|[from] item: Leftovers
|upkeep
|turn|117
|
|t:|1730763629
|move|p2a: Suicune|Calm Mind|p2a: Suicune
|-boost|p2a: Suicune|spa|1
|-boost|p2a: Suicune|spd|1
|move|p1a: Blissey|Calm Mind|p1a: Blissey
|-boost|p1a: Blissey|spa|1
|-boost|p1a: Blissey|spd|1
|
|-weather|Sandstorm|[upkeep]
|-damage|p2a: Suicune|76/100 tox|[from] Sandstorm
|-damage|p1a: Blissey|94/100|[from] Sandstorm
|-heal|p2a: Suicune|82/100 tox|[from] item: Leftovers
|-damage|p2a: Suicune|63/100 tox|[from] psn
|-heal|p1a: Blissey|100/100|[from] item: Leftovers
|upkeep
|turn|118
|
|t:|1730763632
|move|p2a: Suicune|Calm Mind|p2a: Suicune
|-boost|p2a: Suicune|spa|1
|-boost|p2a: Suicune|spd|1
|move|p1a: Blissey|Calm Mind|p1a: Blissey
|-boost|p1a: Blissey|spa|1
|-boost|p1a: Blissey|spd|1
|
|-weather|Sandstorm|[upkeep]
|-damage|p2a: Suicune|57/100 tox|[from] Sandstorm
|-damage|p1a: Blissey|94/100|[from] Sandstorm
|-heal|p2a: Suicune|63/100 tox|[from] item: Leftovers
|-damage|p2a: Suicune|38/100 tox|[from] psn
|-heal|p1a: Blissey|100/100|[from] item: Leftovers
|upkeep
|turn|119
|
|t:|1730763636
|move|p2a: Suicune|Rest|p2a: Suicune
|-status|p2a: Suicune|slp|[from] move: Rest
|-heal|p2a: Suicune|100/100 slp|[silent]
|move|p1a: Blissey|Calm Mind|p1a: Blissey
|-boost|p1a: Blissey|spa|1
|-boost|p1a: Blissey|spd|1
|
|-weather|Sandstorm|[upkeep]
|-damage|p2a: Suicune|94/100 slp|[from] Sandstorm
|-damage|p1a: Blissey|94/100|[from] Sandstorm
|-heal|p2a: Suicune|100/100 slp|[from] item: Leftovers
|-heal|p1a: Blissey|100/100|[from] item: Leftovers
|upkeep
|turn|120
|
|t:|1730763638
|cant|p2a: Suicune|slp
|move|p2a: Suicune|Sleep Talk|p2a: Suicune
|move|p2a: Suicune|Surf|p1a: Blissey|[from]Sleep Talk
|-damage|p1a: Blissey|81/100
|move|p1a: Blissey|Calm Mind|p1a: Blissey
|-boost|p1a: Blissey|spa|1
|-boost|p1a: Blissey|spd|1
|
|-weather|Sandstorm|[upkeep]
|-damage|p2a: Suicune|94/100 slp|[from] Sandstorm
|-damage|p1a: Blissey|75/100|[from] Sandstorm
|-heal|p2a: Suicune|100/100 slp|[from] item: Leftovers
|-heal|p1a: Blissey|81/100|[from] item: Leftovers
|upkeep
|turn|121
|
|t:|1730763642
|cant|p2a: Suicune|slp
|move|p2a: Suicune|Sleep Talk|p2a: Suicune
|move|p2a: Suicune|Surf|p1a: Blissey|[from]Sleep Talk
|-damage|p1a: Blissey|64/100
|move|p1a: Blissey|Calm Mind|p1a: Blissey
|-boost|p1a: Blissey|spa|1
|-boost|p1a: Blissey|spd|1
|
|-weather|Sandstorm|[upkeep]
|-damage|p2a: Suicune|94/100 slp|[from] Sandstorm
|-damage|p1a: Blissey|58/100|[from] Sandstorm
|-heal|p2a: Suicune|100/100 slp|[from] item: Leftovers
|-heal|p1a: Blissey|64/100|[from] item: Leftovers
|upkeep
|turn|122
|
|t:|1730763647
|-curestatus|p2a: Suicune|slp|[msg]
|move|p2a: Suicune|Calm Mind|p2a: Suicune
|-boost|p2a: Suicune|spa|1
|-boost|p2a: Suicune|spd|1
|move|p1a: Blissey|Soft-Boiled|p1a: Blissey
|-heal|p1a: Blissey|100/100
|
|-weather|Sandstorm|[upkeep]
|-damage|p2a: Suicune|94/100|[from] Sandstorm
|-damage|p1a: Blissey|94/100|[from] Sandstorm
|-heal|p2a: Suicune|100/100|[from] item: Leftovers
|-heal|p1a: Blissey|100/100|[from] item: Leftovers
|upkeep
|turn|123
|
|t:|1730763650
|move|p2a: Suicune|Calm Mind|p2a: Suicune
|-boost|p2a: Suicune|spa|1
|-boost|p2a: Suicune|spd|1
|move|p1a: Blissey|Calm Mind|p1a: Blissey
|-boost|p1a: Blissey|spa|1
|-boost|p1a: Blissey|spd|1
|
|-weather|Sandstorm|[upkeep]
|-damage|p2a: Suicune|94/100|[from] Sandstorm
|-damage|p1a: Blissey|94/100|[from] Sandstorm
|-heal|p2a: Suicune|100/100|[from] item: Leftovers
|-heal|p1a: Blissey|100/100|[from] item: Leftovers
|upkeep
|turn|124
|
|t:|1730763654
|move|p2a: Suicune|Surf|p1a: Blissey
|-damage|p1a: Blissey|83/100
|move|p1a: Blissey|Ice Beam|p2a: Suicune
|-resisted|p2a: Suicune
|-damage|p2a: Suicune|93/100
|-status|p2a: Suicune|frz
|
|-weather|Sandstorm|[upkeep]
|-damage|p2a: Suicune|86/100 frz|[from] Sandstorm
|-damage|p1a: Blissey|76/100|[from] Sandstorm
|-heal|p2a: Suicune|93/100 frz|[from] item: Leftovers
|-heal|p1a: Blissey|83/100|[from] item: Leftovers
|upkeep
|turn|125
|inactive|thunderousbagel has 240 seconds left.
|c|☆Xenocles|sorry
|c|☆thunderousbagel|man
|
|t:|1730763667
|cant|p2a: Suicune|frz
|move|p1a: Blissey|Thunderbolt|p2a: Suicune
|-supereffective|p2a: Suicune
|-damage|p2a: Suicune|60/100 frz
|
|-weather|Sandstorm|[upkeep]
|-damage|p2a: Suicune|54/100 frz|[from] Sandstorm
|-damage|p1a: Blissey|76/100|[from] Sandstorm
|-heal|p2a: Suicune|60/100 frz|[from] item: Leftovers
|-heal|p1a: Blissey|83/100|[from] item: Leftovers
|upkeep
|turn|126
|
|t:|1730763670
|-curestatus|p2a: Suicune|frz|[msg]
|move|p2a: Suicune|Rest|p2a: Suicune
|-status|p2a: Suicune|slp|[from] move: Rest
|-heal|p2a: Suicune|100/100 slp|[silent]
|move|p1a: Blissey|Thunderbolt|p2a: Suicune
|-supereffective|p2a: Suicune
|-damage|p2a: Suicune|67/100 slp
|
|-weather|Sandstorm|[upkeep]
|-damage|p2a: Suicune|61/100 slp|[from] Sandstorm
|-damage|p1a: Blissey|76/100|[from] Sandstorm
|-heal|p2a: Suicune|67/100 slp|[from] item: Leftovers
|-heal|p1a: Blissey|83/100|[from] item: Leftovers
|upkeep
|turn|127
|
|t:|1730763675
|cant|p2a: Suicune|slp
|move|p2a: Suicune|Sleep Talk|p2a: Suicune
|move|p2a: Suicune|Surf|p1a: Blissey|[from]Sleep Talk
|-damage|p1a: Blissey|66/100
|move|p1a: Blissey|Thunderbolt|p2a: Suicune
|-supereffective|p2a: Suicune
|-damage|p2a: Suicune|31/100 slp
|
|-weather|Sandstorm|[upkeep]
|-damage|p2a: Suicune|25/100 slp|[from] Sandstorm
|-damage|p1a: Blissey|60/100|[from] Sandstorm
|-heal|p2a: Suicune|31/100 slp|[from] item: Leftovers
|-heal|p1a: Blissey|66/100|[from] item: Leftovers
|upkeep
|turn|128
|
|t:|1730763692
|cant|p2a: Suicune|slp
|move|p2a: Suicune|Sleep Talk|p2a: Suicune
|move|p2a: Suicune|Surf|p1a: Blissey|[from]Sleep Talk
|-damage|p1a: Blissey|50/100
|move|p1a: Blissey|Thunderbolt|p2a: Suicune
|-supereffective|p2a: Suicune
|-damage|p2a: Suicune|0 fnt
|faint|p2a: Suicune
|
|win|Xenocles
|c|☆Xenocles|gg
|c|☆thunderousbagel|gg

</script>
<script type="application/json" class="data" id="replaydata-smogtours-gen3ou-804835">
{"id":"smogtours-gen3ou-804835","format":"[Gen 3] OU","players":["Xenocles","thunderousbagel"],"uploadtime":1730763692,"views":49,"formatid":"gen3ou","rating":null,"private":0,"password":null}
</script>

<script defer src="js/replays.js?9d40a366"></script>
