<!DOCTYPE html>
<meta charset="utf-8" />
<meta name="viewport" content="width=device-width" />

<title>[Gen 3] OU: VIELZADA vs. Count Sliggoo II - Replays - Pok&eacute;mon Showdown!</title>

<meta name="description" content="Watch a replay of a Pok&eacute;mon battle between VIELZADA and Count Sliggoo II! Format: [Gen 3] OU; Date: Oct 12, 2024" />
<!--

Hey, you! Looking in the source for the replay log?

You can find them in JSON format, just add `.json` at the end of a replay URL.

https://replay.pokemonshowdown.com/gen7randomdoublesbattle-865046831.json

Or, if you only need the log itself, add `.log` instead:

https://replay.pokemonshowdown.com/gen7randomdoublesbattle-865046831.log

-->

<link rel="stylesheet" href="//pokemonshowdown.com/style/global.css?0.767286132409787" />
<link rel="stylesheet" href="//play.pokemonshowdown.com/style/font-awesome.css?0.9266228007934947" />
<link rel="stylesheet" href="//play.pokemonshowdown.com/style/battle.css?0.7924700842790926" />
<link rel="stylesheet" href="//play.pokemonshowdown.com/style/utilichart.css?0.8777417872839479" />

<!-- Global site tag (gtag.js) - Google Analytics -->
<script async src="https://www.googletagmanager.com/gtag/js?id=UA-26211653-1"></script>
<script>
  window.dataLayer = window.dataLayer || [];
  function gtag(){dataLayer.push(arguments);}
  gtag('js', new Date());

  gtag('config', 'UA-26211653-1');
</script>
<!-- End Google Analytics -->
<!-- Venatus Ad Manager - Install in <HEAD> of page -->
	<script src="https://hb.vntsm.com/v3/live/ad-manager.min.js" type="text/javascript" data-site-id="642aba63ec9a7b11c3c9c1be" data-mode="scan" async></script>
<!-- / Venatus Ad Manager -->

<style>
	@media (max-width:820px) {
		.battle {
			margin: 0 auto;
		}
		.battle-log {
			margin: 7px auto 0;
			max-width: 640px;
			height: 300px;
			position: static;
		}
	}
	.optgroup {
		display: inline-block;
		line-height: 22px;
		font-size: 10pt;
	}
	.optgroup .button {
		height: 25px;
		padding-top: 0;
		padding-bottom: 0;
	}
	.optgroup button.button {
		padding-left: 12px;
		padding-right: 12px;
	}
	.linklist {
		list-style: none;
		margin: 0.5em 0;
		padding: 0;
	}
	.linklist li {
		padding: 2px 0;
	}
	.sidebar {
		float: left;
		width: 320px;
	}
	.bar-wrapper {
		max-width: 1100px;
		margin: 0 auto;
	}
	.bar-wrapper.has-sidebar {
		max-width: 1430px;
	}
	.mainbar {
		margin: 0;
		padding-right: 1px;
	}
	.mainbar.has-sidebar {
		margin-left: 330px;
	}
	@media (min-width: 1511px) {
		.sidebar {
			width: 400px;
		}
		.bar-wrapper.has-sidebar {
			max-width: 1510px;
		}
		.mainbar.has-sidebar {
			margin-left: 410px;
		}
	}
	.section.first-section {
		margin-top: 9px;
	}
	.blocklink small {
		white-space: normal;
	}
	.button {
		vertical-align: middle;
	}
	.replay-controls {
		padding-top: 10px;
	}
	.replay-controls h1 {
		font-size: 16pt;
		font-weight: normal;
		color: #CCC;
	}
	.pagelink {
		text-align: center;
	}
	.pagelink a {
		width: 150px;
	}
	.textbox, .button {
		font-size: 11pt;
		vertical-align: middle;
	}
	@media (max-width: 450px) {
		.button {
			font-size: 9pt;
		}
	}
</style>

<div>

	<header>
		<div class="nav-wrapper"><ul class="nav">
			<li><a class="button nav-first" href="//pokemonshowdown.com/"><img src="//pokemonshowdown.com/images/pokemonshowdownbeta.png" srcset="//pokemonshowdown.com/images/pokemonshowdownbeta.png 1x, //pokemonshowdown.com/images/pokemonshowdownbeta@2x.png 2x" alt="Pok&eacute;mon Showdown" width="146" height="44" /> Home</a></li>
			<li><a class="button" href="//pokemonshowdown.com/dex/">Pok&eacute;dex</a></li>
			<li><a class="button cur" href="/">Replays</a></li>
			<li><a class="button" href="//pokemonshowdown.com/ladder/">Ladder</a></li>
			<li><a class="button nav-last" href="//pokemonshowdown.com/forums/">Forum</a></li>
			<li><a class="button greenbutton nav-first nav-last" href="//play.pokemonshowdown.com/">Play</a></li>
		</ul></div>
	</header>

	<div class="main" id="main">

		<noscript><section class="section">You need to enable JavaScript to use this page; sorry!</section></noscript>

	</div>

</div>

<script defer nomodule src="//play.pokemonshowdown.com/js/lib/ps-polyfill.js"></script>
<script defer src="//play.pokemonshowdown.com/js/lib/preact.min.js"></script>

<script defer src="//play.pokemonshowdown.com/config/config.js?6dec07f6"></script>
<script defer src="//play.pokemonshowdown.com/js/lib/jquery-1.11.0.min.js"></script>
<script defer src="//play.pokemonshowdown.com/js/lib/html-sanitizer-minified.js"></script>
<script defer src="//play.pokemonshowdown.com/js/battle-sound.js"></script>
<script defer src="//play.pokemonshowdown.com/js/battledata.js?0.6315294753075389"></script>
<script defer src="//play.pokemonshowdown.com/data/pokedex-mini.js?0.7603743185311358"></script>
<script defer src="//play.pokemonshowdown.com/data/pokedex-mini-bw.js?0.030888842834281283"></script>
<script defer src="//play.pokemonshowdown.com/data/graphics.js?0.05593094747507488"></script>
<script defer src="//play.pokemonshowdown.com/data/pokedex.js?0.47064822249611904"></script>
<script defer src="//play.pokemonshowdown.com/data/moves.js?0.8583693120512459"></script>
<script defer src="//play.pokemonshowdown.com/data/abilities.js?0.16017181182386842"></script>
<script defer src="//play.pokemonshowdown.com/data/items.js?0.4163379185673943"></script>
<script defer src="//play.pokemonshowdown.com/data/teambuilder-tables.js?0.31075597372830477"></script>
<script defer src="//play.pokemonshowdown.com/js/battle-tooltips.js?0.6536193500708172"></script>
<script defer src="//play.pokemonshowdown.com/js/battle.js?0.1916591943277901"></script>

<script defer src="js/utils.js?e31f9a17"></script>
<script defer src="js/replays-battle.js?7008c182"></script>

<!-- don't scrape this data! just add .json or .log after the URL!
Full API docs: https://github.com/smogon/pokemon-showdown-client/blob/master/WEB-API.md -->
<script type="text/plain" class="log" id="replaylog-smogtours-gen3ou-797707">
|inactive|Battle timer is ON: inactive players will automatically lose when time's up.
|t:|1728760745
|gametype|singles
|player|p1|VIELZADA|1|
|player|p2|Count Sliggoo II|ruinmaniac-gen3rs|
|teamsize|p1|6
|teamsize|p2|6
|gen|3
|tier|[Gen 3] OU
|rule|Sleep Clause Mod: Limit one foe put to sleep
|rule|Switch Priority Clause Mod: Faster Pokémon switch first
|rule|Species Clause: Limit one of each Pokémon
|rule|OHKO Clause: OHKO moves are banned
|rule|Evasion Items Clause: Evasion items are banned
|rule|Evasion Moves Clause: Evasion moves are banned
|rule|Endless Battle Clause: Forcing endless battles is banned
|rule|HP Percentage Mod: HP is shown in percentages
|rule|One Boost Passer Clause: Limit one Baton Passer that has a way to boost its stats
|rule|Freeze Clause Mod: Limit one foe frozen
|
|t:|1728760745
|start
|switch|p1a: Skarmory|Skarmory, M, shiny|100/100
|switch|p2a: Despot|Tyranitar, M, shiny|100/100
|-weather|Sandstorm|[from] ability: Sand Stream|[of] p2a: Despot
|turn|1
|
|t:|1728760756
|switch|p1a: Salamence|Salamence, F|100/100
|-ability|p1a: Salamence|Intimidate|boost
|-unboost|p2a: Despot|atk|1
|switch|p2a: Deadbolt|Magneton|100/100
|
|-weather|Sandstorm|[upkeep]
|-damage|p1a: Salamence|94/100|[from] Sandstorm
|upkeep
|turn|2
|inactive|Count Sliggoo II disconnected and has 300 seconds to reconnect!
|player|p2|
|inactive|Count Sliggoo II has 270 seconds to reconnect!
|inactive|Count Sliggoo II reconnected and has 275 seconds left.
|player|p2|Count Sliggoo II|ruinmaniac-gen3rs|
|inactive|Count Sliggoo II has 270 seconds left.
|
|t:|1728760830
|switch|p2a: Aurora|Suicune|100/100
|move|p1a: Salamence|Brick Break|p2a: Aurora
|-damage|p2a: Aurora|81/100
|
|-weather|Sandstorm|[upkeep]
|-damage|p1a: Salamence|88/100|[from] Sandstorm
|-damage|p2a: Aurora|74/100|[from] Sandstorm
|-heal|p2a: Aurora|81/100|[from] item: Leftovers
|upkeep
|turn|3
|
|t:|1728760838
|switch|p1a: Blissey|Blissey, F|100/100
|move|p2a: Aurora|Ice Beam|p1a: Blissey
|-damage|p1a: Blissey|93/100
|
|-weather|Sandstorm|[upkeep]
|-damage|p2a: Aurora|74/100|[from] Sandstorm
|-damage|p1a: Blissey|86/100|[from] Sandstorm
|-heal|p2a: Aurora|81/100|[from] item: Leftovers
|-heal|p1a: Blissey|93/100|[from] item: Leftovers
|upkeep
|turn|4
|
|t:|1728760847
|switch|p2a: Razor|Skarmory, F|100/100
|move|p1a: Blissey|Seismic Toss|p2a: Razor
|-damage|p2a: Razor|70/100
|
|-weather|Sandstorm|[upkeep]
|-damage|p1a: Blissey|86/100|[from] Sandstorm
|-heal|p2a: Razor|76/100|[from] item: Leftovers
|-heal|p1a: Blissey|93/100|[from] item: Leftovers
|upkeep
|turn|5
|
|t:|1728760858
|switch|p1a: Alakazam|Alakazam, M|100/100
|move|p2a: Razor|Spikes|p1a: Alakazam
|-sidestart|p1: VIELZADA|Spikes
|
|-weather|Sandstorm|[upkeep]
|-damage|p1a: Alakazam|95/100|[from] Sandstorm
|-heal|p2a: Razor|82/100|[from] item: Leftovers
|upkeep
|turn|6
|
|t:|1728760865
|move|p2a: Razor|Protect|p2a: Razor
|-singleturn|p2a: Razor|Protect
|move|p1a: Alakazam|Calm Mind|p1a: Alakazam
|-boost|p1a: Alakazam|spa|1
|-boost|p1a: Alakazam|spd|1
|
|-weather|Sandstorm|[upkeep]
|-damage|p1a: Alakazam|89/100|[from] Sandstorm
|-heal|p2a: Razor|88/100|[from] item: Leftovers
|upkeep
|turn|7
|
|t:|1728760874
|move|p1a: Alakazam|Calm Mind|p1a: Alakazam
|-boost|p1a: Alakazam|spa|1
|-boost|p1a: Alakazam|spd|1
|move|p2a: Razor|Roar|p1a: Alakazam
|drag|p1a: Gengar|Gengar, F|100/100
|
|-weather|Sandstorm|[upkeep]
|-damage|p1a: Gengar|94/100|[from] Sandstorm
|-heal|p1a: Gengar|100/100|[from] item: Leftovers
|-heal|p2a: Razor|94/100|[from] item: Leftovers
|upkeep
|turn|8
|
|t:|1728760887
|move|p1a: Gengar|Hidden Power|p2a: Razor
|-resisted|p2a: Razor
|-damage|p2a: Razor|83/100
|move|p2a: Razor|Spikes|p1a: Gengar
|-sidestart|p1: VIELZADA|Spikes
|
|-weather|Sandstorm|[upkeep]
|-damage|p1a: Gengar|94/100|[from] Sandstorm
|-heal|p1a: Gengar|100/100|[from] item: Leftovers
|-heal|p2a: Razor|89/100|[from] item: Leftovers
|upkeep
|turn|9
|
|t:|1728760898
|move|p1a: Gengar|Thunderbolt|p2a: Razor
|-supereffective|p2a: Razor
|-damage|p2a: Razor|29/100
|move|p2a: Razor|Spikes|p1a: Gengar
|-sidestart|p1: VIELZADA|Spikes
|
|-weather|Sandstorm|[upkeep]
|-damage|p1a: Gengar|94/100|[from] Sandstorm
|-heal|p1a: Gengar|100/100|[from] item: Leftovers
|-heal|p2a: Razor|35/100|[from] item: Leftovers
|upkeep
|turn|10
|
|t:|1728760908
|move|p2a: Razor|Protect|p2a: Razor
|-singleturn|p2a: Razor|Protect
|move|p1a: Gengar|Thunderbolt|p2a: Razor
|-activate|p2a: Razor|Protect
|
|-weather|Sandstorm|[upkeep]
|-damage|p1a: Gengar|94/100|[from] Sandstorm
|-heal|p1a: Gengar|100/100|[from] item: Leftovers
|-heal|p2a: Razor|41/100|[from] item: Leftovers
|upkeep
|turn|11
|
|t:|1728760917
|switch|p2a: Despot|Tyranitar, M, shiny|100/100
|move|p1a: Gengar|Giga Drain|p2a: Despot
|-supereffective|p2a: Despot
|-damage|p2a: Despot|68/100
|
|-weather|Sandstorm|[upkeep]
|-damage|p1a: Gengar|94/100|[from] Sandstorm
|-heal|p1a: Gengar|100/100|[from] item: Leftovers
|-heal|p2a: Despot|74/100|[from] item: Leftovers
|upkeep
|turn|12
|
|t:|1728760928
|switch|p1a: Skarmory|Skarmory, M, shiny|100/100
|move|p2a: Despot|Ice Beam|p1a: Skarmory
|-damage|p1a: Skarmory|59/100
|
|-weather|Sandstorm|[upkeep]
|-heal|p1a: Skarmory|65/100|[from] item: Leftovers
|-heal|p2a: Despot|80/100|[from] item: Leftovers
|upkeep
|turn|13
|inactive|VIELZADA has 270 seconds left.
|
|t:|1728760979
|switch|p1a: Alakazam|Alakazam, M|89/100
|-damage|p1a: Alakazam|64/100|[from] Spikes
|switch|p2a: Deadbolt|Magneton|100/100
|
|-weather|Sandstorm|[upkeep]
|-damage|p1a: Alakazam|58/100|[from] Sandstorm
|upkeep
|turn|14
|
|t:|1728760987
|move|p1a: Alakazam|Fire Punch|p2a: Deadbolt
|-supereffective|p2a: Deadbolt
|-damage|p2a: Deadbolt|9/100
|-status|p2a: Deadbolt|brn
|move|p2a: Deadbolt|Thunderbolt|p1a: Alakazam
|-damage|p1a: Alakazam|0 fnt
|faint|p1a: Alakazam
|
|t:|1728760999
|switch|p1a: Skarmory|Skarmory, M, shiny|65/100
|
|-weather|Sandstorm|[upkeep]
|-damage|p2a: Deadbolt|0 fnt|[from] brn
|faint|p2a: Deadbolt
|-heal|p1a: Skarmory|71/100|[from] item: Leftovers
|upkeep
|
|t:|1728761004
|switch|p2a: Despot|Tyranitar, M, shiny|80/100
|turn|15
|
|t:|1728761008
|move|p1a: Skarmory|Protect|p1a: Skarmory
|-singleturn|p1a: Skarmory|Protect
|move|p2a: Despot|Ice Beam|p1a: Skarmory
|-activate|p1a: Skarmory|Protect
|
|-weather|Sandstorm|[upkeep]
|-heal|p1a: Skarmory|77/100|[from] item: Leftovers
|-heal|p2a: Despot|86/100|[from] item: Leftovers
|upkeep
|turn|16
|inactive|VIELZADA has 270 seconds left.
|
|t:|1728761017
|move|p1a: Skarmory|Toxic|p2a: Despot
|-status|p2a: Despot|tox
|move|p2a: Despot|Substitute|p2a: Despot
|-start|p2a: Despot|Substitute
|-damage|p2a: Despot|61/100 tox
|
|-weather|Sandstorm|[upkeep]
|-heal|p1a: Skarmory|83/100|[from] item: Leftovers
|-heal|p2a: Despot|68/100 tox|[from] item: Leftovers
|-damage|p2a: Despot|61/100 tox|[from] psn
|upkeep
|turn|17
|inactive|VIELZADA has 270 seconds left.
|
|t:|1728761034
|move|p1a: Skarmory|Protect|p1a: Skarmory
|-singleturn|p1a: Skarmory|Protect
|move|p2a: Despot|Ice Beam|p1a: Skarmory
|-activate|p1a: Skarmory|Protect
|
|-weather|Sandstorm|[upkeep]
|-heal|p1a: Skarmory|89/100|[from] item: Leftovers
|-heal|p2a: Despot|68/100 tox|[from] item: Leftovers
|-damage|p2a: Despot|55/100 tox|[from] psn
|upkeep
|turn|18
|inactive|VIELZADA has 270 seconds left.
|
|t:|1728761044
|switch|p1a: Blissey|Blissey, F|93/100
|-damage|p1a: Blissey|68/100|[from] Spikes
|move|p2a: Despot|Ice Beam|p1a: Blissey
|-damage|p1a: Blissey|59/100
|-status|p1a: Blissey|frz
|
|-weather|Sandstorm|[upkeep]
|-damage|p1a: Blissey|53/100 frz|[from] Sandstorm
|-heal|p1a: Blissey|59/100 frz|[from] item: Leftovers
|-heal|p2a: Despot|61/100 tox|[from] item: Leftovers
|-damage|p2a: Despot|43/100 tox|[from] psn
|upkeep
|turn|19
|inactive|VIELZADA has 270 seconds left.
|
|t:|1728761058
|-singleturn|p2a: Despot|move: Focus Punch
|-curestatus|p1a: Blissey|frz|[from] ability: Natural Cure
|switch|p1a: Skarmory|Skarmory, M, shiny|89/100
|move|p2a: Despot|Focus Punch|p1a: Skarmory
|-damage|p1a: Skarmory|62/100
|
|-weather|Sandstorm|[upkeep]
|-heal|p1a: Skarmory|68/100|[from] item: Leftovers
|-heal|p2a: Despot|49/100 tox|[from] item: Leftovers
|-damage|p2a: Despot|24/100 tox|[from] psn
|upkeep
|turn|20
|inactive|VIELZADA has 270 seconds left.
|
|t:|1728761069
|switch|p2a: Aurora|Suicune|81/100
|move|p1a: Skarmory|Protect||[still]
|-fail|p1a: Skarmory
|
|-weather|Sandstorm|[upkeep]
|-damage|p2a: Aurora|74/100|[from] Sandstorm
|-heal|p2a: Aurora|81/100|[from] item: Leftovers
|-heal|p1a: Skarmory|74/100|[from] item: Leftovers
|upkeep
|turn|21
|inactive|VIELZADA has 270 seconds left.
|
|t:|1728761081
|switch|p1a: Blissey|Blissey, F|59/100
|-damage|p1a: Blissey|35/100|[from] Spikes
|move|p2a: Aurora|Calm Mind|p2a: Aurora
|-boost|p2a: Aurora|spa|1
|-boost|p2a: Aurora|spd|1
|
|-weather|Sandstorm|[upkeep]
|-damage|p2a: Aurora|74/100|[from] Sandstorm
|-damage|p1a: Blissey|28/100|[from] Sandstorm
|-heal|p2a: Aurora|81/100|[from] item: Leftovers
|-heal|p1a: Blissey|35/100|[from] item: Leftovers
|upkeep
|turn|22
|inactive|VIELZADA has 270 seconds left.
|
|t:|1728761092
|switch|p2a: Despot|Tyranitar, M, shiny|24/100 tox
|move|p1a: Blissey|Soft-Boiled|p1a: Blissey
|-heal|p1a: Blissey|85/100
|
|-weather|Sandstorm|[upkeep]
|-damage|p1a: Blissey|78/100|[from] Sandstorm
|-heal|p1a: Blissey|85/100|[from] item: Leftovers
|-heal|p2a: Despot|30/100 tox|[from] item: Leftovers
|-damage|p2a: Despot|24/100 tox|[from] psn
|upkeep
|turn|23
|inactive|VIELZADA has 270 seconds left.
|
|t:|1728761108
|-singleturn|p2a: Despot|move: Focus Punch
|switch|p1a: Salamence|Salamence, F|88/100
|-ability|p1a: Salamence|Intimidate|boost
|-unboost|p2a: Despot|atk|1
|move|p2a: Despot|Focus Punch|p1a: Salamence
|-resisted|p1a: Salamence
|-crit|p1a: Salamence
|-damage|p1a: Salamence|34/100
|
|-weather|Sandstorm|[upkeep]
|-damage|p1a: Salamence|28/100|[from] Sandstorm
|-heal|p2a: Despot|30/100 tox|[from] item: Leftovers
|-damage|p2a: Despot|18/100 tox|[from] psn
|upkeep
|turn|24
|inactive|VIELZADA has 270 seconds left.
|
|t:|1728761121
|move|p1a: Salamence|Dragon Dance|p1a: Salamence
|-boost|p1a: Salamence|atk|1
|-boost|p1a: Salamence|spe|1
|move|p2a: Despot|Ice Beam|p1a: Salamence
|-supereffective|p1a: Salamence
|-damage|p1a: Salamence|0 fnt
|faint|p1a: Salamence
|
|t:|1728761128
|switch|p1a: Gengar|Gengar, F|100/100
|
|-weather|Sandstorm|[upkeep]
|-damage|p1a: Gengar|94/100|[from] Sandstorm
|-heal|p1a: Gengar|100/100|[from] item: Leftovers
|-heal|p2a: Despot|24/100 tox|[from] item: Leftovers
|-damage|p2a: Despot|6/100 tox|[from] psn
|upkeep
|turn|25
|inactive|VIELZADA has 270 seconds left.
|
|t:|1728761137
|move|p1a: Gengar|Giga Drain|p2a: Despot
|-supereffective|p2a: Despot
|-damage|p2a: Despot|0 fnt
|faint|p2a: Despot
|
|t:|1728761151
|switch|p2a: Wyrm|Steelix, M|100/100
|
|-weather|Sandstorm|[upkeep]
|-damage|p1a: Gengar|94/100|[from] Sandstorm
|-heal|p1a: Gengar|100/100|[from] item: Leftovers
|upkeep
|turn|26
|inactive|VIELZADA has 270 seconds left.
|
|t:|1728761173
|switch|p1a: Skarmory|Skarmory, M, shiny|74/100
|move|p2a: Wyrm|Roar|p1a: Skarmory
|drag|p1a: Blaziken|Blaziken, M|100/100
|-damage|p1a: Blaziken|75/100|[from] Spikes
|
|-weather|Sandstorm|[upkeep]
|-damage|p1a: Blaziken|69/100|[from] Sandstorm
|upkeep
|turn|27
|inactive|VIELZADA has 270 seconds left.
|
|t:|1728761192
|switch|p2a: Aurora|Suicune|81/100
|move|p1a: Blaziken|Brick Break|p2a: Aurora
|-damage|p2a: Aurora|53/100
|
|-weather|Sandstorm|[upkeep]
|-damage|p1a: Blaziken|63/100|[from] Sandstorm
|-damage|p2a: Aurora|47/100|[from] Sandstorm
|-heal|p2a: Aurora|53/100|[from] item: Leftovers
|upkeep
|turn|28
|inactive|VIELZADA has 270 seconds left.
|
|t:|1728761213
|switch|p1a: Blissey|Blissey, F|85/100
|-damage|p1a: Blissey|60/100|[from] Spikes
|move|p2a: Aurora|Surf|p1a: Blissey
|-damage|p1a: Blissey|47/100
|
|-weather|Sandstorm|[upkeep]
|-damage|p2a: Aurora|47/100|[from] Sandstorm
|-damage|p1a: Blissey|41/100|[from] Sandstorm
|-heal|p2a: Aurora|53/100|[from] item: Leftovers
|-heal|p1a: Blissey|47/100|[from] item: Leftovers
|upkeep
|turn|29
|
|t:|1728761223
|move|p2a: Aurora|Calm Mind|p2a: Aurora
|-boost|p2a: Aurora|spa|1
|-boost|p2a: Aurora|spd|1
|move|p1a: Blissey|Soft-Boiled|p1a: Blissey
|-heal|p1a: Blissey|97/100
|
|-weather|Sandstorm|[upkeep]
|-damage|p2a: Aurora|47/100|[from] Sandstorm
|-damage|p1a: Blissey|91/100|[from] Sandstorm
|-heal|p2a: Aurora|53/100|[from] item: Leftovers
|-heal|p1a: Blissey|97/100|[from] item: Leftovers
|upkeep
|turn|30
|
|t:|1728761235
|move|p2a: Aurora|Calm Mind|p2a: Aurora
|-boost|p2a: Aurora|spa|1
|-boost|p2a: Aurora|spd|1
|move|p1a: Blissey|Seismic Toss|p2a: Aurora
|-damage|p2a: Aurora|28/100
|
|-weather|Sandstorm|[upkeep]
|-damage|p2a: Aurora|22/100|[from] Sandstorm
|-damage|p1a: Blissey|91/100|[from] Sandstorm
|-heal|p2a: Aurora|28/100|[from] item: Leftovers
|-heal|p1a: Blissey|97/100|[from] item: Leftovers
|upkeep
|turn|31
|
|t:|1728761247
|move|p2a: Aurora|Rest|p2a: Aurora
|-status|p2a: Aurora|slp|[from] move: Rest
|-heal|p2a: Aurora|100/100 slp|[silent]
|move|p1a: Blissey|Seismic Toss|p2a: Aurora
|-damage|p2a: Aurora|76/100 slp
|
|-weather|Sandstorm|[upkeep]
|-damage|p2a: Aurora|69/100 slp|[from] Sandstorm
|-damage|p1a: Blissey|91/100|[from] Sandstorm
|-heal|p2a: Aurora|76/100 slp|[from] item: Leftovers
|-heal|p1a: Blissey|97/100|[from] item: Leftovers
|upkeep
|turn|32
|
|t:|1728761257
|cant|p2a: Aurora|slp
|move|p1a: Blissey|Seismic Toss|p2a: Aurora
|-damage|p2a: Aurora|51/100 slp
|
|-weather|Sandstorm|[upkeep]
|-damage|p2a: Aurora|44/100 slp|[from] Sandstorm
|-damage|p1a: Blissey|91/100|[from] Sandstorm
|-heal|p2a: Aurora|51/100 slp|[from] item: Leftovers
|-heal|p1a: Blissey|97/100|[from] item: Leftovers
|upkeep
|turn|33
|
|t:|1728761266
|cant|p2a: Aurora|slp
|move|p1a: Blissey|Seismic Toss|p2a: Aurora
|-damage|p2a: Aurora|26/100 slp
|
|-weather|Sandstorm|[upkeep]
|-damage|p2a: Aurora|19/100 slp|[from] Sandstorm
|-damage|p1a: Blissey|91/100|[from] Sandstorm
|-heal|p2a: Aurora|26/100 slp|[from] item: Leftovers
|-heal|p1a: Blissey|97/100|[from] item: Leftovers
|upkeep
|turn|34
|
|t:|1728761274
|-curestatus|p2a: Aurora|slp|[msg]
|move|p2a: Aurora|Rest|p2a: Aurora
|-status|p2a: Aurora|slp|[from] move: Rest
|-heal|p2a: Aurora|100/100 slp|[silent]
|move|p1a: Blissey|Seismic Toss|p2a: Aurora
|-damage|p2a: Aurora|76/100 slp
|
|-weather|Sandstorm|[upkeep]
|-damage|p2a: Aurora|69/100 slp|[from] Sandstorm
|-damage|p1a: Blissey|91/100|[from] Sandstorm
|-heal|p2a: Aurora|76/100 slp|[from] item: Leftovers
|-heal|p1a: Blissey|97/100|[from] item: Leftovers
|upkeep
|turn|35
|
|t:|1728761287
|cant|p2a: Aurora|slp
|move|p1a: Blissey|Seismic Toss|p2a: Aurora
|-damage|p2a: Aurora|51/100 slp
|
|-weather|Sandstorm|[upkeep]
|-damage|p2a: Aurora|44/100 slp|[from] Sandstorm
|-damage|p1a: Blissey|91/100|[from] Sandstorm
|-heal|p2a: Aurora|51/100 slp|[from] item: Leftovers
|-heal|p1a: Blissey|97/100|[from] item: Leftovers
|upkeep
|turn|36
|
|t:|1728761296
|cant|p2a: Aurora|slp
|move|p1a: Blissey|Seismic Toss|p2a: Aurora
|-damage|p2a: Aurora|26/100 slp
|
|-weather|Sandstorm|[upkeep]
|-damage|p2a: Aurora|19/100 slp|[from] Sandstorm
|-damage|p1a: Blissey|91/100|[from] Sandstorm
|-heal|p2a: Aurora|26/100 slp|[from] item: Leftovers
|-heal|p1a: Blissey|97/100|[from] item: Leftovers
|upkeep
|turn|37
|
|t:|1728761306
|-curestatus|p2a: Aurora|slp|[msg]
|move|p2a: Aurora|Rest|p2a: Aurora
|-status|p2a: Aurora|slp|[from] move: Rest
|-heal|p2a: Aurora|100/100 slp|[silent]
|move|p1a: Blissey|Seismic Toss|p2a: Aurora
|-damage|p2a: Aurora|76/100 slp
|
|-weather|Sandstorm|[upkeep]
|-damage|p2a: Aurora|69/100 slp|[from] Sandstorm
|-damage|p1a: Blissey|91/100|[from] Sandstorm
|-heal|p2a: Aurora|76/100 slp|[from] item: Leftovers
|-heal|p1a: Blissey|97/100|[from] item: Leftovers
|upkeep
|turn|38
|
|t:|1728761320
|switch|p1a: Skarmory|Skarmory, M, shiny|74/100
|cant|p2a: Aurora|slp
|
|-weather|Sandstorm|[upkeep]
|-damage|p2a: Aurora|69/100 slp|[from] Sandstorm
|-heal|p2a: Aurora|76/100 slp|[from] item: Leftovers
|-heal|p1a: Skarmory|80/100|[from] item: Leftovers
|upkeep
|turn|39
|
|t:|1728761328
|cant|p2a: Aurora|slp
|move|p1a: Skarmory|Spikes|p2a: Aurora
|-sidestart|p2: Count Sliggoo II|Spikes
|
|-weather|Sandstorm|[upkeep]
|-damage|p2a: Aurora|69/100 slp|[from] Sandstorm
|-heal|p2a: Aurora|76/100 slp|[from] item: Leftovers
|-heal|p1a: Skarmory|86/100|[from] item: Leftovers
|upkeep
|turn|40
|
|t:|1728761336
|switch|p1a: Blissey|Blissey, F|97/100
|-damage|p1a: Blissey|72/100|[from] Spikes
|-curestatus|p2a: Aurora|slp|[msg]
|move|p2a: Aurora|Surf|p1a: Blissey
|-damage|p1a: Blissey|48/100
|
|-weather|Sandstorm|[upkeep]
|-damage|p2a: Aurora|69/100|[from] Sandstorm
|-damage|p1a: Blissey|42/100|[from] Sandstorm
|-heal|p2a: Aurora|76/100|[from] item: Leftovers
|-heal|p1a: Blissey|48/100|[from] item: Leftovers
|upkeep
|turn|41
|
|t:|1728761347
|move|p2a: Aurora|Calm Mind|p2a: Aurora
|-boost|p2a: Aurora|spa|1
|-boost|p2a: Aurora|spd|1
|move|p1a: Blissey|Soft-Boiled|p1a: Blissey
|-heal|p1a: Blissey|98/100
|
|-weather|Sandstorm|[upkeep]
|-damage|p2a: Aurora|69/100|[from] Sandstorm
|-damage|p1a: Blissey|92/100|[from] Sandstorm
|-heal|p2a: Aurora|76/100|[from] item: Leftovers
|-heal|p1a: Blissey|98/100|[from] item: Leftovers
|upkeep
|turn|42
|
|t:|1728761357
|move|p2a: Aurora|Calm Mind|p2a: Aurora
|-boost|p2a: Aurora|spa|1
|-boost|p2a: Aurora|spd|1
|move|p1a: Blissey|Seismic Toss|p2a: Aurora
|-damage|p2a: Aurora|51/100
|
|-weather|Sandstorm|[upkeep]
|-damage|p2a: Aurora|44/100|[from] Sandstorm
|-damage|p1a: Blissey|92/100|[from] Sandstorm
|-heal|p2a: Aurora|51/100|[from] item: Leftovers
|-heal|p1a: Blissey|98/100|[from] item: Leftovers
|upkeep
|turn|43
|
|t:|1728761366
|move|p2a: Aurora|Calm Mind|p2a: Aurora
|-boost|p2a: Aurora|spa|1
|-boost|p2a: Aurora|spd|1
|move|p1a: Blissey|Seismic Toss|p2a: Aurora
|-damage|p2a: Aurora|26/100
|
|-weather|Sandstorm|[upkeep]
|-damage|p2a: Aurora|19/100|[from] Sandstorm
|-damage|p1a: Blissey|92/100|[from] Sandstorm
|-heal|p2a: Aurora|26/100|[from] item: Leftovers
|-heal|p1a: Blissey|98/100|[from] item: Leftovers
|upkeep
|turn|44
|
|t:|1728761378
|switch|p1a: Skarmory|Skarmory, M, shiny|86/100
|move|p2a: Aurora|Rest|p2a: Aurora
|-status|p2a: Aurora|slp|[from] move: Rest
|-heal|p2a: Aurora|100/100 slp|[silent]
|
|-weather|Sandstorm|[upkeep]
|-damage|p2a: Aurora|94/100 slp|[from] Sandstorm
|-heal|p2a: Aurora|100/100 slp|[from] item: Leftovers
|-heal|p1a: Skarmory|92/100|[from] item: Leftovers
|upkeep
|turn|45
|
|t:|1728761389
|cant|p2a: Aurora|slp
|move|p1a: Skarmory|Spikes|p2a: Aurora
|-sidestart|p2: Count Sliggoo II|Spikes
|
|-weather|Sandstorm|[upkeep]
|-damage|p2a: Aurora|94/100 slp|[from] Sandstorm
|-heal|p2a: Aurora|100/100 slp|[from] item: Leftovers
|-heal|p1a: Skarmory|98/100|[from] item: Leftovers
|upkeep
|turn|46
|
|t:|1728761396
|cant|p2a: Aurora|slp
|move|p1a: Skarmory|Spikes|p2a: Aurora
|-sidestart|p2: Count Sliggoo II|Spikes
|
|-weather|Sandstorm|[upkeep]
|-damage|p2a: Aurora|94/100 slp|[from] Sandstorm
|-heal|p2a: Aurora|100/100 slp|[from] item: Leftovers
|-heal|p1a: Skarmory|100/100|[from] item: Leftovers
|upkeep
|turn|47
|
|t:|1728761405
|switch|p1a: Blissey|Blissey, F|98/100
|-damage|p1a: Blissey|73/100|[from] Spikes
|-curestatus|p2a: Aurora|slp|[msg]
|move|p2a: Aurora|Surf|p1a: Blissey
|-damage|p1a: Blissey|34/100
|
|-weather|Sandstorm|[upkeep]
|-damage|p2a: Aurora|94/100|[from] Sandstorm
|-damage|p1a: Blissey|28/100|[from] Sandstorm
|-heal|p2a: Aurora|100/100|[from] item: Leftovers
|-heal|p1a: Blissey|34/100|[from] item: Leftovers
|upkeep
|turn|48
|
|t:|1728761425
|move|p2a: Aurora|Surf|p1a: Blissey
|-damage|p1a: Blissey|0 fnt
|faint|p1a: Blissey
|-message|VIELZADA forfeited.
|
|win|Count Sliggoo II
|player|p1|

</script>
<script type="application/json" class="data" id="replaydata-smogtours-gen3ou-797707">
{"id":"smogtours-gen3ou-797707","format":"[Gen 3] OU","players":["VIELZADA","Count Sliggoo II"],"uploadtime":1728761435,"views":82,"formatid":"gen3ou","rating":null,"private":0,"password":null}
</script>

<script defer src="js/replays.js?9d40a366"></script>
