<!DOCTYPE html>
<meta charset="utf-8" />
<meta name="viewport" content="width=device-width" />

<title>[Gen 3] OU: monchooo vs. lax - Replays - Pok&eacute;mon Showdown!</title>

<meta name="description" content="Watch a replay of a Pok&eacute;mon battle between monchooo and lax! Format: [Gen 3] OU; Date: Oct 24, 2024" />
<!--

Hey, you! Looking in the source for the replay log?

You can find them in JSON format, just add `.json` at the end of a replay URL.

https://replay.pokemonshowdown.com/gen7randomdoublesbattle-865046831.json

Or, if you only need the log itself, add `.log` instead:

https://replay.pokemonshowdown.com/gen7randomdoublesbattle-865046831.log

-->

<link rel="stylesheet" href="//pokemonshowdown.com/style/global.css?0.023195364461161105" />
<link rel="stylesheet" href="//play.pokemonshowdown.com/style/font-awesome.css?0.13261647063804238" />
<link rel="stylesheet" href="//play.pokemonshowdown.com/style/battle.css?0.8753245789963631" />
<link rel="stylesheet" href="//play.pokemonshowdown.com/style/utilichart.css?0.8627959624976733" />

<!-- Global site tag (gtag.js) - Google Analytics -->
<script async src="https://www.googletagmanager.com/gtag/js?id=UA-26211653-1"></script>
<script>
  window.dataLayer = window.dataLayer || [];
  function gtag(){dataLayer.push(arguments);}
  gtag('js', new Date());

  gtag('config', 'UA-26211653-1');
</script>
<!-- End Google Analytics -->
<!-- Venatus Ad Manager - Install in <HEAD> of page -->
	<script src="https://hb.vntsm.com/v3/live/ad-manager.min.js" type="text/javascript" data-site-id="642aba63ec9a7b11c3c9c1be" data-mode="scan" async></script>
<!-- / Venatus Ad Manager -->

<style>
	@media (max-width:820px) {
		.battle {
			margin: 0 auto;
		}
		.battle-log {
			margin: 7px auto 0;
			max-width: 640px;
			height: 300px;
			position: static;
		}
	}
	.optgroup {
		display: inline-block;
		line-height: 22px;
		font-size: 10pt;
	}
	.optgroup .button {
		height: 25px;
		padding-top: 0;
		padding-bottom: 0;
	}
	.optgroup button.button {
		padding-left: 12px;
		padding-right: 12px;
	}
	.linklist {
		list-style: none;
		margin: 0.5em 0;
		padding: 0;
	}
	.linklist li {
		padding: 2px 0;
	}
	.sidebar {
		float: left;
		width: 320px;
	}
	.bar-wrapper {
		max-width: 1100px;
		margin: 0 auto;
	}
	.bar-wrapper.has-sidebar {
		max-width: 1430px;
	}
	.mainbar {
		margin: 0;
		padding-right: 1px;
	}
	.mainbar.has-sidebar {
		margin-left: 330px;
	}
	@media (min-width: 1511px) {
		.sidebar {
			width: 400px;
		}
		.bar-wrapper.has-sidebar {
			max-width: 1510px;
		}
		.mainbar.has-sidebar {
			margin-left: 410px;
		}
	}
	.section.first-section {
		margin-top: 9px;
	}
	.blocklink small {
		white-space: normal;
	}
	.button {
		vertical-align: middle;
	}
	.replay-controls {
		padding-top: 10px;
	}
	.replay-controls h1 {
		font-size: 16pt;
		font-weight: normal;
		color: #CCC;
	}
	.pagelink {
		text-align: center;
	}
	.pagelink a {
		width: 150px;
	}
	.textbox, .button {
		font-size: 11pt;
		vertical-align: middle;
	}
	@media (max-width: 450px) {
		.button {
			font-size: 9pt;
		}
	}
</style>

<div>

	<header>
		<div class="nav-wrapper"><ul class="nav">
			<li><a class="button nav-first" href="//pokemonshowdown.com/"><img src="//pokemonshowdown.com/images/pokemonshowdownbeta.png" srcset="//pokemonshowdown.com/images/pokemonshowdownbeta.png 1x, //pokemonshowdown.com/images/pokemonshowdownbeta@2x.png 2x" alt="Pok&eacute;mon Showdown" width="146" height="44" /> Home</a></li>
			<li><a class="button" href="//pokemonshowdown.com/dex/">Pok&eacute;dex</a></li>
			<li><a class="button cur" href="/">Replays</a></li>
			<li><a class="button" href="//pokemonshowdown.com/ladder/">Ladder</a></li>
			<li><a class="button nav-last" href="//pokemonshowdown.com/forums/">Forum</a></li>
			<li><a class="button greenbutton nav-first nav-last" href="//play.pokemonshowdown.com/">Play</a></li>
		</ul></div>
	</header>

	<div class="main" id="main">

		<noscript><section class="section">You need to enable JavaScript to use this page; sorry!</section></noscript>

	</div>

</div>

<script defer nomodule src="//play.pokemonshowdown.com/js/lib/ps-polyfill.js"></script>
<script defer src="//play.pokemonshowdown.com/js/lib/preact.min.js"></script>

<script defer src="//play.pokemonshowdown.com/config/config.js?2bddbc15"></script>
<script defer src="//play.pokemonshowdown.com/js/lib/jquery-1.11.0.min.js"></script>
<script defer src="//play.pokemonshowdown.com/js/lib/html-sanitizer-minified.js"></script>
<script defer src="//play.pokemonshowdown.com/js/battle-sound.js"></script>
<script defer src="//play.pokemonshowdown.com/js/battledata.js?0.7209276989879541"></script>
<script defer src="//play.pokemonshowdown.com/data/pokedex-mini.js?0.6111056340867951"></script>
<script defer src="//play.pokemonshowdown.com/data/pokedex-mini-bw.js?0.3532142036491459"></script>
<script defer src="//play.pokemonshowdown.com/data/graphics.js?0.24223875632456182"></script>
<script defer src="//play.pokemonshowdown.com/data/pokedex.js?0.38839984266356864"></script>
<script defer src="//play.pokemonshowdown.com/data/moves.js?0.21866028504024015"></script>
<script defer src="//play.pokemonshowdown.com/data/abilities.js?0.2005157953846628"></script>
<script defer src="//play.pokemonshowdown.com/data/items.js?0.9894211263848525"></script>
<script defer src="//play.pokemonshowdown.com/data/teambuilder-tables.js?0.6008791140282215"></script>
<script defer src="//play.pokemonshowdown.com/js/battle-tooltips.js?0.7580118955022959"></script>
<script defer src="//play.pokemonshowdown.com/js/battle.js?0.6057722274234274"></script>

<script defer src="js/utils.js?e31f9a17"></script>
<script defer src="js/replays-battle.js?7008c182"></script>

<!-- don't scrape this data! just add .json or .log after the URL!
Full API docs: https://github.com/smogon/pokemon-showdown-client/blob/master/WEB-API.md -->
<script type="text/plain" class="log" id="replaylog-smogtours-gen3ou-801561">
|inactive|Battle timer is ON: inactive players will automatically lose when time's up.
|t:|1729786752
|gametype|singles
|player|p1|monchooo|pryce-gen2|
|player|p2|lax|#lax|
|teamsize|p1|6
|teamsize|p2|6
|gen|3
|tier|[Gen 3] OU
|rule|Sleep Clause Mod: Limit one foe put to sleep
|rule|Switch Priority Clause Mod: Faster Pokémon switch first
|rule|Species Clause: Limit one of each Pokémon
|rule|OHKO Clause: OHKO moves are banned
|rule|Evasion Items Clause: Evasion items are banned
|rule|Evasion Moves Clause: Evasion moves are banned
|rule|Endless Battle Clause: Forcing endless battles is banned
|rule|HP Percentage Mod: HP is shown in percentages
|rule|One Boost Passer Clause: Limit one Baton Passer that has a way to boost its stats
|rule|Freeze Clause Mod: Limit one foe frozen
|
|t:|1729786752
|start
|switch|p1a: Zapdos|Zapdos|100/100
|switch|p2a: Skarmory|Skarmory, F|100/100
|turn|1
|c|☆monchooo|hf
|c|☆lax|u2
|
|t:|1729786777
|move|p1a: Zapdos|Thunderbolt|p2a: Skarmory
|-supereffective|p2a: Skarmory
|-damage|p2a: Skarmory|7/100
|move|p2a: Skarmory|Spikes|p1a: Zapdos
|-sidestart|p1: monchooo|Spikes
|
|-heal|p2a: Skarmory|13/100|[from] item: Leftovers
|upkeep
|turn|2
|
|t:|1729786782
|move|p2a: Skarmory|Protect|p2a: Skarmory
|-singleturn|p2a: Skarmory|Protect
|move|p1a: Zapdos|Thunderbolt|p2a: Skarmory
|-activate|p2a: Skarmory|Protect
|
|-heal|p2a: Skarmory|19/100|[from] item: Leftovers
|upkeep
|turn|3
|
|t:|1729786791
|switch|p2a: Flygon|Flygon, M|100/100
|move|p1a: Zapdos|Thunderbolt|p2a: Flygon
|-immune|p2a: Flygon
|
|upkeep
|turn|4
|
|t:|1729786801
|move|p2a: Flygon|Protect|p2a: Flygon
|-singleturn|p2a: Flygon|Protect
|move|p1a: Zapdos|Hidden Power|p2a: Flygon
|-activate|p2a: Flygon|Protect
|
|upkeep
|turn|5
|
|t:|1729786811
|switch|p2a: Tyranitar|Tyranitar, F|100/100
|-weather|Sandstorm|[from] ability: Sand Stream|[of] p2a: Tyranitar
|move|p1a: Zapdos|Thunderbolt|p2a: Tyranitar
|-damage|p2a: Tyranitar|60/100
|
|-weather|Sandstorm|[upkeep]
|-damage|p1a: Zapdos|94/100|[from] Sandstorm
|-heal|p1a: Zapdos|100/100|[from] item: Leftovers
|-heal|p2a: Tyranitar|66/100|[from] item: Leftovers
|upkeep
|turn|6
|
|t:|1729786817
|switch|p1a: Skarmory|Skarmory, M, shiny|100/100
|move|p2a: Tyranitar|Rock Slide|p1a: Skarmory
|-crit|p1a: Skarmory
|-damage|p1a: Skarmory|32/100
|
|-weather|Sandstorm|[upkeep]
|-heal|p1a: Skarmory|38/100|[from] item: Leftovers
|-heal|p2a: Tyranitar|72/100|[from] item: Leftovers
|upkeep
|turn|7
|
|t:|1729786821
|-singleturn|p2a: Tyranitar|move: Focus Punch
|move|p1a: Skarmory|Spikes|p2a: Tyranitar
|-sidestart|p2: lax|Spikes
|move|p2a: Tyranitar|Focus Punch|p1a: Skarmory
|-damage|p1a: Skarmory|0 fnt
|faint|p1a: Skarmory
|
|t:|1729786848
|switch|p1a: Swampert|Swampert, M|100/100
|-damage|p1a: Swampert|88/100|[from] Spikes
|
|-weather|Sandstorm|[upkeep]
|-heal|p2a: Tyranitar|78/100|[from] item: Leftovers
|-heal|p1a: Swampert|94/100|[from] item: Leftovers
|upkeep
|turn|8
|
|t:|1729786869
|switch|p2a: Skarmory|Skarmory, F|19/100
|move|p1a: Swampert|Hydro Pump|p2a: Skarmory
|-damage|p2a: Skarmory|0 fnt
|faint|p2a: Skarmory
|
|t:|1729786876
|switch|p2a: Jirachi|Jirachi|100/100
|-damage|p2a: Jirachi|88/100|[from] Spikes
|
|-weather|Sandstorm|[upkeep]
|-heal|p2a: Jirachi|94/100|[from] item: Leftovers
|-heal|p1a: Swampert|100/100|[from] item: Leftovers
|upkeep
|turn|9
|
|t:|1729786884
|switch|p1a: Celebi|Celebi|100/100
|-damage|p1a: Celebi|88/100|[from] Spikes
|move|p2a: Jirachi|Hidden Power|p1a: Celebi
|-resisted|p1a: Celebi
|-damage|p1a: Celebi|80/100
|
|-weather|Sandstorm|[upkeep]
|-damage|p1a: Celebi|74/100|[from] Sandstorm
|-heal|p1a: Celebi|80/100|[from] item: Leftovers
|-heal|p2a: Jirachi|100/100|[from] item: Leftovers
|upkeep
|turn|10
|
|t:|1729786889
|move|p1a: Celebi|Leech Seed|p2a: Jirachi
|-start|p2a: Jirachi|move: Leech Seed
|move|p2a: Jirachi|Wish|p2a: Jirachi
|
|-weather|Sandstorm|[upkeep]
|-damage|p1a: Celebi|74/100|[from] Sandstorm
|-heal|p1a: Celebi|80/100|[from] item: Leftovers
|-damage|p2a: Jirachi|88/100|[from] Leech Seed|[of] p1a: Celebi
|-heal|p1a: Celebi|93/100|[silent]
|upkeep
|turn|11
|
|t:|1729786907
|move|p1a: Celebi|Hidden Power|p2a: Jirachi
|-supereffective|p2a: Jirachi
|-damage|p2a: Jirachi|59/100
|move|p2a: Jirachi|Body Slam|p1a: Celebi
|-damage|p1a: Celebi|77/100
|
|-heal|p2a: Jirachi|100/100|[from] move: Wish|[wisher] Jirachi
|-weather|Sandstorm|[upkeep]
|-damage|p1a: Celebi|71/100|[from] Sandstorm
|-heal|p1a: Celebi|77/100|[from] item: Leftovers
|-damage|p2a: Jirachi|88/100|[from] Leech Seed|[of] p1a: Celebi
|-heal|p1a: Celebi|90/100|[silent]
|upkeep
|turn|12
|
|t:|1729786925
|switch|p2a: Flygon|Flygon, M|100/100
|move|p1a: Celebi|Hidden Power|p2a: Flygon
|-resisted|p2a: Flygon
|-damage|p2a: Flygon|87/100
|
|-weather|Sandstorm|[upkeep]
|-damage|p1a: Celebi|84/100|[from] Sandstorm
|-heal|p1a: Celebi|90/100|[from] item: Leftovers
|-heal|p2a: Flygon|93/100|[from] item: Leftovers
|upkeep
|turn|13
|
|t:|1729786934
|switch|p1a: Zapdos|Zapdos|100/100
|move|p2a: Flygon|Toxic|p1a: Zapdos
|-status|p1a: Zapdos|tox
|
|-weather|Sandstorm|[upkeep]
|-damage|p1a: Zapdos|94/100 tox|[from] Sandstorm
|-heal|p1a: Zapdos|100/100 tox|[from] item: Leftovers
|-damage|p1a: Zapdos|94/100 tox|[from] psn
|-heal|p2a: Flygon|99/100|[from] item: Leftovers
|upkeep
|turn|14
|
|t:|1729786938
|move|p2a: Flygon|Protect|p2a: Flygon
|-singleturn|p2a: Flygon|Protect
|move|p1a: Zapdos|Hidden Power|p2a: Flygon
|-activate|p2a: Flygon|Protect
|
|-weather|Sandstorm|[upkeep]
|-damage|p1a: Zapdos|88/100 tox|[from] Sandstorm
|-heal|p1a: Zapdos|94/100 tox|[from] item: Leftovers
|-damage|p1a: Zapdos|82/100 tox|[from] psn
|-heal|p2a: Flygon|100/100|[from] item: Leftovers
|upkeep
|turn|15
|
|t:|1729786944
|move|p1a: Zapdos|Thunderbolt|p2a: Flygon
|-immune|p2a: Flygon
|move|p2a: Flygon|Fire Blast|p1a: Zapdos
|-damage|p1a: Zapdos|59/100 tox
|
|-weather|Sandstorm|[upkeep]
|-damage|p1a: Zapdos|52/100 tox|[from] Sandstorm
|-heal|p1a: Zapdos|59/100 tox|[from] item: Leftovers
|-damage|p1a: Zapdos|40/100 tox|[from] psn
|upkeep
|turn|16
|
|t:|1729786950
|move|p2a: Flygon|Protect|p2a: Flygon
|-singleturn|p2a: Flygon|Protect
|move|p1a: Zapdos|Hidden Power|p2a: Flygon
|-activate|p2a: Flygon|Protect
|
|-weather|Sandstorm|[upkeep]
|-damage|p1a: Zapdos|34/100 tox|[from] Sandstorm
|-heal|p1a: Zapdos|40/100 tox|[from] item: Leftovers
|-damage|p1a: Zapdos|16/100 tox|[from] psn
|upkeep
|turn|17
|
|t:|1729786957
|switch|p1a: Celebi|Celebi|90/100
|-damage|p1a: Celebi|78/100|[from] Spikes
|switch|p2a: Tyranitar|Tyranitar, F|78/100
|-damage|p2a: Tyranitar|66/100|[from] Spikes
|
|-weather|Sandstorm|[upkeep]
|-damage|p1a: Celebi|72/100|[from] Sandstorm
|-heal|p1a: Celebi|78/100|[from] item: Leftovers
|-heal|p2a: Tyranitar|72/100|[from] item: Leftovers
|upkeep
|turn|18
|
|t:|1729786961
|switch|p1a: Swampert|Swampert, M|100/100
|-damage|p1a: Swampert|88/100|[from] Spikes
|move|p2a: Tyranitar|Hidden Power|p1a: Swampert
|-damage|p1a: Swampert|65/100
|
|-weather|Sandstorm|[upkeep]
|-heal|p2a: Tyranitar|78/100|[from] item: Leftovers
|-heal|p1a: Swampert|71/100|[from] item: Leftovers
|upkeep
|turn|19
|
|t:|1729786969
|switch|p2a: Starmie|Starmie|100/100
|-damage|p2a: Starmie|88/100|[from] Spikes
|move|p1a: Swampert|Earthquake|p2a: Starmie
|-damage|p2a: Starmie|33/100
|
|-weather|Sandstorm|[upkeep]
|-damage|p2a: Starmie|27/100|[from] Sandstorm
|-heal|p2a: Starmie|33/100|[from] item: Leftovers
|-heal|p1a: Swampert|77/100|[from] item: Leftovers
|upkeep
|turn|20
|
|t:|1729786976
|move|p2a: Starmie|Rapid Spin|p1a: Swampert
|-damage|p1a: Swampert|75/100
|-sideend|p2: lax|Spikes|[from] move: Rapid Spin|[of] p2a: Starmie
|move|p1a: Swampert|Earthquake|p2a: Starmie
|-damage|p2a: Starmie|0 fnt
|faint|p2a: Starmie
|
|t:|1729786978
|switch|p2a: Jirachi|Jirachi|88/100
|
|-weather|Sandstorm|[upkeep]
|-heal|p2a: Jirachi|94/100|[from] item: Leftovers
|-heal|p1a: Swampert|81/100|[from] item: Leftovers
|upkeep
|turn|21
|
|t:|1729786983
|switch|p1a: Celebi|Celebi|78/100
|-damage|p1a: Celebi|66/100|[from] Spikes
|move|p2a: Jirachi|Hidden Power|p1a: Celebi
|-resisted|p1a: Celebi
|-damage|p1a: Celebi|58/100
|
|-weather|Sandstorm|[upkeep]
|-damage|p1a: Celebi|52/100|[from] Sandstorm
|-heal|p1a: Celebi|58/100|[from] item: Leftovers
|-heal|p2a: Jirachi|100/100|[from] item: Leftovers
|upkeep
|turn|22
|
|t:|1729786988
|move|p1a: Celebi|Leech Seed|p2a: Jirachi
|-start|p2a: Jirachi|move: Leech Seed
|move|p2a: Jirachi|Body Slam|p1a: Celebi
|-damage|p1a: Celebi|42/100
|-status|p1a: Celebi|par
|
|-weather|Sandstorm|[upkeep]
|-damage|p1a: Celebi|36/100 par|[from] Sandstorm
|-damage|p2a: Jirachi|88/100|[from] Leech Seed|[of] p1a: Celebi
|-heal|p1a: Celebi|49/100 par|[silent]
|-heal|p1a: Celebi|55/100 par|[from] item: Leftovers
|upkeep
|turn|23
|
|t:|1729786992
|switch|p2a: Tyranitar|Tyranitar, F|78/100
|-curestatus|p1a: Celebi|par|[from] ability: Natural Cure
|switch|p1a: Zapdos|Zapdos|16/100 tox
|
|-weather|Sandstorm|[upkeep]
|-damage|p1a: Zapdos|10/100 tox|[from] Sandstorm
|-heal|p1a: Zapdos|16/100 tox|[from] item: Leftovers
|-damage|p1a: Zapdos|10/100 tox|[from] psn
|-heal|p2a: Tyranitar|85/100|[from] item: Leftovers
|upkeep
|turn|24
|
|t:|1729786996
|switch|p2a: Flygon|Flygon, M|100/100
|move|p1a: Zapdos|Toxic|p2a: Flygon
|-status|p2a: Flygon|tox
|
|-weather|Sandstorm|[upkeep]
|-damage|p1a: Zapdos|3/100 tox|[from] Sandstorm
|-heal|p1a: Zapdos|10/100 tox|[from] item: Leftovers
|-damage|p1a: Zapdos|0 fnt|[from] psn
|faint|p1a: Zapdos
|-damage|p2a: Flygon|94/100 tox|[from] psn
|upkeep
|
|t:|1729787000
|switch|p1a: Swampert|Swampert, M|81/100
|-damage|p1a: Swampert|69/100|[from] Spikes
|turn|25
|
|t:|1729787004
|move|p2a: Flygon|Toxic|p1a: Swampert
|-status|p1a: Swampert|tox
|move|p1a: Swampert|Ice Beam|p2a: Flygon
|-supereffective|p2a: Flygon
|-damage|p2a: Flygon|0 fnt
|faint|p2a: Flygon
|
|t:|1729787007
|switch|p2a: Jirachi|Jirachi|88/100
|
|-weather|Sandstorm|[upkeep]
|-heal|p2a: Jirachi|94/100|[from] item: Leftovers
|-heal|p1a: Swampert|75/100 tox|[from] item: Leftovers
|-damage|p1a: Swampert|69/100 tox|[from] psn
|upkeep
|turn|26
|
|t:|1729787019
|switch|p1a: Celebi|Celebi|55/100
|-damage|p1a: Celebi|43/100|[from] Spikes
|move|p2a: Jirachi|Wish|p2a: Jirachi
|
|-weather|Sandstorm|[upkeep]
|-damage|p1a: Celebi|37/100|[from] Sandstorm
|-heal|p1a: Celebi|43/100|[from] item: Leftovers
|-heal|p2a: Jirachi|100/100|[from] item: Leftovers
|upkeep
|turn|27
|
|t:|1729787023
|move|p1a: Celebi|Leech Seed|p2a: Jirachi
|-start|p2a: Jirachi|move: Leech Seed
|move|p2a: Jirachi|Body Slam|p1a: Celebi
|-damage|p1a: Celebi|26/100
|-status|p1a: Celebi|par
|
|-weather|Sandstorm|[upkeep]
|-damage|p1a: Celebi|20/100 par|[from] Sandstorm
|-damage|p2a: Jirachi|88/100|[from] Leech Seed|[of] p1a: Celebi
|-heal|p1a: Celebi|33/100 par|[silent]
|-heal|p1a: Celebi|39/100 par|[from] item: Leftovers
|upkeep
|turn|28
|
|t:|1729787030
|-curestatus|p1a: Celebi|par|[from] ability: Natural Cure
|switch|p1a: Tyranitar|Tyranitar, M|100/100
|-damage|p1a: Tyranitar|88/100|[from] Spikes
|move|p2a: Jirachi|Fire Punch|p1a: Tyranitar
|-resisted|p1a: Tyranitar
|-damage|p1a: Tyranitar|81/100
|
|-weather|Sandstorm|[upkeep]
|-heal|p2a: Jirachi|94/100|[from] item: Leftovers
|-damage|p2a: Jirachi|82/100|[from] Leech Seed|[of] p1a: Tyranitar
|-heal|p1a: Tyranitar|94/100|[silent]
|-heal|p1a: Tyranitar|99/100|[from] item: Leftovers
|upkeep
|turn|29
|
|t:|1729787035
|switch|p2a: Gengar|Gengar, M|100/100
|move|p1a: Tyranitar|Dragon Dance|p1a: Tyranitar
|-boost|p1a: Tyranitar|atk|1
|-boost|p1a: Tyranitar|spe|1
|
|-weather|Sandstorm|[upkeep]
|-damage|p2a: Gengar|94/100|[from] Sandstorm
|-heal|p2a: Gengar|100/100|[from] item: Leftovers
|-heal|p1a: Tyranitar|100/100|[from] item: Leftovers
|upkeep
|turn|30
|
|t:|1729787039
|move|p2a: Gengar|Will-O-Wisp|p1a: Tyranitar
|-status|p1a: Tyranitar|brn
|move|p1a: Tyranitar|Rock Slide|p2a: Gengar
|-damage|p2a: Gengar|58/100
|
|-weather|Sandstorm|[upkeep]
|-damage|p2a: Gengar|52/100|[from] Sandstorm
|-heal|p2a: Gengar|58/100|[from] item: Leftovers
|-damage|p1a: Tyranitar|88/100 brn|[from] brn
|upkeep
|turn|31
|
|t:|1729787049
|move|p2a: Gengar|Thunderbolt|p1a: Tyranitar
|-damage|p1a: Tyranitar|63/100 brn
|move|p1a: Tyranitar|Rock Slide|p2a: Gengar
|-damage|p2a: Gengar|15/100
|
|-weather|Sandstorm|[upkeep]
|-damage|p2a: Gengar|9/100|[from] Sandstorm
|-heal|p2a: Gengar|15/100|[from] item: Leftovers
|-heal|p1a: Tyranitar|69/100 brn|[from] item: Leftovers
|-damage|p1a: Tyranitar|57/100 brn|[from] brn
|upkeep
|turn|32
|
|t:|1729787058
|switch|p2a: Jirachi|Jirachi|82/100
|move|p1a: Tyranitar|Rock Slide|p2a: Jirachi
|-resisted|p2a: Jirachi
|-damage|p2a: Jirachi|69/100
|
|-weather|Sandstorm|[upkeep]
|-heal|p1a: Tyranitar|63/100 brn|[from] item: Leftovers
|-damage|p1a: Tyranitar|51/100 brn|[from] brn
|-heal|p2a: Jirachi|75/100|[from] item: Leftovers
|upkeep
|turn|33
|
|t:|1729787062
|move|p1a: Tyranitar|Earthquake|p2a: Jirachi
|-supereffective|p2a: Jirachi
|-damage|p2a: Jirachi|34/100
|move|p2a: Jirachi|Wish|p2a: Jirachi
|
|-weather|Sandstorm|[upkeep]
|-heal|p1a: Tyranitar|57/100 brn|[from] item: Leftovers
|-damage|p1a: Tyranitar|44/100 brn|[from] brn
|-heal|p2a: Jirachi|40/100|[from] item: Leftovers
|upkeep
|turn|34
|
|t:|1729787068
|switch|p2a: Tyranitar|Tyranitar, F|85/100
|move|p1a: Tyranitar|Earthquake|p2a: Tyranitar
|-supereffective|p2a: Tyranitar
|-damage|p2a: Tyranitar|39/100
|
|-heal|p2a: Tyranitar|89/100|[from] move: Wish|[wisher] Jirachi
|-weather|Sandstorm|[upkeep]
|-heal|p1a: Tyranitar|51/100 brn|[from] item: Leftovers
|-damage|p1a: Tyranitar|38/100 brn|[from] brn
|-heal|p2a: Tyranitar|95/100|[from] item: Leftovers
|upkeep
|turn|35
|
|t:|1729787073
|move|p1a: Tyranitar|Rock Slide|p2a: Tyranitar
|-damage|p2a: Tyranitar|71/100
|move|p2a: Tyranitar|Earthquake|p1a: Tyranitar
|-supereffective|p1a: Tyranitar
|-damage|p1a: Tyranitar|0 fnt
|faint|p1a: Tyranitar
|inactive|monchooo has 270 seconds left.
|
|t:|1729787118
|switch|p1a: Swampert|Swampert, M|69/100 tox
|-damage|p1a: Swampert|56/100 tox|[from] Spikes
|
|-weather|Sandstorm|[upkeep]
|-heal|p2a: Tyranitar|77/100|[from] item: Leftovers
|-heal|p1a: Swampert|63/100 tox|[from] item: Leftovers
|-damage|p1a: Swampert|56/100 tox|[from] psn
|upkeep
|turn|36
|
|t:|1729787124
|switch|p2a: Gengar|Gengar, M|15/100
|move|p1a: Swampert|Hydro Pump|p2a: Gengar
|-damage|p2a: Gengar|0 fnt
|faint|p2a: Gengar
|
|t:|1729787127
|switch|p2a: Jirachi|Jirachi|40/100
|
|-weather|Sandstorm|[upkeep]
|-heal|p2a: Jirachi|46/100|[from] item: Leftovers
|-heal|p1a: Swampert|63/100 tox|[from] item: Leftovers
|-damage|p1a: Swampert|50/100 tox|[from] psn
|upkeep
|turn|37
|
|t:|1729787132
|move|p2a: Jirachi|Hidden Power|p1a: Swampert
|-supereffective|p1a: Swampert
|-damage|p1a: Swampert|0 fnt
|faint|p1a: Swampert
|
|t:|1729787136
|switch|p1a: Aerodactyl|Aerodactyl, M, shiny|100/100
|
|-weather|Sandstorm|[upkeep]
|-heal|p2a: Jirachi|52/100|[from] item: Leftovers
|upkeep
|turn|38
|
|t:|1729787140
|move|p1a: Aerodactyl|Earthquake|p2a: Jirachi
|-supereffective|p2a: Jirachi
|-crit|p2a: Jirachi
|-damage|p2a: Jirachi|0 fnt
|faint|p2a: Jirachi
|
|t:|1729787142
|switch|p2a: Tyranitar|Tyranitar, F|77/100
|
|-weather|Sandstorm|[upkeep]
|-heal|p2a: Tyranitar|83/100|[from] item: Leftovers
|upkeep
|turn|39
|
|t:|1729787146
|move|p1a: Aerodactyl|Earthquake|p2a: Tyranitar
|-supereffective|p2a: Tyranitar
|-damage|p2a: Tyranitar|12/100
|move|p2a: Tyranitar|Rock Slide|p1a: Aerodactyl
|-supereffective|p1a: Aerodactyl
|-damage|p1a: Aerodactyl|0 fnt
|faint|p1a: Aerodactyl
|
|t:|1729787148
|switch|p1a: Celebi|Celebi|39/100
|-damage|p1a: Celebi|27/100|[from] Spikes
|
|-weather|Sandstorm|[upkeep]
|-damage|p1a: Celebi|21/100|[from] Sandstorm
|-heal|p1a: Celebi|27/100|[from] item: Leftovers
|-heal|p2a: Tyranitar|18/100|[from] item: Leftovers
|upkeep
|turn|40
|
|t:|1729787150
|move|p1a: Celebi|Giga Drain|p2a: Tyranitar
|-supereffective|p2a: Tyranitar
|-damage|p2a: Tyranitar|0 fnt
|-heal|p1a: Celebi|36/100|[from] drain|[of] p2a: Tyranitar
|faint|p2a: Tyranitar
|
|win|monchooo
|c|☆lax|ggs
|c|☆monchooo|gg

</script>
<script type="application/json" class="data" id="replaydata-smogtours-gen3ou-801561">
{"id":"smogtours-gen3ou-801561","format":"[Gen 3] OU","players":["monchooo","lax"],"uploadtime":1729787150,"views":108,"formatid":"gen3ou","rating":null,"private":1,"password":null}
</script>

<script defer src="js/replays.js?9d40a366"></script>
