<!DOCTYPE html>
<meta charset="utf-8" />
<meta name="viewport" content="width=device-width" />

<title>[Gen 3] OU: Matthew Engarde vs. OOz!? - Replays - Pok&eacute;mon Showdown!</title>

<meta name="description" content="Watch a replay of a Pok&eacute;mon battle between Matthew Engarde and OOz!?! Format: [Gen 3] OU; Date: Oct 20, 2024" />
<!--

Hey, you! Looking in the source for the replay log?

You can find them in JSON format, just add `.json` at the end of a replay URL.

https://replay.pokemonshowdown.com/gen7randomdoublesbattle-865046831.json

Or, if you only need the log itself, add `.log` instead:

https://replay.pokemonshowdown.com/gen7randomdoublesbattle-865046831.log

-->

<link rel="stylesheet" href="//pokemonshowdown.com/style/global.css?0.767286132409787" />
<link rel="stylesheet" href="//play.pokemonshowdown.com/style/font-awesome.css?0.9266228007934947" />
<link rel="stylesheet" href="//play.pokemonshowdown.com/style/battle.css?0.7924700842790926" />
<link rel="stylesheet" href="//play.pokemonshowdown.com/style/utilichart.css?0.8777417872839479" />

<!-- Global site tag (gtag.js) - Google Analytics -->
<script async src="https://www.googletagmanager.com/gtag/js?id=UA-26211653-1"></script>
<script>
  window.dataLayer = window.dataLayer || [];
  function gtag(){dataLayer.push(arguments);}
  gtag('js', new Date());

  gtag('config', 'UA-26211653-1');
</script>
<!-- End Google Analytics -->
<!-- Venatus Ad Manager - Install in <HEAD> of page -->
	<script src="https://hb.vntsm.com/v3/live/ad-manager.min.js" type="text/javascript" data-site-id="642aba63ec9a7b11c3c9c1be" data-mode="scan" async></script>
<!-- / Venatus Ad Manager -->

<style>
	@media (max-width:820px) {
		.battle {
			margin: 0 auto;
		}
		.battle-log {
			margin: 7px auto 0;
			max-width: 640px;
			height: 300px;
			position: static;
		}
	}
	.optgroup {
		display: inline-block;
		line-height: 22px;
		font-size: 10pt;
	}
	.optgroup .button {
		height: 25px;
		padding-top: 0;
		padding-bottom: 0;
	}
	.optgroup button.button {
		padding-left: 12px;
		padding-right: 12px;
	}
	.linklist {
		list-style: none;
		margin: 0.5em 0;
		padding: 0;
	}
	.linklist li {
		padding: 2px 0;
	}
	.sidebar {
		float: left;
		width: 320px;
	}
	.bar-wrapper {
		max-width: 1100px;
		margin: 0 auto;
	}
	.bar-wrapper.has-sidebar {
		max-width: 1430px;
	}
	.mainbar {
		margin: 0;
		padding-right: 1px;
	}
	.mainbar.has-sidebar {
		margin-left: 330px;
	}
	@media (min-width: 1511px) {
		.sidebar {
			width: 400px;
		}
		.bar-wrapper.has-sidebar {
			max-width: 1510px;
		}
		.mainbar.has-sidebar {
			margin-left: 410px;
		}
	}
	.section.first-section {
		margin-top: 9px;
	}
	.blocklink small {
		white-space: normal;
	}
	.button {
		vertical-align: middle;
	}
	.replay-controls {
		padding-top: 10px;
	}
	.replay-controls h1 {
		font-size: 16pt;
		font-weight: normal;
		color: #CCC;
	}
	.pagelink {
		text-align: center;
	}
	.pagelink a {
		width: 150px;
	}
	.textbox, .button {
		font-size: 11pt;
		vertical-align: middle;
	}
	@media (max-width: 450px) {
		.button {
			font-size: 9pt;
		}
	}
</style>

<div>

	<header>
		<div class="nav-wrapper"><ul class="nav">
			<li><a class="button nav-first" href="//pokemonshowdown.com/"><img src="//pokemonshowdown.com/images/pokemonshowdownbeta.png" srcset="//pokemonshowdown.com/images/pokemonshowdownbeta.png 1x, //pokemonshowdown.com/images/pokemonshowdownbeta@2x.png 2x" alt="Pok&eacute;mon Showdown" width="146" height="44" /> Home</a></li>
			<li><a class="button" href="//pokemonshowdown.com/dex/">Pok&eacute;dex</a></li>
			<li><a class="button cur" href="/">Replays</a></li>
			<li><a class="button" href="//pokemonshowdown.com/ladder/">Ladder</a></li>
			<li><a class="button nav-last" href="//pokemonshowdown.com/forums/">Forum</a></li>
			<li><a class="button greenbutton nav-first nav-last" href="//play.pokemonshowdown.com/">Play</a></li>
		</ul></div>
	</header>

	<div class="main" id="main">

		<noscript><section class="section">You need to enable JavaScript to use this page; sorry!</section></noscript>

	</div>

</div>

<script defer nomodule src="//play.pokemonshowdown.com/js/lib/ps-polyfill.js"></script>
<script defer src="//play.pokemonshowdown.com/js/lib/preact.min.js"></script>

<script defer src="//play.pokemonshowdown.com/config/config.js?6dec07f6"></script>
<script defer src="//play.pokemonshowdown.com/js/lib/jquery-1.11.0.min.js"></script>
<script defer src="//play.pokemonshowdown.com/js/lib/html-sanitizer-minified.js"></script>
<script defer src="//play.pokemonshowdown.com/js/battle-sound.js"></script>
<script defer src="//play.pokemonshowdown.com/js/battledata.js?0.6315294753075389"></script>
<script defer src="//play.pokemonshowdown.com/data/pokedex-mini.js?0.7603743185311358"></script>
<script defer src="//play.pokemonshowdown.com/data/pokedex-mini-bw.js?0.030888842834281283"></script>
<script defer src="//play.pokemonshowdown.com/data/graphics.js?0.05593094747507488"></script>
<script defer src="//play.pokemonshowdown.com/data/pokedex.js?0.47064822249611904"></script>
<script defer src="//play.pokemonshowdown.com/data/moves.js?0.8583693120512459"></script>
<script defer src="//play.pokemonshowdown.com/data/abilities.js?0.16017181182386842"></script>
<script defer src="//play.pokemonshowdown.com/data/items.js?0.4163379185673943"></script>
<script defer src="//play.pokemonshowdown.com/data/teambuilder-tables.js?0.31075597372830477"></script>
<script defer src="//play.pokemonshowdown.com/js/battle-tooltips.js?0.6536193500708172"></script>
<script defer src="//play.pokemonshowdown.com/js/battle.js?0.1916591943277901"></script>

<script defer src="js/utils.js?e31f9a17"></script>
<script defer src="js/replays-battle.js?7008c182"></script>

<!-- don't scrape this data! just add .json or .log after the URL!
Full API docs: https://github.com/smogon/pokemon-showdown-client/blob/master/WEB-API.md -->
<script type="text/plain" class="log" id="replaylog-smogtours-gen3ou-800310">
|inactive|Battle timer is ON: inactive players will automatically lose when time's up.
|t:|1729419191
|gametype|singles
|player|p1|Matthew Engarde|170|
|player|p2|OOz!?|caitlin-masters|
|teamsize|p1|6
|teamsize|p2|6
|gen|3
|tier|[Gen 3] OU
|rule|Sleep Clause Mod: Limit one foe put to sleep
|rule|Switch Priority Clause Mod: Faster Pokémon switch first
|rule|Species Clause: Limit one of each Pokémon
|rule|OHKO Clause: OHKO moves are banned
|rule|Evasion Items Clause: Evasion items are banned
|rule|Evasion Moves Clause: Evasion moves are banned
|rule|Endless Battle Clause: Forcing endless battles is banned
|rule|HP Percentage Mod: HP is shown in percentages
|rule|One Boost Passer Clause: Limit one Baton Passer that has a way to boost its stats
|rule|Freeze Clause Mod: Limit one foe frozen
|
|t:|1729419191
|start
|switch|p1a: Salamence|Salamence, M|100/100
|switch|p2a: Chance Time!|Aerodactyl, M|100/100
|-ability|p1a: Salamence|Intimidate|boost
|-unboost|p2a: Chance Time!|atk|1
|turn|1
|
|t:|1729419198
|switch|p1a: Forretress|Forretress, M|100/100
|move|p2a: Chance Time!|Rock Slide|p1a: Forretress
|-damage|p1a: Forretress|76/100
|
|-heal|p1a: Forretress|82/100|[from] item: Leftovers
|upkeep
|turn|2
|
|t:|1729419211
|switch|p2a: Electric BirdyLand|Zapdos|100/100
|move|p1a: Forretress|Spikes|p2a: Electric BirdyLand
|-sidestart|p2: OOz!?|Spikes
|
|-heal|p1a: Forretress|88/100|[from] item: Leftovers
|upkeep
|turn|3
|
|t:|1729419218
|switch|p1a: Blissey|Blissey, F|100/100
|move|p2a: Electric BirdyLand|Thunder Wave|p1a: Blissey
|-status|p1a: Blissey|par
|
|upkeep
|turn|4
|
|t:|1729419230
|switch|p2a: Birbie|Skarmory, M|100/100
|move|p1a: Blissey|Thunder Wave|p2a: Birbie
|-status|p2a: Birbie|par
|
|upkeep
|turn|5
|
|t:|1729419237
|switch|p2a: Buurman & Buurman|Tyranitar, F|100/100
|-damage|p2a: Buurman & Buurman|88/100|[from] Spikes
|-weather|Sandstorm|[from] ability: Sand Stream|[of] p2a: Buurman & Buurman
|-curestatus|p1a: Blissey|par|[from] ability: Natural Cure
|switch|p1a: Forretress|Forretress, M|88/100
|
|-weather|Sandstorm|[upkeep]
|-heal|p1a: Forretress|95/100|[from] item: Leftovers
|upkeep
|turn|6
|
|t:|1729419241
|move|p2a: Buurman & Buurman|Dragon Dance|p2a: Buurman & Buurman
|-boost|p2a: Buurman & Buurman|atk|1
|-boost|p2a: Buurman & Buurman|spe|1
|move|p1a: Forretress|Spikes|p2a: Buurman & Buurman
|-sidestart|p2: OOz!?|Spikes
|
|-weather|Sandstorm|[upkeep]
|-heal|p1a: Forretress|100/100|[from] item: Leftovers
|upkeep
|turn|7
|
|t:|1729419244
|move|p2a: Buurman & Buurman|Rock Slide|p1a: Forretress
|-damage|p1a: Forretress|52/100
|move|p1a: Forretress|Earthquake|p2a: Buurman & Buurman
|-supereffective|p2a: Buurman & Buurman
|-damage|p2a: Buurman & Buurman|50/100
|
|-weather|Sandstorm|[upkeep]
|-heal|p1a: Forretress|59/100|[from] item: Leftovers
|upkeep
|turn|8
|inactive|Matthew Engarde has 270 seconds left.
|
|t:|1729419275
|move|p2a: Buurman & Buurman|Earthquake|p1a: Forretress
|-damage|p1a: Forretress|17/100
|move|p1a: Forretress|Earthquake|p2a: Buurman & Buurman
|-supereffective|p2a: Buurman & Buurman
|-damage|p2a: Buurman & Buurman|11/100
|
|-weather|Sandstorm|[upkeep]
|-heal|p1a: Forretress|23/100|[from] item: Leftovers
|upkeep
|turn|9
|
|t:|1729419279
|switch|p1a: Salamence|Salamence, M|100/100
|-ability|p1a: Salamence|Intimidate|boost
|-unboost|p2a: Buurman & Buurman|atk|1
|move|p2a: Buurman & Buurman|Rock Slide|p1a: Salamence
|-supereffective|p1a: Salamence
|-damage|p1a: Salamence|0 fnt
|faint|p1a: Salamence
|
|t:|1729419286
|switch|p1a: Aerodactyl|Aerodactyl, M|100/100
|
|-weather|Sandstorm|[upkeep]
|upkeep
|turn|10
|
|t:|1729419296
|move|p1a: Aerodactyl|Double-Edge|p2a: Buurman & Buurman
|-resisted|p2a: Buurman & Buurman
|-damage|p2a: Buurman & Buurman|0 fnt
|faint|p2a: Buurman & Buurman
|
|t:|1729419302
|switch|p2a: Chance Time!|Aerodactyl, M|100/100
|
|-weather|Sandstorm|[upkeep]
|upkeep
|turn|11
|
|t:|1729419320
|switch|p1a: Forretress|Forretress, M|23/100
|move|p2a: Chance Time!|Double-Edge|p1a: Forretress
|-resisted|p1a: Forretress
|-damage|p1a: Forretress|4/100
|
|-weather|Sandstorm|[upkeep]
|-heal|p1a: Forretress|10/100|[from] item: Leftovers
|upkeep
|turn|12
|
|t:|1729419328
|switch|p1a: Jirachi|Jirachi|100/100
|move|p2a: Chance Time!|Double-Edge|p1a: Jirachi
|-resisted|p1a: Jirachi
|-damage|p1a: Jirachi|74/100
|
|-weather|Sandstorm|[upkeep]
|-heal|p1a: Jirachi|80/100|[from] item: Leftovers
|upkeep
|turn|13
|
|t:|1729419334
|switch|p2a: Electric BirdyLand|Zapdos|100/100
|move|p1a: Jirachi|Calm Mind|p1a: Jirachi
|-boost|p1a: Jirachi|spa|1
|-boost|p1a: Jirachi|spd|1
|
|-weather|Sandstorm|[upkeep]
|-damage|p2a: Electric BirdyLand|94/100|[from] Sandstorm
|-heal|p1a: Jirachi|86/100|[from] item: Leftovers
|-heal|p2a: Electric BirdyLand|100/100|[from] item: Leftovers
|upkeep
|turn|14
|
|t:|1729419337
|move|p1a: Jirachi|Psychic|p2a: Electric BirdyLand
|-damage|p2a: Electric BirdyLand|32/100
|move|p2a: Electric BirdyLand|Thunder Wave|p1a: Jirachi
|-status|p1a: Jirachi|par
|
|-weather|Sandstorm|[upkeep]
|-damage|p2a: Electric BirdyLand|26/100|[from] Sandstorm
|-heal|p2a: Electric BirdyLand|32/100|[from] item: Leftovers
|-heal|p1a: Jirachi|92/100 par|[from] item: Leftovers
|upkeep
|turn|15
|
|t:|1729419340
|move|p2a: Electric BirdyLand|Thunderbolt|p1a: Jirachi
|-damage|p1a: Jirachi|58/100 par
|cant|p1a: Jirachi|par
|
|-weather|Sandstorm|[upkeep]
|-damage|p2a: Electric BirdyLand|26/100|[from] Sandstorm
|-heal|p2a: Electric BirdyLand|32/100|[from] item: Leftovers
|-heal|p1a: Jirachi|64/100 par|[from] item: Leftovers
|upkeep
|turn|16
|
|t:|1729419343
|move|p2a: Electric BirdyLand|Thunderbolt|p1a: Jirachi
|-damage|p1a: Jirachi|31/100 par
|move|p1a: Jirachi|Psychic|p2a: Electric BirdyLand
|-damage|p2a: Electric BirdyLand|0 fnt
|faint|p2a: Electric BirdyLand
|
|t:|1729419362
|switch|p2a: Disintegration|Swampert, F|100/100
|-damage|p2a: Disintegration|84/100|[from] Spikes
|
|-weather|Sandstorm|[upkeep]
|-heal|p2a: Disintegration|90/100|[from] item: Leftovers
|-heal|p1a: Jirachi|37/100 par|[from] item: Leftovers
|upkeep
|turn|17
|
|t:|1729419392
|move|p2a: Disintegration|Earthquake|p1a: Jirachi
|-supereffective|p1a: Jirachi
|-damage|p1a: Jirachi|0 fnt
|faint|p1a: Jirachi
|
|t:|1729419393
|switch|p1a: Blissey|Blissey, F|100/100
|
|-weather|Sandstorm|[upkeep]
|-damage|p1a: Blissey|94/100|[from] Sandstorm
|-heal|p2a: Disintegration|96/100|[from] item: Leftovers
|-heal|p1a: Blissey|100/100|[from] item: Leftovers
|upkeep
|turn|18
|inactive|OOz!? has 270 seconds left.
|inactive|OOz!? has 240 seconds left.
|inactive|OOz!? has 210 seconds left.
|inactive|OOz!? has 180 seconds left.
|
|t:|1729419517
|switch|p2a: Birbie|Skarmory, M|100/100 par
|move|p1a: Blissey|Ice Beam|p2a: Birbie
|-damage|p2a: Birbie|80/100 par
|
|-weather|Sandstorm|[upkeep]
|-damage|p1a: Blissey|94/100|[from] Sandstorm
|-heal|p1a: Blissey|100/100|[from] item: Leftovers
|-heal|p2a: Birbie|86/100 par|[from] item: Leftovers
|upkeep
|turn|19
|
|t:|1729419523
|switch|p1a: Forretress|Forretress, M|10/100
|cant|p2a: Birbie|par
|
|-weather|Sandstorm|[upkeep]
|-heal|p1a: Forretress|16/100|[from] item: Leftovers
|-heal|p2a: Birbie|92/100 par|[from] item: Leftovers
|upkeep
|turn|20
|
|t:|1729419532
|switch|p2a: Chance Time!|Aerodactyl, M|100/100
|move|p1a: Forretress|Explosion|p2a: Chance Time!
|-resisted|p2a: Chance Time!
|-damage|p2a: Chance Time!|10/100
|faint|p1a: Forretress
|
|t:|1729419538
|switch|p1a: Blissey|Blissey, F|100/100
|
|-weather|Sandstorm|[upkeep]
|-damage|p1a: Blissey|94/100|[from] Sandstorm
|-heal|p1a: Blissey|100/100|[from] item: Leftovers
|upkeep
|turn|21
|inactive|OOz!? has 210 seconds left.
|
|t:|1729419559
|move|p2a: Chance Time!|Rock Slide|p1a: Blissey
|-damage|p1a: Blissey|56/100
|move|p1a: Blissey|Ice Beam|p2a: Chance Time!
|-supereffective|p2a: Chance Time!
|-damage|p2a: Chance Time!|0 fnt
|faint|p2a: Chance Time!
|inactive|OOz!? has 180 seconds left.
|
|t:|1729419605
|switch|p2a: Feeënsoep|Celebi|100/100
|-damage|p2a: Feeënsoep|84/100|[from] Spikes
|
|-weather|Sandstorm|[upkeep]
|-damage|p2a: Feeënsoep|78/100|[from] Sandstorm
|-damage|p1a: Blissey|50/100|[from] Sandstorm
|-heal|p2a: Feeënsoep|84/100|[from] item: Leftovers
|-heal|p1a: Blissey|56/100|[from] item: Leftovers
|upkeep
|turn|22
|
|t:|1729419611
|move|p2a: Feeënsoep|Calm Mind|p2a: Feeënsoep
|-boost|p2a: Feeënsoep|spa|1
|-boost|p2a: Feeënsoep|spd|1
|move|p1a: Blissey|Thunder Wave|p2a: Feeënsoep
|-status|p2a: Feeënsoep|par
|
|-weather|Sandstorm|[upkeep]
|-damage|p1a: Blissey|50/100|[from] Sandstorm
|-damage|p2a: Feeënsoep|78/100 par|[from] Sandstorm
|-heal|p1a: Blissey|56/100|[from] item: Leftovers
|-heal|p2a: Feeënsoep|84/100 par|[from] item: Leftovers
|upkeep
|turn|23
|
|t:|1729419617
|switch|p1a: Tyranitar|Tyranitar, F|100/100
|cant|p2a: Feeënsoep|par
|
|-weather|Sandstorm|[upkeep]
|-damage|p2a: Feeënsoep|78/100 par|[from] Sandstorm
|-heal|p2a: Feeënsoep|84/100 par|[from] item: Leftovers
|upkeep
|turn|24
|
|t:|1729419620
|move|p1a: Tyranitar|Dragon Dance|p1a: Tyranitar
|-boost|p1a: Tyranitar|atk|1
|-boost|p1a: Tyranitar|spe|1
|move|p2a: Feeënsoep|Giga Drain|p1a: Tyranitar
|-supereffective|p1a: Tyranitar
|-damage|p1a: Tyranitar|12/100
|-heal|p2a: Feeënsoep|100/100 par|[from] drain|[of] p1a: Tyranitar
|
|-weather|Sandstorm|[upkeep]
|-damage|p2a: Feeënsoep|94/100 par|[from] Sandstorm
|-heal|p2a: Feeënsoep|100/100 par|[from] item: Leftovers
|upkeep
|turn|25
|
|t:|1729419627
|move|p1a: Tyranitar|Hidden Power|p2a: Feeënsoep
|-supereffective|p2a: Feeënsoep
|-damage|p2a: Feeënsoep|0 fnt
|faint|p2a: Feeënsoep
|
|t:|1729419634
|switch|p2a: Disintegration|Swampert, F|96/100
|-damage|p2a: Disintegration|80/100|[from] Spikes
|
|-weather|Sandstorm|[upkeep]
|-heal|p2a: Disintegration|86/100|[from] item: Leftovers
|upkeep
|turn|26
|
|t:|1729419639
|move|p1a: Tyranitar|Earthquake|p2a: Disintegration
|-damage|p2a: Disintegration|39/100
|move|p2a: Disintegration|Ice Beam|p1a: Tyranitar
|-damage|p1a: Tyranitar|0 fnt
|faint|p1a: Tyranitar
|
|t:|1729419643
|switch|p1a: Aerodactyl|Aerodactyl, M|100/100
|
|-weather|Sandstorm|[upkeep]
|-heal|p2a: Disintegration|46/100|[from] item: Leftovers
|upkeep
|turn|27
|
|t:|1729419654
|switch|p2a: Birbie|Skarmory, M|92/100 par
|move|p1a: Aerodactyl|Double-Edge|p2a: Birbie
|-resisted|p2a: Birbie
|-damage|p2a: Birbie|73/100 par
|
|-weather|Sandstorm|[upkeep]
|-heal|p2a: Birbie|79/100 par|[from] item: Leftovers
|upkeep
|turn|28
|inactive|OOz!? disconnected and has 300 seconds to reconnect!
|player|p2|
|inactive|OOz!? reconnected and has 200 seconds left.
|player|p2|OOz!?|caitlin-masters|
|
|t:|1729419685
|switch|p1a: Blissey|Blissey, F|56/100
|move|p2a: Birbie|Spikes|p1a: Blissey
|-sidestart|p1: Matthew Engarde|Spikes
|
|-weather|Sandstorm|[upkeep]
|-damage|p1a: Blissey|50/100|[from] Sandstorm
|-heal|p1a: Blissey|56/100|[from] item: Leftovers
|-heal|p2a: Birbie|85/100 par|[from] item: Leftovers
|upkeep
|turn|29
|
|t:|1729419696
|move|p1a: Blissey|Seismic Toss|p2a: Birbie
|-damage|p2a: Birbie|55/100 par
|move|p2a: Birbie|Spikes|p1a: Blissey
|-sidestart|p1: Matthew Engarde|Spikes
|
|-weather|Sandstorm|[upkeep]
|-damage|p1a: Blissey|50/100|[from] Sandstorm
|-heal|p1a: Blissey|56/100|[from] item: Leftovers
|-heal|p2a: Birbie|61/100 par|[from] item: Leftovers
|upkeep
|turn|30
|
|t:|1729419702
|move|p1a: Blissey|Seismic Toss|p2a: Birbie
|-damage|p2a: Birbie|31/100 par
|move|p2a: Birbie|Roar|p1a: Blissey
|drag|p1a: Aerodactyl|Aerodactyl, M|100/100
|
|-weather|Sandstorm|[upkeep]
|-heal|p2a: Birbie|37/100 par|[from] item: Leftovers
|upkeep
|turn|31
|
|t:|1729419710
|move|p1a: Aerodactyl|Hidden Power|p2a: Birbie
|-damage|p2a: Birbie|12/100 par
|move|p2a: Birbie|Spikes|p1a: Aerodactyl
|-sidestart|p1: Matthew Engarde|Spikes
|
|-weather|Sandstorm|[upkeep]
|-heal|p2a: Birbie|18/100 par|[from] item: Leftovers
|upkeep
|turn|32
|inactive|OOz!? has 210 seconds left.
|
|t:|1729419717
|move|p2a: Birbie|Protect|p2a: Birbie
|-singleturn|p2a: Birbie|Protect
|move|p1a: Aerodactyl|Hidden Power|p2a: Birbie
|-activate|p2a: Birbie|Protect
|
|-weather|Sandstorm|[upkeep]
|-heal|p2a: Birbie|24/100 par|[from] item: Leftovers
|upkeep
|turn|33
|inactive|OOz!? has 210 seconds left.
|inactive|OOz!? has 180 seconds left.
|
|t:|1729419793
|move|p2a: Birbie|Protect|p2a: Birbie
|-singleturn|p2a: Birbie|Protect
|move|p1a: Aerodactyl|Hidden Power|p2a: Birbie
|-activate|p2a: Birbie|Protect
|
|-weather|Sandstorm|[upkeep]
|-heal|p2a: Birbie|30/100 par|[from] item: Leftovers
|upkeep
|turn|34
|
|t:|1729419798
|move|p1a: Aerodactyl|Hidden Power|p2a: Birbie
|-damage|p2a: Birbie|6/100 par
|move|p2a: Birbie|Taunt|p1a: Aerodactyl
|-start|p1a: Aerodactyl|move: Taunt
|
|-weather|Sandstorm|[upkeep]
|-heal|p2a: Birbie|12/100 par|[from] item: Leftovers
|upkeep
|turn|35
|
|t:|1729419806
|move|p1a: Aerodactyl|Hidden Power|p2a: Birbie
|-damage|p2a: Birbie|0 fnt
|faint|p2a: Birbie
|
|t:|1729419808
|switch|p2a: Disintegration|Swampert, F|46/100
|-damage|p2a: Disintegration|29/100|[from] Spikes
|
|-weather|Sandstorm|[upkeep]
|-end|p1a: Aerodactyl|move: Taunt|[silent]
|-heal|p2a: Disintegration|35/100|[from] item: Leftovers
|upkeep
|turn|36
|inactive|OOz!? has 180 seconds left.
|
|t:|1729419818
|move|p1a: Aerodactyl|Hidden Power|p2a: Disintegration
|-damage|p2a: Disintegration|3/100
|move|p2a: Disintegration|Hydro Pump|p1a: Aerodactyl
|-supereffective|p1a: Aerodactyl
|-damage|p1a: Aerodactyl|0 fnt
|faint|p1a: Aerodactyl
|
|t:|1729419822
|switch|p1a: Blissey|Blissey, F|56/100
|-damage|p1a: Blissey|31/100|[from] Spikes
|
|-weather|Sandstorm|[upkeep]
|-damage|p1a: Blissey|25/100|[from] Sandstorm
|-heal|p2a: Disintegration|10/100|[from] item: Leftovers
|-heal|p1a: Blissey|31/100|[from] item: Leftovers
|upkeep
|turn|37
|
|t:|1729419827
|move|p2a: Disintegration|Earthquake|p1a: Blissey
|-damage|p1a: Blissey|0 fnt
|faint|p1a: Blissey
|
|win|OOz!?
|c|☆OOz!?|gg
|c|☆Matthew Engarde|gg
|player|p1|
|player|p1|Matthew Engarde|170|

</script>
<script type="application/json" class="data" id="replaydata-smogtours-gen3ou-800310">
{"id":"smogtours-gen3ou-800310","format":"[Gen 3] OU","players":["Matthew Engarde","OOz!?"],"uploadtime":1729419827,"views":95,"formatid":"gen3ou","rating":null,"private":0,"password":null}
</script>

<script defer src="js/replays.js?9d40a366"></script>
