<!DOCTYPE html>
<meta charset="utf-8" />
<meta name="viewport" content="width=device-width" />

<title>[Gen 3] OU: ccczzx vs. Elian - Replays - Pok&eacute;mon Showdown!</title>

<meta name="description" content="Watch a replay of a Pok&eacute;mon battle between ccczzx and Elian! Format: [Gen 3] OU; Date: Oct 23, 2024" />
<!--

Hey, you! Looking in the source for the replay log?

You can find them in JSON format, just add `.json` at the end of a replay URL.

https://replay.pokemonshowdown.com/gen7randomdoublesbattle-865046831.json

Or, if you only need the log itself, add `.log` instead:

https://replay.pokemonshowdown.com/gen7randomdoublesbattle-865046831.log

-->

<link rel="stylesheet" href="//pokemonshowdown.com/style/global.css?0.767286132409787" />
<link rel="stylesheet" href="//play.pokemonshowdown.com/style/font-awesome.css?0.9266228007934947" />
<link rel="stylesheet" href="//play.pokemonshowdown.com/style/battle.css?0.7924700842790926" />
<link rel="stylesheet" href="//play.pokemonshowdown.com/style/utilichart.css?0.8777417872839479" />

<!-- Global site tag (gtag.js) - Google Analytics -->
<script async src="https://www.googletagmanager.com/gtag/js?id=UA-26211653-1"></script>
<script>
  window.dataLayer = window.dataLayer || [];
  function gtag(){dataLayer.push(arguments);}
  gtag('js', new Date());

  gtag('config', 'UA-26211653-1');
</script>
<!-- End Google Analytics -->
<!-- Venatus Ad Manager - Install in <HEAD> of page -->
	<script src="https://hb.vntsm.com/v3/live/ad-manager.min.js" type="text/javascript" data-site-id="642aba63ec9a7b11c3c9c1be" data-mode="scan" async></script>
<!-- / Venatus Ad Manager -->

<style>
	@media (max-width:820px) {
		.battle {
			margin: 0 auto;
		}
		.battle-log {
			margin: 7px auto 0;
			max-width: 640px;
			height: 300px;
			position: static;
		}
	}
	.optgroup {
		display: inline-block;
		line-height: 22px;
		font-size: 10pt;
	}
	.optgroup .button {
		height: 25px;
		padding-top: 0;
		padding-bottom: 0;
	}
	.optgroup button.button {
		padding-left: 12px;
		padding-right: 12px;
	}
	.linklist {
		list-style: none;
		margin: 0.5em 0;
		padding: 0;
	}
	.linklist li {
		padding: 2px 0;
	}
	.sidebar {
		float: left;
		width: 320px;
	}
	.bar-wrapper {
		max-width: 1100px;
		margin: 0 auto;
	}
	.bar-wrapper.has-sidebar {
		max-width: 1430px;
	}
	.mainbar {
		margin: 0;
		padding-right: 1px;
	}
	.mainbar.has-sidebar {
		margin-left: 330px;
	}
	@media (min-width: 1511px) {
		.sidebar {
			width: 400px;
		}
		.bar-wrapper.has-sidebar {
			max-width: 1510px;
		}
		.mainbar.has-sidebar {
			margin-left: 410px;
		}
	}
	.section.first-section {
		margin-top: 9px;
	}
	.blocklink small {
		white-space: normal;
	}
	.button {
		vertical-align: middle;
	}
	.replay-controls {
		padding-top: 10px;
	}
	.replay-controls h1 {
		font-size: 16pt;
		font-weight: normal;
		color: #CCC;
	}
	.pagelink {
		text-align: center;
	}
	.pagelink a {
		width: 150px;
	}
	.textbox, .button {
		font-size: 11pt;
		vertical-align: middle;
	}
	@media (max-width: 450px) {
		.button {
			font-size: 9pt;
		}
	}
</style>

<div>

	<header>
		<div class="nav-wrapper"><ul class="nav">
			<li><a class="button nav-first" href="//pokemonshowdown.com/"><img src="//pokemonshowdown.com/images/pokemonshowdownbeta.png" srcset="//pokemonshowdown.com/images/pokemonshowdownbeta.png 1x, //pokemonshowdown.com/images/pokemonshowdownbeta@2x.png 2x" alt="Pok&eacute;mon Showdown" width="146" height="44" /> Home</a></li>
			<li><a class="button" href="//pokemonshowdown.com/dex/">Pok&eacute;dex</a></li>
			<li><a class="button cur" href="/">Replays</a></li>
			<li><a class="button" href="//pokemonshowdown.com/ladder/">Ladder</a></li>
			<li><a class="button nav-last" href="//pokemonshowdown.com/forums/">Forum</a></li>
			<li><a class="button greenbutton nav-first nav-last" href="//play.pokemonshowdown.com/">Play</a></li>
		</ul></div>
	</header>

	<div class="main" id="main">

		<noscript><section class="section">You need to enable JavaScript to use this page; sorry!</section></noscript>

	</div>

</div>

<script defer nomodule src="//play.pokemonshowdown.com/js/lib/ps-polyfill.js"></script>
<script defer src="//play.pokemonshowdown.com/js/lib/preact.min.js"></script>

<script defer src="//play.pokemonshowdown.com/config/config.js?6dec07f6"></script>
<script defer src="//play.pokemonshowdown.com/js/lib/jquery-1.11.0.min.js"></script>
<script defer src="//play.pokemonshowdown.com/js/lib/html-sanitizer-minified.js"></script>
<script defer src="//play.pokemonshowdown.com/js/battle-sound.js"></script>
<script defer src="//play.pokemonshowdown.com/js/battledata.js?0.6315294753075389"></script>
<script defer src="//play.pokemonshowdown.com/data/pokedex-mini.js?0.7603743185311358"></script>
<script defer src="//play.pokemonshowdown.com/data/pokedex-mini-bw.js?0.030888842834281283"></script>
<script defer src="//play.pokemonshowdown.com/data/graphics.js?0.05593094747507488"></script>
<script defer src="//play.pokemonshowdown.com/data/pokedex.js?0.47064822249611904"></script>
<script defer src="//play.pokemonshowdown.com/data/moves.js?0.8583693120512459"></script>
<script defer src="//play.pokemonshowdown.com/data/abilities.js?0.16017181182386842"></script>
<script defer src="//play.pokemonshowdown.com/data/items.js?0.4163379185673943"></script>
<script defer src="//play.pokemonshowdown.com/data/teambuilder-tables.js?0.31075597372830477"></script>
<script defer src="//play.pokemonshowdown.com/js/battle-tooltips.js?0.6536193500708172"></script>
<script defer src="//play.pokemonshowdown.com/js/battle.js?0.1916591943277901"></script>

<script defer src="js/utils.js?e31f9a17"></script>
<script defer src="js/replays-battle.js?7008c182"></script>

<!-- don't scrape this data! just add .json or .log after the URL!
Full API docs: https://github.com/smogon/pokemon-showdown-client/blob/master/WEB-API.md -->
<script type="text/plain" class="log" id="replaylog-smogtours-gen3ou-801423">
|inactive|Battle timer is ON: inactive players will automatically lose when time's up.
|t:|1729717550
|gametype|singles
|player|p1|ccczzx|266|
|player|p2|Elian|erika-gen2|
|teamsize|p1|6
|teamsize|p2|6
|gen|3
|tier|[Gen 3] OU
|rule|Sleep Clause Mod: Limit one foe put to sleep
|rule|Switch Priority Clause Mod: Faster Pokémon switch first
|rule|Species Clause: Limit one of each Pokémon
|rule|OHKO Clause: OHKO moves are banned
|rule|Evasion Items Clause: Evasion items are banned
|rule|Evasion Moves Clause: Evasion moves are banned
|rule|Endless Battle Clause: Forcing endless battles is banned
|rule|HP Percentage Mod: HP is shown in percentages
|rule|One Boost Passer Clause: Limit one Baton Passer that has a way to boost its stats
|rule|Freeze Clause Mod: Limit one foe frozen
|
|t:|1729717550
|start
|switch|p1a: ton|Lunatone|100/100
|switch|p2a: Havertz|Tyranitar, M|100/100
|-weather|Sandstorm|[from] ability: Sand Stream|[of] p2a: Havertz
|turn|1
|c|☆Elian|hf
|c|☆ccczzx|glhf
|
|t:|1729717566
|switch|p2a: Saliva|Celebi|100/100
|move|p1a: ton|Cosmic Power|p1a: ton
|-boost|p1a: ton|def|1
|-boost|p1a: ton|spd|1
|
|-weather|Sandstorm|[upkeep]
|-damage|p2a: Saliva|94/100|[from] Sandstorm
|-heal|p2a: Saliva|100/100|[from] item: Leftovers
|upkeep
|turn|2
|
|t:|1729717577
|move|p2a: Saliva|Leech Seed|p1a: ton
|-start|p1a: ton|move: Leech Seed
|move|p1a: ton|Hypnosis|p2a: Saliva
|-status|p2a: Saliva|slp|[from] move: Hypnosis
|
|-weather|Sandstorm|[upkeep]
|-damage|p2a: Saliva|94/100 slp|[from] Sandstorm
|-heal|p2a: Saliva|100/100 slp|[from] item: Leftovers
|-damage|p1a: ton|88/100|[from] Leech Seed|[of] p2a: Saliva
|upkeep
|turn|3
|
|t:|1729717581
|-curestatus|p2a: Saliva|slp|[from] ability: Natural Cure
|switch|p2a: Rice|Jirachi|100/100
|move|p1a: ton|Cosmic Power|p1a: ton
|-boost|p1a: ton|def|1
|-boost|p1a: ton|spd|1
|
|-weather|Sandstorm|[upkeep]
|-damage|p1a: ton|75/100|[from] Leech Seed|[of] p2a: Rice
|upkeep
|turn|4
|
|t:|1729717593
|move|p2a: Rice|Substitute|p2a: Rice
|-start|p2a: Rice|Substitute
|-damage|p2a: Rice|75/100
|move|p1a: ton|Baton Pass|p1a: ton
|c|☆Elian|gm colteor
|
|t:|1729717616
|switch|p1a: cof|Tyranitar, F|100/100|[from] Baton Pass
|
|-weather|Sandstorm|[upkeep]
|-heal|p2a: Rice|82/100|[from] item: Leftovers
|-damage|p1a: cof|88/100|[from] Leech Seed|[of] p2a: Rice
|-heal|p2a: Rice|94/100|[silent]
|upkeep
|turn|5
|
|t:|1729717625
|move|p2a: Rice|Ice Punch|p1a: cof
|-damage|p1a: cof|80/100
|move|p1a: cof|Dragon Dance|p1a: cof
|-boost|p1a: cof|atk|1
|-boost|p1a: cof|spe|1
|
|-weather|Sandstorm|[upkeep]
|-damage|p1a: cof|67/100|[from] Leech Seed|[of] p2a: Rice
|-heal|p2a: Rice|100/100|[silent]
|upkeep
|turn|6
|
|t:|1729717630
|switch|p2a: Zinchenko|Salamence, M|100/100
|-ability|p2a: Zinchenko|Intimidate|boost
|-unboost|p1a: cof|atk|1
|move|p1a: cof|Earthquake|p2a: Zinchenko
|-immune|p2a: Zinchenko
|
|-weather|Sandstorm|[upkeep]
|-damage|p2a: Zinchenko|94/100|[from] Sandstorm
|-heal|p2a: Zinchenko|100/100|[from] item: Leftovers
|-damage|p1a: cof|55/100|[from] Leech Seed|[of] p2a: Zinchenko
|upkeep
|turn|7
|
|t:|1729717635
|switch|p2a: Trossard|Swampert, F|100/100
|move|p1a: cof|Rock Slide|p2a: Trossard
|-resisted|p2a: Trossard
|-damage|p2a: Trossard|82/100
|
|-weather|Sandstorm|[upkeep]
|-damage|p1a: cof|43/100|[from] Leech Seed|[of] p2a: Trossard
|-heal|p2a: Trossard|96/100|[silent]
|-heal|p2a: Trossard|100/100|[from] item: Leftovers
|upkeep
|turn|8
|
|t:|1729717644
|switch|p1a: ton|Lunatone|75/100
|switch|p2a: Zinchenko|Salamence, M|100/100
|-ability|p2a: Zinchenko|Intimidate|boost
|-unboost|p1a: ton|atk|1
|
|-weather|Sandstorm|[upkeep]
|-damage|p2a: Zinchenko|94/100|[from] Sandstorm
|-heal|p2a: Zinchenko|100/100|[from] item: Leftovers
|upkeep
|turn|9
|
|t:|1729717649
|move|p2a: Zinchenko|Hydro Pump|p1a: ton
|-supereffective|p1a: ton
|-damage|p1a: ton|0 fnt
|faint|p1a: ton
|
|t:|1729717661
|switch|p1a: boc|Swampert, M|100/100
|
|-weather|Sandstorm|[upkeep]
|-damage|p2a: Zinchenko|94/100|[from] Sandstorm
|-heal|p2a: Zinchenko|100/100|[from] item: Leftovers
|upkeep
|turn|10
|
|t:|1729717666
|switch|p2a: Saliva|Celebi|100/100
|move|p1a: boc|Ice Beam|p2a: Saliva
|-supereffective|p2a: Saliva
|-damage|p2a: Saliva|53/100
|
|-weather|Sandstorm|[upkeep]
|-damage|p2a: Saliva|47/100|[from] Sandstorm
|-heal|p2a: Saliva|53/100|[from] item: Leftovers
|upkeep
|turn|11
|
|t:|1729717674
|move|p2a: Saliva|Giga Drain|p1a: boc
|-supereffective|p1a: boc
|-crit|p1a: boc
|-damage|p1a: boc|0 fnt
|-heal|p2a: Saliva|100/100|[from] drain|[of] p1a: boc
|faint|p1a: boc
|c|☆ccczzx|oh well
|
|t:|1729717683
|switch|p1a: zog|Raikou|100/100
|
|-weather|Sandstorm|[upkeep]
|-damage|p1a: zog|94/100|[from] Sandstorm
|-damage|p2a: Saliva|94/100|[from] Sandstorm
|-heal|p1a: zog|100/100|[from] item: Leftovers
|-heal|p2a: Saliva|100/100|[from] item: Leftovers
|upkeep
|turn|12
|
|t:|1729717687
|move|p1a: zog|Calm Mind|p1a: zog
|-boost|p1a: zog|spa|1
|-boost|p1a: zog|spd|1
|move|p2a: Saliva|Psychic|p1a: zog
|-damage|p1a: zog|71/100
|
|-weather|Sandstorm|[upkeep]
|-damage|p1a: zog|65/100|[from] Sandstorm
|-damage|p2a: Saliva|94/100|[from] Sandstorm
|-heal|p1a: zog|71/100|[from] item: Leftovers
|-heal|p2a: Saliva|100/100|[from] item: Leftovers
|upkeep
|turn|13
|
|t:|1729717692
|move|p1a: zog|Crunch|p2a: Saliva
|-supereffective|p2a: Saliva
|-damage|p2a: Saliva|27/100
|move|p2a: Saliva|Psychic|p1a: zog
|-damage|p1a: zog|43/100
|
|-weather|Sandstorm|[upkeep]
|-damage|p1a: zog|37/100|[from] Sandstorm
|-damage|p2a: Saliva|20/100|[from] Sandstorm
|-heal|p1a: zog|43/100|[from] item: Leftovers
|-heal|p2a: Saliva|27/100|[from] item: Leftovers
|upkeep
|turn|14
|
|t:|1729717700
|move|p1a: zog|Thunderbolt|p2a: Saliva
|-resisted|p2a: Saliva
|-damage|p2a: Saliva|0 fnt
|faint|p2a: Saliva
|
|t:|1729717703
|switch|p2a: Havertz|Tyranitar, M|100/100
|
|-weather|Sandstorm|[upkeep]
|-damage|p1a: zog|37/100|[from] Sandstorm
|-heal|p1a: zog|43/100|[from] item: Leftovers
|upkeep
|turn|15
|
|t:|1729717709
|move|p1a: zog|Thunderbolt|p2a: Havertz
|-damage|p2a: Havertz|33/100
|move|p2a: Havertz|Earthquake|p1a: zog
|-supereffective|p1a: zog
|-damage|p1a: zog|0 fnt
|faint|p1a: zog
|
|t:|1729717721
|switch|p1a: sol|Salamence, M|100/100
|-ability|p1a: sol|Intimidate|boost
|-unboost|p2a: Havertz|atk|1
|
|-weather|Sandstorm|[upkeep]
|-damage|p1a: sol|94/100|[from] Sandstorm
|-heal|p1a: sol|100/100|[from] item: Leftovers
|-heal|p2a: Havertz|39/100|[from] item: Leftovers
|upkeep
|turn|16
|
|t:|1729717729
|switch|p2a: Trossard|Swampert, F|100/100
|move|p1a: sol|Brick Break|p2a: Trossard
|-damage|p2a: Trossard|70/100
|
|-weather|Sandstorm|[upkeep]
|-damage|p1a: sol|94/100|[from] Sandstorm
|-heal|p1a: sol|100/100|[from] item: Leftovers
|-heal|p2a: Trossard|76/100|[from] item: Leftovers
|upkeep
|turn|17
|
|t:|1729717741
|switch|p1a: jom|Jirachi|100/100
|switch|p2a: Zinchenko|Salamence, M|100/100
|-ability|p2a: Zinchenko|Intimidate|boost
|-unboost|p1a: jom|atk|1
|
|-weather|Sandstorm|[upkeep]
|-damage|p2a: Zinchenko|94/100|[from] Sandstorm
|-heal|p2a: Zinchenko|100/100|[from] item: Leftovers
|upkeep
|turn|18
|
|t:|1729717749
|move|p2a: Zinchenko|Fire Blast|p1a: jom
|-supereffective|p1a: jom
|-damage|p1a: jom|17/100
|move|p1a: jom|Calm Mind|p1a: jom
|-boost|p1a: jom|spa|1
|-boost|p1a: jom|spd|1
|
|-weather|Sandstorm|[upkeep]
|-damage|p2a: Zinchenko|94/100|[from] Sandstorm
|-heal|p2a: Zinchenko|100/100|[from] item: Leftovers
|-heal|p1a: jom|23/100|[from] item: Leftovers
|upkeep
|turn|19
|c|☆ccczzx|gg
|c|☆Elian|gg
|
|t:|1729717759
|move|p2a: Zinchenko|Fire Blast|p1a: jom|[miss]
|-miss|p2a: Zinchenko|p1a: jom
|move|p1a: jom|Wish|p1a: jom
|
|-weather|Sandstorm|[upkeep]
|-damage|p2a: Zinchenko|94/100|[from] Sandstorm
|-heal|p2a: Zinchenko|100/100|[from] item: Leftovers
|-heal|p1a: jom|29/100|[from] item: Leftovers
|upkeep
|turn|20
|
|t:|1729717764
|switch|p1a: cof|Tyranitar, F|43/100
|move|p2a: Zinchenko|Fire Blast|p1a: cof
|-resisted|p1a: cof
|-damage|p1a: cof|27/100
|
|-heal|p1a: cof|76/100|[from] move: Wish|[wisher] jom
|-weather|Sandstorm|[upkeep]
|-damage|p2a: Zinchenko|94/100|[from] Sandstorm
|-heal|p2a: Zinchenko|100/100|[from] item: Leftovers
|upkeep
|turn|21
|
|t:|1729717774
|switch|p1a: sol|Salamence, M|100/100
|-ability|p1a: sol|Intimidate|boost
|-unboost|p2a: Zinchenko|atk|1
|move|p2a: Zinchenko|Hydro Pump|p1a: sol
|-resisted|p1a: sol
|-damage|p1a: sol|81/100
|
|-weather|Sandstorm|[upkeep]
|-damage|p2a: Zinchenko|94/100|[from] Sandstorm
|-damage|p1a: sol|75/100|[from] Sandstorm
|-heal|p2a: Zinchenko|100/100|[from] item: Leftovers
|-heal|p1a: sol|81/100|[from] item: Leftovers
|upkeep
|turn|22
|
|t:|1729717788
|move|p2a: Zinchenko|Dragon Claw|p1a: sol
|-supereffective|p1a: sol
|-damage|p1a: sol|2/100
|move|p1a: sol|Dragon Dance|p1a: sol
|-boost|p1a: sol|atk|1
|-boost|p1a: sol|spe|1
|
|-weather|Sandstorm|[upkeep]
|-damage|p1a: sol|0 fnt|[from] Sandstorm
|-damage|p2a: Zinchenko|94/100|[from] Sandstorm
|faint|p1a: sol
|-heal|p2a: Zinchenko|100/100|[from] item: Leftovers
|upkeep
|
|t:|1729717797
|switch|p1a: jom|Jirachi|29/100
|turn|23
|
|t:|1729717807
|move|p2a: Zinchenko|Fire Blast|p1a: jom
|-supereffective|p1a: jom
|-crit|p1a: jom
|-damage|p1a: jom|0 fnt
|faint|p1a: jom
|
|t:|1729717810
|switch|p1a: cof|Tyranitar, F|76/100
|
|-weather|Sandstorm|[upkeep]
|-damage|p2a: Zinchenko|94/100|[from] Sandstorm
|-heal|p2a: Zinchenko|100/100|[from] item: Leftovers
|upkeep
|turn|24
|
|t:|1729717816
|move|p2a: Zinchenko|Hydro Pump|p1a: cof
|-supereffective|p1a: cof
|-damage|p1a: cof|9/100
|move|p1a: cof|Dragon Dance|p1a: cof
|-boost|p1a: cof|atk|1
|-boost|p1a: cof|spe|1
|
|-weather|Sandstorm|[upkeep]
|-damage|p2a: Zinchenko|94/100|[from] Sandstorm
|-heal|p2a: Zinchenko|100/100|[from] item: Leftovers
|upkeep
|turn|25
|
|t:|1729717821
|switch|p2a: Havertz|Tyranitar, M|39/100
|move|p1a: cof|Rock Slide|p2a: Havertz
|-damage|p2a: Havertz|0 fnt
|faint|p2a: Havertz
|
|t:|1729717823
|switch|p2a: Zinchenko|Salamence, M|100/100
|-ability|p2a: Zinchenko|Intimidate|boost
|-unboost|p1a: cof|atk|1
|
|-weather|Sandstorm|[upkeep]
|-damage|p2a: Zinchenko|94/100|[from] Sandstorm
|-heal|p2a: Zinchenko|100/100|[from] item: Leftovers
|upkeep
|turn|26
|
|t:|1729717828
|move|p2a: Zinchenko|Dragon Claw|p1a: cof
|-damage|p1a: cof|0 fnt
|faint|p1a: cof
|
|win|Elian
|player|p1|
|player|p2|
|player|p2|Elian|erika-gen2|

</script>
<script type="application/json" class="data" id="replaydata-smogtours-gen3ou-801423">
{"id":"smogtours-gen3ou-801423","format":"[Gen 3] OU","players":["ccczzx","Elian"],"uploadtime":1729717828,"views":99,"formatid":"gen3ou","rating":null,"private":0,"password":null}
</script>

<script defer src="js/replays.js?9d40a366"></script>
