<!DOCTYPE html>
<meta charset="utf-8" />
<meta name="viewport" content="width=device-width" />

<title>[Gen 3] OU: Lunarvania vs. knexhawk2 - Replays - Pok&eacute;mon Showdown!</title>

<meta name="description" content="Watch a replay of a Pok&eacute;mon battle between Lunarvania and knexhawk2! Format: [Gen 3] OU; Date: Oct 4, 2024" />
<!--

Hey, you! Looking in the source for the replay log?

You can find them in JSON format, just add `.json` at the end of a replay URL.

https://replay.pokemonshowdown.com/gen7randomdoublesbattle-865046831.json

Or, if you only need the log itself, add `.log` instead:

https://replay.pokemonshowdown.com/gen7randomdoublesbattle-865046831.log

-->

<link rel="stylesheet" href="//pokemonshowdown.com/style/global.css?0.023195364461161105" />
<link rel="stylesheet" href="//play.pokemonshowdown.com/style/font-awesome.css?0.13261647063804238" />
<link rel="stylesheet" href="//play.pokemonshowdown.com/style/battle.css?0.8753245789963631" />
<link rel="stylesheet" href="//play.pokemonshowdown.com/style/utilichart.css?0.8627959624976733" />

<!-- Global site tag (gtag.js) - Google Analytics -->
<script async src="https://www.googletagmanager.com/gtag/js?id=UA-26211653-1"></script>
<script>
  window.dataLayer = window.dataLayer || [];
  function gtag(){dataLayer.push(arguments);}
  gtag('js', new Date());

  gtag('config', 'UA-26211653-1');
</script>
<!-- End Google Analytics -->
<!-- Venatus Ad Manager - Install in <HEAD> of page -->
	<script src="https://hb.vntsm.com/v3/live/ad-manager.min.js" type="text/javascript" data-site-id="642aba63ec9a7b11c3c9c1be" data-mode="scan" async></script>
<!-- / Venatus Ad Manager -->

<style>
	@media (max-width:820px) {
		.battle {
			margin: 0 auto;
		}
		.battle-log {
			margin: 7px auto 0;
			max-width: 640px;
			height: 300px;
			position: static;
		}
	}
	.optgroup {
		display: inline-block;
		line-height: 22px;
		font-size: 10pt;
	}
	.optgroup .button {
		height: 25px;
		padding-top: 0;
		padding-bottom: 0;
	}
	.optgroup button.button {
		padding-left: 12px;
		padding-right: 12px;
	}
	.linklist {
		list-style: none;
		margin: 0.5em 0;
		padding: 0;
	}
	.linklist li {
		padding: 2px 0;
	}
	.sidebar {
		float: left;
		width: 320px;
	}
	.bar-wrapper {
		max-width: 1100px;
		margin: 0 auto;
	}
	.bar-wrapper.has-sidebar {
		max-width: 1430px;
	}
	.mainbar {
		margin: 0;
		padding-right: 1px;
	}
	.mainbar.has-sidebar {
		margin-left: 330px;
	}
	@media (min-width: 1511px) {
		.sidebar {
			width: 400px;
		}
		.bar-wrapper.has-sidebar {
			max-width: 1510px;
		}
		.mainbar.has-sidebar {
			margin-left: 410px;
		}
	}
	.section.first-section {
		margin-top: 9px;
	}
	.blocklink small {
		white-space: normal;
	}
	.button {
		vertical-align: middle;
	}
	.replay-controls {
		padding-top: 10px;
	}
	.replay-controls h1 {
		font-size: 16pt;
		font-weight: normal;
		color: #CCC;
	}
	.pagelink {
		text-align: center;
	}
	.pagelink a {
		width: 150px;
	}
	.textbox, .button {
		font-size: 11pt;
		vertical-align: middle;
	}
	@media (max-width: 450px) {
		.button {
			font-size: 9pt;
		}
	}
</style>

<div>

	<header>
		<div class="nav-wrapper"><ul class="nav">
			<li><a class="button nav-first" href="//pokemonshowdown.com/"><img src="//pokemonshowdown.com/images/pokemonshowdownbeta.png" srcset="//pokemonshowdown.com/images/pokemonshowdownbeta.png 1x, //pokemonshowdown.com/images/pokemonshowdownbeta@2x.png 2x" alt="Pok&eacute;mon Showdown" width="146" height="44" /> Home</a></li>
			<li><a class="button" href="//pokemonshowdown.com/dex/">Pok&eacute;dex</a></li>
			<li><a class="button cur" href="/">Replays</a></li>
			<li><a class="button" href="//pokemonshowdown.com/ladder/">Ladder</a></li>
			<li><a class="button nav-last" href="//pokemonshowdown.com/forums/">Forum</a></li>
			<li><a class="button greenbutton nav-first nav-last" href="//play.pokemonshowdown.com/">Play</a></li>
		</ul></div>
	</header>

	<div class="main" id="main">

		<noscript><section class="section">You need to enable JavaScript to use this page; sorry!</section></noscript>

	</div>

</div>

<script defer nomodule src="//play.pokemonshowdown.com/js/lib/ps-polyfill.js"></script>
<script defer src="//play.pokemonshowdown.com/js/lib/preact.min.js"></script>

<script defer src="//play.pokemonshowdown.com/config/config.js?2bddbc15"></script>
<script defer src="//play.pokemonshowdown.com/js/lib/jquery-1.11.0.min.js"></script>
<script defer src="//play.pokemonshowdown.com/js/lib/html-sanitizer-minified.js"></script>
<script defer src="//play.pokemonshowdown.com/js/battle-sound.js"></script>
<script defer src="//play.pokemonshowdown.com/js/battledata.js?0.7209276989879541"></script>
<script defer src="//play.pokemonshowdown.com/data/pokedex-mini.js?0.6111056340867951"></script>
<script defer src="//play.pokemonshowdown.com/data/pokedex-mini-bw.js?0.3532142036491459"></script>
<script defer src="//play.pokemonshowdown.com/data/graphics.js?0.24223875632456182"></script>
<script defer src="//play.pokemonshowdown.com/data/pokedex.js?0.38839984266356864"></script>
<script defer src="//play.pokemonshowdown.com/data/moves.js?0.21866028504024015"></script>
<script defer src="//play.pokemonshowdown.com/data/abilities.js?0.2005157953846628"></script>
<script defer src="//play.pokemonshowdown.com/data/items.js?0.9894211263848525"></script>
<script defer src="//play.pokemonshowdown.com/data/teambuilder-tables.js?0.6008791140282215"></script>
<script defer src="//play.pokemonshowdown.com/js/battle-tooltips.js?0.7580118955022959"></script>
<script defer src="//play.pokemonshowdown.com/js/battle.js?0.6057722274234274"></script>

<script defer src="js/utils.js?e31f9a17"></script>
<script defer src="js/replays-battle.js?7008c182"></script>

<!-- don't scrape this data! just add .json or .log after the URL!
Full API docs: https://github.com/smogon/pokemon-showdown-client/blob/master/WEB-API.md -->
<script type="text/plain" class="log" id="replaylog-smogtours-gen3ou-794600">
|inactive|Battle timer is ON: inactive players will automatically lose when time's up.
|t:|1728062085
|gametype|singles
|player|p1|Lunarvania|sage|
|player|p2|knexhawk2|benga|
|teamsize|p1|6
|teamsize|p2|6
|gen|3
|tier|[Gen 3] OU
|rule|Sleep Clause Mod: Limit one foe put to sleep
|rule|Switch Priority Clause Mod: Faster Pokémon switch first
|rule|Species Clause: Limit one of each Pokémon
|rule|OHKO Clause: OHKO moves are banned
|rule|Evasion Items Clause: Evasion items are banned
|rule|Evasion Moves Clause: Evasion moves are banned
|rule|Endless Battle Clause: Forcing endless battles is banned
|rule|HP Percentage Mod: HP is shown in percentages
|rule|One Boost Passer Clause: Limit one Baton Passer that has a way to boost its stats
|rule|Freeze Clause Mod: Limit one foe frozen
|
|t:|1728062085
|start
|switch|p1a: Zapdos|Zapdos|100/100
|switch|p2a: Metagross|Metagross|100/100
|turn|1
|
|t:|1728062101
|move|p1a: Zapdos|Baton Pass|p1a: Zapdos
|
|t:|1728062103
|switch|p1a: Skarmory|Skarmory, M|100/100|[from] Baton Pass
|move|p2a: Metagross|Rock Slide|p1a: Skarmory
|-damage|p1a: Skarmory|80/100
|
|-heal|p1a: Skarmory|86/100|[from] item: Leftovers
|upkeep
|turn|2
|
|t:|1728062108
|switch|p2a: Magneton|Magneton, shiny|100/100
|move|p1a: Skarmory|Protect||[still]
|-fail|p1a: Skarmory
|
|-heal|p1a: Skarmory|92/100|[from] item: Leftovers
|upkeep
|turn|3
|
|t:|1728062111
|move|p2a: Magneton|Thunderbolt|p1a: Skarmory
|-supereffective|p1a: Skarmory
|-damage|p1a: Skarmory|12/100
|move|p1a: Skarmory|Spikes|p2a: Magneton
|-sidestart|p2: knexhawk2|Spikes
|
|-heal|p1a: Skarmory|18/100|[from] item: Leftovers
|upkeep
|turn|4
|
|t:|1728062122
|move|p2a: Magneton|Thunderbolt|p1a: Skarmory
|-supereffective|p1a: Skarmory
|-damage|p1a: Skarmory|0 fnt
|faint|p1a: Skarmory
|
|t:|1728062139
|switch|p1a: Tyranitar|Tyranitar, M|100/100
|-weather|Sandstorm|[from] ability: Sand Stream|[of] p1a: Tyranitar
|
|-weather|Sandstorm|[upkeep]
|upkeep
|turn|5
|
|t:|1728062145
|switch|p2a: Donphan|Donphan, M|100/100
|-damage|p2a: Donphan|88/100|[from] Spikes
|move|p1a: Tyranitar|Earthquake|p2a: Donphan
|-damage|p2a: Donphan|61/100
|
|-weather|Sandstorm|[upkeep]
|-heal|p2a: Donphan|67/100|[from] item: Leftovers
|upkeep
|turn|6
|
|t:|1728062163
|switch|p1a: Zapdos|Zapdos|100/100
|move|p2a: Donphan|Rapid Spin|p1a: Zapdos
|-damage|p1a: Zapdos|93/100
|-sideend|p2: knexhawk2|Spikes|[from] move: Rapid Spin|[of] p2a: Donphan
|
|-weather|Sandstorm|[upkeep]
|-damage|p1a: Zapdos|87/100|[from] Sandstorm
|-heal|p1a: Zapdos|93/100|[from] item: Leftovers
|-heal|p2a: Donphan|73/100|[from] item: Leftovers
|upkeep
|turn|7
|
|t:|1728062168
|move|p2a: Donphan|Protect|p2a: Donphan
|-singleturn|p2a: Donphan|Protect
|move|p1a: Zapdos|Hidden Power|p2a: Donphan
|-activate|p2a: Donphan|Protect
|
|-weather|Sandstorm|[upkeep]
|-damage|p1a: Zapdos|87/100|[from] Sandstorm
|-heal|p1a: Zapdos|93/100|[from] item: Leftovers
|-heal|p2a: Donphan|79/100|[from] item: Leftovers
|upkeep
|turn|8
|
|t:|1728062172
|switch|p2a: Celebi|Celebi|100/100
|move|p1a: Zapdos|Thunder Wave|p2a: Celebi
|-status|p2a: Celebi|par
|
|-weather|Sandstorm|[upkeep]
|-damage|p1a: Zapdos|87/100|[from] Sandstorm
|-damage|p2a: Celebi|94/100 par|[from] Sandstorm
|-heal|p1a: Zapdos|93/100|[from] item: Leftovers
|-heal|p2a: Celebi|100/100 par|[from] item: Leftovers
|upkeep
|turn|9
|
|t:|1728062180
|move|p1a: Zapdos|Baton Pass|p1a: Zapdos
|
|t:|1728062181
|switch|p1a: Metagross|Metagross|100/100|[from] Baton Pass
|move|p2a: Celebi|Leech Seed|p1a: Metagross
|-start|p1a: Metagross|move: Leech Seed
|
|-weather|Sandstorm|[upkeep]
|-damage|p2a: Celebi|94/100 par|[from] Sandstorm
|-damage|p1a: Metagross|88/100|[from] Leech Seed|[of] p2a: Celebi
|-heal|p2a: Celebi|100/100 par|[silent]
|upkeep
|turn|10
|
|t:|1728062188
|-curestatus|p2a: Celebi|par|[from] ability: Natural Cure
|switch|p2a: Gyarados|Gyarados, F|100/100
|-ability|p2a: Gyarados|Intimidate|boost
|-fail|p1a: Metagross|unboost|[from] ability: Clear Body|[of] p1a: Metagross
|move|p1a: Metagross|Explosion|p2a: Gyarados
|-damage|p2a: Gyarados|0 fnt
|faint|p1a: Metagross
|faint|p2a: Gyarados
|
|t:|1728062198
|switch|p2a: Magneton|Magneton, shiny|100/100
|switch|p1a: Zapdos|Zapdos|93/100
|
|-weather|Sandstorm|[upkeep]
|-damage|p1a: Zapdos|87/100|[from] Sandstorm
|-heal|p1a: Zapdos|93/100|[from] item: Leftovers
|upkeep
|turn|11
|
|t:|1728062203
|move|p1a: Zapdos|Thunderbolt|p2a: Magneton
|-resisted|p2a: Magneton
|-damage|p2a: Magneton|63/100
|move|p2a: Magneton|Toxic|p1a: Zapdos
|-status|p1a: Zapdos|tox
|
|-weather|Sandstorm|[upkeep]
|-damage|p1a: Zapdos|87/100 tox|[from] Sandstorm
|-heal|p1a: Zapdos|93/100 tox|[from] item: Leftovers
|-damage|p1a: Zapdos|87/100 tox|[from] psn
|-heal|p2a: Magneton|69/100|[from] item: Leftovers
|upkeep
|turn|12
|
|t:|1728062213
|switch|p1a: Blissey|Blissey, F|100/100
|move|p2a: Magneton|Thunderbolt|p1a: Blissey
|-damage|p1a: Blissey|83/100
|-status|p1a: Blissey|par
|
|-weather|Sandstorm|[upkeep]
|-damage|p1a: Blissey|76/100 par|[from] Sandstorm
|-heal|p2a: Magneton|75/100|[from] item: Leftovers
|-heal|p1a: Blissey|83/100 par|[from] item: Leftovers
|upkeep
|turn|13
|
|t:|1728062219
|move|p2a: Magneton|Protect|p2a: Magneton
|-singleturn|p2a: Magneton|Protect
|move|p1a: Blissey|Seismic Toss|p2a: Magneton
|-activate|p2a: Magneton|Protect
|
|-weather|Sandstorm|[upkeep]
|-damage|p1a: Blissey|76/100 par|[from] Sandstorm
|-heal|p2a: Magneton|81/100|[from] item: Leftovers
|-heal|p1a: Blissey|83/100 par|[from] item: Leftovers
|upkeep
|turn|14
|
|t:|1728062221
|switch|p2a: Metagross|Metagross|100/100
|move|p1a: Blissey|Seismic Toss|p2a: Metagross
|-damage|p2a: Metagross|73/100
|
|-weather|Sandstorm|[upkeep]
|-damage|p1a: Blissey|76/100 par|[from] Sandstorm
|-heal|p2a: Metagross|79/100|[from] item: Leftovers
|-heal|p1a: Blissey|83/100 par|[from] item: Leftovers
|upkeep
|turn|15
|
|t:|1728062231
|-curestatus|p1a: Blissey|par|[from] ability: Natural Cure
|switch|p1a: Swampert|Swampert, F|100/100
|move|p2a: Metagross|Meteor Mash|p1a: Swampert
|-resisted|p1a: Swampert
|-damage|p1a: Swampert|80/100
|
|-weather|Sandstorm|[upkeep]
|-heal|p2a: Metagross|85/100|[from] item: Leftovers
|-heal|p1a: Swampert|87/100|[from] item: Leftovers
|upkeep
|turn|16
|
|t:|1728062239
|switch|p2a: Celebi|Celebi|100/100
|move|p1a: Swampert|Ice Beam|p2a: Celebi
|-supereffective|p2a: Celebi
|-damage|p2a: Celebi|74/100
|
|-weather|Sandstorm|[upkeep]
|-damage|p2a: Celebi|68/100|[from] Sandstorm
|-heal|p2a: Celebi|74/100|[from] item: Leftovers
|-heal|p1a: Swampert|93/100|[from] item: Leftovers
|upkeep
|turn|17
|
|t:|1728062249
|switch|p1a: Tyranitar|Tyranitar, M|100/100
|move|p2a: Celebi|Leech Seed|p1a: Tyranitar
|-start|p1a: Tyranitar|move: Leech Seed
|
|-weather|Sandstorm|[upkeep]
|-damage|p2a: Celebi|68/100|[from] Sandstorm
|-heal|p2a: Celebi|74/100|[from] item: Leftovers
|-damage|p1a: Tyranitar|88/100|[from] Leech Seed|[of] p2a: Celebi
|-heal|p2a: Celebi|87/100|[silent]
|upkeep
|turn|18
|
|t:|1728062253
|-singleturn|p1a: Tyranitar|move: Focus Punch
|switch|p2a: Donphan|Donphan, M|79/100
|move|p1a: Tyranitar|Focus Punch|p2a: Donphan
|-damage|p2a: Donphan|37/100
|
|-weather|Sandstorm|[upkeep]
|-heal|p1a: Tyranitar|94/100|[from] item: Leftovers
|-damage|p1a: Tyranitar|82/100|[from] Leech Seed|[of] p2a: Donphan
|-heal|p2a: Donphan|50/100|[silent]
|-heal|p2a: Donphan|56/100|[from] item: Leftovers
|upkeep
|turn|19
|
|t:|1728062263
|switch|p1a: Swampert|Swampert, F|93/100
|move|p2a: Donphan|Earthquake|p1a: Swampert
|-damage|p1a: Swampert|66/100
|
|-weather|Sandstorm|[upkeep]
|-heal|p2a: Donphan|62/100|[from] item: Leftovers
|-heal|p1a: Swampert|72/100|[from] item: Leftovers
|upkeep
|turn|20
|
|t:|1728062269
|move|p2a: Donphan|Protect|p2a: Donphan
|-singleturn|p2a: Donphan|Protect
|move|p1a: Swampert|Ice Beam|p2a: Donphan
|-activate|p2a: Donphan|Protect
|
|-weather|Sandstorm|[upkeep]
|-heal|p2a: Donphan|68/100|[from] item: Leftovers
|-heal|p1a: Swampert|78/100|[from] item: Leftovers
|upkeep
|turn|21
|
|t:|1728062272
|switch|p2a: Magneton|Magneton, shiny|81/100
|move|p1a: Swampert|Hydro Pump|p2a: Magneton
|-damage|p2a: Magneton|24/100
|
|-weather|Sandstorm|[upkeep]
|-heal|p2a: Magneton|30/100|[from] item: Leftovers
|-heal|p1a: Swampert|84/100|[from] item: Leftovers
|upkeep
|turn|22
|
|t:|1728062281
|switch|p1a: Zapdos|Zapdos|87/100 tox
|move|p2a: Magneton|Toxic|p1a: Zapdos
|-fail|p1a: Zapdos|tox
|
|-weather|Sandstorm|[upkeep]
|-damage|p1a: Zapdos|81/100 tox|[from] Sandstorm
|-heal|p1a: Zapdos|87/100 tox|[from] item: Leftovers
|-damage|p1a: Zapdos|81/100 tox|[from] psn
|-heal|p2a: Magneton|36/100|[from] item: Leftovers
|upkeep
|turn|23
|
|t:|1728062290
|move|p2a: Magneton|Protect|p2a: Magneton
|-singleturn|p2a: Magneton|Protect
|move|p1a: Zapdos|Thunderbolt|p2a: Magneton
|-activate|p2a: Magneton|Protect
|
|-weather|Sandstorm|[upkeep]
|-damage|p1a: Zapdos|75/100 tox|[from] Sandstorm
|-heal|p1a: Zapdos|81/100 tox|[from] item: Leftovers
|-damage|p1a: Zapdos|69/100 tox|[from] psn
|-heal|p2a: Magneton|42/100|[from] item: Leftovers
|upkeep
|turn|24
|
|t:|1728062295
|move|p1a: Zapdos|Thunderbolt|p2a: Magneton
|-resisted|p2a: Magneton
|-damage|p2a: Magneton|1/100
|move|p2a: Magneton|Toxic|p1a: Zapdos
|-fail|p1a: Zapdos|tox
|
|-weather|Sandstorm|[upkeep]
|-damage|p1a: Zapdos|62/100 tox|[from] Sandstorm
|-heal|p1a: Zapdos|69/100 tox|[from] item: Leftovers
|-damage|p1a: Zapdos|50/100 tox|[from] psn
|-heal|p2a: Magneton|7/100|[from] item: Leftovers
|upkeep
|turn|25
|
|t:|1728062299
|switch|p1a: Blissey|Blissey, F|83/100
|move|p2a: Magneton|Protect||[still]
|-fail|p2a: Magneton
|
|-weather|Sandstorm|[upkeep]
|-damage|p1a: Blissey|76/100|[from] Sandstorm
|-heal|p2a: Magneton|13/100|[from] item: Leftovers
|-heal|p1a: Blissey|83/100|[from] item: Leftovers
|upkeep
|turn|26
|
|t:|1728062304
|move|p2a: Magneton|Protect|p2a: Magneton
|-singleturn|p2a: Magneton|Protect
|move|p1a: Blissey|Seismic Toss|p2a: Magneton
|-activate|p2a: Magneton|Protect
|
|-weather|Sandstorm|[upkeep]
|-damage|p1a: Blissey|76/100|[from] Sandstorm
|-heal|p2a: Magneton|19/100|[from] item: Leftovers
|-heal|p1a: Blissey|83/100|[from] item: Leftovers
|upkeep
|turn|27
|
|t:|1728062306
|switch|p2a: Umbreon|Umbreon, M, shiny|100/100
|move|p1a: Blissey|Seismic Toss|p2a: Umbreon
|-damage|p2a: Umbreon|75/100
|
|-weather|Sandstorm|[upkeep]
|-damage|p2a: Umbreon|69/100|[from] Sandstorm
|-damage|p1a: Blissey|76/100|[from] Sandstorm
|-heal|p2a: Umbreon|75/100|[from] item: Leftovers
|-heal|p1a: Blissey|83/100|[from] item: Leftovers
|upkeep
|turn|28
|
|t:|1728062313
|move|p2a: Umbreon|Wish|p2a: Umbreon
|move|p1a: Blissey|Thunder Wave|p2a: Umbreon
|-status|p2a: Umbreon|par
|-status|p1a: Blissey|par|[from] ability: Synchronize|[of] p2a: Umbreon
|
|-weather|Sandstorm|[upkeep]
|-damage|p2a: Umbreon|69/100 par|[from] Sandstorm
|-damage|p1a: Blissey|76/100 par|[from] Sandstorm
|-heal|p2a: Umbreon|75/100 par|[from] item: Leftovers
|-heal|p1a: Blissey|83/100 par|[from] item: Leftovers
|upkeep
|turn|29
|
|t:|1728062318
|switch|p2a: Metagross|Metagross|85/100
|-curestatus|p1a: Blissey|par|[from] ability: Natural Cure
|switch|p1a: Zapdos|Zapdos|50/100 tox
|
|-heal|p2a: Metagross|100/100|[from] move: Wish|[wisher] Umbreon
|-weather|Sandstorm|[upkeep]
|-damage|p1a: Zapdos|44/100 tox|[from] Sandstorm
|-heal|p1a: Zapdos|50/100 tox|[from] item: Leftovers
|-damage|p1a: Zapdos|44/100 tox|[from] psn
|upkeep
|turn|30
|
|t:|1728062322
|switch|p2a: Celebi|Celebi|87/100
|move|p1a: Zapdos|Thunder Wave|p2a: Celebi
|-status|p2a: Celebi|par
|
|-weather|Sandstorm|[upkeep]
|-damage|p1a: Zapdos|37/100 tox|[from] Sandstorm
|-damage|p2a: Celebi|81/100 par|[from] Sandstorm
|-heal|p1a: Zapdos|44/100 tox|[from] item: Leftovers
|-damage|p1a: Zapdos|31/100 tox|[from] psn
|-heal|p2a: Celebi|87/100 par|[from] item: Leftovers
|upkeep
|turn|31
|
|t:|1728062325
|-curestatus|p2a: Celebi|par|[from] ability: Natural Cure
|switch|p2a: Umbreon|Umbreon, M, shiny|75/100 par
|move|p1a: Zapdos|Baton Pass|p1a: Zapdos
|
|t:|1728062330
|switch|p1a: Tyranitar|Tyranitar, M|82/100|[from] Baton Pass
|
|-weather|Sandstorm|[upkeep]
|-damage|p2a: Umbreon|69/100 par|[from] Sandstorm
|-heal|p1a: Tyranitar|88/100|[from] item: Leftovers
|-heal|p2a: Umbreon|75/100 par|[from] item: Leftovers
|upkeep
|turn|32
|
|t:|1728062333
|-singleturn|p1a: Tyranitar|move: Focus Punch
|switch|p2a: Donphan|Donphan, M|68/100
|move|p1a: Tyranitar|Focus Punch|p2a: Donphan
|-damage|p2a: Donphan|29/100
|
|-weather|Sandstorm|[upkeep]
|-heal|p1a: Tyranitar|94/100|[from] item: Leftovers
|-heal|p2a: Donphan|35/100|[from] item: Leftovers
|upkeep
|turn|33
|
|t:|1728062348
|switch|p1a: Zapdos|Zapdos|31/100 tox
|move|p2a: Donphan|Toxic|p1a: Zapdos
|-fail|p1a: Zapdos|tox
|
|-weather|Sandstorm|[upkeep]
|-damage|p1a: Zapdos|25/100 tox|[from] Sandstorm
|-heal|p1a: Zapdos|31/100 tox|[from] item: Leftovers
|-damage|p1a: Zapdos|25/100 tox|[from] psn
|-heal|p2a: Donphan|41/100|[from] item: Leftovers
|upkeep
|turn|34
|
|t:|1728062354
|move|p2a: Donphan|Protect|p2a: Donphan
|-singleturn|p2a: Donphan|Protect
|move|p1a: Zapdos|Baton Pass|p1a: Zapdos
|
|t:|1728062357
|switch|p1a: Swampert|Swampert, F|84/100|[from] Baton Pass
|
|-weather|Sandstorm|[upkeep]
|-heal|p2a: Donphan|47/100|[from] item: Leftovers
|-heal|p1a: Swampert|91/100|[from] item: Leftovers
|upkeep
|turn|35
|
|t:|1728062361
|switch|p2a: Celebi|Celebi|87/100
|move|p1a: Swampert|Ice Beam|p2a: Celebi
|-supereffective|p2a: Celebi
|-damage|p2a: Celebi|58/100
|
|-weather|Sandstorm|[upkeep]
|-damage|p2a: Celebi|51/100|[from] Sandstorm
|-heal|p2a: Celebi|58/100|[from] item: Leftovers
|-heal|p1a: Swampert|97/100|[from] item: Leftovers
|upkeep
|turn|36
|
|t:|1728062366
|switch|p1a: Tyranitar|Tyranitar, M|94/100
|move|p2a: Celebi|Recover|p2a: Celebi
|-heal|p2a: Celebi|100/100
|
|-weather|Sandstorm|[upkeep]
|-damage|p2a: Celebi|94/100|[from] Sandstorm
|-heal|p2a: Celebi|100/100|[from] item: Leftovers
|-heal|p1a: Tyranitar|100/100|[from] item: Leftovers
|upkeep
|turn|37
|
|t:|1728062372
|switch|p2a: Umbreon|Umbreon, M, shiny|75/100 par
|move|p1a: Tyranitar|Hidden Power|p2a: Umbreon
|-supereffective|p2a: Umbreon
|-damage|p2a: Umbreon|30/100 par
|
|-weather|Sandstorm|[upkeep]
|-damage|p2a: Umbreon|24/100 par|[from] Sandstorm
|-heal|p2a: Umbreon|30/100 par|[from] item: Leftovers
|upkeep
|turn|38
|
|t:|1728062377
|switch|p2a: Magneton|Magneton, shiny|19/100
|move|p1a: Tyranitar|Hidden Power|p2a: Magneton
|-resisted|p2a: Magneton
|-damage|p2a: Magneton|3/100
|
|-weather|Sandstorm|[upkeep]
|-heal|p2a: Magneton|9/100|[from] item: Leftovers
|upkeep
|turn|39
|
|t:|1728062382
|switch|p1a: Blissey|Blissey, F|83/100
|move|p2a: Magneton|Toxic|p1a: Blissey
|-status|p1a: Blissey|tox
|
|-weather|Sandstorm|[upkeep]
|-damage|p1a: Blissey|76/100 tox|[from] Sandstorm
|-heal|p2a: Magneton|15/100|[from] item: Leftovers
|-heal|p1a: Blissey|83/100 tox|[from] item: Leftovers
|-damage|p1a: Blissey|76/100 tox|[from] psn
|upkeep
|turn|40
|
|t:|1728062387
|move|p2a: Magneton|Protect|p2a: Magneton
|-singleturn|p2a: Magneton|Protect
|move|p1a: Blissey|Thunder Wave|p2a: Magneton
|-activate|p2a: Magneton|Protect
|
|-weather|Sandstorm|[upkeep]
|-damage|p1a: Blissey|70/100 tox|[from] Sandstorm
|-heal|p2a: Magneton|21/100|[from] item: Leftovers
|-heal|p1a: Blissey|76/100 tox|[from] item: Leftovers
|-damage|p1a: Blissey|64/100 tox|[from] psn
|upkeep
|turn|41
|
|t:|1728062391
|switch|p2a: Celebi|Celebi|100/100
|move|p1a: Blissey|Seismic Toss|p2a: Celebi
|-damage|p2a: Celebi|76/100
|
|-weather|Sandstorm|[upkeep]
|-damage|p2a: Celebi|69/100|[from] Sandstorm
|-damage|p1a: Blissey|58/100 tox|[from] Sandstorm
|-heal|p2a: Celebi|76/100|[from] item: Leftovers
|-heal|p1a: Blissey|64/100 tox|[from] item: Leftovers
|-damage|p1a: Blissey|45/100 tox|[from] psn
|upkeep
|turn|42
|
|t:|1728062393
|move|p2a: Celebi|Leech Seed|p1a: Blissey
|-start|p1a: Blissey|move: Leech Seed
|move|p1a: Blissey|Soft-Boiled|p1a: Blissey
|-heal|p1a: Blissey|95/100 tox
|
|-weather|Sandstorm|[upkeep]
|-damage|p2a: Celebi|69/100|[from] Sandstorm
|-damage|p1a: Blissey|89/100 tox|[from] Sandstorm
|-heal|p2a: Celebi|76/100|[from] item: Leftovers
|-heal|p1a: Blissey|95/100 tox|[from] item: Leftovers
|-damage|p1a: Blissey|83/100 tox|[from] Leech Seed|[of] p2a: Celebi
|-heal|p2a: Celebi|96/100|[silent]
|-damage|p1a: Blissey|58/100 tox|[from] psn
|upkeep
|turn|43
|
|t:|1728062396
|-curestatus|p1a: Blissey|tox|[from] ability: Natural Cure
|switch|p1a: Tyranitar|Tyranitar, M|100/100
|move|p2a: Celebi|Leech Seed|p1a: Tyranitar
|-start|p1a: Tyranitar|move: Leech Seed
|
|-weather|Sandstorm|[upkeep]
|-damage|p2a: Celebi|90/100|[from] Sandstorm
|-heal|p2a: Celebi|96/100|[from] item: Leftovers
|-damage|p1a: Tyranitar|88/100|[from] Leech Seed|[of] p2a: Celebi
|-heal|p2a: Celebi|100/100|[silent]
|upkeep
|turn|44
|
|t:|1728062404
|switch|p2a: Metagross|Metagross|100/100
|move|p1a: Tyranitar|Hidden Power|p2a: Metagross
|-damage|p2a: Metagross|81/100
|
|-weather|Sandstorm|[upkeep]
|-heal|p2a: Metagross|87/100|[from] item: Leftovers
|-heal|p1a: Tyranitar|94/100|[from] item: Leftovers
|-damage|p1a: Tyranitar|82/100|[from] Leech Seed|[of] p2a: Metagross
|-heal|p2a: Metagross|100/100|[silent]
|upkeep
|turn|45
|
|t:|1728062410
|switch|p2a: Celebi|Celebi|100/100
|switch|p1a: Zapdos|Zapdos|25/100 tox
|
|-weather|Sandstorm|[upkeep]
|-damage|p1a: Zapdos|19/100 tox|[from] Sandstorm
|-damage|p2a: Celebi|94/100|[from] Sandstorm
|-heal|p1a: Zapdos|25/100 tox|[from] item: Leftovers
|-damage|p1a: Zapdos|19/100 tox|[from] psn
|-heal|p2a: Celebi|100/100|[from] item: Leftovers
|upkeep
|turn|46
|
|t:|1728062418
|move|p1a: Zapdos|Thunder Wave|p2a: Celebi
|-status|p2a: Celebi|par
|cant|p2a: Celebi|par
|
|-weather|Sandstorm|[upkeep]
|-damage|p1a: Zapdos|13/100 tox|[from] Sandstorm
|-damage|p2a: Celebi|94/100 par|[from] Sandstorm
|-heal|p1a: Zapdos|19/100 tox|[from] item: Leftovers
|-damage|p1a: Zapdos|6/100 tox|[from] psn
|-heal|p2a: Celebi|100/100 par|[from] item: Leftovers
|upkeep
|turn|47
|
|t:|1728062428
|move|p1a: Zapdos|Baton Pass|p1a: Zapdos
|
|t:|1728062430
|switch|p1a: Tyranitar|Tyranitar, M|82/100|[from] Baton Pass
|move|p2a: Celebi|Leech Seed|p1a: Tyranitar
|-start|p1a: Tyranitar|move: Leech Seed
|
|-weather|Sandstorm|[upkeep]
|-damage|p2a: Celebi|94/100 par|[from] Sandstorm
|-heal|p1a: Tyranitar|88/100|[from] item: Leftovers
|-damage|p1a: Tyranitar|76/100|[from] Leech Seed|[of] p2a: Celebi
|-heal|p2a: Celebi|100/100 par|[silent]
|upkeep
|turn|48
|
|t:|1728062434
|-curestatus|p2a: Celebi|par|[from] ability: Natural Cure
|switch|p2a: Donphan|Donphan, M|47/100
|move|p1a: Tyranitar|Earthquake|p2a: Donphan
|-damage|p2a: Donphan|21/100
|
|-weather|Sandstorm|[upkeep]
|-heal|p1a: Tyranitar|82/100|[from] item: Leftovers
|-damage|p1a: Tyranitar|70/100|[from] Leech Seed|[of] p2a: Donphan
|-heal|p2a: Donphan|34/100|[silent]
|-heal|p2a: Donphan|40/100|[from] item: Leftovers
|upkeep
|turn|49
|
|t:|1728062439
|switch|p1a: Zapdos|Zapdos|6/100 tox
|move|p2a: Donphan|Toxic|p1a: Zapdos
|-fail|p1a: Zapdos|tox
|
|-weather|Sandstorm|[upkeep]
|-damage|p1a: Zapdos|0 fnt|[from] Sandstorm
|faint|p1a: Zapdos
|-heal|p2a: Donphan|46/100|[from] item: Leftovers
|upkeep
|
|t:|1728062443
|switch|p1a: Swampert|Swampert, F|97/100
|turn|50
|
|t:|1728062450
|move|p2a: Donphan|Protect|p2a: Donphan
|-singleturn|p2a: Donphan|Protect
|move|p1a: Swampert|Ice Beam|p2a: Donphan
|-activate|p2a: Donphan|Protect
|
|-weather|Sandstorm|[upkeep]
|-heal|p2a: Donphan|52/100|[from] item: Leftovers
|-heal|p1a: Swampert|100/100|[from] item: Leftovers
|upkeep
|turn|51
|
|t:|1728062453
|switch|p2a: Celebi|Celebi|100/100
|move|p1a: Swampert|Hydro Pump|p2a: Celebi
|-resisted|p2a: Celebi
|-damage|p2a: Celebi|87/100
|
|-weather|Sandstorm|[upkeep]
|-damage|p2a: Celebi|81/100|[from] Sandstorm
|-heal|p2a: Celebi|87/100|[from] item: Leftovers
|upkeep
|turn|52
|
|t:|1728062460
|switch|p1a: Tyranitar|Tyranitar, M|70/100
|move|p2a: Celebi|Hidden Power|p1a: Tyranitar
|-supereffective|p1a: Tyranitar
|-damage|p1a: Tyranitar|25/100
|
|-weather|Sandstorm|[upkeep]
|-damage|p2a: Celebi|81/100|[from] Sandstorm
|-heal|p2a: Celebi|87/100|[from] item: Leftovers
|-heal|p1a: Tyranitar|31/100|[from] item: Leftovers
|upkeep
|turn|53
|
|t:|1728062462
|move|p2a: Celebi|Hidden Power|p1a: Tyranitar
|-supereffective|p1a: Tyranitar
|-damage|p1a: Tyranitar|0 fnt
|faint|p1a: Tyranitar
|
|t:|1728062466
|switch|p1a: Blissey|Blissey, F|58/100
|
|-weather|Sandstorm|[upkeep]
|-damage|p2a: Celebi|81/100|[from] Sandstorm
|-damage|p1a: Blissey|52/100|[from] Sandstorm
|-heal|p2a: Celebi|87/100|[from] item: Leftovers
|-heal|p1a: Blissey|58/100|[from] item: Leftovers
|upkeep
|turn|54
|
|t:|1728062470
|move|p2a: Celebi|Leech Seed|p1a: Blissey
|-start|p1a: Blissey|move: Leech Seed
|move|p1a: Blissey|Thunder Wave|p2a: Celebi
|-status|p2a: Celebi|par
|
|-weather|Sandstorm|[upkeep]
|-damage|p1a: Blissey|52/100|[from] Sandstorm
|-damage|p2a: Celebi|81/100 par|[from] Sandstorm
|-heal|p1a: Blissey|58/100|[from] item: Leftovers
|-damage|p1a: Blissey|46/100|[from] Leech Seed|[of] p2a: Celebi
|-heal|p2a: Celebi|100/100 par|[silent]
|upkeep
|turn|55
|
|t:|1728062474
|-curestatus|p2a: Celebi|par|[from] ability: Natural Cure
|switch|p2a: Metagross|Metagross|100/100
|move|p1a: Blissey|Soft-Boiled|p1a: Blissey
|-heal|p1a: Blissey|96/100
|
|-weather|Sandstorm|[upkeep]
|-damage|p1a: Blissey|90/100|[from] Sandstorm
|-heal|p1a: Blissey|96/100|[from] item: Leftovers
|-damage|p1a: Blissey|83/100|[from] Leech Seed|[of] p2a: Metagross
|upkeep
|turn|56
|
|t:|1728062478
|switch|p1a: Swampert|Swampert, F|100/100
|move|p2a: Metagross|Meteor Mash|p1a: Swampert
|-resisted|p1a: Swampert
|-damage|p1a: Swampert|83/100
|
|-weather|Sandstorm|[upkeep]
|-heal|p1a: Swampert|89/100|[from] item: Leftovers
|upkeep
|turn|57
|
|t:|1728062486
|switch|p2a: Celebi|Celebi|100/100
|move|p1a: Swampert|Ice Beam|p2a: Celebi
|-supereffective|p2a: Celebi
|-damage|p2a: Celebi|71/100
|-status|p2a: Celebi|frz
|
|-weather|Sandstorm|[upkeep]
|-damage|p2a: Celebi|65/100 frz|[from] Sandstorm
|-heal|p2a: Celebi|71/100 frz|[from] item: Leftovers
|-heal|p1a: Swampert|96/100|[from] item: Leftovers
|upkeep
|turn|58
|
|t:|1728062490
|-curestatus|p2a: Celebi|frz|[from] ability: Natural Cure
|switch|p2a: Umbreon|Umbreon, M, shiny|30/100 par
|move|p1a: Swampert|Ice Beam|p2a: Umbreon
|-damage|p2a: Umbreon|18/100 par
|
|-weather|Sandstorm|[upkeep]
|-damage|p2a: Umbreon|12/100 par|[from] Sandstorm
|-heal|p1a: Swampert|100/100|[from] item: Leftovers
|-heal|p2a: Umbreon|18/100 par|[from] item: Leftovers
|upkeep
|turn|59
|
|t:|1728062496
|switch|p2a: Celebi|Celebi|71/100
|move|p1a: Swampert|Earthquake|p2a: Celebi
|-resisted|p2a: Celebi
|-damage|p2a: Celebi|56/100
|
|-weather|Sandstorm|[upkeep]
|-damage|p2a: Celebi|50/100|[from] Sandstorm
|-heal|p2a: Celebi|56/100|[from] item: Leftovers
|upkeep
|turn|60
|
|t:|1728062498
|move|p2a: Celebi|Recover|p2a: Celebi
|-heal|p2a: Celebi|100/100
|move|p1a: Swampert|Ice Beam|p2a: Celebi
|-supereffective|p2a: Celebi
|-damage|p2a: Celebi|73/100
|
|-weather|Sandstorm|[upkeep]
|-damage|p2a: Celebi|67/100|[from] Sandstorm
|-heal|p2a: Celebi|73/100|[from] item: Leftovers
|upkeep
|turn|61
|
|t:|1728062501
|move|p2a: Celebi|Leech Seed|p1a: Swampert
|-start|p1a: Swampert|move: Leech Seed
|move|p1a: Swampert|Ice Beam|p2a: Celebi
|-supereffective|p2a: Celebi
|-damage|p2a: Celebi|47/100
|
|-weather|Sandstorm|[upkeep]
|-damage|p2a: Celebi|41/100|[from] Sandstorm
|-heal|p2a: Celebi|47/100|[from] item: Leftovers
|-damage|p1a: Swampert|88/100|[from] Leech Seed|[of] p2a: Celebi
|-heal|p2a: Celebi|60/100|[silent]
|upkeep
|turn|62
|
|t:|1728062504
|move|p2a: Celebi|Recover|p2a: Celebi
|-heal|p2a: Celebi|100/100
|move|p1a: Swampert|Ice Beam|p2a: Celebi
|-supereffective|p2a: Celebi
|-damage|p2a: Celebi|71/100
|
|-weather|Sandstorm|[upkeep]
|-damage|p2a: Celebi|64/100|[from] Sandstorm
|-heal|p2a: Celebi|71/100|[from] item: Leftovers
|-heal|p1a: Swampert|94/100|[from] item: Leftovers
|-damage|p1a: Swampert|82/100|[from] Leech Seed|[of] p2a: Celebi
|-heal|p2a: Celebi|83/100|[silent]
|upkeep
|turn|63
|
|t:|1728062507
|move|p2a: Celebi|Hidden Power|p1a: Swampert
|-supereffective|p1a: Swampert
|-damage|p1a: Swampert|0 fnt
|faint|p1a: Swampert
|
|t:|1728062509
|switch|p1a: Blissey|Blissey, F|83/100
|
|-weather|Sandstorm|[upkeep]
|-damage|p2a: Celebi|77/100|[from] Sandstorm
|-damage|p1a: Blissey|77/100|[from] Sandstorm
|-heal|p2a: Celebi|83/100|[from] item: Leftovers
|-heal|p1a: Blissey|83/100|[from] item: Leftovers
|upkeep
|turn|64
|
|t:|1728062511
|move|p2a: Celebi|Perish Song|p2a: Celebi
|-start|p1a: Blissey|perish3|[silent]
|-start|p2a: Celebi|perish3|[silent]
|-fieldactivate|move: Perish Song
|move|p1a: Blissey|Thunder Wave|p2a: Celebi
|-status|p2a: Celebi|par
|
|-weather|Sandstorm|[upkeep]
|-damage|p1a: Blissey|77/100|[from] Sandstorm
|-damage|p2a: Celebi|77/100 par|[from] Sandstorm
|-heal|p1a: Blissey|83/100|[from] item: Leftovers
|-heal|p2a: Celebi|83/100 par|[from] item: Leftovers
|-start|p1a: Blissey|perish3
|-start|p2a: Celebi|perish3
|upkeep
|turn|65
|
|t:|1728062515
|-curestatus|p2a: Celebi|par|[from] ability: Natural Cure
|switch|p2a: Metagross|Metagross|100/100
|move|p1a: Blissey|Ice Beam|p2a: Metagross
|-resisted|p2a: Metagross
|-damage|p2a: Metagross|89/100
|
|-weather|Sandstorm|[upkeep]
|-damage|p1a: Blissey|77/100|[from] Sandstorm
|-heal|p2a: Metagross|95/100|[from] item: Leftovers
|-heal|p1a: Blissey|83/100|[from] item: Leftovers
|-start|p1a: Blissey|perish2
|upkeep
|turn|66
|
|t:|1728062518
|move|p2a: Metagross|Explosion|p1a: Blissey
|-damage|p1a: Blissey|0 fnt
|faint|p2a: Metagross
|faint|p1a: Blissey
|
|win|knexhawk2
|c|☆Lunarvania|gg
|player|p1|

</script>
<script type="application/json" class="data" id="replaydata-smogtours-gen3ou-794600">
{"id":"smogtours-gen3ou-794600","format":"[Gen 3] OU","players":["Lunarvania","knexhawk2"],"uploadtime":1728062518,"views":113,"formatid":"gen3ou","rating":null,"private":0,"password":null}
</script>

<script defer src="js/replays.js?9d40a366"></script>
