<!DOCTYPE html>
<meta charset="utf-8" />
<meta name="viewport" content="width=device-width" />

<title>[Gen 3] OU: ThisGuyMuks vs. allce - Replays - Pok&eacute;mon Showdown!</title>

<meta name="description" content="Watch a replay of a Pok&eacute;mon battle between ThisGuyMuks and allce! Format: [Gen 3] OU; Date: Nov 8, 2024" />
<!--

Hey, you! Looking in the source for the replay log?

You can find them in JSON format, just add `.json` at the end of a replay URL.

https://replay.pokemonshowdown.com/gen7randomdoublesbattle-865046831.json

Or, if you only need the log itself, add `.log` instead:

https://replay.pokemonshowdown.com/gen7randomdoublesbattle-865046831.log

-->

<link rel="stylesheet" href="//pokemonshowdown.com/style/global.css?0.023195364461161105" />
<link rel="stylesheet" href="//play.pokemonshowdown.com/style/font-awesome.css?0.13261647063804238" />
<link rel="stylesheet" href="//play.pokemonshowdown.com/style/battle.css?0.8753245789963631" />
<link rel="stylesheet" href="//play.pokemonshowdown.com/style/utilichart.css?0.8627959624976733" />

<!-- Global site tag (gtag.js) - Google Analytics -->
<script async src="https://www.googletagmanager.com/gtag/js?id=UA-26211653-1"></script>
<script>
  window.dataLayer = window.dataLayer || [];
  function gtag(){dataLayer.push(arguments);}
  gtag('js', new Date());

  gtag('config', 'UA-26211653-1');
</script>
<!-- End Google Analytics -->
<!-- Venatus Ad Manager - Install in <HEAD> of page -->
	<script src="https://hb.vntsm.com/v3/live/ad-manager.min.js" type="text/javascript" data-site-id="642aba63ec9a7b11c3c9c1be" data-mode="scan" async></script>
<!-- / Venatus Ad Manager -->

<style>
	@media (max-width:820px) {
		.battle {
			margin: 0 auto;
		}
		.battle-log {
			margin: 7px auto 0;
			max-width: 640px;
			height: 300px;
			position: static;
		}
	}
	.optgroup {
		display: inline-block;
		line-height: 22px;
		font-size: 10pt;
	}
	.optgroup .button {
		height: 25px;
		padding-top: 0;
		padding-bottom: 0;
	}
	.optgroup button.button {
		padding-left: 12px;
		padding-right: 12px;
	}
	.linklist {
		list-style: none;
		margin: 0.5em 0;
		padding: 0;
	}
	.linklist li {
		padding: 2px 0;
	}
	.sidebar {
		float: left;
		width: 320px;
	}
	.bar-wrapper {
		max-width: 1100px;
		margin: 0 auto;
	}
	.bar-wrapper.has-sidebar {
		max-width: 1430px;
	}
	.mainbar {
		margin: 0;
		padding-right: 1px;
	}
	.mainbar.has-sidebar {
		margin-left: 330px;
	}
	@media (min-width: 1511px) {
		.sidebar {
			width: 400px;
		}
		.bar-wrapper.has-sidebar {
			max-width: 1510px;
		}
		.mainbar.has-sidebar {
			margin-left: 410px;
		}
	}
	.section.first-section {
		margin-top: 9px;
	}
	.blocklink small {
		white-space: normal;
	}
	.button {
		vertical-align: middle;
	}
	.replay-controls {
		padding-top: 10px;
	}
	.replay-controls h1 {
		font-size: 16pt;
		font-weight: normal;
		color: #CCC;
	}
	.pagelink {
		text-align: center;
	}
	.pagelink a {
		width: 150px;
	}
	.textbox, .button {
		font-size: 11pt;
		vertical-align: middle;
	}
	@media (max-width: 450px) {
		.button {
			font-size: 9pt;
		}
	}
</style>

<div>

	<header>
		<div class="nav-wrapper"><ul class="nav">
			<li><a class="button nav-first" href="//pokemonshowdown.com/"><img src="//pokemonshowdown.com/images/pokemonshowdownbeta.png" srcset="//pokemonshowdown.com/images/pokemonshowdownbeta.png 1x, //pokemonshowdown.com/images/pokemonshowdownbeta@2x.png 2x" alt="Pok&eacute;mon Showdown" width="146" height="44" /> Home</a></li>
			<li><a class="button" href="//pokemonshowdown.com/dex/">Pok&eacute;dex</a></li>
			<li><a class="button cur" href="/">Replays</a></li>
			<li><a class="button" href="//pokemonshowdown.com/ladder/">Ladder</a></li>
			<li><a class="button nav-last" href="//pokemonshowdown.com/forums/">Forum</a></li>
			<li><a class="button greenbutton nav-first nav-last" href="//play.pokemonshowdown.com/">Play</a></li>
		</ul></div>
	</header>

	<div class="main" id="main">

		<noscript><section class="section">You need to enable JavaScript to use this page; sorry!</section></noscript>

	</div>

</div>

<script defer nomodule src="//play.pokemonshowdown.com/js/lib/ps-polyfill.js"></script>
<script defer src="//play.pokemonshowdown.com/js/lib/preact.min.js"></script>

<script defer src="//play.pokemonshowdown.com/config/config.js?2bddbc15"></script>
<script defer src="//play.pokemonshowdown.com/js/lib/jquery-1.11.0.min.js"></script>
<script defer src="//play.pokemonshowdown.com/js/lib/html-sanitizer-minified.js"></script>
<script defer src="//play.pokemonshowdown.com/js/battle-sound.js"></script>
<script defer src="//play.pokemonshowdown.com/js/battledata.js?0.7209276989879541"></script>
<script defer src="//play.pokemonshowdown.com/data/pokedex-mini.js?0.6111056340867951"></script>
<script defer src="//play.pokemonshowdown.com/data/pokedex-mini-bw.js?0.3532142036491459"></script>
<script defer src="//play.pokemonshowdown.com/data/graphics.js?0.24223875632456182"></script>
<script defer src="//play.pokemonshowdown.com/data/pokedex.js?0.38839984266356864"></script>
<script defer src="//play.pokemonshowdown.com/data/moves.js?0.21866028504024015"></script>
<script defer src="//play.pokemonshowdown.com/data/abilities.js?0.2005157953846628"></script>
<script defer src="//play.pokemonshowdown.com/data/items.js?0.9894211263848525"></script>
<script defer src="//play.pokemonshowdown.com/data/teambuilder-tables.js?0.6008791140282215"></script>
<script defer src="//play.pokemonshowdown.com/js/battle-tooltips.js?0.7580118955022959"></script>
<script defer src="//play.pokemonshowdown.com/js/battle.js?0.6057722274234274"></script>

<script defer src="js/utils.js?e31f9a17"></script>
<script defer src="js/replays-battle.js?7008c182"></script>

<!-- don't scrape this data! just add .json or .log after the URL!
Full API docs: https://github.com/smogon/pokemon-showdown-client/blob/master/WEB-API.md -->
<script type="text/plain" class="log" id="replaylog-smogtours-gen3ou-805224">
|inactive|Battle timer is ON: inactive players will automatically lose when time's up.
|t:|1731076637
|gametype|singles
|player|p1|ThisGuyMuks|1|
|player|p2|allce|#uuplxsisters|
|teamsize|p1|6
|teamsize|p2|6
|gen|3
|tier|[Gen 3] OU
|rule|Sleep Clause Mod: Limit one foe put to sleep
|rule|Switch Priority Clause Mod: Faster Pokémon switch first
|rule|Species Clause: Limit one of each Pokémon
|rule|OHKO Clause: OHKO moves are banned
|rule|Evasion Items Clause: Evasion items are banned
|rule|Evasion Moves Clause: Evasion moves are banned
|rule|Endless Battle Clause: Forcing endless battles is banned
|rule|HP Percentage Mod: HP is shown in percentages
|rule|One Boost Passer Clause: Limit one Baton Passer that has a way to boost its stats
|rule|Freeze Clause Mod: Limit one foe frozen
|
|t:|1731076637
|start
|switch|p1a: Metagross|Metagross|100/100
|switch|p2a: Tyranitar|Tyranitar, M|100/100
|-weather|Sandstorm|[from] ability: Sand Stream|[of] p2a: Tyranitar
|turn|1
|c|☆allce|hf!
|c|☆allce|/log allce made the replay of this battle unlisted.
|c|+Zinnias|Lgi alice
|inactive|ThisGuyMuks has 270 seconds left.
|c|☆allce|zinnias :D 
|
|t:|1731076676
|switch|p2a: Moltres|Moltres|100/100
|move|p1a: Metagross|Meteor Mash|p2a: Moltres
|-resisted|p2a: Moltres
|-damage|p2a: Moltres|49/100
|
|-weather|Sandstorm|[upkeep]
|-damage|p2a: Moltres|43/100|[from] Sandstorm
|-heal|p2a: Moltres|49/100|[from] item: Leftovers
|upkeep
|turn|2
|
|t:|1731076697
|switch|p1a: Zapdos|Zapdos|100/100
|move|p2a: Moltres|Flamethrower|p1a: Zapdos
|-damage|p1a: Zapdos|64/100
|
|-weather|Sandstorm|[upkeep]
|-damage|p2a: Moltres|43/100|[from] Sandstorm
|-damage|p1a: Zapdos|58/100|[from] Sandstorm
|-heal|p2a: Moltres|49/100|[from] item: Leftovers
|-heal|p1a: Zapdos|64/100|[from] item: Leftovers
|upkeep
|turn|3
|
|t:|1731076715
|switch|p2a: Swampert|Swampert, F|100/100
|move|p1a: Zapdos|Toxic|p2a: Swampert
|-status|p2a: Swampert|tox
|
|-weather|Sandstorm|[upkeep]
|-damage|p1a: Zapdos|58/100|[from] Sandstorm
|-heal|p1a: Zapdos|64/100|[from] item: Leftovers
|-damage|p2a: Swampert|94/100 tox|[from] psn
|upkeep
|turn|4
|
|t:|1731076724
|switch|p1a: Skarmory|Skarmory, F|100/100
|switch|p2a: Jirachi|Jirachi|100/100
|
|-weather|Sandstorm|[upkeep]
|upkeep
|turn|5
|
|t:|1731076733
|switch|p2a: Cloyster|Cloyster, F|100/100
|move|p1a: Skarmory|Spikes|p2a: Cloyster
|-sidestart|p2: allce|Spikes
|
|-weather|Sandstorm|[upkeep]
|-damage|p2a: Cloyster|94/100|[from] Sandstorm
|-heal|p2a: Cloyster|100/100|[from] item: Leftovers
|upkeep
|turn|6
|
|t:|1731076744
|move|p2a: Cloyster|Spikes|p1a: Skarmory
|-sidestart|p1: ThisGuyMuks|Spikes
|move|p1a: Skarmory|Toxic|p2a: Cloyster
|-status|p2a: Cloyster|tox
|
|-weather|Sandstorm|[upkeep]
|-damage|p2a: Cloyster|94/100 tox|[from] Sandstorm
|-heal|p2a: Cloyster|100/100 tox|[from] item: Leftovers
|-damage|p2a: Cloyster|94/100 tox|[from] psn
|upkeep
|turn|7
|
|t:|1731076753
|switch|p1a: Gengar|Gengar, M|100/100
|move|p2a: Cloyster|Rapid Spin|p1a: Gengar
|-immune|p1a: Gengar
|
|-weather|Sandstorm|[upkeep]
|-damage|p1a: Gengar|94/100|[from] Sandstorm
|-damage|p2a: Cloyster|88/100 tox|[from] Sandstorm
|-heal|p1a: Gengar|100/100|[from] item: Leftovers
|-heal|p2a: Cloyster|94/100 tox|[from] item: Leftovers
|-damage|p2a: Cloyster|82/100 tox|[from] psn
|upkeep
|turn|8
|
|t:|1731076770
|switch|p2a: Jirachi|Jirachi|100/100
|-damage|p2a: Jirachi|88/100|[from] Spikes
|move|p1a: Gengar|Will-O-Wisp|p2a: Jirachi
|-status|p2a: Jirachi|brn
|
|-weather|Sandstorm|[upkeep]
|-damage|p1a: Gengar|94/100|[from] Sandstorm
|-heal|p1a: Gengar|100/100|[from] item: Leftovers
|-heal|p2a: Jirachi|94/100 brn|[from] item: Leftovers
|-damage|p2a: Jirachi|82/100 brn|[from] brn
|upkeep
|turn|9
|inactive|ThisGuyMuks has 270 seconds left.
|
|t:|1731076805
|switch|p1a: Skarmory|Skarmory, F|100/100
|move|p2a: Jirachi|Wish|p2a: Jirachi
|
|-weather|Sandstorm|[upkeep]
|-heal|p2a: Jirachi|88/100 brn|[from] item: Leftovers
|-damage|p2a: Jirachi|76/100 brn|[from] brn
|upkeep
|turn|10
|inactive|ThisGuyMuks has 270 seconds left.
|
|t:|1731076811
|move|p2a: Jirachi|Fire Punch|p1a: Skarmory
|-supereffective|p1a: Skarmory
|-damage|p1a: Skarmory|68/100
|-status|p1a: Skarmory|brn
|move|p1a: Skarmory|Roar|p2a: Jirachi
|drag|p2a: Moltres|Moltres|49/100
|
|-heal|p2a: Moltres|99/100|[from] move: Wish|[wisher] Jirachi
|-weather|Sandstorm|[upkeep]
|-damage|p2a: Moltres|93/100|[from] Sandstorm
|-heal|p2a: Moltres|99/100|[from] item: Leftovers
|-heal|p1a: Skarmory|74/100 brn|[from] item: Leftovers
|-damage|p1a: Skarmory|62/100 brn|[from] brn
|upkeep
|turn|11
|inactive|ThisGuyMuks has 270 seconds left.
|inactive|ThisGuyMuks has 240 seconds left.
|
|t:|1731076874
|move|p2a: Moltres|Flamethrower|p1a: Skarmory
|-supereffective|p1a: Skarmory
|-damage|p1a: Skarmory|0 fnt
|faint|p1a: Skarmory
|
|t:|1731076876
|switch|p1a: Raikou|Raikou|100/100
|-damage|p1a: Raikou|88/100|[from] Spikes
|
|-weather|Sandstorm|[upkeep]
|-damage|p1a: Raikou|82/100|[from] Sandstorm
|-damage|p2a: Moltres|93/100|[from] Sandstorm
|-heal|p1a: Raikou|88/100|[from] item: Leftovers
|-heal|p2a: Moltres|99/100|[from] item: Leftovers
|upkeep
|turn|12
|
|t:|1731076901
|switch|p2a: Swampert|Swampert, F|94/100 tox
|-damage|p2a: Swampert|82/100 tox|[from] Spikes
|move|p1a: Raikou|Thunderbolt|p2a: Swampert
|-immune|p2a: Swampert
|
|-weather|Sandstorm|[upkeep]
|-damage|p1a: Raikou|82/100|[from] Sandstorm
|-heal|p1a: Raikou|88/100|[from] item: Leftovers
|-heal|p2a: Swampert|88/100 tox|[from] item: Leftovers
|-damage|p2a: Swampert|82/100 tox|[from] psn
|upkeep
|turn|13
|inactive|ThisGuyMuks has 240 seconds left.
|inactive|allce has 270 seconds left.
|
|t:|1731076933
|switch|p1a: Zapdos|Zapdos|64/100
|move|p2a: Swampert|Hydro Pump|p1a: Zapdos
|-damage|p1a: Zapdos|38/100
|
|-weather|Sandstorm|[upkeep]
|-damage|p1a: Zapdos|32/100|[from] Sandstorm
|-heal|p1a: Zapdos|38/100|[from] item: Leftovers
|-heal|p2a: Swampert|88/100 tox|[from] item: Leftovers
|-damage|p2a: Swampert|76/100 tox|[from] psn
|upkeep
|turn|14
|inactive|ThisGuyMuks has 240 seconds left.
|inactive|allce has 240 seconds left.
|
|t:|1731076970
|move|p1a: Zapdos|Substitute|p1a: Zapdos
|-start|p1a: Zapdos|Substitute
|-damage|p1a: Zapdos|13/100
|move|p2a: Swampert|Ice Beam|p1a: Zapdos
|-supereffective|p1a: Zapdos
|-end|p1a: Zapdos|Substitute
|
|-weather|Sandstorm|[upkeep]
|-damage|p1a: Zapdos|7/100|[from] Sandstorm
|-heal|p1a: Zapdos|13/100|[from] item: Leftovers
|-heal|p2a: Swampert|82/100 tox|[from] item: Leftovers
|-damage|p2a: Swampert|63/100 tox|[from] psn
|upkeep
|turn|15
|inactive|ThisGuyMuks has 240 seconds left.
|inactive|allce has 240 seconds left.
|
|t:|1731076976
|move|p1a: Zapdos|Rest|p1a: Zapdos
|-status|p1a: Zapdos|slp|[from] move: Rest
|-heal|p1a: Zapdos|100/100 slp|[silent]
|move|p2a: Swampert|Hydro Pump|p1a: Zapdos
|-damage|p1a: Zapdos|72/100 slp
|
|-weather|Sandstorm|[upkeep]
|-damage|p1a: Zapdos|65/100 slp|[from] Sandstorm
|-heal|p1a: Zapdos|72/100 slp|[from] item: Leftovers
|-heal|p2a: Swampert|69/100 tox|[from] item: Leftovers
|-damage|p2a: Swampert|44/100 tox|[from] psn
|upkeep
|turn|16
|inactive|ThisGuyMuks has 240 seconds left.
|
|t:|1731076990
|switch|p2a: Tyranitar|Tyranitar, M|100/100
|-damage|p2a: Tyranitar|88/100|[from] Spikes
|cant|p1a: Zapdos|slp
|
|-weather|Sandstorm|[upkeep]
|-damage|p1a: Zapdos|65/100 slp|[from] Sandstorm
|-heal|p1a: Zapdos|72/100 slp|[from] item: Leftovers
|-heal|p2a: Tyranitar|94/100|[from] item: Leftovers
|upkeep
|turn|17
|
|t:|1731077002
|switch|p1a: Flygon|Flygon, F|100/100
|move|p2a: Tyranitar|Rock Slide|p1a: Flygon|[miss]
|-miss|p2a: Tyranitar|p1a: Flygon
|
|-weather|Sandstorm|[upkeep]
|-heal|p2a: Tyranitar|100/100|[from] item: Leftovers
|upkeep
|turn|18
|
|t:|1731077013
|switch|p2a: Gengar|Gengar, M|100/100
|move|p1a: Flygon|Earthquake|p2a: Gengar
|-immune|p2a: Gengar
|
|-weather|Sandstorm|[upkeep]
|-damage|p2a: Gengar|95/100|[from] Sandstorm
|-heal|p2a: Gengar|100/100|[from] item: Leftovers
|upkeep
|turn|19
|
|t:|1731077017
|move|p1a: Flygon|Protect|p1a: Flygon
|-singleturn|p1a: Flygon|Protect
|move|p2a: Gengar|Ice Punch|p1a: Flygon
|-activate|p1a: Flygon|Protect
|
|-weather|Sandstorm|[upkeep]
|-damage|p2a: Gengar|95/100|[from] Sandstorm
|-heal|p2a: Gengar|100/100|[from] item: Leftovers
|upkeep
|turn|20
|inactive|ThisGuyMuks has 240 seconds left.
|inactive|allce has 270 seconds left.
|
|t:|1731077066
|switch|p1a: Metagross|Metagross|100/100
|-damage|p1a: Metagross|88/100|[from] Spikes
|move|p2a: Gengar|Will-O-Wisp|p1a: Metagross
|-status|p1a: Metagross|brn
|
|-weather|Sandstorm|[upkeep]
|-damage|p2a: Gengar|95/100|[from] Sandstorm
|-heal|p2a: Gengar|100/100|[from] item: Leftovers
|-damage|p1a: Metagross|76/100 brn|[from] brn
|upkeep
|turn|21
|
|t:|1731077082
|switch|p2a: Moltres|Moltres|99/100
|move|p1a: Metagross|Meteor Mash|p2a: Moltres
|-resisted|p2a: Moltres
|-damage|p2a: Moltres|75/100
|-boost|p1a: Metagross|atk|1
|
|-weather|Sandstorm|[upkeep]
|-damage|p2a: Moltres|69/100|[from] Sandstorm
|-heal|p2a: Moltres|75/100|[from] item: Leftovers
|-damage|p1a: Metagross|64/100 brn|[from] brn
|upkeep
|turn|22
|inactive|ThisGuyMuks has 240 seconds left.
|inactive|ThisGuyMuks has 210 seconds left.
|
|t:|1731077122
|move|p2a: Moltres|Flamethrower|p1a: Metagross
|-supereffective|p1a: Metagross
|-damage|p1a: Metagross|0 fnt
|faint|p1a: Metagross
|
|t:|1731077126
|switch|p1a: Raikou|Raikou|88/100
|-damage|p1a: Raikou|76/100|[from] Spikes
|
|-weather|Sandstorm|[upkeep]
|-damage|p1a: Raikou|69/100|[from] Sandstorm
|-damage|p2a: Moltres|69/100|[from] Sandstorm
|-heal|p1a: Raikou|76/100|[from] item: Leftovers
|-heal|p2a: Moltres|75/100|[from] item: Leftovers
|upkeep
|turn|23
|inactive|allce has 270 seconds left.
|
|t:|1731077145
|move|p1a: Raikou|Thunderbolt|p2a: Moltres
|-supereffective|p2a: Moltres
|-crit|p2a: Moltres
|-damage|p2a: Moltres|0 fnt
|faint|p2a: Moltres
|
|t:|1731077160
|switch|p2a: Tyranitar|Tyranitar, M|100/100
|-damage|p2a: Tyranitar|88/100|[from] Spikes
|
|-weather|Sandstorm|[upkeep]
|-damage|p1a: Raikou|69/100|[from] Sandstorm
|-heal|p1a: Raikou|76/100|[from] item: Leftovers
|-heal|p2a: Tyranitar|94/100|[from] item: Leftovers
|upkeep
|turn|24
|
|t:|1731077175
|switch|p1a: Gengar|Gengar, M|100/100
|move|p2a: Tyranitar|Earthquake|p1a: Gengar
|-immune|p1a: Gengar
|
|-weather|Sandstorm|[upkeep]
|-damage|p1a: Gengar|94/100|[from] Sandstorm
|-heal|p1a: Gengar|100/100|[from] item: Leftovers
|-heal|p2a: Tyranitar|100/100|[from] item: Leftovers
|upkeep
|turn|25
|
|t:|1731077186
|switch|p2a: Jirachi|Jirachi|76/100 brn
|-damage|p2a: Jirachi|63/100 brn|[from] Spikes
|move|p1a: Gengar|Will-O-Wisp|p2a: Jirachi
|-fail|p2a: Jirachi|brn
|
|-weather|Sandstorm|[upkeep]
|-damage|p1a: Gengar|94/100|[from] Sandstorm
|-heal|p1a: Gengar|100/100|[from] item: Leftovers
|-heal|p2a: Jirachi|70/100 brn|[from] item: Leftovers
|-damage|p2a: Jirachi|57/100 brn|[from] brn
|upkeep
|turn|26
|
|t:|1731077197
|move|p1a: Gengar|Taunt|p2a: Jirachi
|-start|p2a: Jirachi|move: Taunt
|move|p2a: Jirachi|Fire Punch|p1a: Gengar
|-damage|p1a: Gengar|80/100
|
|-weather|Sandstorm|[upkeep]
|-damage|p1a: Gengar|74/100|[from] Sandstorm
|-heal|p1a: Gengar|80/100|[from] item: Leftovers
|-heal|p2a: Jirachi|63/100 brn|[from] item: Leftovers
|-damage|p2a: Jirachi|51/100 brn|[from] brn
|upkeep
|turn|27
|
|t:|1731077204
|move|p1a: Gengar|Shadow Ball|p2a: Jirachi
|-damage|p2a: Jirachi|31/100 brn
|move|p2a: Jirachi|Fire Punch|p1a: Gengar
|-damage|p1a: Gengar|59/100
|
|-weather|Sandstorm|[upkeep]
|-damage|p1a: Gengar|53/100|[from] Sandstorm
|-heal|p1a: Gengar|59/100|[from] item: Leftovers
|-heal|p2a: Jirachi|38/100 brn|[from] item: Leftovers
|-damage|p2a: Jirachi|25/100 brn|[from] brn
|-end|p2a: Jirachi|move: Taunt|[silent]
|upkeep
|turn|28
|
|t:|1731077208
|move|p1a: Gengar|Taunt|p2a: Jirachi
|-start|p2a: Jirachi|move: Taunt
|move|p2a: Jirachi|Fire Punch|p1a: Gengar
|-damage|p1a: Gengar|36/100
|-status|p1a: Gengar|brn
|
|-weather|Sandstorm|[upkeep]
|-damage|p1a: Gengar|30/100 brn|[from] Sandstorm
|-heal|p1a: Gengar|36/100 brn|[from] item: Leftovers
|-damage|p1a: Gengar|24/100 brn|[from] brn
|-heal|p2a: Jirachi|31/100 brn|[from] item: Leftovers
|-damage|p2a: Jirachi|19/100 brn|[from] brn
|upkeep
|turn|29
|
|t:|1731077214
|move|p1a: Gengar|Shadow Ball|p2a: Jirachi
|-crit|p2a: Jirachi
|-damage|p2a: Jirachi|0 fnt
|faint|p2a: Jirachi
|
|t:|1731077216
|switch|p2a: Gengar|Gengar, M|100/100
|
|-weather|Sandstorm|[upkeep]
|-damage|p2a: Gengar|95/100|[from] Sandstorm
|-damage|p1a: Gengar|18/100 brn|[from] Sandstorm
|-heal|p2a: Gengar|100/100|[from] item: Leftovers
|-heal|p1a: Gengar|24/100 brn|[from] item: Leftovers
|-damage|p1a: Gengar|11/100 brn|[from] brn
|upkeep
|turn|30
|inactive|ThisGuyMuks has 240 seconds left.
|
|t:|1731077246
|move|p2a: Gengar|Ice Punch|p1a: Gengar
|-damage|p1a: Gengar|0 fnt
|faint|p1a: Gengar
|inactive|ThisGuyMuks has 240 seconds left.
|inactive|ThisGuyMuks has 210 seconds left.
|inactive|ThisGuyMuks has 180 seconds left.
|
|t:|1731077336
|switch|p1a: Raikou|Raikou|76/100
|-damage|p1a: Raikou|63/100|[from] Spikes
|
|-weather|Sandstorm|[upkeep]
|-damage|p1a: Raikou|57/100|[from] Sandstorm
|-damage|p2a: Gengar|95/100|[from] Sandstorm
|-heal|p1a: Raikou|63/100|[from] item: Leftovers
|-heal|p2a: Gengar|100/100|[from] item: Leftovers
|upkeep
|turn|31
|inactive|ThisGuyMuks has 150 seconds left.
|inactive|allce has 270 seconds left.
|
|t:|1731077381
|switch|p2a: Swampert|Swampert, F|44/100 tox
|-damage|p2a: Swampert|32/100 tox|[from] Spikes
|move|p1a: Raikou|Substitute|p1a: Raikou
|-start|p1a: Raikou|Substitute
|-damage|p1a: Raikou|38/100
|
|-weather|Sandstorm|[upkeep]
|-damage|p1a: Raikou|32/100|[from] Sandstorm
|-heal|p1a: Raikou|38/100|[from] item: Leftovers
|-heal|p2a: Swampert|38/100 tox|[from] item: Leftovers
|-damage|p2a: Swampert|32/100 tox|[from] psn
|upkeep
|turn|32
|
|t:|1731077385
|move|p1a: Raikou|Hidden Power|p2a: Swampert
|-supereffective|p2a: Swampert
|-damage|p2a: Swampert|0 fnt
|faint|p2a: Swampert
|
|t:|1731077388
|switch|p2a: Tyranitar|Tyranitar, M|100/100
|-damage|p2a: Tyranitar|88/100|[from] Spikes
|
|-weather|Sandstorm|[upkeep]
|-damage|p1a: Raikou|32/100|[from] Sandstorm
|-heal|p1a: Raikou|38/100|[from] item: Leftovers
|-heal|p2a: Tyranitar|94/100|[from] item: Leftovers
|upkeep
|turn|33
|
|t:|1731077404
|move|p1a: Raikou|Thunderbolt|p2a: Tyranitar
|-damage|p2a: Tyranitar|52/100
|move|p2a: Tyranitar|Earthquake|p1a: Raikou
|-supereffective|p1a: Raikou
|-end|p1a: Raikou|Substitute
|
|-weather|Sandstorm|[upkeep]
|-damage|p1a: Raikou|32/100|[from] Sandstorm
|-heal|p1a: Raikou|38/100|[from] item: Leftovers
|-heal|p2a: Tyranitar|59/100|[from] item: Leftovers
|upkeep
|turn|34
|
|t:|1731077419
|switch|p1a: Flygon|Flygon, F|100/100
|move|p2a: Tyranitar|Earthquake|p1a: Flygon
|-immune|p1a: Flygon
|
|-weather|Sandstorm|[upkeep]
|-heal|p2a: Tyranitar|65/100|[from] item: Leftovers
|upkeep
|turn|35
|
|t:|1731077430
|switch|p2a: Cloyster|Cloyster, F|82/100 tox
|-damage|p2a: Cloyster|69/100 tox|[from] Spikes
|move|p1a: Flygon|Rock Slide|p2a: Cloyster
|-supereffective|p2a: Cloyster
|-damage|p2a: Cloyster|40/100 tox
|
|-weather|Sandstorm|[upkeep]
|-damage|p2a: Cloyster|34/100 tox|[from] Sandstorm
|-heal|p2a: Cloyster|40/100 tox|[from] item: Leftovers
|-damage|p2a: Cloyster|34/100 tox|[from] psn
|upkeep
|turn|36
|
|t:|1731077438
|move|p1a: Flygon|Protect|p1a: Flygon
|-singleturn|p1a: Flygon|Protect
|move|p2a: Cloyster|Spikes|p1a: Flygon
|-sidestart|p1: ThisGuyMuks|Spikes
|
|-weather|Sandstorm|[upkeep]
|-damage|p2a: Cloyster|27/100 tox|[from] Sandstorm
|-heal|p2a: Cloyster|34/100 tox|[from] item: Leftovers
|-damage|p2a: Cloyster|21/100 tox|[from] psn
|upkeep
|turn|37
|
|t:|1731077452
|move|p1a: Flygon|Earthquake|p2a: Cloyster
|-damage|p2a: Cloyster|0 fnt
|faint|p2a: Cloyster
|
|t:|1731077455
|switch|p2a: Gengar|Gengar, M|100/100
|
|-weather|Sandstorm|[upkeep]
|-damage|p2a: Gengar|95/100|[from] Sandstorm
|-heal|p2a: Gengar|100/100|[from] item: Leftovers
|upkeep
|turn|38
|inactive|ThisGuyMuks has 150 seconds left.
|
|t:|1731077497
|move|p2a: Gengar|Ice Punch|p1a: Flygon
|-supereffective|p1a: Flygon
|-damage|p1a: Flygon|2/100
|move|p1a: Flygon|Rock Slide|p2a: Gengar
|-damage|p2a: Gengar|73/100
|
|-weather|Sandstorm|[upkeep]
|-damage|p2a: Gengar|67/100|[from] Sandstorm
|-heal|p2a: Gengar|73/100|[from] item: Leftovers
|-heal|p1a: Flygon|8/100|[from] item: Leftovers
|upkeep
|turn|39
|c|☆allce|wtf
|c|☆allce|LOL
|inactive|ThisGuyMuks has 120 seconds left.
|
|t:|1731077555
|move|p2a: Gengar|Ice Punch|p1a: Flygon
|-supereffective|p1a: Flygon
|-damage|p1a: Flygon|0 fnt
|faint|p1a: Flygon
|inactive|ThisGuyMuks has 90 seconds left.
|
|t:|1731077575
|switch|p1a: Zapdos|Zapdos|72/100 slp
|
|-weather|Sandstorm|[upkeep]
|-damage|p2a: Gengar|67/100|[from] Sandstorm
|-damage|p1a: Zapdos|65/100 slp|[from] Sandstorm
|-heal|p2a: Gengar|73/100|[from] item: Leftovers
|-heal|p1a: Zapdos|72/100 slp|[from] item: Leftovers
|upkeep
|turn|40
|inactive|allce has 270 seconds left.
|
|t:|1731077619
|switch|p2a: Tyranitar|Tyranitar, M|65/100
|-damage|p2a: Tyranitar|52/100|[from] Spikes
|cant|p1a: Zapdos|slp
|
|-weather|Sandstorm|[upkeep]
|-damage|p1a: Zapdos|65/100 slp|[from] Sandstorm
|-heal|p1a: Zapdos|72/100 slp|[from] item: Leftovers
|-heal|p2a: Tyranitar|59/100|[from] item: Leftovers
|upkeep
|turn|41
|
|t:|1731077634
|-curestatus|p1a: Zapdos|slp|[msg]
|move|p1a: Zapdos|Thunderbolt|p2a: Tyranitar
|-damage|p2a: Tyranitar|25/100
|move|p2a: Tyranitar|Rock Slide|p1a: Zapdos
|-supereffective|p1a: Zapdos
|-damage|p1a: Zapdos|0 fnt
|faint|p1a: Zapdos
|
|t:|1731077639
|switch|p1a: Raikou|Raikou|38/100
|-damage|p1a: Raikou|22/100|[from] Spikes
|
|-weather|Sandstorm|[upkeep]
|-damage|p1a: Raikou|16/100|[from] Sandstorm
|-heal|p1a: Raikou|22/100|[from] item: Leftovers
|-heal|p2a: Tyranitar|31/100|[from] item: Leftovers
|upkeep
|turn|42
|
|t:|1731077642
|move|p1a: Raikou|Thunderbolt|p2a: Tyranitar
|-damage|p2a: Tyranitar|0 fnt
|faint|p2a: Tyranitar
|
|t:|1731077644
|switch|p2a: Gengar|Gengar, M|73/100
|
|-weather|Sandstorm|[upkeep]
|-damage|p1a: Raikou|16/100|[from] Sandstorm
|-damage|p2a: Gengar|67/100|[from] Sandstorm
|-heal|p1a: Raikou|22/100|[from] item: Leftovers
|-heal|p2a: Gengar|73/100|[from] item: Leftovers
|upkeep
|turn|43
|
|t:|1731077657
|move|p1a: Raikou|Thunderbolt|p2a: Gengar
|-damage|p2a: Gengar|22/100
|move|p2a: Gengar|Ice Punch|p1a: Raikou
|-crit|p1a: Raikou
|-damage|p1a: Raikou|0 fnt
|faint|p1a: Raikou
|
|win|allce

</script>
<script type="application/json" class="data" id="replaydata-smogtours-gen3ou-805224">
{"id":"smogtours-gen3ou-805224","format":"[Gen 3] OU","players":["ThisGuyMuks","allce"],"uploadtime":1731077657,"views":26,"formatid":"gen3ou","rating":null,"private":1,"password":null}
</script>

<script defer src="js/replays.js?9d40a366"></script>
