<!DOCTYPE html>
<meta charset="utf-8" />
<meta name="viewport" content="width=device-width" />

<title>[Gen 3] OU: GoldThe1andOnly vs. Usbreon - Replays - Pok&eacute;mon Showdown!</title>

<meta name="description" content="Watch a replay of a Pok&eacute;mon battle between GoldThe1andOnly and Usbreon! Format: [Gen 3] OU; Date: Oct 24, 2024" />
<!--

Hey, you! Looking in the source for the replay log?

You can find them in JSON format, just add `.json` at the end of a replay URL.

https://replay.pokemonshowdown.com/gen7randomdoublesbattle-865046831.json

Or, if you only need the log itself, add `.log` instead:

https://replay.pokemonshowdown.com/gen7randomdoublesbattle-865046831.log

-->

<link rel="stylesheet" href="//pokemonshowdown.com/style/global.css?0.767286132409787" />
<link rel="stylesheet" href="//play.pokemonshowdown.com/style/font-awesome.css?0.9266228007934947" />
<link rel="stylesheet" href="//play.pokemonshowdown.com/style/battle.css?0.7924700842790926" />
<link rel="stylesheet" href="//play.pokemonshowdown.com/style/utilichart.css?0.8777417872839479" />

<!-- Global site tag (gtag.js) - Google Analytics -->
<script async src="https://www.googletagmanager.com/gtag/js?id=UA-26211653-1"></script>
<script>
  window.dataLayer = window.dataLayer || [];
  function gtag(){dataLayer.push(arguments);}
  gtag('js', new Date());

  gtag('config', 'UA-26211653-1');
</script>
<!-- End Google Analytics -->
<!-- Venatus Ad Manager - Install in <HEAD> of page -->
	<script src="https://hb.vntsm.com/v3/live/ad-manager.min.js" type="text/javascript" data-site-id="642aba63ec9a7b11c3c9c1be" data-mode="scan" async></script>
<!-- / Venatus Ad Manager -->

<style>
	@media (max-width:820px) {
		.battle {
			margin: 0 auto;
		}
		.battle-log {
			margin: 7px auto 0;
			max-width: 640px;
			height: 300px;
			position: static;
		}
	}
	.optgroup {
		display: inline-block;
		line-height: 22px;
		font-size: 10pt;
	}
	.optgroup .button {
		height: 25px;
		padding-top: 0;
		padding-bottom: 0;
	}
	.optgroup button.button {
		padding-left: 12px;
		padding-right: 12px;
	}
	.linklist {
		list-style: none;
		margin: 0.5em 0;
		padding: 0;
	}
	.linklist li {
		padding: 2px 0;
	}
	.sidebar {
		float: left;
		width: 320px;
	}
	.bar-wrapper {
		max-width: 1100px;
		margin: 0 auto;
	}
	.bar-wrapper.has-sidebar {
		max-width: 1430px;
	}
	.mainbar {
		margin: 0;
		padding-right: 1px;
	}
	.mainbar.has-sidebar {
		margin-left: 330px;
	}
	@media (min-width: 1511px) {
		.sidebar {
			width: 400px;
		}
		.bar-wrapper.has-sidebar {
			max-width: 1510px;
		}
		.mainbar.has-sidebar {
			margin-left: 410px;
		}
	}
	.section.first-section {
		margin-top: 9px;
	}
	.blocklink small {
		white-space: normal;
	}
	.button {
		vertical-align: middle;
	}
	.replay-controls {
		padding-top: 10px;
	}
	.replay-controls h1 {
		font-size: 16pt;
		font-weight: normal;
		color: #CCC;
	}
	.pagelink {
		text-align: center;
	}
	.pagelink a {
		width: 150px;
	}
	.textbox, .button {
		font-size: 11pt;
		vertical-align: middle;
	}
	@media (max-width: 450px) {
		.button {
			font-size: 9pt;
		}
	}
</style>

<div>

	<header>
		<div class="nav-wrapper"><ul class="nav">
			<li><a class="button nav-first" href="//pokemonshowdown.com/"><img src="//pokemonshowdown.com/images/pokemonshowdownbeta.png" srcset="//pokemonshowdown.com/images/pokemonshowdownbeta.png 1x, //pokemonshowdown.com/images/pokemonshowdownbeta@2x.png 2x" alt="Pok&eacute;mon Showdown" width="146" height="44" /> Home</a></li>
			<li><a class="button" href="//pokemonshowdown.com/dex/">Pok&eacute;dex</a></li>
			<li><a class="button cur" href="/">Replays</a></li>
			<li><a class="button" href="//pokemonshowdown.com/ladder/">Ladder</a></li>
			<li><a class="button nav-last" href="//pokemonshowdown.com/forums/">Forum</a></li>
			<li><a class="button greenbutton nav-first nav-last" href="//play.pokemonshowdown.com/">Play</a></li>
		</ul></div>
	</header>

	<div class="main" id="main">

		<noscript><section class="section">You need to enable JavaScript to use this page; sorry!</section></noscript>

	</div>

</div>

<script defer nomodule src="//play.pokemonshowdown.com/js/lib/ps-polyfill.js"></script>
<script defer src="//play.pokemonshowdown.com/js/lib/preact.min.js"></script>

<script defer src="//play.pokemonshowdown.com/config/config.js?6dec07f6"></script>
<script defer src="//play.pokemonshowdown.com/js/lib/jquery-1.11.0.min.js"></script>
<script defer src="//play.pokemonshowdown.com/js/lib/html-sanitizer-minified.js"></script>
<script defer src="//play.pokemonshowdown.com/js/battle-sound.js"></script>
<script defer src="//play.pokemonshowdown.com/js/battledata.js?0.6315294753075389"></script>
<script defer src="//play.pokemonshowdown.com/data/pokedex-mini.js?0.7603743185311358"></script>
<script defer src="//play.pokemonshowdown.com/data/pokedex-mini-bw.js?0.030888842834281283"></script>
<script defer src="//play.pokemonshowdown.com/data/graphics.js?0.05593094747507488"></script>
<script defer src="//play.pokemonshowdown.com/data/pokedex.js?0.47064822249611904"></script>
<script defer src="//play.pokemonshowdown.com/data/moves.js?0.8583693120512459"></script>
<script defer src="//play.pokemonshowdown.com/data/abilities.js?0.16017181182386842"></script>
<script defer src="//play.pokemonshowdown.com/data/items.js?0.4163379185673943"></script>
<script defer src="//play.pokemonshowdown.com/data/teambuilder-tables.js?0.31075597372830477"></script>
<script defer src="//play.pokemonshowdown.com/js/battle-tooltips.js?0.6536193500708172"></script>
<script defer src="//play.pokemonshowdown.com/js/battle.js?0.1916591943277901"></script>

<script defer src="js/utils.js?e31f9a17"></script>
<script defer src="js/replays-battle.js?7008c182"></script>

<!-- don't scrape this data! just add .json or .log after the URL!
Full API docs: https://github.com/smogon/pokemon-showdown-client/blob/master/WEB-API.md -->
<script type="text/plain" class="log" id="replaylog-smogtours-gen3ou-801598">
|inactive|Battle timer is ON: inactive players will automatically lose when time's up.
|t:|1729796444
|gametype|singles
|player|p1|GoldThe1andOnly|elesa-masters|
|player|p2|Usbreon|sailor|
|teamsize|p1|6
|teamsize|p2|6
|gen|3
|tier|[Gen 3] OU
|rule|Sleep Clause Mod: Limit one foe put to sleep
|rule|Switch Priority Clause Mod: Faster Pokémon switch first
|rule|Species Clause: Limit one of each Pokémon
|rule|OHKO Clause: OHKO moves are banned
|rule|Evasion Items Clause: Evasion items are banned
|rule|Evasion Moves Clause: Evasion moves are banned
|rule|Endless Battle Clause: Forcing endless battles is banned
|rule|HP Percentage Mod: HP is shown in percentages
|rule|One Boost Passer Clause: Limit one Baton Passer that has a way to boost its stats
|rule|Freeze Clause Mod: Limit one foe frozen
|
|t:|1729796444
|start
|switch|p1a: Beaker Breaker|Tyranitar, F|100/100
|switch|p2a: Vaporeon|Vaporeon, M|100/100
|-weather|Sandstorm|[from] ability: Sand Stream|[of] p1a: Beaker Breaker
|turn|1
|c|☆Usbreon|glhf
|c|☆GoldThe1andOnly|u 2
|
|t:|1729796461
|move|p2a: Vaporeon|Substitute|p2a: Vaporeon
|-start|p2a: Vaporeon|Substitute
|-damage|p2a: Vaporeon|76/100
|move|p1a: Beaker Breaker|Earthquake|p2a: Vaporeon
|-end|p2a: Vaporeon|Substitute
|
|-weather|Sandstorm|[upkeep]
|-damage|p2a: Vaporeon|69/100|[from] Sandstorm
|upkeep
|turn|2
|
|t:|1729796466
|move|p2a: Vaporeon|Substitute|p2a: Vaporeon
|-start|p2a: Vaporeon|Substitute
|-damage|p2a: Vaporeon|44/100
|move|p1a: Beaker Breaker|Earthquake|p2a: Vaporeon
|-end|p2a: Vaporeon|Substitute
|
|-weather|Sandstorm|[upkeep]
|-damage|p2a: Vaporeon|38/100|[from] Sandstorm
|upkeep
|turn|3
|
|t:|1729796490
|switch|p1a: American Cheese|Skarmory, M|100/100
|move|p2a: Vaporeon|Surf|p1a: American Cheese
|-damage|p1a: American Cheese|61/100
|
|-weather|Sandstorm|[upkeep]
|-damage|p2a: Vaporeon|32/100|[from] Sandstorm
|-heal|p1a: American Cheese|67/100|[from] item: Leftovers
|upkeep
|turn|4
|
|t:|1729796500
|move|p2a: Vaporeon|Baton Pass|p2a: Vaporeon
|
|t:|1729796514
|switch|p2a: Swampert|Swampert, M|100/100|[from] Baton Pass
|move|p1a: American Cheese|Spikes|p2a: Swampert
|-sidestart|p2: Usbreon|Spikes
|
|-weather|Sandstorm|[upkeep]
|-heal|p1a: American Cheese|73/100|[from] item: Leftovers
|upkeep
|turn|5
|
|t:|1729796527
|move|p2a: Swampert|Surf|p1a: American Cheese
|-damage|p1a: American Cheese|36/100
|move|p1a: American Cheese|Spikes|p2a: Swampert
|-sidestart|p2: Usbreon|Spikes
|
|-weather|Sandstorm|[upkeep]
|-heal|p1a: American Cheese|42/100|[from] item: Leftovers
|upkeep
|turn|6
|
|t:|1729796531
|move|p1a: American Cheese|Protect|p1a: American Cheese
|-singleturn|p1a: American Cheese|Protect
|move|p2a: Swampert|Surf|p1a: American Cheese
|-activate|p1a: American Cheese|Protect
|
|-weather|Sandstorm|[upkeep]
|-heal|p1a: American Cheese|48/100|[from] item: Leftovers
|upkeep
|turn|7
|
|t:|1729796533
|move|p2a: Swampert|Surf|p1a: American Cheese
|-damage|p1a: American Cheese|10/100
|move|p1a: American Cheese|Spikes|p2a: Swampert
|-sidestart|p2: Usbreon|Spikes
|
|-weather|Sandstorm|[upkeep]
|-heal|p1a: American Cheese|16/100|[from] item: Leftovers
|upkeep
|turn|8
|
|t:|1729796546
|move|p1a: American Cheese|Protect|p1a: American Cheese
|-singleturn|p1a: American Cheese|Protect
|move|p2a: Swampert|Surf|p1a: American Cheese
|-activate|p1a: American Cheese|Protect
|
|-weather|Sandstorm|[upkeep]
|-heal|p1a: American Cheese|22/100|[from] item: Leftovers
|upkeep
|turn|9
|
|t:|1729796569
|-singleturn|p2a: Swampert|move: Focus Punch
|switch|p1a: Transparent Wood|Celebi|100/100
|move|p2a: Swampert|Focus Punch|p1a: Transparent Wood
|-resisted|p1a: Transparent Wood
|-damage|p1a: Transparent Wood|82/100
|
|-weather|Sandstorm|[upkeep]
|-damage|p1a: Transparent Wood|76/100|[from] Sandstorm
|-heal|p1a: Transparent Wood|82/100|[from] item: Leftovers
|upkeep
|turn|10
|
|t:|1729796577
|switch|p2a: Regice|Regice|100/100
|-damage|p2a: Regice|75/100|[from] Spikes
|move|p1a: Transparent Wood|Leech Seed|p2a: Regice
|-start|p2a: Regice|move: Leech Seed
|
|-weather|Sandstorm|[upkeep]
|-damage|p1a: Transparent Wood|76/100|[from] Sandstorm
|-damage|p2a: Regice|69/100|[from] Sandstorm
|-heal|p1a: Transparent Wood|82/100|[from] item: Leftovers
|-heal|p2a: Regice|75/100|[from] item: Leftovers
|-damage|p2a: Regice|63/100|[from] Leech Seed|[of] p1a: Transparent Wood
|-heal|p1a: Transparent Wood|96/100|[silent]
|upkeep
|turn|11
|
|t:|1729796605
|switch|p1a: Beaker Breaker|Tyranitar, F|100/100
|switch|p2a: Vaporeon|Vaporeon, M|32/100
|-damage|p2a: Vaporeon|7/100|[from] Spikes
|
|-weather|Sandstorm|[upkeep]
|-damage|p2a: Vaporeon|1/100|[from] Sandstorm
|-enditem|p2a: Vaporeon|Salac Berry|[eat]
|-boost|p2a: Vaporeon|spe|1|[from] item: Salac Berry
|upkeep
|turn|12
|inactive|GoldThe1andOnly has 270 seconds left.
|
|t:|1729796622
|-singleturn|p1a: Beaker Breaker|move: Focus Punch
|move|p2a: Vaporeon|Baton Pass|p2a: Vaporeon
|
|t:|1729796628
|switch|p2a: Salamence|Salamence, F|100/100|[from] Baton Pass
|-ability|p2a: Salamence|Intimidate|boost
|-unboost|p1a: Beaker Breaker|atk|1
|move|p1a: Beaker Breaker|Focus Punch|p2a: Salamence
|-resisted|p2a: Salamence
|-crit|p2a: Salamence
|-damage|p2a: Salamence|35/100
|
|-weather|Sandstorm|[upkeep]
|-damage|p2a: Salamence|29/100|[from] Sandstorm
|-heal|p2a: Salamence|35/100|[from] item: Leftovers
|upkeep
|turn|13
|inactive|GoldThe1andOnly has 270 seconds left.
|inactive|Usbreon has 270 seconds left.
|
|t:|1729796662
|switch|p2a: Swampert|Swampert, M|100/100
|-damage|p2a: Swampert|76/100|[from] Spikes
|switch|p1a: Purple Gold|Starmie, shiny|100/100
|
|-weather|Sandstorm|[upkeep]
|-damage|p1a: Purple Gold|94/100|[from] Sandstorm
|-heal|p1a: Purple Gold|100/100|[from] item: Leftovers
|-heal|p2a: Swampert|82/100|[from] item: Leftovers
|upkeep
|turn|14
|
|t:|1729796671
|move|p1a: Purple Gold|Ice Beam|p2a: Swampert
|-damage|p2a: Swampert|51/100
|move|p2a: Swampert|Earthquake|p1a: Purple Gold
|-damage|p1a: Purple Gold|42/100
|
|-weather|Sandstorm|[upkeep]
|-damage|p1a: Purple Gold|36/100|[from] Sandstorm
|-heal|p1a: Purple Gold|42/100|[from] item: Leftovers
|-heal|p2a: Swampert|57/100|[from] item: Leftovers
|upkeep
|turn|15
|
|t:|1729796681
|switch|p1a: Transparent Wood|Celebi|96/100
|move|p2a: Swampert|Earthquake|p1a: Transparent Wood
|-resisted|p1a: Transparent Wood
|-damage|p1a: Transparent Wood|77/100
|
|-weather|Sandstorm|[upkeep]
|-damage|p1a: Transparent Wood|71/100|[from] Sandstorm
|-heal|p1a: Transparent Wood|77/100|[from] item: Leftovers
|-heal|p2a: Swampert|63/100|[from] item: Leftovers
|upkeep
|turn|16
|inactive|GoldThe1andOnly has 270 seconds left.
|
|t:|1729796687
|move|p1a: Transparent Wood|Leech Seed|p2a: Swampert
|-start|p2a: Swampert|move: Leech Seed
|move|p2a: Swampert|Ice Beam|p1a: Transparent Wood
|-supereffective|p1a: Transparent Wood
|-damage|p1a: Transparent Wood|22/100
|
|-weather|Sandstorm|[upkeep]
|-damage|p1a: Transparent Wood|16/100|[from] Sandstorm
|-heal|p1a: Transparent Wood|22/100|[from] item: Leftovers
|-heal|p2a: Swampert|69/100|[from] item: Leftovers
|-damage|p2a: Swampert|57/100|[from] Leech Seed|[of] p1a: Transparent Wood
|-heal|p1a: Transparent Wood|35/100|[silent]
|upkeep
|turn|17
|
|t:|1729796700
|switch|p2a: Vaporeon|Vaporeon, M|1/100
|-damage|p2a: Vaporeon|0 fnt|[from] Spikes
|faint|p2a: Vaporeon
|
|t:|1729796704
|switch|p2a: Regice|Regice|63/100
|-damage|p2a: Regice|38/100|[from] Spikes
|
|-weather|Sandstorm|[upkeep]
|-damage|p1a: Transparent Wood|28/100|[from] Sandstorm
|-damage|p2a: Regice|32/100|[from] Sandstorm
|-heal|p1a: Transparent Wood|35/100|[from] item: Leftovers
|-heal|p2a: Regice|38/100|[from] item: Leftovers
|upkeep
|turn|18
|
|t:|1729796719
|switch|p1a: Beaker Breaker|Tyranitar, F|100/100
|move|p2a: Regice|Thunderbolt|p1a: Beaker Breaker
|-damage|p1a: Beaker Breaker|76/100
|
|-weather|Sandstorm|[upkeep]
|-damage|p2a: Regice|32/100|[from] Sandstorm
|-heal|p1a: Beaker Breaker|82/100|[from] item: Leftovers
|-heal|p2a: Regice|38/100|[from] item: Leftovers
|upkeep
|turn|19
|
|t:|1729796729
|move|p1a: Beaker Breaker|Earthquake|p2a: Regice
|-damage|p2a: Regice|3/100
|move|p2a: Regice|Ice Beam|p1a: Beaker Breaker
|-crit|p1a: Beaker Breaker
|-damage|p1a: Beaker Breaker|11/100
|
|-weather|Sandstorm|[upkeep]
|-damage|p2a: Regice|0 fnt|[from] Sandstorm
|faint|p2a: Regice
|-heal|p1a: Beaker Breaker|17/100|[from] item: Leftovers
|upkeep
|
|t:|1729796741
|switch|p2a: Medicham|Medicham, F|100/100
|-damage|p2a: Medicham|76/100|[from] Spikes
|turn|20
|
|t:|1729796755
|move|p2a: Medicham|Brick Break|p1a: Beaker Breaker
|-supereffective|p1a: Beaker Breaker
|-damage|p1a: Beaker Breaker|0 fnt
|faint|p1a: Beaker Breaker
|inactive|GoldThe1andOnly has 270 seconds left.
|
|t:|1729796785
|switch|p1a: American Cheese|Skarmory, M|22/100
|
|-weather|Sandstorm|[upkeep]
|-damage|p2a: Medicham|70/100|[from] Sandstorm
|-heal|p1a: American Cheese|28/100|[from] item: Leftovers
|upkeep
|turn|21
|inactive|GoldThe1andOnly has 270 seconds left.
|inactive|GoldThe1andOnly has 240 seconds left.
|inactive|GoldThe1andOnly has 210 seconds left.
|
|t:|1729796858
|move|p1a: American Cheese|Protect|p1a: American Cheese
|-singleturn|p1a: American Cheese|Protect
|move|p2a: Medicham|Brick Break|p1a: American Cheese
|-activate|p1a: American Cheese|Protect
|
|-weather|Sandstorm|[upkeep]
|-damage|p2a: Medicham|63/100|[from] Sandstorm
|-heal|p1a: American Cheese|34/100|[from] item: Leftovers
|upkeep
|turn|22
|inactive|GoldThe1andOnly has 210 seconds left.
|
|t:|1729796879
|-singleturn|p2a: Medicham|move: Focus Punch
|switch|p1a: WorldsPurestCookie|Claydol|100/100
|move|p2a: Medicham|Focus Punch|p1a: WorldsPurestCookie
|-resisted|p1a: WorldsPurestCookie
|-damage|p1a: WorldsPurestCookie|50/100
|
|-weather|Sandstorm|[upkeep]
|-damage|p2a: Medicham|57/100|[from] Sandstorm
|-heal|p1a: WorldsPurestCookie|56/100|[from] item: Leftovers
|upkeep
|turn|23
|inactive|GoldThe1andOnly has 180 seconds left.
|
|t:|1729796916
|move|p2a: Medicham|Brick Break|p1a: WorldsPurestCookie
|-resisted|p1a: WorldsPurestCookie
|-damage|p1a: WorldsPurestCookie|32/100
|move|p1a: WorldsPurestCookie|Explosion|p2a: Medicham
|-damage|p2a: Medicham|0 fnt
|faint|p1a: WorldsPurestCookie
|faint|p2a: Medicham
|
|t:|1729796932
|switch|p2a: Swampert|Swampert, M|57/100
|switch|p1a: American Cheese|Skarmory, M|34/100
|-damage|p2a: Swampert|32/100|[from] Spikes
|
|-weather|Sandstorm|[upkeep]
|-heal|p2a: Swampert|38/100|[from] item: Leftovers
|-heal|p1a: American Cheese|40/100|[from] item: Leftovers
|upkeep
|turn|24
|
|t:|1729796935
|move|p2a: Swampert|Surf|p1a: American Cheese
|-damage|p1a: American Cheese|0 fnt
|faint|p1a: American Cheese
|
|t:|1729796938
|switch|p1a: Transparent Wood|Celebi|35/100
|
|-weather|Sandstorm|[upkeep]
|-damage|p1a: Transparent Wood|28/100|[from] Sandstorm
|-heal|p1a: Transparent Wood|35/100|[from] item: Leftovers
|-heal|p2a: Swampert|44/100|[from] item: Leftovers
|upkeep
|turn|25
|
|t:|1729796942
|move|p1a: Transparent Wood|Giga Drain|p2a: Swampert
|-supereffective|p2a: Swampert
|-damage|p2a: Swampert|0 fnt
|-heal|p1a: Transparent Wood|57/100|[from] drain|[of] p2a: Swampert
|faint|p2a: Swampert
|
|t:|1729796945
|switch|p2a: Tyranitar|Tyranitar, M|100/100
|-damage|p2a: Tyranitar|76/100|[from] Spikes
|
|-weather|Sandstorm|[upkeep]
|-damage|p1a: Transparent Wood|50/100|[from] Sandstorm
|-heal|p1a: Transparent Wood|57/100|[from] item: Leftovers
|upkeep
|turn|26
|
|t:|1729796949
|move|p1a: Transparent Wood|Giga Drain|p2a: Tyranitar
|-supereffective|p2a: Tyranitar
|-damage|p2a: Tyranitar|17/100
|-heal|p1a: Transparent Wood|86/100|[from] drain|[of] p2a: Tyranitar
|move|p2a: Tyranitar|Dragon Dance|p2a: Tyranitar
|-boost|p2a: Tyranitar|atk|1
|-boost|p2a: Tyranitar|spe|1
|
|-weather|Sandstorm|[upkeep]
|-damage|p1a: Transparent Wood|79/100|[from] Sandstorm
|-heal|p1a: Transparent Wood|86/100|[from] item: Leftovers
|upkeep
|turn|27
|inactive|GoldThe1andOnly has 210 seconds left.
|
|t:|1729796954
|move|p2a: Tyranitar|Rock Slide|p1a: Transparent Wood
|-damage|p1a: Transparent Wood|31/100
|move|p1a: Transparent Wood|Giga Drain|p2a: Tyranitar
|-supereffective|p2a: Tyranitar
|-damage|p2a: Tyranitar|0 fnt
|-heal|p1a: Transparent Wood|39/100|[from] drain|[of] p2a: Tyranitar
|faint|p2a: Tyranitar
|
|t:|1729796959
|switch|p2a: Salamence|Salamence, F|35/100
|-ability|p2a: Salamence|Intimidate|boost
|-unboost|p1a: Transparent Wood|atk|1
|
|-weather|Sandstorm|[upkeep]
|-damage|p1a: Transparent Wood|33/100|[from] Sandstorm
|-damage|p2a: Salamence|29/100|[from] Sandstorm
|-heal|p1a: Transparent Wood|39/100|[from] item: Leftovers
|-heal|p2a: Salamence|35/100|[from] item: Leftovers
|upkeep
|turn|28
|
|t:|1729796966
|move|p1a: Transparent Wood|Psychic|p2a: Salamence
|-damage|p2a: Salamence|0 fnt
|faint|p2a: Salamence
|
|win|GoldThe1andOnly
|c|☆GoldThe1andOnly|gg
|c|☆Usbreon|gg

</script>
<script type="application/json" class="data" id="replaydata-smogtours-gen3ou-801598">
{"id":"smogtours-gen3ou-801598","format":"[Gen 3] OU","players":["GoldThe1andOnly","Usbreon"],"uploadtime":1729796966,"views":74,"formatid":"gen3ou","rating":null,"private":0,"password":null}
</script>

<script defer src="js/replays.js?9d40a366"></script>
