<!DOCTYPE html>
<meta charset="utf-8" />
<meta name="viewport" content="width=device-width" />

<title>[Gen 3] OU: Beignet2 vs. voyager - Replays - Pok&eacute;mon Showdown!</title>

<meta name="description" content="Watch a replay of a Pok&eacute;mon battle between Beignet2 and voyager! Format: [Gen 3] OU; Date: Nov 4, 2024" />
<!--

Hey, you! Looking in the source for the replay log?

You can find them in JSON format, just add `.json` at the end of a replay URL.

https://replay.pokemonshowdown.com/gen7randomdoublesbattle-865046831.json

Or, if you only need the log itself, add `.log` instead:

https://replay.pokemonshowdown.com/gen7randomdoublesbattle-865046831.log

-->

<link rel="stylesheet" href="//pokemonshowdown.com/style/global.css?0.023195364461161105" />
<link rel="stylesheet" href="//play.pokemonshowdown.com/style/font-awesome.css?0.13261647063804238" />
<link rel="stylesheet" href="//play.pokemonshowdown.com/style/battle.css?0.8753245789963631" />
<link rel="stylesheet" href="//play.pokemonshowdown.com/style/utilichart.css?0.8627959624976733" />

<!-- Global site tag (gtag.js) - Google Analytics -->
<script async src="https://www.googletagmanager.com/gtag/js?id=UA-26211653-1"></script>
<script>
  window.dataLayer = window.dataLayer || [];
  function gtag(){dataLayer.push(arguments);}
  gtag('js', new Date());

  gtag('config', 'UA-26211653-1');
</script>
<!-- End Google Analytics -->
<!-- Venatus Ad Manager - Install in <HEAD> of page -->
	<script src="https://hb.vntsm.com/v3/live/ad-manager.min.js" type="text/javascript" data-site-id="642aba63ec9a7b11c3c9c1be" data-mode="scan" async></script>
<!-- / Venatus Ad Manager -->

<style>
	@media (max-width:820px) {
		.battle {
			margin: 0 auto;
		}
		.battle-log {
			margin: 7px auto 0;
			max-width: 640px;
			height: 300px;
			position: static;
		}
	}
	.optgroup {
		display: inline-block;
		line-height: 22px;
		font-size: 10pt;
	}
	.optgroup .button {
		height: 25px;
		padding-top: 0;
		padding-bottom: 0;
	}
	.optgroup button.button {
		padding-left: 12px;
		padding-right: 12px;
	}
	.linklist {
		list-style: none;
		margin: 0.5em 0;
		padding: 0;
	}
	.linklist li {
		padding: 2px 0;
	}
	.sidebar {
		float: left;
		width: 320px;
	}
	.bar-wrapper {
		max-width: 1100px;
		margin: 0 auto;
	}
	.bar-wrapper.has-sidebar {
		max-width: 1430px;
	}
	.mainbar {
		margin: 0;
		padding-right: 1px;
	}
	.mainbar.has-sidebar {
		margin-left: 330px;
	}
	@media (min-width: 1511px) {
		.sidebar {
			width: 400px;
		}
		.bar-wrapper.has-sidebar {
			max-width: 1510px;
		}
		.mainbar.has-sidebar {
			margin-left: 410px;
		}
	}
	.section.first-section {
		margin-top: 9px;
	}
	.blocklink small {
		white-space: normal;
	}
	.button {
		vertical-align: middle;
	}
	.replay-controls {
		padding-top: 10px;
	}
	.replay-controls h1 {
		font-size: 16pt;
		font-weight: normal;
		color: #CCC;
	}
	.pagelink {
		text-align: center;
	}
	.pagelink a {
		width: 150px;
	}
	.textbox, .button {
		font-size: 11pt;
		vertical-align: middle;
	}
	@media (max-width: 450px) {
		.button {
			font-size: 9pt;
		}
	}
</style>

<div>

	<header>
		<div class="nav-wrapper"><ul class="nav">
			<li><a class="button nav-first" href="//pokemonshowdown.com/"><img src="//pokemonshowdown.com/images/pokemonshowdownbeta.png" srcset="//pokemonshowdown.com/images/pokemonshowdownbeta.png 1x, //pokemonshowdown.com/images/pokemonshowdownbeta@2x.png 2x" alt="Pok&eacute;mon Showdown" width="146" height="44" /> Home</a></li>
			<li><a class="button" href="//pokemonshowdown.com/dex/">Pok&eacute;dex</a></li>
			<li><a class="button cur" href="/">Replays</a></li>
			<li><a class="button" href="//pokemonshowdown.com/ladder/">Ladder</a></li>
			<li><a class="button nav-last" href="//pokemonshowdown.com/forums/">Forum</a></li>
			<li><a class="button greenbutton nav-first nav-last" href="//play.pokemonshowdown.com/">Play</a></li>
		</ul></div>
	</header>

	<div class="main" id="main">

		<noscript><section class="section">You need to enable JavaScript to use this page; sorry!</section></noscript>

	</div>

</div>

<script defer nomodule src="//play.pokemonshowdown.com/js/lib/ps-polyfill.js"></script>
<script defer src="//play.pokemonshowdown.com/js/lib/preact.min.js"></script>

<script defer src="//play.pokemonshowdown.com/config/config.js?2bddbc15"></script>
<script defer src="//play.pokemonshowdown.com/js/lib/jquery-1.11.0.min.js"></script>
<script defer src="//play.pokemonshowdown.com/js/lib/html-sanitizer-minified.js"></script>
<script defer src="//play.pokemonshowdown.com/js/battle-sound.js"></script>
<script defer src="//play.pokemonshowdown.com/js/battledata.js?0.7209276989879541"></script>
<script defer src="//play.pokemonshowdown.com/data/pokedex-mini.js?0.6111056340867951"></script>
<script defer src="//play.pokemonshowdown.com/data/pokedex-mini-bw.js?0.3532142036491459"></script>
<script defer src="//play.pokemonshowdown.com/data/graphics.js?0.24223875632456182"></script>
<script defer src="//play.pokemonshowdown.com/data/pokedex.js?0.38839984266356864"></script>
<script defer src="//play.pokemonshowdown.com/data/moves.js?0.21866028504024015"></script>
<script defer src="//play.pokemonshowdown.com/data/abilities.js?0.2005157953846628"></script>
<script defer src="//play.pokemonshowdown.com/data/items.js?0.9894211263848525"></script>
<script defer src="//play.pokemonshowdown.com/data/teambuilder-tables.js?0.6008791140282215"></script>
<script defer src="//play.pokemonshowdown.com/js/battle-tooltips.js?0.7580118955022959"></script>
<script defer src="//play.pokemonshowdown.com/js/battle.js?0.6057722274234274"></script>

<script defer src="js/utils.js?e31f9a17"></script>
<script defer src="js/replays-battle.js?7008c182"></script>

<!-- don't scrape this data! just add .json or .log after the URL!
Full API docs: https://github.com/smogon/pokemon-showdown-client/blob/master/WEB-API.md -->
<script type="text/plain" class="log" id="replaylog-smogtours-gen3ou-804764">
|inactive|Battle timer is ON: inactive players will automatically lose when time's up.
|t:|1730745156
|gametype|singles
|player|p1|Beignet2|265|
|player|p2|voyager|acetrainerf-gen2|
|teamsize|p1|6
|teamsize|p2|6
|gen|3
|tier|[Gen 3] OU
|rule|Sleep Clause Mod: Limit one foe put to sleep
|rule|Switch Priority Clause Mod: Faster Pokémon switch first
|rule|Species Clause: Limit one of each Pokémon
|rule|OHKO Clause: OHKO moves are banned
|rule|Evasion Items Clause: Evasion items are banned
|rule|Evasion Moves Clause: Evasion moves are banned
|rule|Endless Battle Clause: Forcing endless battles is banned
|rule|HP Percentage Mod: HP is shown in percentages
|rule|One Boost Passer Clause: Limit one Baton Passer that has a way to boost its stats
|rule|Freeze Clause Mod: Limit one foe frozen
|
|t:|1730745156
|start
|switch|p1a: Zapdos|Zapdos|100/100
|switch|p2a: Zapdos|Zapdos|100/100
|turn|1
|c|☆voyager|hf
|
|t:|1730745161
|move|p1a: Zapdos|Baton Pass|p1a: Zapdos
|
|t:|1730745163
|switch|p1a: Blissey|Blissey, F|100/100|[from] Baton Pass
|move|p2a: Zapdos|Toxic|p1a: Blissey|[miss]
|-miss|p2a: Zapdos|p1a: Blissey
|
|upkeep
|turn|2
|
|t:|1730745168
|move|p2a: Zapdos|Toxic|p1a: Blissey
|-status|p1a: Blissey|tox
|move|p1a: Blissey|Ice Beam|p2a: Zapdos
|-supereffective|p2a: Zapdos
|-damage|p2a: Zapdos|62/100
|
|-heal|p2a: Zapdos|68/100|[from] item: Leftovers
|-damage|p1a: Blissey|94/100 tox|[from] psn
|upkeep
|turn|3
|
|t:|1730745175
|switch|p2a: Suicune|Suicune|100/100
|move|p1a: Blissey|Thunderbolt|p2a: Suicune
|-supereffective|p2a: Suicune
|-damage|p2a: Suicune|66/100
|
|-heal|p2a: Suicune|72/100|[from] item: Leftovers
|-heal|p1a: Blissey|100/100 tox|[from] item: Leftovers
|-damage|p1a: Blissey|88/100 tox|[from] psn
|upkeep
|turn|4
|
|t:|1730745186
|-curestatus|p1a: Blissey|tox|[from] ability: Natural Cure
|switch|p1a: Ludicolo|Ludicolo, M|100/100
|move|p2a: Suicune|Roar|p1a: Ludicolo
|drag|p1a: Swampert|Swampert, M|100/100
|
|-heal|p2a: Suicune|78/100|[from] item: Leftovers
|upkeep
|turn|5
|
|t:|1730745190
|switch|p2a: Skarmory|Skarmory, M|100/100
|move|p1a: Swampert|Toxic|p2a: Skarmory
|-immune|p2a: Skarmory
|
|upkeep
|turn|6
|
|t:|1730745196
|switch|p1a: Zapdos|Zapdos|100/100
|move|p2a: Skarmory|Spikes|p1a: Zapdos
|-sidestart|p1: Beignet2|Spikes
|
|upkeep
|turn|7
|
|t:|1730745203
|switch|p2a: Claydol|Claydol|100/100
|move|p1a: Zapdos|Agility|p1a: Zapdos
|-boost|p1a: Zapdos|spe|2
|
|upkeep
|turn|8
|
|t:|1730745212
|switch|p1a: Dugtrio|Dugtrio, F|100/100
|-damage|p1a: Dugtrio|88/100|[from] Spikes
|move|p2a: Claydol|Psychic|p1a: Dugtrio
|-damage|p1a: Dugtrio|53/100
|
|upkeep
|turn|9
|
|t:|1730745217
|switch|p2a: Skarmory|Skarmory, M|100/100
|move|p1a: Dugtrio|Hidden Power|p2a: Skarmory
|-resisted|p2a: Skarmory
|-damage|p2a: Skarmory|95/100
|
|-heal|p2a: Skarmory|100/100|[from] item: Leftovers
|upkeep
|turn|10
|
|t:|1730745223
|switch|p1a: Zapdos|Zapdos|100/100
|move|p2a: Skarmory|Spikes|p1a: Zapdos
|-sidestart|p1: Beignet2|Spikes
|
|upkeep
|turn|11
|
|t:|1730745228
|switch|p2a: Blissey|Blissey, F|100/100
|move|p1a: Zapdos|Hidden Power|p2a: Blissey
|-damage|p2a: Blissey|90/100
|
|-heal|p2a: Blissey|96/100|[from] item: Leftovers
|upkeep
|turn|12
|
|t:|1730745233
|move|p1a: Zapdos|Baton Pass|p1a: Zapdos
|
|t:|1730745236
|switch|p1a: Blissey|Blissey, F|88/100|[from] Baton Pass
|-damage|p1a: Blissey|72/100|[from] Spikes
|move|p2a: Blissey|Ice Beam|p1a: Blissey
|-damage|p1a: Blissey|63/100
|
|-heal|p1a: Blissey|69/100|[from] item: Leftovers
|-heal|p2a: Blissey|100/100|[from] item: Leftovers
|upkeep
|turn|13
|
|t:|1730745243
|switch|p2a: Claydol|Claydol|100/100
|move|p1a: Blissey|Soft-Boiled|p1a: Blissey
|-heal|p1a: Blissey|100/100
|
|upkeep
|turn|14
|
|t:|1730745247
|move|p2a: Claydol|Earthquake|p1a: Blissey
|-damage|p1a: Blissey|68/100
|move|p1a: Blissey|Ice Beam|p2a: Claydol
|-supereffective|p2a: Claydol
|-damage|p2a: Claydol|60/100
|
|-heal|p2a: Claydol|66/100|[from] item: Leftovers
|-heal|p1a: Blissey|74/100|[from] item: Leftovers
|upkeep
|turn|15
|
|t:|1730745252
|switch|p2a: Skarmory|Skarmory, M|100/100
|switch|p1a: Dugtrio|Dugtrio, F|53/100
|-damage|p1a: Dugtrio|37/100|[from] Spikes
|
|upkeep
|turn|16
|
|t:|1730745255
|switch|p1a: Zapdos|Zapdos|100/100
|move|p2a: Skarmory|Spikes|p1a: Zapdos
|-sidestart|p1: Beignet2|Spikes
|
|upkeep
|turn|17
|
|t:|1730745258
|switch|p2a: Blissey|Blissey, F|100/100
|move|p1a: Zapdos|Baton Pass|p1a: Zapdos
|
|t:|1730745261
|switch|p1a: Dugtrio|Dugtrio, F|37/100|[from] Baton Pass
|-damage|p1a: Dugtrio|12/100|[from] Spikes
|
|upkeep
|turn|18
|
|t:|1730745263
|move|p1a: Dugtrio|Earthquake|p2a: Blissey
|-damage|p2a: Blissey|43/100
|move|p2a: Blissey|Seismic Toss|p1a: Dugtrio
|-damage|p1a: Dugtrio|0 fnt
|faint|p1a: Dugtrio
|
|t:|1730745270
|switch|p1a: Swampert|Swampert, M|100/100
|-damage|p1a: Swampert|76/100|[from] Spikes
|
|-heal|p1a: Swampert|82/100|[from] item: Leftovers
|-heal|p2a: Blissey|49/100|[from] item: Leftovers
|upkeep
|turn|19
|
|t:|1730745273
|switch|p2a: Suicune|Suicune|78/100
|move|p1a: Swampert|Toxic|p2a: Suicune
|-status|p2a: Suicune|tox
|
|-heal|p2a: Suicune|84/100 tox|[from] item: Leftovers
|-damage|p2a: Suicune|78/100 tox|[from] psn
|-heal|p1a: Swampert|88/100|[from] item: Leftovers
|upkeep
|turn|20
|
|t:|1730745278
|move|p2a: Suicune|Surf|p1a: Swampert
|-damage|p1a: Swampert|60/100
|move|p1a: Swampert|Surf|p2a: Suicune
|-resisted|p2a: Suicune
|-crit|p2a: Suicune
|-damage|p2a: Suicune|58/100 tox
|
|-heal|p2a: Suicune|64/100 tox|[from] item: Leftovers
|-damage|p2a: Suicune|52/100 tox|[from] psn
|-heal|p1a: Swampert|66/100|[from] item: Leftovers
|upkeep
|turn|21
|
|t:|1730745282
|switch|p1a: Zapdos|Zapdos|100/100
|move|p2a: Suicune|Rest|p2a: Suicune
|-status|p2a: Suicune|slp|[from] move: Rest
|-heal|p2a: Suicune|100/100 slp|[silent]
|
|upkeep
|turn|22
|
|t:|1730745285
|switch|p2a: Blissey|Blissey, F|49/100
|move|p1a: Zapdos|Hidden Power|p2a: Blissey
|-damage|p2a: Blissey|39/100
|
|-heal|p2a: Blissey|45/100|[from] item: Leftovers
|upkeep
|turn|23
|
|t:|1730745289
|move|p1a: Zapdos|Thunderbolt|p2a: Blissey
|-damage|p2a: Blissey|26/100
|move|p2a: Blissey|Soft-Boiled|p2a: Blissey
|-heal|p2a: Blissey|76/100
|
|-heal|p2a: Blissey|82/100|[from] item: Leftovers
|upkeep
|turn|24
|
|t:|1730745296
|switch|p1a: Blissey|Blissey, F|74/100
|-damage|p1a: Blissey|49/100|[from] Spikes
|move|p2a: Blissey|Aromatherapy|p2a: Blissey
|-cureteam|p2a: Blissey|[from] move: Aromatherapy
|
|-heal|p1a: Blissey|55/100|[from] item: Leftovers
|-heal|p2a: Blissey|88/100|[from] item: Leftovers
|upkeep
|turn|25
|
|t:|1730745301
|switch|p2a: Suicune|Suicune|100/100
|move|p1a: Blissey|Calm Mind|p1a: Blissey
|-boost|p1a: Blissey|spa|1
|-boost|p1a: Blissey|spd|1
|
|-heal|p1a: Blissey|61/100|[from] item: Leftovers
|upkeep
|turn|26
|
|t:|1730745308
|move|p1a: Blissey|Thunderbolt|p2a: Suicune
|-supereffective|p2a: Suicune
|-damage|p2a: Suicune|45/100
|move|p2a: Suicune|Roar|p1a: Blissey
|drag|p1a: Ludicolo|Ludicolo, M|100/100
|-damage|p1a: Ludicolo|76/100|[from] Spikes
|
|-heal|p2a: Suicune|51/100|[from] item: Leftovers
|-heal|p1a: Ludicolo|82/100|[from] item: Leftovers
|upkeep
|turn|27
|
|t:|1730745312
|switch|p2a: Blissey|Blissey, F|88/100
|move|p1a: Ludicolo|Leech Seed|p2a: Blissey
|-start|p2a: Blissey|move: Leech Seed
|
|-heal|p1a: Ludicolo|88/100|[from] item: Leftovers
|-heal|p2a: Blissey|94/100|[from] item: Leftovers
|-damage|p2a: Blissey|82/100|[from] Leech Seed|[of] p1a: Ludicolo
|-heal|p1a: Ludicolo|100/100|[silent]
|upkeep
|turn|28
|
|t:|1730745318
|switch|p2a: Zapdos|Zapdos|68/100
|move|p1a: Ludicolo|Ice Beam|p2a: Zapdos
|-supereffective|p2a: Zapdos
|-damage|p2a: Zapdos|23/100
|
|-heal|p2a: Zapdos|29/100|[from] item: Leftovers
|upkeep
|turn|29
|
|t:|1730745322
|switch|p2a: Blissey|Blissey, F|82/100
|move|p1a: Ludicolo|Ice Beam|p2a: Blissey
|-damage|p2a: Blissey|69/100
|
|-heal|p2a: Blissey|75/100|[from] item: Leftovers
|upkeep
|turn|30
|
|t:|1730745324
|move|p1a: Ludicolo|Leech Seed|p2a: Blissey
|-start|p2a: Blissey|move: Leech Seed
|move|p2a: Blissey|Seismic Toss|p1a: Ludicolo
|-damage|p1a: Ludicolo|71/100
|
|-heal|p1a: Ludicolo|77/100|[from] item: Leftovers
|-heal|p2a: Blissey|82/100|[from] item: Leftovers
|-damage|p2a: Blissey|69/100|[from] Leech Seed|[of] p1a: Ludicolo
|-heal|p1a: Ludicolo|100/100|[silent]
|upkeep
|turn|31
|
|t:|1730745328
|switch|p2a: Skarmory|Skarmory, M|100/100
|move|p1a: Ludicolo|Ice Beam|p2a: Skarmory
|-damage|p2a: Skarmory|76/100
|
|-heal|p2a: Skarmory|82/100|[from] item: Leftovers
|upkeep
|turn|32
|
|t:|1730745333
|move|p2a: Skarmory|Protect|p2a: Skarmory
|-singleturn|p2a: Skarmory|Protect
|move|p1a: Ludicolo|Leech Seed|p2a: Skarmory|[miss]
|-miss|p1a: Ludicolo|p2a: Skarmory
|
|-heal|p2a: Skarmory|88/100|[from] item: Leftovers
|upkeep
|turn|33
|
|t:|1730745340
|move|p1a: Ludicolo|Leech Seed|p2a: Skarmory
|-start|p2a: Skarmory|move: Leech Seed
|move|p2a: Skarmory|Drill Peck|p1a: Ludicolo
|-supereffective|p1a: Ludicolo
|-damage|p1a: Ludicolo|41/100
|
|-heal|p1a: Ludicolo|47/100|[from] item: Leftovers
|-heal|p2a: Skarmory|94/100|[from] item: Leftovers
|-damage|p2a: Skarmory|82/100|[from] Leech Seed|[of] p1a: Ludicolo
|-heal|p1a: Ludicolo|59/100|[silent]
|upkeep
|turn|34
|
|t:|1730745345
|switch|p1a: Zapdos|Zapdos|100/100
|move|p2a: Skarmory|Drill Peck|p1a: Zapdos
|-resisted|p1a: Zapdos
|-damage|p1a: Zapdos|86/100
|
|-heal|p1a: Zapdos|92/100|[from] item: Leftovers
|-heal|p2a: Skarmory|88/100|[from] item: Leftovers
|-damage|p2a: Skarmory|75/100|[from] Leech Seed|[of] p1a: Zapdos
|-heal|p1a: Zapdos|100/100|[silent]
|upkeep
|turn|35
|
|t:|1730745351
|switch|p2a: Blissey|Blissey, F|69/100
|move|p1a: Zapdos|Thunderbolt|p2a: Blissey
|-damage|p2a: Blissey|46/100
|
|-heal|p2a: Blissey|52/100|[from] item: Leftovers
|upkeep
|turn|36
|
|t:|1730745357
|move|p1a: Zapdos|Thunderbolt|p2a: Blissey
|-damage|p2a: Blissey|31/100
|move|p2a: Blissey|Soft-Boiled|p2a: Blissey
|-heal|p2a: Blissey|81/100
|
|-heal|p2a: Blissey|87/100|[from] item: Leftovers
|upkeep
|turn|37
|
|t:|1730745362
|move|p1a: Zapdos|Thunderbolt|p2a: Blissey
|-damage|p2a: Blissey|67/100
|move|p2a: Blissey|Ice Beam|p1a: Zapdos
|-supereffective|p1a: Zapdos
|-damage|p1a: Zapdos|52/100
|-status|p1a: Zapdos|frz
|
|-heal|p1a: Zapdos|58/100 frz|[from] item: Leftovers
|-heal|p2a: Blissey|73/100|[from] item: Leftovers
|upkeep
|turn|38
|
|t:|1730745368
|switch|p1a: Blissey|Blissey, F|61/100
|-damage|p1a: Blissey|36/100|[from] Spikes
|move|p2a: Blissey|Seismic Toss|p1a: Blissey
|-damage|p1a: Blissey|21/100
|
|-heal|p1a: Blissey|27/100|[from] item: Leftovers
|-heal|p2a: Blissey|79/100|[from] item: Leftovers
|upkeep
|turn|39
|
|t:|1730745371
|switch|p2a: Claydol|Claydol|66/100
|move|p1a: Blissey|Soft-Boiled|p1a: Blissey
|-heal|p1a: Blissey|77/100
|
|-heal|p2a: Claydol|72/100|[from] item: Leftovers
|-heal|p1a: Blissey|83/100|[from] item: Leftovers
|upkeep
|turn|40
|
|t:|1730745374
|move|p2a: Claydol|Earthquake|p1a: Blissey
|-damage|p1a: Blissey|54/100
|move|p1a: Blissey|Ice Beam|p2a: Claydol
|-supereffective|p2a: Claydol
|-damage|p2a: Claydol|30/100
|
|-heal|p2a: Claydol|37/100|[from] item: Leftovers
|-heal|p1a: Blissey|60/100|[from] item: Leftovers
|upkeep
|turn|41
|
|t:|1730745386
|switch|p1a: Zapdos|Zapdos|58/100 frz
|move|p2a: Claydol|Earthquake|p1a: Zapdos
|-immune|p1a: Zapdos
|
|-heal|p1a: Zapdos|65/100 frz|[from] item: Leftovers
|-heal|p2a: Claydol|43/100|[from] item: Leftovers
|upkeep
|turn|42
|
|t:|1730745390
|switch|p2a: Blissey|Blissey, F|79/100
|cant|p1a: Zapdos|frz
|
|-heal|p1a: Zapdos|71/100 frz|[from] item: Leftovers
|-heal|p2a: Blissey|86/100|[from] item: Leftovers
|upkeep
|turn|43
|
|t:|1730745394
|switch|p1a: Blissey|Blissey, F|60/100
|-damage|p1a: Blissey|35/100|[from] Spikes
|switch|p2a: Claydol|Claydol|43/100
|
|-heal|p2a: Claydol|49/100|[from] item: Leftovers
|-heal|p1a: Blissey|41/100|[from] item: Leftovers
|upkeep
|turn|44
|
|t:|1730745398
|move|p2a: Claydol|Explosion|p1a: Blissey
|-damage|p1a: Blissey|0 fnt
|faint|p2a: Claydol
|faint|p1a: Blissey
|
|t:|1730745409
|switch|p2a: Zapdos|Zapdos|29/100
|switch|p1a: Swampert|Swampert, M|66/100
|-damage|p1a: Swampert|41/100|[from] Spikes
|
|-heal|p2a: Zapdos|35/100|[from] item: Leftovers
|-heal|p1a: Swampert|47/100|[from] item: Leftovers
|upkeep
|turn|45
|
|t:|1730745412
|move|p1a: Swampert|Protect|p1a: Swampert
|-singleturn|p1a: Swampert|Protect
|move|p2a: Zapdos|Rest|p2a: Zapdos
|-status|p2a: Zapdos|slp|[from] move: Rest
|-heal|p2a: Zapdos|100/100 slp|[silent]
|
|-heal|p1a: Swampert|53/100|[from] item: Leftovers
|upkeep
|turn|46
|
|t:|1730745415
|switch|p2a: Skarmory|Skarmory, M|75/100
|move|p1a: Swampert|Surf|p2a: Skarmory
|-damage|p2a: Skarmory|48/100
|
|-heal|p2a: Skarmory|54/100|[from] item: Leftovers
|-heal|p1a: Swampert|60/100|[from] item: Leftovers
|upkeep
|turn|47
|
|t:|1730745419
|move|p2a: Skarmory|Protect|p2a: Skarmory
|-singleturn|p2a: Skarmory|Protect
|move|p1a: Swampert|Surf|p2a: Skarmory
|-activate|p2a: Skarmory|Protect
|
|-heal|p2a: Skarmory|60/100|[from] item: Leftovers
|-heal|p1a: Swampert|66/100|[from] item: Leftovers
|upkeep
|turn|48
|
|t:|1730745421
|switch|p2a: Blissey|Blissey, F|86/100
|move|p1a: Swampert|Surf|p2a: Blissey
|-damage|p2a: Blissey|74/100
|
|-heal|p1a: Swampert|72/100|[from] item: Leftovers
|-heal|p2a: Blissey|80/100|[from] item: Leftovers
|upkeep
|turn|49
|
|t:|1730745425
|switch|p2a: Suicune|Suicune|51/100
|move|p1a: Swampert|Toxic|p2a: Suicune
|-status|p2a: Suicune|tox
|
|-heal|p2a: Suicune|57/100 tox|[from] item: Leftovers
|-damage|p2a: Suicune|51/100 tox|[from] psn
|-heal|p1a: Swampert|78/100|[from] item: Leftovers
|upkeep
|turn|50
|
|t:|1730745429
|switch|p1a: Ludicolo|Ludicolo, M|59/100
|-damage|p1a: Ludicolo|34/100|[from] Spikes
|move|p2a: Suicune|Rest|p2a: Suicune
|-status|p2a: Suicune|slp|[from] move: Rest
|-heal|p2a: Suicune|100/100 slp|[silent]
|
|-heal|p1a: Ludicolo|41/100|[from] item: Leftovers
|upkeep
|turn|51
|
|t:|1730745433
|switch|p2a: Skarmory|Skarmory, M|60/100
|move|p1a: Ludicolo|Leech Seed|p2a: Skarmory
|-start|p2a: Skarmory|move: Leech Seed
|
|-heal|p1a: Ludicolo|47/100|[from] item: Leftovers
|-heal|p2a: Skarmory|66/100|[from] item: Leftovers
|-damage|p2a: Skarmory|53/100|[from] Leech Seed|[of] p1a: Ludicolo
|-heal|p1a: Ludicolo|59/100|[silent]
|upkeep
|turn|52
|
|t:|1730745437
|switch|p1a: Zapdos|Zapdos|71/100 frz
|move|p2a: Skarmory|Drill Peck|p1a: Zapdos
|-resisted|p1a: Zapdos
|-damage|p1a: Zapdos|57/100 frz
|
|-heal|p1a: Zapdos|63/100 frz|[from] item: Leftovers
|-heal|p2a: Skarmory|59/100|[from] item: Leftovers
|-damage|p2a: Skarmory|47/100|[from] Leech Seed|[of] p1a: Zapdos
|-heal|p1a: Zapdos|76/100 frz|[silent]
|upkeep
|turn|53
|
|t:|1730745442
|switch|p2a: Blissey|Blissey, F|80/100
|cant|p1a: Zapdos|frz
|
|-heal|p1a: Zapdos|82/100 frz|[from] item: Leftovers
|-heal|p2a: Blissey|86/100|[from] item: Leftovers
|upkeep
|turn|54
|
|t:|1730745446
|switch|p1a: Swampert|Swampert, M|78/100
|-damage|p1a: Swampert|53/100|[from] Spikes
|move|p2a: Blissey|Aromatherapy|p2a: Blissey
|-cureteam|p2a: Blissey|[from] move: Aromatherapy
|
|-heal|p1a: Swampert|60/100|[from] item: Leftovers
|-heal|p2a: Blissey|92/100|[from] item: Leftovers
|upkeep
|turn|55
|
|t:|1730745449
|move|p1a: Swampert|Protect|p1a: Swampert
|-singleturn|p1a: Swampert|Protect
|move|p2a: Blissey|Seismic Toss|p1a: Swampert
|-activate|p1a: Swampert|Protect
|
|-heal|p1a: Swampert|66/100|[from] item: Leftovers
|-heal|p2a: Blissey|98/100|[from] item: Leftovers
|upkeep
|turn|56
|
|t:|1730745452
|move|p1a: Swampert|Toxic|p2a: Blissey
|-status|p2a: Blissey|tox
|move|p2a: Blissey|Seismic Toss|p1a: Swampert
|-damage|p1a: Swampert|41/100
|
|-heal|p1a: Swampert|47/100|[from] item: Leftovers
|-heal|p2a: Blissey|100/100 tox|[from] item: Leftovers
|-damage|p2a: Blissey|94/100 tox|[from] psn
|upkeep
|turn|57
|
|t:|1730745456
|-curestatus|p2a: Blissey|tox|[from] ability: Natural Cure
|switch|p2a: Skarmory|Skarmory, M|47/100
|move|p1a: Swampert|Protect||[still]
|-fail|p1a: Swampert
|
|-heal|p2a: Skarmory|53/100|[from] item: Leftovers
|-heal|p1a: Swampert|53/100|[from] item: Leftovers
|upkeep
|turn|58
|
|t:|1730745460
|move|p2a: Skarmory|Protect|p2a: Skarmory
|-singleturn|p2a: Skarmory|Protect
|move|p1a: Swampert|Surf|p2a: Skarmory
|-activate|p2a: Skarmory|Protect
|
|-heal|p2a: Skarmory|59/100|[from] item: Leftovers
|-heal|p1a: Swampert|60/100|[from] item: Leftovers
|upkeep
|turn|59
|
|t:|1730745462
|switch|p2a: Suicune|Suicune|100/100
|move|p1a: Swampert|Surf|p2a: Suicune
|-resisted|p2a: Suicune
|-damage|p2a: Suicune|89/100
|
|-heal|p2a: Suicune|96/100|[from] item: Leftovers
|-heal|p1a: Swampert|66/100|[from] item: Leftovers
|upkeep
|turn|60
|
|t:|1730745464
|move|p2a: Suicune|Surf|p1a: Swampert
|-damage|p1a: Swampert|39/100
|move|p1a: Swampert|Toxic|p2a: Suicune
|-status|p2a: Suicune|tox
|
|-heal|p2a: Suicune|100/100 tox|[from] item: Leftovers
|-damage|p2a: Suicune|94/100 tox|[from] psn
|-heal|p1a: Swampert|46/100|[from] item: Leftovers
|upkeep
|turn|61
|
|t:|1730745466
|move|p1a: Swampert|Protect|p1a: Swampert
|-singleturn|p1a: Swampert|Protect
|move|p2a: Suicune|Surf|p1a: Swampert
|-activate|p1a: Swampert|Protect
|
|-heal|p2a: Suicune|100/100 tox|[from] item: Leftovers
|-damage|p2a: Suicune|88/100 tox|[from] psn
|-heal|p1a: Swampert|52/100|[from] item: Leftovers
|upkeep
|turn|62
|
|t:|1730745471
|switch|p1a: Ludicolo|Ludicolo, M|59/100
|-damage|p1a: Ludicolo|34/100|[from] Spikes
|move|p2a: Suicune|Roar|p1a: Ludicolo
|drag|p1a: Zapdos|Zapdos|82/100 frz
|
|-heal|p1a: Zapdos|89/100 frz|[from] item: Leftovers
|-heal|p2a: Suicune|94/100 tox|[from] item: Leftovers
|-damage|p2a: Suicune|76/100 tox|[from] psn
|upkeep
|turn|63
|
|t:|1730745474
|switch|p2a: Blissey|Blissey, F|94/100
|cant|p1a: Zapdos|frz
|
|-heal|p1a: Zapdos|95/100 frz|[from] item: Leftovers
|-heal|p2a: Blissey|100/100|[from] item: Leftovers
|upkeep
|turn|64
|
|t:|1730745479
|-curestatus|p1a: Zapdos|frz|[msg]
|move|p1a: Zapdos|Thunderbolt|p2a: Blissey
|-damage|p2a: Blissey|78/100
|move|p2a: Blissey|Ice Beam|p1a: Zapdos
|-supereffective|p1a: Zapdos
|-damage|p1a: Zapdos|48/100
|
|-heal|p1a: Zapdos|55/100|[from] item: Leftovers
|-heal|p2a: Blissey|85/100|[from] item: Leftovers
|upkeep
|turn|65
|
|t:|1730745487
|move|p1a: Zapdos|Thunderbolt|p2a: Blissey
|-damage|p2a: Blissey|65/100
|move|p2a: Blissey|Ice Beam|p1a: Zapdos
|-supereffective|p1a: Zapdos
|-damage|p1a: Zapdos|5/100
|
|-heal|p1a: Zapdos|11/100|[from] item: Leftovers
|-heal|p2a: Blissey|71/100|[from] item: Leftovers
|upkeep
|turn|66
|
|t:|1730745494
|move|p1a: Zapdos|Thunderbolt|p2a: Blissey
|-damage|p2a: Blissey|50/100
|move|p2a: Blissey|Soft-Boiled|p2a: Blissey
|-heal|p2a: Blissey|100/100
|
|-heal|p1a: Zapdos|18/100|[from] item: Leftovers
|upkeep
|turn|67
|
|t:|1730745498
|move|p1a: Zapdos|Thunderbolt|p2a: Blissey
|-damage|p2a: Blissey|79/100
|-status|p2a: Blissey|par
|move|p2a: Blissey|Seismic Toss|p1a: Zapdos
|-damage|p1a: Zapdos|0 fnt
|faint|p1a: Zapdos
|
|t:|1730745500
|switch|p1a: Kingdra|Kingdra, M|100/100
|-damage|p1a: Kingdra|76/100|[from] Spikes
|
|-heal|p2a: Blissey|85/100 par|[from] item: Leftovers
|upkeep
|turn|68
|
|t:|1730745504
|move|p1a: Kingdra|Rain Dance|p1a: Kingdra
|-weather|RainDance
|move|p2a: Blissey|Seismic Toss|p1a: Kingdra
|-damage|p1a: Kingdra|44/100
|
|-weather|RainDance|[upkeep]
|-heal|p2a: Blissey|91/100 par|[from] item: Leftovers
|upkeep
|turn|69
|
|t:|1730745512
|move|p1a: Kingdra|Surf|p2a: Blissey
|-damage|p2a: Blissey|63/100 par
|move|p2a: Blissey|Seismic Toss|p1a: Kingdra
|-damage|p1a: Kingdra|12/100
|
|-weather|RainDance|[upkeep]
|-heal|p2a: Blissey|69/100 par|[from] item: Leftovers
|upkeep
|turn|70
|
|t:|1730745515
|move|p1a: Kingdra|Surf|p2a: Blissey
|-damage|p2a: Blissey|41/100 par
|cant|p2a: Blissey|par
|
|-weather|RainDance|[upkeep]
|-heal|p2a: Blissey|47/100 par|[from] item: Leftovers
|upkeep
|turn|71
|
|t:|1730745519
|move|p1a: Kingdra|Surf|p2a: Blissey
|-damage|p2a: Blissey|21/100 par
|cant|p2a: Blissey|par
|
|-weather|RainDance|[upkeep]
|-heal|p2a: Blissey|27/100 par|[from] item: Leftovers
|upkeep
|turn|72
|
|t:|1730745523
|move|p1a: Kingdra|Surf|p2a: Blissey
|-damage|p2a: Blissey|0 fnt
|faint|p2a: Blissey
|
|t:|1730745525
|switch|p2a: Dugtrio|Dugtrio, M|100/100
|
|-weather|none
|upkeep
|turn|73
|
|t:|1730745529
|move|p2a: Dugtrio|Earthquake|p1a: Kingdra
|-damage|p1a: Kingdra|0 fnt
|faint|p1a: Kingdra
|
|t:|1730745530
|switch|p1a: Swampert|Swampert, M|52/100
|-damage|p1a: Swampert|27/100|[from] Spikes
|
|-heal|p1a: Swampert|33/100|[from] item: Leftovers
|upkeep
|turn|74
|
|t:|1730745533
|move|p1a: Swampert|Protect|p1a: Swampert
|-singleturn|p1a: Swampert|Protect
|move|p2a: Dugtrio|Earthquake|p1a: Swampert
|-activate|p1a: Swampert|Protect
|
|-heal|p1a: Swampert|39/100|[from] item: Leftovers
|upkeep
|turn|75
|
|t:|1730745536
|move|p2a: Dugtrio|Earthquake|p1a: Swampert
|-damage|p1a: Swampert|0 fnt
|faint|p1a: Swampert
|
|t:|1730745538
|switch|p1a: Ludicolo|Ludicolo, M|34/100
|-damage|p1a: Ludicolo|9/100|[from] Spikes
|
|-heal|p1a: Ludicolo|16/100|[from] item: Leftovers
|upkeep
|turn|76
|
|t:|1730745541
|move|p2a: Dugtrio|Earthquake|p1a: Ludicolo
|-resisted|p1a: Ludicolo
|-damage|p1a: Ludicolo|0 fnt
|faint|p1a: Ludicolo
|
|win|voyager
|c|☆voyager|ggs
|c|☆Beignet2|ggs

</script>
<script type="application/json" class="data" id="replaydata-smogtours-gen3ou-804764">
{"id":"smogtours-gen3ou-804764","format":"[Gen 3] OU","players":["Beignet2","voyager"],"uploadtime":1730745541,"views":49,"formatid":"gen3ou","rating":null,"private":0,"password":null}
</script>

<script defer src="js/replays.js?9d40a366"></script>
