<!DOCTYPE html>
<meta charset="utf-8" />
<meta name="viewport" content="width=device-width" />

<title>[Gen 3] OU: jimothy non-subs vs. NoBottlecapsBlisy - Replays - Pok&eacute;mon Showdown!</title>

<meta name="description" content="Watch a replay of a Pok&eacute;mon battle between jimothy non-subs and NoBottlecapsBlisy! Format: [Gen 3] OU; Date: Oct 25, 2024" />
<!--

Hey, you! Looking in the source for the replay log?

You can find them in JSON format, just add `.json` at the end of a replay URL.

https://replay.pokemonshowdown.com/gen7randomdoublesbattle-865046831.json

Or, if you only need the log itself, add `.log` instead:

https://replay.pokemonshowdown.com/gen7randomdoublesbattle-865046831.log

-->

<link rel="stylesheet" href="//pokemonshowdown.com/style/global.css?0.023195364461161105" />
<link rel="stylesheet" href="//play.pokemonshowdown.com/style/font-awesome.css?0.13261647063804238" />
<link rel="stylesheet" href="//play.pokemonshowdown.com/style/battle.css?0.8753245789963631" />
<link rel="stylesheet" href="//play.pokemonshowdown.com/style/utilichart.css?0.8627959624976733" />

<!-- Global site tag (gtag.js) - Google Analytics -->
<script async src="https://www.googletagmanager.com/gtag/js?id=UA-26211653-1"></script>
<script>
  window.dataLayer = window.dataLayer || [];
  function gtag(){dataLayer.push(arguments);}
  gtag('js', new Date());

  gtag('config', 'UA-26211653-1');
</script>
<!-- End Google Analytics -->
<!-- Venatus Ad Manager - Install in <HEAD> of page -->
	<script src="https://hb.vntsm.com/v3/live/ad-manager.min.js" type="text/javascript" data-site-id="642aba63ec9a7b11c3c9c1be" data-mode="scan" async></script>
<!-- / Venatus Ad Manager -->

<style>
	@media (max-width:820px) {
		.battle {
			margin: 0 auto;
		}
		.battle-log {
			margin: 7px auto 0;
			max-width: 640px;
			height: 300px;
			position: static;
		}
	}
	.optgroup {
		display: inline-block;
		line-height: 22px;
		font-size: 10pt;
	}
	.optgroup .button {
		height: 25px;
		padding-top: 0;
		padding-bottom: 0;
	}
	.optgroup button.button {
		padding-left: 12px;
		padding-right: 12px;
	}
	.linklist {
		list-style: none;
		margin: 0.5em 0;
		padding: 0;
	}
	.linklist li {
		padding: 2px 0;
	}
	.sidebar {
		float: left;
		width: 320px;
	}
	.bar-wrapper {
		max-width: 1100px;
		margin: 0 auto;
	}
	.bar-wrapper.has-sidebar {
		max-width: 1430px;
	}
	.mainbar {
		margin: 0;
		padding-right: 1px;
	}
	.mainbar.has-sidebar {
		margin-left: 330px;
	}
	@media (min-width: 1511px) {
		.sidebar {
			width: 400px;
		}
		.bar-wrapper.has-sidebar {
			max-width: 1510px;
		}
		.mainbar.has-sidebar {
			margin-left: 410px;
		}
	}
	.section.first-section {
		margin-top: 9px;
	}
	.blocklink small {
		white-space: normal;
	}
	.button {
		vertical-align: middle;
	}
	.replay-controls {
		padding-top: 10px;
	}
	.replay-controls h1 {
		font-size: 16pt;
		font-weight: normal;
		color: #CCC;
	}
	.pagelink {
		text-align: center;
	}
	.pagelink a {
		width: 150px;
	}
	.textbox, .button {
		font-size: 11pt;
		vertical-align: middle;
	}
	@media (max-width: 450px) {
		.button {
			font-size: 9pt;
		}
	}
</style>

<div>

	<header>
		<div class="nav-wrapper"><ul class="nav">
			<li><a class="button nav-first" href="//pokemonshowdown.com/"><img src="//pokemonshowdown.com/images/pokemonshowdownbeta.png" srcset="//pokemonshowdown.com/images/pokemonshowdownbeta.png 1x, //pokemonshowdown.com/images/pokemonshowdownbeta@2x.png 2x" alt="Pok&eacute;mon Showdown" width="146" height="44" /> Home</a></li>
			<li><a class="button" href="//pokemonshowdown.com/dex/">Pok&eacute;dex</a></li>
			<li><a class="button cur" href="/">Replays</a></li>
			<li><a class="button" href="//pokemonshowdown.com/ladder/">Ladder</a></li>
			<li><a class="button nav-last" href="//pokemonshowdown.com/forums/">Forum</a></li>
			<li><a class="button greenbutton nav-first nav-last" href="//play.pokemonshowdown.com/">Play</a></li>
		</ul></div>
	</header>

	<div class="main" id="main">

		<noscript><section class="section">You need to enable JavaScript to use this page; sorry!</section></noscript>

	</div>

</div>

<script defer nomodule src="//play.pokemonshowdown.com/js/lib/ps-polyfill.js"></script>
<script defer src="//play.pokemonshowdown.com/js/lib/preact.min.js"></script>

<script defer src="//play.pokemonshowdown.com/config/config.js?2bddbc15"></script>
<script defer src="//play.pokemonshowdown.com/js/lib/jquery-1.11.0.min.js"></script>
<script defer src="//play.pokemonshowdown.com/js/lib/html-sanitizer-minified.js"></script>
<script defer src="//play.pokemonshowdown.com/js/battle-sound.js"></script>
<script defer src="//play.pokemonshowdown.com/js/battledata.js?0.7209276989879541"></script>
<script defer src="//play.pokemonshowdown.com/data/pokedex-mini.js?0.6111056340867951"></script>
<script defer src="//play.pokemonshowdown.com/data/pokedex-mini-bw.js?0.3532142036491459"></script>
<script defer src="//play.pokemonshowdown.com/data/graphics.js?0.24223875632456182"></script>
<script defer src="//play.pokemonshowdown.com/data/pokedex.js?0.38839984266356864"></script>
<script defer src="//play.pokemonshowdown.com/data/moves.js?0.21866028504024015"></script>
<script defer src="//play.pokemonshowdown.com/data/abilities.js?0.2005157953846628"></script>
<script defer src="//play.pokemonshowdown.com/data/items.js?0.9894211263848525"></script>
<script defer src="//play.pokemonshowdown.com/data/teambuilder-tables.js?0.6008791140282215"></script>
<script defer src="//play.pokemonshowdown.com/js/battle-tooltips.js?0.7580118955022959"></script>
<script defer src="//play.pokemonshowdown.com/js/battle.js?0.6057722274234274"></script>

<script defer src="js/utils.js?e31f9a17"></script>
<script defer src="js/replays-battle.js?7008c182"></script>

<!-- don't scrape this data! just add .json or .log after the URL!
Full API docs: https://github.com/smogon/pokemon-showdown-client/blob/master/WEB-API.md -->
<script type="text/plain" class="log" id="replaylog-smogtours-gen3ou-801873">
|inactive|Battle timer is ON: inactive players will automatically lose when time's up.
|t:|1729882188
|gametype|singles
|player|p1|jimothy non-subs|265|
|player|p2|NoBottlecapsBlisy|alder|
|teamsize|p1|6
|teamsize|p2|6
|gen|3
|tier|[Gen 3] OU
|rule|Sleep Clause Mod: Limit one foe put to sleep
|rule|Switch Priority Clause Mod: Faster Pokémon switch first
|rule|Species Clause: Limit one of each Pokémon
|rule|OHKO Clause: OHKO moves are banned
|rule|Evasion Items Clause: Evasion items are banned
|rule|Evasion Moves Clause: Evasion moves are banned
|rule|Endless Battle Clause: Forcing endless battles is banned
|rule|HP Percentage Mod: HP is shown in percentages
|rule|One Boost Passer Clause: Limit one Baton Passer that has a way to boost its stats
|rule|Freeze Clause Mod: Limit one foe frozen
|
|t:|1729882188
|start
|switch|p1a: Mother's Day|Dugtrio, F|100/100
|switch|p2a: Transistor|Zapdos|100/100
|turn|1
|c|☆jimothy non-subs|glhf
|
|t:|1729882207
|switch|p1a: Blissey|Blissey, F|100/100
|switch|p2a: DJ Nessy|Swampert, M|100/100
|
|upkeep
|turn|2
|c|☆NoBottlecapsBlisy|u2
|
|t:|1729882221
|-singleturn|p2a: DJ Nessy|move: Focus Punch
|move|p1a: Blissey|Wish|p1a: Blissey
|move|p2a: DJ Nessy|Focus Punch|p1a: Blissey
|-supereffective|p1a: Blissey
|-damage|p1a: Blissey|40/100
|
|-heal|p1a: Blissey|46/100|[from] item: Leftovers
|upkeep
|turn|3
|
|t:|1729882233
|move|p2a: DJ Nessy|Hydro Pump|p1a: Blissey
|-damage|p1a: Blissey|28/100
|move|p1a: Blissey|Soft-Boiled|p1a: Blissey
|-heal|p1a: Blissey|78/100
|
|-heal|p1a: Blissey|100/100|[from] move: Wish|[wisher] Blissey
|upkeep
|turn|4
|
|t:|1729882240
|-singleturn|p2a: DJ Nessy|move: Focus Punch
|move|p2a: DJ Nessy|Focus Punch|p1a: Blissey
|-supereffective|p1a: Blissey
|-damage|p1a: Blissey|35/100
|move|p1a: Blissey|Counter|p2a: DJ Nessy
|-damage|p2a: DJ Nessy|0 fnt
|faint|p2a: DJ Nessy
|
|t:|1729882255
|switch|p2a: CoolLilGuy|Charizard, F|100/100
|
|-heal|p1a: Blissey|42/100|[from] item: Leftovers
|upkeep
|turn|5
|
|t:|1729882259
|switch|p1a: Milotic|Milotic, F, shiny|100/100
|move|p2a: CoolLilGuy|Substitute|p2a: CoolLilGuy
|-start|p2a: CoolLilGuy|Substitute
|-damage|p2a: CoolLilGuy|75/100
|
|-heal|p2a: CoolLilGuy|82/100|[from] item: Leftovers
|upkeep
|turn|6
|
|t:|1729882263
|move|p2a: CoolLilGuy|Hidden Power|p1a: Milotic
|-supereffective|p1a: Milotic
|-damage|p1a: Milotic|67/100
|move|p1a: Milotic|Surf|p2a: CoolLilGuy
|-supereffective|p2a: CoolLilGuy
|-end|p2a: CoolLilGuy|Substitute
|
|-heal|p2a: CoolLilGuy|88/100|[from] item: Leftovers
|-heal|p1a: Milotic|73/100|[from] item: Leftovers
|upkeep
|turn|7
|
|t:|1729882272
|move|p2a: CoolLilGuy|Substitute|p2a: CoolLilGuy
|-start|p2a: CoolLilGuy|Substitute
|-damage|p2a: CoolLilGuy|63/100
|move|p1a: Milotic|Surf|p2a: CoolLilGuy
|-supereffective|p2a: CoolLilGuy
|-end|p2a: CoolLilGuy|Substitute
|
|-heal|p2a: CoolLilGuy|69/100|[from] item: Leftovers
|-heal|p1a: Milotic|79/100|[from] item: Leftovers
|upkeep
|turn|8
|
|t:|1729882292
|move|p2a: CoolLilGuy|Substitute|p2a: CoolLilGuy
|-start|p2a: CoolLilGuy|Substitute
|-damage|p2a: CoolLilGuy|44/100
|move|p1a: Milotic|Surf|p2a: CoolLilGuy
|-supereffective|p2a: CoolLilGuy
|-end|p2a: CoolLilGuy|Substitute
|
|-heal|p2a: CoolLilGuy|50/100|[from] item: Leftovers
|-heal|p1a: Milotic|85/100|[from] item: Leftovers
|upkeep
|turn|9
|
|t:|1729882297
|switch|p2a: LRXC|Metagross|100/100
|move|p1a: Milotic|Surf|p2a: LRXC
|-damage|p2a: LRXC|69/100
|
|-heal|p1a: Milotic|91/100|[from] item: Leftovers
|-heal|p2a: LRXC|75/100|[from] item: Leftovers
|upkeep
|turn|10
|
|t:|1729882322
|move|p1a: Milotic|Recover|p1a: Milotic
|-heal|p1a: Milotic|100/100
|move|p2a: LRXC|Meteor Mash|p1a: Milotic
|-resisted|p1a: Milotic
|-crit|p1a: Milotic
|-damage|p1a: Milotic|60/100
|
|-heal|p1a: Milotic|66/100|[from] item: Leftovers
|-heal|p2a: LRXC|82/100|[from] item: Leftovers
|upkeep
|turn|11
|
|t:|1729882332
|move|p1a: Milotic|Recover|p1a: Milotic
|-heal|p1a: Milotic|100/100
|move|p2a: LRXC|Meteor Mash|p1a: Milotic
|-resisted|p1a: Milotic
|-damage|p1a: Milotic|80/100
|
|-heal|p1a: Milotic|86/100|[from] item: Leftovers
|-heal|p2a: LRXC|88/100|[from] item: Leftovers
|upkeep
|turn|12
|
|t:|1729882348
|move|p1a: Milotic|Surf|p2a: LRXC
|-damage|p2a: LRXC|54/100
|move|p2a: LRXC|Meteor Mash|p1a: Milotic
|-resisted|p1a: Milotic
|-damage|p1a: Milotic|64/100
|
|-heal|p1a: Milotic|70/100|[from] item: Leftovers
|-heal|p2a: LRXC|60/100|[from] item: Leftovers
|upkeep
|turn|13
|
|t:|1729882358
|switch|p1a: Forretress|Forretress, F|100/100
|move|p2a: LRXC|Protect||[still]
|-fail|p2a: LRXC
|
|-heal|p2a: LRXC|66/100|[from] item: Leftovers
|upkeep
|turn|14
|
|t:|1729882363
|switch|p2a: CoolLilGuy|Charizard, F|50/100
|move|p1a: Forretress|Spikes|p2a: CoolLilGuy
|-sidestart|p2: NoBottlecapsBlisy|Spikes
|
|-heal|p2a: CoolLilGuy|56/100|[from] item: Leftovers
|upkeep
|turn|15
|
|t:|1729882377
|switch|p1a: Milotic|Milotic, F, shiny|70/100
|move|p2a: CoolLilGuy|Fire Blast|p1a: Milotic
|-resisted|p1a: Milotic
|-damage|p1a: Milotic|48/100
|
|-heal|p2a: CoolLilGuy|62/100|[from] item: Leftovers
|-heal|p1a: Milotic|54/100|[from] item: Leftovers
|upkeep
|turn|16
|
|t:|1729882390
|switch|p2a: Transistor|Zapdos|100/100
|move|p1a: Milotic|Surf|p2a: Transistor
|-damage|p2a: Transistor|68/100
|
|-heal|p2a: Transistor|74/100|[from] item: Leftovers
|-heal|p1a: Milotic|60/100|[from] item: Leftovers
|upkeep
|turn|17
|
|t:|1729882396
|switch|p1a: Kangaskhan|Kangaskhan, F|100/100
|move|p2a: Transistor|Toxic|p1a: Kangaskhan
|-status|p1a: Kangaskhan|tox
|
|-heal|p2a: Transistor|80/100|[from] item: Leftovers
|-damage|p1a: Kangaskhan|94/100 tox|[from] psn
|upkeep
|turn|18
|
|t:|1729882413
|move|p2a: Transistor|Thunderbolt|p1a: Kangaskhan
|-damage|p1a: Kangaskhan|55/100 tox
|move|p1a: Kangaskhan|Seismic Toss|p2a: Transistor
|-damage|p2a: Transistor|49/100
|
|-heal|p2a: Transistor|55/100|[from] item: Leftovers
|-heal|p1a: Kangaskhan|61/100 tox|[from] item: Leftovers
|-damage|p1a: Kangaskhan|49/100 tox|[from] psn
|upkeep
|turn|19
|inactive|NoBottlecapsBlisy has 270 seconds left.
|inactive|NoBottlecapsBlisy has 240 seconds left.
|
|t:|1729882474
|move|p2a: Transistor|Baton Pass|p2a: Transistor
|
|t:|1729882477
|switch|p2a: CoolLilGuy|Charizard, F|62/100|[from] Baton Pass
|move|p1a: Kangaskhan|Rest|p1a: Kangaskhan
|-status|p1a: Kangaskhan|slp|[from] move: Rest
|-heal|p1a: Kangaskhan|100/100 slp|[silent]
|
|-heal|p2a: CoolLilGuy|68/100|[from] item: Leftovers
|upkeep
|turn|20
|inactive|NoBottlecapsBlisy has 240 seconds left.
|
|t:|1729882493
|-singleturn|p2a: CoolLilGuy|move: Focus Punch
|move|p2a: CoolLilGuy|Focus Punch|p1a: Kangaskhan
|-supereffective|p1a: Kangaskhan
|-damage|p1a: Kangaskhan|45/100 slp
|cant|p1a: Kangaskhan|slp
|
|-heal|p2a: CoolLilGuy|74/100|[from] item: Leftovers
|-heal|p1a: Kangaskhan|51/100 slp|[from] item: Leftovers
|upkeep
|turn|21
|
|t:|1729882503
|-singleturn|p2a: CoolLilGuy|move: Focus Punch
|switch|p1a: Forretress|Forretress, F|100/100
|move|p2a: CoolLilGuy|Focus Punch|p1a: Forretress
|-damage|p1a: Forretress|80/100
|
|-heal|p2a: CoolLilGuy|80/100|[from] item: Leftovers
|-heal|p1a: Forretress|86/100|[from] item: Leftovers
|upkeep
|turn|22
|
|t:|1729882510
|switch|p1a: Milotic|Milotic, F, shiny|60/100
|move|p2a: CoolLilGuy|Fire Blast|p1a: Milotic
|-resisted|p1a: Milotic
|-damage|p1a: Milotic|38/100
|
|-heal|p2a: CoolLilGuy|86/100|[from] item: Leftovers
|-heal|p1a: Milotic|44/100|[from] item: Leftovers
|upkeep
|turn|23
|
|t:|1729882515
|move|p2a: CoolLilGuy|Hidden Power|p1a: Milotic
|-supereffective|p1a: Milotic
|-damage|p1a: Milotic|11/100
|move|p1a: Milotic|Recover|p1a: Milotic
|-heal|p1a: Milotic|61/100
|
|-heal|p2a: CoolLilGuy|92/100|[from] item: Leftovers
|-heal|p1a: Milotic|67/100|[from] item: Leftovers
|upkeep
|turn|24
|
|t:|1729882521
|move|p2a: CoolLilGuy|Hidden Power|p1a: Milotic
|-supereffective|p1a: Milotic
|-damage|p1a: Milotic|34/100
|move|p1a: Milotic|Surf|p2a: CoolLilGuy
|-supereffective|p2a: CoolLilGuy
|-damage|p2a: CoolLilGuy|0 fnt
|faint|p2a: CoolLilGuy
|
|t:|1729882526
|switch|p2a: Transistor|Zapdos|55/100
|
|-heal|p2a: Transistor|62/100|[from] item: Leftovers
|-heal|p1a: Milotic|40/100|[from] item: Leftovers
|upkeep
|turn|25
|
|t:|1729882531
|switch|p1a: Blissey|Blissey, F|42/100
|move|p2a: Transistor|Thunderbolt|p1a: Blissey
|-damage|p1a: Blissey|21/100
|
|-heal|p2a: Transistor|68/100|[from] item: Leftovers
|-heal|p1a: Blissey|27/100|[from] item: Leftovers
|upkeep
|turn|26
|
|t:|1729882536
|move|p2a: Transistor|Toxic|p1a: Blissey
|-status|p1a: Blissey|tox
|move|p1a: Blissey|Soft-Boiled|p1a: Blissey
|-heal|p1a: Blissey|77/100 tox
|
|-heal|p2a: Transistor|74/100|[from] item: Leftovers
|-heal|p1a: Blissey|83/100 tox|[from] item: Leftovers
|-damage|p1a: Blissey|77/100 tox|[from] psn
|upkeep
|turn|27
|
|t:|1729882540
|-curestatus|p1a: Blissey|tox|[from] ability: Natural Cure
|switch|p1a: Mother's Day|Dugtrio, F|100/100
|move|p2a: Transistor|Thunderbolt|p1a: Mother's Day
|-immune|p1a: Mother's Day
|
|-heal|p2a: Transistor|80/100|[from] item: Leftovers
|upkeep
|turn|28
|
|t:|1729882552
|switch|p1a: Blissey|Blissey, F|77/100
|move|p2a: Transistor|Agility|p2a: Transistor
|-boost|p2a: Transistor|spe|2
|
|-heal|p2a: Transistor|86/100|[from] item: Leftovers
|-heal|p1a: Blissey|83/100|[from] item: Leftovers
|upkeep
|turn|29
|
|t:|1729882558
|move|p2a: Transistor|Baton Pass|p2a: Transistor
|
|t:|1729882571
|switch|p2a: Dr. Rock|Tyranitar, M|100/100|[from] Baton Pass
|-damage|p2a: Dr. Rock|88/100|[from] Spikes
|-weather|Sandstorm|[from] ability: Sand Stream|[of] p2a: Dr. Rock
|move|p1a: Blissey|Thunderbolt|p2a: Dr. Rock
|-damage|p2a: Dr. Rock|71/100
|
|-weather|Sandstorm|[upkeep]
|-damage|p1a: Blissey|77/100|[from] Sandstorm
|-heal|p1a: Blissey|83/100|[from] item: Leftovers
|upkeep
|turn|30
|
|t:|1729882581
|move|p2a: Dr. Rock|Dragon Dance|p2a: Dr. Rock
|-boost|p2a: Dr. Rock|atk|1
|-boost|p2a: Dr. Rock|spe|1
|move|p1a: Blissey|Thunderbolt|p2a: Dr. Rock
|-damage|p2a: Dr. Rock|53/100
|
|-weather|Sandstorm|[upkeep]
|-damage|p1a: Blissey|77/100|[from] Sandstorm
|-heal|p1a: Blissey|83/100|[from] item: Leftovers
|upkeep
|turn|31
|
|t:|1729882590
|move|p2a: Dr. Rock|Dragon Dance|p2a: Dr. Rock
|-boost|p2a: Dr. Rock|atk|1
|-boost|p2a: Dr. Rock|spe|1
|move|p1a: Blissey|Thunderbolt|p2a: Dr. Rock
|-damage|p2a: Dr. Rock|36/100
|
|-weather|Sandstorm|[upkeep]
|-damage|p1a: Blissey|77/100|[from] Sandstorm
|-heal|p1a: Blissey|83/100|[from] item: Leftovers
|upkeep
|turn|32
|
|t:|1729882602
|move|p2a: Dr. Rock|Rock Slide|p1a: Blissey
|-damage|p1a: Blissey|19/100
|cant|p1a: Blissey|flinch
|
|-weather|Sandstorm|[upkeep]
|-damage|p1a: Blissey|13/100|[from] Sandstorm
|-heal|p1a: Blissey|19/100|[from] item: Leftovers
|upkeep
|turn|33
|
|t:|1729882611
|move|p2a: Dr. Rock|Earthquake|p1a: Blissey
|-damage|p1a: Blissey|0 fnt
|faint|p1a: Blissey
|
|t:|1729882613
|switch|p1a: Forretress|Forretress, F|86/100
|
|-weather|Sandstorm|[upkeep]
|-heal|p1a: Forretress|92/100|[from] item: Leftovers
|upkeep
|turn|34
|
|t:|1729882616
|move|p2a: Dr. Rock|Rock Slide|p1a: Forretress
|-damage|p1a: Forretress|31/100
|cant|p1a: Forretress|flinch
|
|-weather|Sandstorm|[upkeep]
|-heal|p1a: Forretress|38/100|[from] item: Leftovers
|upkeep
|turn|35
|
|t:|1729882644
|move|p2a: Dr. Rock|Earthquake|p1a: Forretress
|-damage|p1a: Forretress|0 fnt
|faint|p1a: Forretress
|
|t:|1729882647
|switch|p1a: Tyranitar|Tyranitar, F|100/100
|
|-weather|Sandstorm|[upkeep]
|upkeep
|turn|36
|
|t:|1729882654
|move|p2a: Dr. Rock|Earthquake|p1a: Tyranitar
|-supereffective|p1a: Tyranitar
|-damage|p1a: Tyranitar|0 fnt
|faint|p1a: Tyranitar
|
|t:|1729882657
|switch|p1a: Mother's Day|Dugtrio, F|100/100
|
|-weather|Sandstorm|[upkeep]
|upkeep
|turn|37
|
|t:|1729882662
|move|p2a: Dr. Rock|Earthquake|p1a: Mother's Day
|-damage|p1a: Mother's Day|0 fnt
|faint|p1a: Mother's Day
|
|t:|1729882663
|switch|p1a: Milotic|Milotic, F, shiny|40/100
|
|-weather|Sandstorm|[upkeep]
|-damage|p1a: Milotic|34/100|[from] Sandstorm
|-heal|p1a: Milotic|40/100|[from] item: Leftovers
|upkeep
|turn|38
|
|t:|1729882670
|move|p2a: Dr. Rock|Earthquake|p1a: Milotic
|-damage|p1a: Milotic|0 fnt
|faint|p1a: Milotic
|c|☆jimothy non-subs|flinches for mothers day...
|
|t:|1729882684
|switch|p1a: Kangaskhan|Kangaskhan, F|51/100 slp
|
|-weather|Sandstorm|[upkeep]
|-damage|p1a: Kangaskhan|45/100 slp|[from] Sandstorm
|-heal|p1a: Kangaskhan|51/100 slp|[from] item: Leftovers
|upkeep
|turn|39
|
|t:|1729882686
|move|p2a: Dr. Rock|Earthquake|p1a: Kangaskhan
|-damage|p1a: Kangaskhan|0 fnt
|faint|p1a: Kangaskhan
|
|win|NoBottlecapsBlisy
|c|☆jimothy non-subs|gtg
|c|☆NoBottlecapsBlisy|id be lying if i said i felt good about that
|c|☆jimothy non-subs|gg*
|c|☆NoBottlecapsBlisy|sry
|c|☆NoBottlecapsBlisy|gg
|player|p1|
|player|p1|jimothy non-subs|265|
|c|☆jimothy non-subs|i got the counter turn right too
|player|p2|
|player|p2|NoBottlecapsBlisy|alder|

</script>
<script type="application/json" class="data" id="replaydata-smogtours-gen3ou-801873">
{"id":"smogtours-gen3ou-801873","format":"[Gen 3] OU","players":["jimothy non-subs","NoBottlecapsBlisy"],"uploadtime":1729882686,"views":96,"formatid":"gen3ou","rating":null,"private":0,"password":null}
</script>

<script defer src="js/replays.js?9d40a366"></script>
